PokerStars Hand #232548383660:  Hold'em No Limit ($0.01/$0.02 USD) - 2021/12/26 12:56:59 PT [2021/12/26 15:56:59 ET]
Table 'Pirola IV' 9-max Seat #9 is the button
Seat 1: leito2424 ($2.15 in chips) 
Seat 2: maiole ($2.11 in chips) 
Seat 3: Asparrowhawk ($2.04 in chips) 
Seat 5: pepino_manu ($0.86 in chips) 
Seat 6: Vjuk87 ($1.14 in chips) 
Seat 7: nartykl ($2.21 in chips) 
Seat 8: Dorex2007 ($2 in chips) 
Seat 9: caliente annet ($0.43 in chips) 
leito2424: posts small blind $0.01
maiole: posts big blind $0.02
Dorex2007: posts big blind $0.02
*** HOLE CARDS ***
Dealt to Dorex2007 [Th 4d]
Asparrowhawk: calls $0.02
pepino_manu: calls $0.02
Vjuk87: raises $0.06 to $0.08
nartykl: folds 
Dorex2007: folds 
caliente annet: folds 
leito2424: folds 
maiole: folds 
Asparrowhawk: calls $0.06
pepino_manu: folds 
*** FLOP *** [9s 5c 8d]
Asparrowhawk: checks 
Vjuk87: bets $0.12
Asparrowhawk: folds 
Uncalled bet ($0.12) returned to Vjuk87
Vjuk87 collected $0.22 from pot
Vjuk87: doesn't show hand 
*** SUMMARY ***
Total pot $0.23 | Rake $0.01 
Board [9s 5c 8d]
Seat 1: leito2424 (small blind) folded before Flop
Seat 2: maiole (big blind) folded before Flop
Seat 3: Asparrowhawk folded on the Flop
Seat 5: pepino_manu folded before Flop
Seat 6: Vjuk87 collected ($0.22)
Seat 7: nartykl folded before Flop (didn't bet)
Seat 8: Dorex2007 folded before Flop (didn't bet)
Seat 9: caliente annet (button) folded before Flop (didn't bet)



PokerStars Hand #232548406687:  Hold'em No Limit ($0.01/$0.02 USD) - 2021/12/26 12:57:56 PT [2021/12/26 15:57:56 ET]
Table 'Pirola IV' 9-max Seat #1 is the button
Seat 1: leito2424 ($2.14 in chips) 
Seat 2: maiole ($2.09 in chips) 
Seat 3: Asparrowhawk ($1.96 in chips) 
Seat 4: brest36 ($2 in chips) 
Seat 5: pepino_manu ($0.84 in chips) 
Seat 6: Vjuk87 ($1.28 in chips) 
Seat 7: nartykl ($2.21 in chips) 
Seat 8: Dorex2007 ($2 in chips) 
Seat 9: caliente annet ($0.43 in chips) 
maiole: posts small blind $0.01
Asparrowhawk: posts big blind $0.02
*** HOLE CARDS ***
Dealt to Dorex2007 [5d 8d]
brest36: folds 
pepino_manu: folds 
Vjuk87: folds 
nartykl: folds 
Dorex2007: folds 
caliente annet: calls $0.02
leito2424: folds 
maiole: folds 
Asparrowhawk: checks 
*** FLOP *** [Ts 4s 8s]
Asparrowhawk: bets $0.02
caliente annet: raises $0.09 to $0.11
Asparrowhawk: folds 
Uncalled bet ($0.09) returned to caliente annet
caliente annet collected $0.09 from pot
caliente annet: doesn't show hand 
*** SUMMARY ***
Total pot $0.09 | Rake $0 
Board [Ts 4s 8s]
Seat 1: leito2424 (button) folded before Flop (didn't bet)
Seat 2: maiole (small blind) folded before Flop
Seat 3: Asparrowhawk (big blind) folded on the Flop
Seat 4: brest36 folded before Flop (didn't bet)
Seat 5: pepino_manu folded before Flop (didn't bet)
Seat 6: Vjuk87 folded before Flop (didn't bet)
Seat 7: nartykl folded before Flop (didn't bet)
Seat 8: Dorex2007 folded before Flop (didn't bet)
Seat 9: caliente annet collected ($0.09)



PokerStars Hand #232548422785:  Hold'em No Limit ($0.01/$0.02 USD) - 2021/12/26 12:58:35 PT [2021/12/26 15:58:35 ET]
Table 'Pirola IV' 9-max Seat #2 is the button
Seat 1: leito2424 ($2.14 in chips) 
Seat 2: maiole ($2.08 in chips) 
Seat 3: Asparrowhawk ($1.92 in chips) 
Seat 4: brest36 ($2 in chips) 
Seat 5: pepino_manu ($0.84 in chips) 
Seat 6: Vjuk87 ($1.28 in chips) 
Seat 7: nartykl ($2.21 in chips) 
Seat 8: Dorex2007 ($2 in chips) 
Seat 9: caliente annet ($0.48 in chips) 
Asparrowhawk: posts small blind $0.01
brest36: posts big blind $0.02
*** HOLE CARDS ***
Dealt to Dorex2007 [6h 2h]
pepino_manu: folds 
Vjuk87 is disconnected 
Vjuk87 is connected 
Vjuk87: raises $0.06 to $0.08
nartykl: folds 
Dorex2007 has timed out
Dorex2007: folds 
caliente annet: folds 
leito2424: folds 
maiole: folds 
Asparrowhawk: folds 
brest36: calls $0.06
*** FLOP *** [As 9d 8h]
brest36: checks 
Vjuk87: bets $0.10
brest36: calls $0.10
*** TURN *** [As 9d 8h] [Kd]
brest36: checks 
Vjuk87: bets $0.16
brest36: folds 
Uncalled bet ($0.16) returned to Vjuk87
Vjuk87 collected $0.36 from pot
Vjuk87: doesn't show hand 
*** SUMMARY ***
Total pot $0.37 | Rake $0.01 
Board [As 9d 8h Kd]
Seat 1: leito2424 folded before Flop (didn't bet)
Seat 2: maiole (button) folded before Flop (didn't bet)
Seat 3: Asparrowhawk (small blind) folded before Flop
Seat 4: brest36 (big blind) folded on the Turn
Seat 5: pepino_manu folded before Flop (didn't bet)
Seat 6: Vjuk87 collected ($0.36)
Seat 7: nartykl folded before Flop (didn't bet)
Seat 8: Dorex2007 folded before Flop (didn't bet)
Seat 9: caliente annet folded before Flop (didn't bet)



PokerStars Hand #232548453976:  Hold'em No Limit ($0.01/$0.02 USD) - 2021/12/26 12:59:52 PT [2021/12/26 15:59:52 ET]
Table 'Pirola IV' 9-max Seat #3 is the button
Seat 1: leito2424 ($2.14 in chips) 
Seat 2: maiole ($2.08 in chips) 
Seat 3: Asparrowhawk ($1.91 in chips) 
Seat 4: brest36 ($2 in chips) 
Seat 5: pepino_manu ($0.84 in chips) 
Seat 6: Vjuk87 ($1.46 in chips) 
Seat 7: nartykl ($2.21 in chips) 
Seat 8: Dorex2007 ($2 in chips) 
Seat 9: caliente annet ($0.48 in chips) 
brest36: posts small blind $0.01
pepino_manu: posts big blind $0.02
*** HOLE CARDS ***
Dealt to Dorex2007 [6h Jd]
Vjuk87: folds 
Vjuk87 leaves the table
nartykl: raises $0.04 to $0.06
Dorex2007: folds 
caliente annet: folds 
leito2424: calls $0.06
maiole: folds 
Asparrowhawk: calls $0.06
lagator11 joins the table at seat #6 
brest36: folds 
pepino_manu: calls $0.04
*** FLOP *** [2s 4h Qh]
pepino_manu: checks 
nartykl: bets $0.08
leito2424: folds 
Asparrowhawk: folds 
pepino_manu: folds 
Uncalled bet ($0.08) returned to nartykl
nartykl collected $0.24 from pot
*** SUMMARY ***
Total pot $0.25 | Rake $0.01 
Board [2s 4h Qh]
Seat 1: leito2424 folded on the Flop
Seat 2: maiole folded before Flop (didn't bet)
Seat 3: Asparrowhawk (button) folded on the Flop
Seat 4: brest36 (small blind) folded before Flop
Seat 5: pepino_manu (big blind) folded on the Flop
Seat 6: Vjuk87 folded before Flop (didn't bet)
Seat 7: nartykl collected ($0.24)
Seat 8: Dorex2007 folded before Flop (didn't bet)
Seat 9: caliente annet folded before Flop (didn't bet)



PokerStars Hand #232548477969:  Hold'em No Limit ($0.01/$0.02 USD) - 2021/12/26 13:00:47 PT [2021/12/26 16:00:47 ET]
Table 'Pirola IV' 9-max Seat #4 is the button
Seat 1: leito2424 ($2.08 in chips) 
Seat 2: maiole ($2.08 in chips) 
Seat 3: Asparrowhawk ($1.85 in chips) 
Seat 4: brest36 ($2 in chips) 
Seat 5: pepino_manu ($0.78 in chips) 
Seat 6: lagator11 ($1.60 in chips) 
Seat 7: nartykl ($2.39 in chips) 
Seat 8: Dorex2007 ($2 in chips) 
Seat 9: caliente annet ($0.48 in chips) 
pepino_manu: posts small blind $0.01
lagator11: posts big blind $0.02
*** HOLE CARDS ***
Dealt to Dorex2007 [Qd 7c]
nartykl: folds 
Dorex2007: folds 
caliente annet: folds 
leito2424: folds 
leito2424 leaves the table
maiole: raises $0.04 to $0.06
Asparrowhawk: folds 
brest36: folds 
pepino_manu: folds 
lagator11: folds 
Uncalled bet ($0.04) returned to maiole
maiole collected $0.05 from pot
maiole: doesn't show hand 
*** SUMMARY ***
Total pot $0.05 | Rake $0 
Seat 1: leito2424 folded before Flop (didn't bet)
Seat 2: maiole collected ($0.05)
Seat 3: Asparrowhawk folded before Flop (didn't bet)
Seat 4: brest36 (button) folded before Flop (didn't bet)
Seat 5: pepino_manu (small blind) folded before Flop
Seat 6: lagator11 (big blind) folded before Flop
Seat 7: nartykl folded before Flop (didn't bet)
Seat 8: Dorex2007 folded before Flop (didn't bet)
Seat 9: caliente annet folded before Flop (didn't bet)



PokerStars Hand #232548495104:  Hold'em No Limit ($0.01/$0.02 USD) - 2021/12/26 13:01:23 PT [2021/12/26 16:01:23 ET]
Table 'Pirola IV' 9-max Seat #5 is the button
Seat 2: maiole ($2.11 in chips) 
Seat 3: Asparrowhawk ($1.85 in chips) 
Seat 4: brest36 ($2 in chips) 
Seat 5: pepino_manu ($0.77 in chips) 
Seat 6: lagator11 ($1.58 in chips) 
Seat 7: nartykl ($2.39 in chips) 
Seat 8: Dorex2007 ($2 in chips) 
Seat 9: caliente annet ($0.48 in chips) 
lagator11: posts small blind $0.01
nartykl: posts big blind $0.02
*** HOLE CARDS ***
Dealt to Dorex2007 [8d Jh]
dOOzyyzOOd joins the table at seat #1 
Dorex2007: folds 
caliente annet: folds 
maiole: folds 
Asparrowhawk: folds 
brest36: folds 
pepino_manu: raises $0.02 to $0.04
lagator11: calls $0.03
nartykl: folds 
*** FLOP *** [6c 2d 5d]
lagator11: checks 
pepino_manu: bets $0.02
lagator11: calls $0.02
*** TURN *** [6c 2d 5d] [3h]
lagator11: checks 
pepino_manu: bets $0.14
lagator11: folds 
Uncalled bet ($0.14) returned to pepino_manu
pepino_manu collected $0.14 from pot
pepino_manu: doesn't show hand 
*** SUMMARY ***
Total pot $0.14 | Rake $0 
Board [6c 2d 5d 3h]
Seat 2: maiole folded before Flop (didn't bet)
Seat 3: Asparrowhawk folded before Flop (didn't bet)
Seat 4: brest36 folded before Flop (didn't bet)
Seat 5: pepino_manu (button) collected ($0.14)
Seat 6: lagator11 (small blind) folded on the Turn
Seat 7: nartykl (big blind) folded before Flop
Seat 8: Dorex2007 folded before Flop (didn't bet)
Seat 9: caliente annet folded before Flop (didn't bet)



PokerStars Hand #232548525762:  Hold'em No Limit ($0.01/$0.02 USD) - 2021/12/26 13:02:15 PT [2021/12/26 16:02:15 ET]
Table 'Pirola IV' 9-max Seat #6 is the button
Seat 1: dOOzyyzOOd ($0.80 in chips) 
Seat 2: maiole ($2.11 in chips) 
Seat 3: Asparrowhawk ($1.85 in chips) 
Seat 4: brest36 ($2 in chips) 
Seat 5: pepino_manu ($0.85 in chips) 
Seat 6: lagator11 ($1.52 in chips) 
Seat 7: nartykl ($2.37 in chips) 
Seat 8: Dorex2007 ($2 in chips) 
Seat 9: caliente annet ($0.48 in chips) 
nartykl: posts small blind $0.01
Dorex2007: posts big blind $0.02
dOOzyyzOOd: posts big blind $0.02
*** HOLE CARDS ***
Dealt to Dorex2007 [4d As]
caliente annet: calls $0.02
dOOzyyzOOd: checks 
maiole: folds 
Asparrowhawk: folds 
brest36: folds 
pepino_manu: calls $0.02
lagator11: calls $0.02
nartykl: raises $0.10 to $0.12
Dorex2007: folds 
caliente annet: folds 
dOOzyyzOOd: folds 
pepino_manu: folds 
lagator11: calls $0.10
*** FLOP *** [3c Qh 3d]
nartykl: bets $0.22
lagator11: folds 
Uncalled bet ($0.22) returned to nartykl
nartykl collected $0.31 from pot
*** SUMMARY ***
Total pot $0.32 | Rake $0.01 
Board [3c Qh 3d]
Seat 1: dOOzyyzOOd folded before Flop (didn't bet)
Seat 2: maiole folded before Flop (didn't bet)
Seat 3: Asparrowhawk folded before Flop (didn't bet)
Seat 4: brest36 folded before Flop (didn't bet)
Seat 5: pepino_manu folded before Flop
Seat 6: lagator11 (button) folded on the Flop
Seat 7: nartykl (small blind) collected ($0.31)
Seat 8: Dorex2007 (big blind) folded before Flop
Seat 9: caliente annet folded before Flop



PokerStars Hand #232548558106:  Hold'em No Limit ($0.01/$0.02 USD) - 2021/12/26 13:03:06 PT [2021/12/26 16:03:06 ET]
Table 'Pirola IV' 9-max Seat #7 is the button
Seat 1: dOOzyyzOOd ($0.78 in chips) 
Seat 2: maiole ($2.11 in chips) 
Seat 3: Asparrowhawk ($1.85 in chips) 
Seat 4: brest36 ($2 in chips) 
Seat 5: pepino_manu ($0.83 in chips) 
Seat 6: lagator11 ($1.40 in chips) 
Seat 7: nartykl ($2.56 in chips) 
Seat 8: Dorex2007 ($2 in chips) 
Seat 9: caliente annet ($0.46 in chips) 
Dorex2007: posts small blind $0.01
caliente annet: posts big blind $0.02
*** HOLE CARDS ***
Dealt to Dorex2007 [8d 4c]
dOOzyyzOOd: calls $0.02
maiole: folds 
Asparrowhawk: folds 
brest36: folds 
pepino_manu: folds 
lagator11: folds 
nartykl: folds 
Dorex2007: folds 
caliente annet: checks 
*** FLOP *** [Js Td Jh]
lagator11 leaves the table
caliente annet: checks 
dOOzyyzOOd: bets $0.02
caliente annet: folds 
Uncalled bet ($0.02) returned to dOOzyyzOOd
dOOzyyzOOd collected $0.05 from pot
dOOzyyzOOd: doesn't show hand 
*** SUMMARY ***
Total pot $0.05 | Rake $0 
Board [Js Td Jh]
Seat 1: dOOzyyzOOd collected ($0.05)
Seat 2: maiole folded before Flop (didn't bet)
Seat 3: Asparrowhawk folded before Flop (didn't bet)
Seat 4: brest36 folded before Flop (didn't bet)
Seat 5: pepino_manu folded before Flop (didn't bet)
Seat 6: lagator11 folded before Flop (didn't bet)
Seat 7: nartykl (button) folded before Flop (didn't bet)
Seat 8: Dorex2007 (small blind) folded before Flop
Seat 9: caliente annet (big blind) folded on the Flop



PokerStars Hand #232548592234:  Hold'em No Limit ($0.01/$0.02 USD) - 2021/12/26 13:03:42 PT [2021/12/26 16:03:42 ET]
Table 'Pirola IV' 9-max Seat #8 is the button
Seat 1: dOOzyyzOOd ($0.81 in chips) 
Seat 2: maiole ($2.11 in chips) 
Seat 3: Asparrowhawk ($1.85 in chips) 
Seat 4: brest36 ($2 in chips) 
Seat 5: pepino_manu ($0.83 in chips) 
Seat 7: nartykl ($2.56 in chips) 
Seat 8: Dorex2007 ($2 in chips) 
Seat 9: caliente annet ($0.44 in chips) 
caliente annet: posts small blind $0.01
dOOzyyzOOd: posts big blind $0.02
*** HOLE CARDS ***
Dealt to Dorex2007 [6d 2h]
maiole: folds 
Asparrowhawk: folds 
brest36: folds 
pepino_manu: calls $0.02
nartykl: folds 
Dorex2007: folds 
caliente annet: raises $0.42 to $0.44 and is all-in
dOOzyyzOOd: folds 
pepino_manu: calls $0.42
*** FLOP *** [8d 5d 4c]
*** TURN *** [8d 5d 4c] [8c]
*** RIVER *** [8d 5d 4c 8c] [3h]
*** SHOW DOWN ***
caliente annet: shows [2s Ad] (a straight, Ace to Five)
pepino_manu: shows [As Qs] (a pair of Eights)
caliente annet collected $0.87 from pot
*** SUMMARY ***
Total pot $0.90 | Rake $0.03 
Board [8d 5d 4c 8c 3h]
Seat 1: dOOzyyzOOd (big blind) folded before Flop
Seat 2: maiole folded before Flop (didn't bet)
Seat 3: Asparrowhawk folded before Flop (didn't bet)
Seat 4: brest36 folded before Flop (didn't bet)
Seat 5: pepino_manu showed [As Qs] and lost with a pair of Eights
Seat 7: nartykl folded before Flop (didn't bet)
Seat 8: Dorex2007 (button) folded before Flop (didn't bet)
Seat 9: caliente annet (small blind) showed [2s Ad] and won ($0.87) with a straight, Ace to Five



PokerStars Hand #232548616926:  Hold'em No Limit ($0.01/$0.02 USD) - 2021/12/26 13:04:20 PT [2021/12/26 16:04:20 ET]
Table 'Pirola IV' 9-max Seat #9 is the button
Seat 1: dOOzyyzOOd ($0.79 in chips) 
Seat 2: maiole ($2.11 in chips) 
Seat 3: Asparrowhawk ($1.85 in chips) 
Seat 4: brest36 ($2 in chips) 
Seat 5: pepino_manu ($0.39 in chips) 
Seat 7: nartykl ($2.56 in chips) 
Seat 8: Dorex2007 ($2 in chips) 
Seat 9: caliente annet ($0.87 in chips) 
dOOzyyzOOd: posts small blind $0.01
maiole: posts big blind $0.02
*** HOLE CARDS ***
Dealt to Dorex2007 [Qh Qd]
klaus37 joins the table at seat #6 
Asparrowhawk: calls $0.02
brest36: folds 
pepino_manu: folds 
nartykl: folds 
Dorex2007: raises $0.02 to $0.04
caliente annet: folds 
dOOzyyzOOd: folds 
maiole: folds 
Asparrowhawk: calls $0.02
*** FLOP *** [8d Ts 6s]
Asparrowhawk: bets $0.02
Dorex2007: raises $0.10 to $0.12
Asparrowhawk: folds 
Uncalled bet ($0.10) returned to Dorex2007
Dorex2007 collected $0.14 from pot
Dorex2007: doesn't show hand 
*** SUMMARY ***
Total pot $0.15 | Rake $0.01 
Board [8d Ts 6s]
Seat 1: dOOzyyzOOd (small blind) folded before Flop
Seat 2: maiole (big blind) folded before Flop
Seat 3: Asparrowhawk folded on the Flop
Seat 4: brest36 folded before Flop (didn't bet)
Seat 5: pepino_manu folded before Flop (didn't bet)
Seat 7: nartykl folded before Flop (didn't bet)
Seat 8: Dorex2007 collected ($0.14)
Seat 9: caliente annet (button) folded before Flop (didn't bet)



PokerStars Hand #232548653013:  Hold'em No Limit ($0.01/$0.02 USD) - 2021/12/26 13:05:14 PT [2021/12/26 16:05:14 ET]
Table 'Pirola IV' 9-max Seat #1 is the button
Seat 1: dOOzyyzOOd ($0.78 in chips) 
Seat 2: maiole ($2.09 in chips) 
Seat 3: Asparrowhawk ($1.79 in chips) 
Seat 4: brest36 ($2 in chips) 
Seat 5: pepino_manu ($0.39 in chips) 
Seat 7: nartykl ($2.56 in chips) 
Seat 8: Dorex2007 ($2.08 in chips) 
Seat 9: caliente annet ($0.87 in chips) 
maiole: posts small blind $0.01
Asparrowhawk: posts big blind $0.02
klaus37: sits out 
*** HOLE CARDS ***
Dealt to Dorex2007 [9c 2c]
brest36: folds 
pepino_manu: folds 
nartykl: folds 
Dorex2007: folds 
caliente annet: raises $0.85 to $0.87 and is all-in
dOOzyyzOOd: folds 
maiole: folds 
Asparrowhawk: folds 
Uncalled bet ($0.85) returned to caliente annet
caliente annet collected $0.05 from pot
caliente annet: doesn't show hand 
*** SUMMARY ***
Total pot $0.05 | Rake $0 
Seat 1: dOOzyyzOOd (button) folded before Flop (didn't bet)
Seat 2: maiole (small blind) folded before Flop
Seat 3: Asparrowhawk (big blind) folded before Flop
Seat 4: brest36 folded before Flop (didn't bet)
Seat 5: pepino_manu folded before Flop (didn't bet)
Seat 7: nartykl folded before Flop (didn't bet)
Seat 8: Dorex2007 folded before Flop (didn't bet)
Seat 9: caliente annet collected ($0.05)



PokerStars Hand #232548666139:  Hold'em No Limit ($0.01/$0.02 USD) - 2021/12/26 13:05:34 PT [2021/12/26 16:05:34 ET]
Table 'Pirola IV' 9-max Seat #2 is the button
Seat 1: dOOzyyzOOd ($0.78 in chips) 
Seat 2: maiole ($2.08 in chips) 
Seat 3: Asparrowhawk ($1.77 in chips) 
Seat 4: brest36 ($2 in chips) 
Seat 5: pepino_manu ($0.39 in chips) 
Seat 7: nartykl ($2.56 in chips) 
Seat 8: Dorex2007 ($2.08 in chips) 
Seat 9: caliente annet ($0.90 in chips) 
Asparrowhawk: posts small blind $0.01
brest36: posts big blind $0.02
klaus37: sits out 
*** HOLE CARDS ***
Dealt to Dorex2007 [3s 5s]
pepino_manu: folds 
nartykl: raises $0.04 to $0.06
Dorex2007: calls $0.06
caliente annet: folds 
dOOzyyzOOd: folds 
maiole: folds 
Asparrowhawk: folds 
brest36: folds 
*** FLOP *** [Tc 4h Jd]
nartykl: bets $0.06
Dorex2007: folds 
Uncalled bet ($0.06) returned to nartykl
nartykl collected $0.14 from pot
*** SUMMARY ***
Total pot $0.15 | Rake $0.01 
Board [Tc 4h Jd]
Seat 1: dOOzyyzOOd folded before Flop (didn't bet)
Seat 2: maiole (button) folded before Flop (didn't bet)
Seat 3: Asparrowhawk (small blind) folded before Flop
Seat 4: brest36 (big blind) folded before Flop
Seat 5: pepino_manu folded before Flop (didn't bet)
Seat 7: nartykl collected ($0.14)
Seat 8: Dorex2007 folded on the Flop
Seat 9: caliente annet folded before Flop (didn't bet)



PokerStars Hand #232548690500:  Hold'em No Limit ($0.01/$0.02 USD) - 2021/12/26 13:06:10 PT [2021/12/26 16:06:10 ET]
Table 'Pirola IV' 9-max Seat #3 is the button
Seat 1: dOOzyyzOOd ($0.78 in chips) 
Seat 2: maiole ($2.08 in chips) 
Seat 3: Asparrowhawk ($1.76 in chips) 
Seat 4: brest36 ($2 in chips) 
Seat 5: pepino_manu ($0.39 in chips) 
Seat 7: nartykl ($2.64 in chips) 
Seat 8: Dorex2007 ($2.02 in chips) 
Seat 9: caliente annet ($0.90 in chips) 
brest36: posts small blind $0.01
pepino_manu: posts big blind $0.02
klaus37: sits out 
*** HOLE CARDS ***
Dealt to Dorex2007 [Qs 7h]
nartykl: folds 
Dorex2007: folds 
caliente annet: raises $0.17 to $0.19
dOOzyyzOOd: folds 
maiole: folds 
Asparrowhawk: folds 
brest36: folds 
pepino_manu: folds 
Uncalled bet ($0.17) returned to caliente annet
caliente annet collected $0.05 from pot
caliente annet: doesn't show hand 
*** SUMMARY ***
Total pot $0.05 | Rake $0 
Seat 1: dOOzyyzOOd folded before Flop (didn't bet)
Seat 2: maiole folded before Flop (didn't bet)
Seat 3: Asparrowhawk (button) folded before Flop (didn't bet)
Seat 4: brest36 (small blind) folded before Flop
Seat 5: pepino_manu (big blind) folded before Flop
Seat 7: nartykl folded before Flop (didn't bet)
Seat 8: Dorex2007 folded before Flop (didn't bet)
Seat 9: caliente annet collected ($0.05)



PokerStars Hand #232548707586:  Hold'em No Limit ($0.01/$0.02 USD) - 2021/12/26 13:06:36 PT [2021/12/26 16:06:36 ET]
Table 'Pirola IV' 9-max Seat #4 is the button
Seat 1: dOOzyyzOOd ($0.78 in chips) 
Seat 2: maiole ($2.08 in chips) 
Seat 3: Asparrowhawk ($1.76 in chips) 
Seat 4: brest36 ($2 in chips) 
Seat 5: pepino_manu ($0.37 in chips) 
Seat 6: klaus37 ($2 in chips) 
Seat 7: nartykl ($2.64 in chips) 
Seat 8: Dorex2007 ($2.02 in chips) 
Seat 9: caliente annet ($0.93 in chips) 
pepino_manu: posts small blind $0.01
klaus37: posts big blind $0.02
*** HOLE CARDS ***
Dealt to Dorex2007 [Jh Td]
nartykl: folds 
Dorex2007: folds 
caliente annet: calls $0.02
dOOzyyzOOd: folds 
maiole: folds 
Asparrowhawk has timed out
Asparrowhawk: folds 
brest36: folds 
pepino_manu: raises $0.02 to $0.04
klaus37: folds 
caliente annet: calls $0.02
*** FLOP *** [Qd 8c 6d]
pepino_manu: bets $0.05
caliente annet: folds 
Uncalled bet ($0.05) returned to pepino_manu
pepino_manu collected $0.10 from pot
pepino_manu: doesn't show hand 
*** SUMMARY ***
Total pot $0.10 | Rake $0 
Board [Qd 8c 6d]
Seat 1: dOOzyyzOOd folded before Flop (didn't bet)
Seat 2: maiole folded before Flop (didn't bet)
Seat 3: Asparrowhawk folded before Flop (didn't bet)
Seat 4: brest36 (button) folded before Flop (didn't bet)
Seat 5: pepino_manu (small blind) collected ($0.10)
Seat 6: klaus37 (big blind) folded before Flop
Seat 7: nartykl folded before Flop (didn't bet)
Seat 8: Dorex2007 folded before Flop (didn't bet)
Seat 9: caliente annet folded on the Flop



PokerStars Hand #232548735331:  Hold'em No Limit ($0.01/$0.02 USD) - 2021/12/26 13:07:17 PT [2021/12/26 16:07:17 ET]
Table 'Pirola IV' 9-max Seat #5 is the button
Seat 1: dOOzyyzOOd ($0.78 in chips) 
Seat 2: maiole ($2.08 in chips) 
Seat 3: Asparrowhawk ($1.76 in chips) 
Seat 4: brest36 ($2 in chips) 
Seat 5: pepino_manu ($0.43 in chips) 
Seat 6: klaus37 ($1.98 in chips) 
Seat 7: nartykl ($2.64 in chips) 
Seat 8: Dorex2007 ($2.02 in chips) 
Seat 9: caliente annet ($0.89 in chips) 
klaus37: posts small blind $0.01
nartykl: posts big blind $0.02
*** HOLE CARDS ***
Dealt to Dorex2007 [7h 3h]
Dorex2007: folds 
caliente annet: folds 
dOOzyyzOOd: folds 
maiole: folds 
Asparrowhawk: folds 
brest36: folds 
pepino_manu: folds 
klaus37: folds 
Uncalled bet ($0.01) returned to nartykl
nartykl collected $0.02 from pot
*** SUMMARY ***
Total pot $0.02 | Rake $0 
Seat 1: dOOzyyzOOd folded before Flop (didn't bet)
Seat 2: maiole folded before Flop (didn't bet)
Seat 3: Asparrowhawk folded before Flop (didn't bet)
Seat 4: brest36 folded before Flop (didn't bet)
Seat 5: pepino_manu (button) folded before Flop (didn't bet)
Seat 6: klaus37 (small blind) folded before Flop
Seat 7: nartykl (big blind) collected ($0.02)
Seat 8: Dorex2007 folded before Flop (didn't bet)
Seat 9: caliente annet folded before Flop (didn't bet)



PokerStars Hand #232548746352:  Hold'em No Limit ($0.01/$0.02 USD) - 2021/12/26 13:07:33 PT [2021/12/26 16:07:33 ET]
Table 'Pirola IV' 9-max Seat #6 is the button
Seat 1: dOOzyyzOOd ($0.78 in chips) 
Seat 2: maiole ($2.08 in chips) 
Seat 3: Asparrowhawk ($1.76 in chips) 
Seat 4: brest36 ($2 in chips) 
Seat 5: pepino_manu ($0.43 in chips) 
Seat 6: klaus37 ($1.97 in chips) 
Seat 7: nartykl ($2.65 in chips) 
Seat 8: Dorex2007 ($2.02 in chips) 
Seat 9: caliente annet ($0.89 in chips) 
nartykl: posts small blind $0.01
Dorex2007: posts big blind $0.02
*** HOLE CARDS ***
Dealt to Dorex2007 [8d Qs]
caliente annet: folds 
dOOzyyzOOd: folds 
maiole: folds 
Asparrowhawk: folds 
brest36: folds 
pepino_manu: calls $0.02
klaus37: folds 
nartykl: raises $0.08 to $0.10
Dorex2007: folds 
pepino_manu: calls $0.08
*** FLOP *** [5s 7d Ts]
nartykl: bets $0.18
pepino_manu: folds 
Uncalled bet ($0.18) returned to nartykl
nartykl collected $0.21 from pot
*** SUMMARY ***
Total pot $0.22 | Rake $0.01 
Board [5s 7d Ts]
Seat 1: dOOzyyzOOd folded before Flop (didn't bet)
Seat 2: maiole folded before Flop (didn't bet)
Seat 3: Asparrowhawk folded before Flop (didn't bet)
Seat 4: brest36 folded before Flop (didn't bet)
Seat 5: pepino_manu folded on the Flop
Seat 6: klaus37 (button) folded before Flop (didn't bet)
Seat 7: nartykl (small blind) collected ($0.21)
Seat 8: Dorex2007 (big blind) folded before Flop
Seat 9: caliente annet folded before Flop (didn't bet)



PokerStars Hand #232548775880:  Hold'em No Limit ($0.01/$0.02 USD) - 2021/12/26 13:08:17 PT [2021/12/26 16:08:17 ET]
Table 'Pirola IV' 9-max Seat #7 is the button
Seat 1: dOOzyyzOOd ($0.78 in chips) 
Seat 2: maiole ($2.08 in chips) 
Seat 3: Asparrowhawk ($1.76 in chips) 
Seat 4: brest36 ($2 in chips) 
Seat 5: pepino_manu ($0.33 in chips) 
Seat 6: klaus37 ($1.97 in chips) 
Seat 7: nartykl ($2.76 in chips) 
Seat 8: Dorex2007 ($2 in chips) 
Seat 9: caliente annet ($0.89 in chips) 
Dorex2007: posts small blind $0.01
caliente annet: posts big blind $0.02
*** HOLE CARDS ***
Dealt to Dorex2007 [Tc Ac]
dOOzyyzOOd: folds 
maiole: raises $0.04 to $0.06
Asparrowhawk: folds 
brest36: folds 
pepino_manu: folds 
klaus37: folds 
nartykl: folds 
Dorex2007: calls $0.05
caliente annet: calls $0.04
*** FLOP *** [Th 3d 5h]
Dorex2007: bets $0.17
caliente annet: folds 
maiole: folds 
Uncalled bet ($0.17) returned to Dorex2007
pepino_manu leaves the table
Dorex2007 collected $0.17 from pot
Dorex2007: doesn't show hand 
*** SUMMARY ***
Total pot $0.18 | Rake $0.01 
Board [Th 3d 5h]
Seat 1: dOOzyyzOOd folded before Flop (didn't bet)
Seat 2: maiole folded on the Flop
Seat 3: Asparrowhawk folded before Flop (didn't bet)
Seat 4: brest36 folded before Flop (didn't bet)
Seat 5: pepino_manu folded before Flop (didn't bet)
Seat 6: klaus37 folded before Flop (didn't bet)
Seat 7: nartykl (button) folded before Flop (didn't bet)
Seat 8: Dorex2007 (small blind) collected ($0.17)
Seat 9: caliente annet (big blind) folded on the Flop



PokerStars Hand #232548798473:  Hold'em No Limit ($0.01/$0.02 USD) - 2021/12/26 13:08:51 PT [2021/12/26 16:08:51 ET]
Table 'Pirola IV' 9-max Seat #8 is the button
Seat 1: dOOzyyzOOd ($0.78 in chips) 
Seat 2: maiole ($2.02 in chips) 
Seat 3: Asparrowhawk ($1.76 in chips) 
Seat 4: brest36 ($2 in chips) 
Seat 6: klaus37 ($1.97 in chips) 
Seat 7: nartykl ($2.76 in chips) 
Seat 8: Dorex2007 ($2.11 in chips) 
Seat 9: caliente annet ($0.83 in chips) 
caliente annet: posts small blind $0.01
dOOzyyzOOd: posts big blind $0.02
*** HOLE CARDS ***
Dealt to Dorex2007 [Kh 6d]
maiole: raises $0.02 to $0.04
Asparrowhawk: calls $0.04
brest36: folds 
klaus37: calls $0.04
nartykl: raises $0.08 to $0.12
Dorex2007: folds 
caliente annet: folds 
dOOzyyzOOd: folds 
maiole: folds 
Asparrowhawk: folds 
klaus37: folds 
Uncalled bet ($0.08) returned to nartykl
nartykl collected $0.19 from pot
*** SUMMARY ***
Total pot $0.19 | Rake $0 
Seat 1: dOOzyyzOOd (big blind) folded before Flop
Seat 2: maiole folded before Flop
Seat 3: Asparrowhawk folded before Flop
Seat 4: brest36 folded before Flop (didn't bet)
Seat 6: klaus37 folded before Flop
Seat 7: nartykl collected ($0.19)
Seat 8: Dorex2007 (button) folded before Flop (didn't bet)
Seat 9: caliente annet (small blind) folded before Flop



PokerStars Hand #232548824833:  Hold'em No Limit ($0.01/$0.02 USD) - 2021/12/26 13:09:31 PT [2021/12/26 16:09:31 ET]
Table 'Pirola IV' 9-max Seat #9 is the button
Seat 1: dOOzyyzOOd ($0.76 in chips) 
Seat 2: maiole ($1.98 in chips) 
Seat 3: Asparrowhawk ($1.72 in chips) 
Seat 4: brest36 ($2 in chips) 
Seat 6: klaus37 ($1.93 in chips) 
Seat 7: nartykl ($2.91 in chips) 
Seat 8: Dorex2007 ($2.11 in chips) 
Seat 9: caliente annet ($0.82 in chips) 
dOOzyyzOOd: posts small blind $0.01
maiole: posts big blind $0.02
*** HOLE CARDS ***
Dealt to Dorex2007 [Th Jc]
Asparrowhawk: calls $0.02
brest36: folds 
klaus37: folds 
nartykl: folds 
Dorex2007: raises $0.02 to $0.04
caliente annet: folds 
dOOzyyzOOd: folds 
maiole: folds 
Asparrowhawk: calls $0.02
*** FLOP *** [7d Ad 2d]
Asparrowhawk: checks 
Dorex2007: checks 
*** TURN *** [7d Ad 2d] [Qc]
Asparrowhawk: checks 
Dorex2007: bets $0.07
Asparrowhawk: folds 
Uncalled bet ($0.07) returned to Dorex2007
Dorex2007 collected $0.11 from pot
Dorex2007: doesn't show hand 
*** SUMMARY ***
Total pot $0.11 | Rake $0 
Board [7d Ad 2d Qc]
Seat 1: dOOzyyzOOd (small blind) folded before Flop
Seat 2: maiole (big blind) folded before Flop
Seat 3: Asparrowhawk folded on the Turn
Seat 4: brest36 folded before Flop (didn't bet)
Seat 6: klaus37 folded before Flop (didn't bet)
Seat 7: nartykl folded before Flop (didn't bet)
Seat 8: Dorex2007 collected ($0.11)
Seat 9: caliente annet (button) folded before Flop (didn't bet)



PokerStars Hand #232548856294:  Hold'em No Limit ($0.01/$0.02 USD) - 2021/12/26 13:10:18 PT [2021/12/26 16:10:18 ET]
Table 'Pirola IV' 9-max Seat #1 is the button
Seat 1: dOOzyyzOOd ($0.75 in chips) 
Seat 2: maiole ($1.96 in chips) 
Seat 3: Asparrowhawk ($1.68 in chips) 
Seat 4: brest36 ($2 in chips) 
Seat 6: klaus37 ($1.93 in chips) 
Seat 7: nartykl ($2.91 in chips) 
Seat 8: Dorex2007 ($2.18 in chips) 
Seat 9: caliente annet ($0.82 in chips) 
maiole: posts small blind $0.01
Asparrowhawk: posts big blind $0.02
*** HOLE CARDS ***
Dealt to Dorex2007 [Qh 9c]
brest36: folds 
klaus37: folds 
nartykl: raises $0.04 to $0.06
Dorex2007: folds 
caliente annet: folds 
dOOzyyzOOd: folds 
maiole: folds 
Asparrowhawk: folds 
Uncalled bet ($0.04) returned to nartykl
nartykl collected $0.05 from pot
*** SUMMARY ***
Total pot $0.05 | Rake $0 
Seat 1: dOOzyyzOOd (button) folded before Flop (didn't bet)
Seat 2: maiole (small blind) folded before Flop
Seat 3: Asparrowhawk (big blind) folded before Flop
Seat 4: brest36 folded before Flop (didn't bet)
Seat 6: klaus37 folded before Flop (didn't bet)
Seat 7: nartykl collected ($0.05)
Seat 8: Dorex2007 folded before Flop (didn't bet)
Seat 9: caliente annet folded before Flop (didn't bet)



PokerStars Hand #232548875248:  Hold'em No Limit ($0.01/$0.02 USD) - 2021/12/26 13:10:42 PT [2021/12/26 16:10:42 ET]
Table 'Pirola IV' 9-max Seat #2 is the button
Seat 1: dOOzyyzOOd ($0.75 in chips) 
Seat 2: maiole ($1.95 in chips) 
Seat 3: Asparrowhawk ($1.66 in chips) 
Seat 4: brest36 ($2 in chips) 
Seat 6: klaus37 ($1.93 in chips) 
Seat 7: nartykl ($2.94 in chips) 
Seat 8: Dorex2007 ($2.18 in chips) 
Seat 9: caliente annet ($0.82 in chips) 
Asparrowhawk: posts small blind $0.01
brest36: posts big blind $0.02
*** HOLE CARDS ***
Dealt to Dorex2007 [Tc Ac]
klaus37: folds 
nartykl: folds 
Dorex2007: raises $0.04 to $0.06
caliente annet: folds 
dOOzyyzOOd: folds 
maiole: folds 
Asparrowhawk: folds 
brest36: folds 
Uncalled bet ($0.04) returned to Dorex2007
Dorex2007 collected $0.05 from pot
Dorex2007: doesn't show hand 
*** SUMMARY ***
Total pot $0.05 | Rake $0 
Seat 1: dOOzyyzOOd folded before Flop (didn't bet)
Seat 2: maiole (button) folded before Flop (didn't bet)
Seat 3: Asparrowhawk (small blind) folded before Flop
Seat 4: brest36 (big blind) folded before Flop
Seat 6: klaus37 folded before Flop (didn't bet)
Seat 7: nartykl folded before Flop (didn't bet)
Seat 8: Dorex2007 collected ($0.05)
Seat 9: caliente annet folded before Flop (didn't bet)



PokerStars Hand #232548891070:  Hold'em No Limit ($0.01/$0.02 USD) - 2021/12/26 13:11:06 PT [2021/12/26 16:11:06 ET]
Table 'Pirola IV' 9-max Seat #3 is the button
Seat 1: dOOzyyzOOd ($0.75 in chips) 
Seat 2: maiole ($1.95 in chips) 
Seat 3: Asparrowhawk ($1.65 in chips) 
Seat 4: brest36 ($2 in chips) 
Seat 6: klaus37 ($1.93 in chips) 
Seat 7: nartykl ($2.94 in chips) 
Seat 8: Dorex2007 ($2.21 in chips) 
Seat 9: caliente annet ($0.82 in chips) 
brest36: posts small blind $0.01
klaus37: posts big blind $0.02
*** HOLE CARDS ***
Dealt to Dorex2007 [Qh Jc]
nartykl: folds 
Dorex2007: folds 
caliente annet: folds 
dOOzyyzOOd: calls $0.02
maiole: folds 
Asparrowhawk: folds 
brest36: folds 
klaus37: checks 
*** FLOP *** [3c Qs 5s]
klaus37: checks 
dOOzyyzOOd: bets $0.04
klaus37: folds 
Uncalled bet ($0.04) returned to dOOzyyzOOd
dOOzyyzOOd collected $0.05 from pot
dOOzyyzOOd: doesn't show hand 
*** SUMMARY ***
Total pot $0.05 | Rake $0 
Board [3c Qs 5s]
Seat 1: dOOzyyzOOd collected ($0.05)
Seat 2: maiole folded before Flop (didn't bet)
Seat 3: Asparrowhawk (button) folded before Flop (didn't bet)
Seat 4: brest36 (small blind) folded before Flop
Seat 6: klaus37 (big blind) folded on the Flop
Seat 7: nartykl folded before Flop (didn't bet)
Seat 8: Dorex2007 folded before Flop (didn't bet)
Seat 9: caliente annet folded before Flop (didn't bet)



PokerStars Hand #232548925086:  Hold'em No Limit ($0.01/$0.02 USD) - 2021/12/26 13:11:58 PT [2021/12/26 16:11:58 ET]
Table 'Pirola IV' 9-max Seat #4 is the button
Seat 1: dOOzyyzOOd ($0.78 in chips) 
Seat 2: maiole ($1.95 in chips) 
Seat 3: Asparrowhawk ($1.65 in chips) 
Seat 4: brest36 ($2 in chips) 
Seat 6: klaus37 ($1.91 in chips) 
Seat 8: Dorex2007 ($2.21 in chips) 
Seat 9: caliente annet ($0.82 in chips) 
klaus37: posts small blind $0.01
nartykl: is sitting out 
Dorex2007: posts big blind $0.02
*** HOLE CARDS ***
Dealt to Dorex2007 [6c 2s]
nartykl leaves the table
caliente annet: raises $0.04 to $0.06
dOOzyyzOOd: folds 
maiole: folds 
Asparrowhawk: folds 
brest36: folds 
klaus37: folds 
Dorex2007: folds 
Uncalled bet ($0.04) returned to caliente annet
caliente annet collected $0.05 from pot
caliente annet: doesn't show hand 
*** SUMMARY ***
Total pot $0.05 | Rake $0 
Seat 1: dOOzyyzOOd folded before Flop (didn't bet)
Seat 2: maiole folded before Flop (didn't bet)
Seat 3: Asparrowhawk folded before Flop (didn't bet)
Seat 4: brest36 (button) folded before Flop (didn't bet)
Seat 6: klaus37 (small blind) folded before Flop
Seat 8: Dorex2007 (big blind) folded before Flop
Seat 9: caliente annet collected ($0.05)



PokerStars Hand #232548936153:  Hold'em No Limit ($0.01/$0.02 USD) - 2021/12/26 13:12:15 PT [2021/12/26 16:12:15 ET]
Table 'Pirola IV' 9-max Seat #6 is the button
Seat 1: dOOzyyzOOd ($0.78 in chips) 
Seat 2: maiole ($1.95 in chips) 
Seat 3: Asparrowhawk ($1.65 in chips) 
Seat 4: brest36 ($2 in chips) 
Seat 6: klaus37 ($1.90 in chips) 
Seat 8: Dorex2007 ($2.19 in chips) 
Seat 9: caliente annet ($0.85 in chips) 
Dorex2007: posts small blind $0.01
caliente annet: posts big blind $0.02
*** HOLE CARDS ***
Dealt to Dorex2007 [Jh 4h]
dOOzyyzOOd: folds 
maiole: folds 
Asparrowhawk: folds 
brest36: calls $0.02
klaus37: folds 
Dorex2007: folds 
private k9 joins the table at seat #5 
caliente annet: checks 
*** FLOP *** [Td 6h 3c]
caliente annet: checks 
brest36: checks 
*** TURN *** [Td 6h 3c] [Ad]
caliente annet: checks 
brest36: checks 
*** RIVER *** [Td 6h 3c Ad] [6c]
caliente annet: checks 
brest36: checks 
*** SHOW DOWN ***
caliente annet: shows [Jc 8s] (a pair of Sixes)
brest36: shows [Ks Js] (a pair of Sixes - Ace+King kicker)
brest36 collected $0.05 from pot
*** SUMMARY ***
Total pot $0.05 | Rake $0 
Board [Td 6h 3c Ad 6c]
Seat 1: dOOzyyzOOd folded before Flop (didn't bet)
Seat 2: maiole folded before Flop (didn't bet)
Seat 3: Asparrowhawk folded before Flop (didn't bet)
Seat 4: brest36 showed [Ks Js] and won ($0.05) with a pair of Sixes
Seat 6: klaus37 (button) folded before Flop (didn't bet)
Seat 8: Dorex2007 (small blind) folded before Flop
Seat 9: caliente annet (big blind) showed [Jc 8s] and lost with a pair of Sixes



PokerStars Hand #232548973697:  Hold'em No Limit ($0.01/$0.02 USD) - 2021/12/26 13:13:12 PT [2021/12/26 16:13:12 ET]
Table 'Pirola IV' 9-max Seat #8 is the button
Seat 1: dOOzyyzOOd ($0.78 in chips) 
Seat 2: maiole ($1.95 in chips) 
Seat 3: Asparrowhawk ($1.65 in chips) 
Seat 4: brest36 ($2.03 in chips) 
Seat 6: klaus37 ($1.90 in chips) 
Seat 8: Dorex2007 ($2.18 in chips) 
Seat 9: caliente annet ($0.83 in chips) 
caliente annet: posts small blind $0.01
dOOzyyzOOd: posts big blind $0.02
private k9: sits out 
*** HOLE CARDS ***
Dealt to Dorex2007 [5d Ac]
maiole: folds 
Asparrowhawk has timed out
Asparrowhawk: folds 
brest36: folds 
klaus37: folds 
Dorex2007: folds 
caliente annet: calls $0.01
dOOzyyzOOd: checks 
*** FLOP *** [9d Qc Tc]
buza809 joins the table at seat #7 
caliente annet: checks 
dOOzyyzOOd: checks 
*** TURN *** [9d Qc Tc] [Ks]
caliente annet: bets $0.04
dOOzyyzOOd: calls $0.04
*** RIVER *** [9d Qc Tc Ks] [Qh]
caliente annet: bets $0.12
dOOzyyzOOd: calls $0.12
*** SHOW DOWN ***
caliente annet: shows [Jd 7h] (a straight, Nine to King)
dOOzyyzOOd: mucks hand 
caliente annet collected $0.35 from pot
*** SUMMARY ***
Total pot $0.36 | Rake $0.01 
Board [9d Qc Tc Ks Qh]
Seat 1: dOOzyyzOOd (big blind) mucked [4d Kh]
Seat 2: maiole folded before Flop (didn't bet)
Seat 3: Asparrowhawk folded before Flop (didn't bet)
Seat 4: brest36 folded before Flop (didn't bet)
Seat 6: klaus37 folded before Flop (didn't bet)
Seat 8: Dorex2007 (button) folded before Flop (didn't bet)
Seat 9: caliente annet (small blind) showed [Jd 7h] and won ($0.35) with a straight, Nine to King



PokerStars Hand #232549004837:  Hold'em No Limit ($0.01/$0.02 USD) - 2021/12/26 13:13:59 PT [2021/12/26 16:13:59 ET]
Table 'Pirola IV' 9-max Seat #9 is the button
Seat 1: dOOzyyzOOd ($0.60 in chips) 
Seat 2: maiole ($1.95 in chips) 
Seat 3: Asparrowhawk ($1.65 in chips) 
Seat 4: brest36 ($2.03 in chips) 
Seat 6: klaus37 ($1.90 in chips) 
Seat 7: buza809 ($0.80 in chips) 
Seat 8: Dorex2007 ($2.18 in chips) 
Seat 9: caliente annet ($1 in chips) 
dOOzyyzOOd: posts small blind $0.01
maiole: posts big blind $0.02
private k9: sits out 
buza809: posts big blind $0.02
*** HOLE CARDS ***
Dealt to Dorex2007 [8d Js]
Asparrowhawk: folds 
brest36: folds 
klaus37: folds 
buza809: checks 
Dorex2007: folds 
caliente annet: folds 
dOOzyyzOOd: folds 
maiole: checks 
*** FLOP *** [3d 7s 8h]
maiole: checks 
buza809: bets $0.02
maiole: folds 
Uncalled bet ($0.02) returned to buza809
buza809 collected $0.05 from pot
buza809: doesn't show hand 
*** SUMMARY ***
Total pot $0.05 | Rake $0 
Board [3d 7s 8h]
Seat 1: dOOzyyzOOd (small blind) folded before Flop
Seat 2: maiole (big blind) folded on the Flop
Seat 3: Asparrowhawk folded before Flop (didn't bet)
Seat 4: brest36 folded before Flop (didn't bet)
Seat 6: klaus37 folded before Flop (didn't bet)
Seat 7: buza809 collected ($0.05)
Seat 8: Dorex2007 folded before Flop (didn't bet)
Seat 9: caliente annet (button) folded before Flop (didn't bet)



PokerStars Hand #232549029058:  Hold'em No Limit ($0.01/$0.02 USD) - 2021/12/26 13:14:36 PT [2021/12/26 16:14:36 ET]
Table 'Pirola IV' 9-max Seat #1 is the button
Seat 1: dOOzyyzOOd ($0.59 in chips) 
Seat 2: maiole ($1.93 in chips) 
Seat 3: Asparrowhawk ($1.83 in chips) 
Seat 4: brest36 ($2.03 in chips) 
Seat 6: klaus37 ($1.90 in chips) 
Seat 7: buza809 ($0.83 in chips) 
Seat 8: Dorex2007 ($2.18 in chips) 
Seat 9: caliente annet ($1 in chips) 
maiole: posts small blind $0.01
Asparrowhawk: posts big blind $0.02
private k9: sits out 
*** HOLE CARDS ***
Dealt to Dorex2007 [Td Tc]
brest36: folds 
klaus37: folds 
buza809: folds 
Dorex2007: raises $0.02 to $0.04
caliente annet: folds 
dOOzyyzOOd: folds 
maiole: folds 
Asparrowhawk: calls $0.02
*** FLOP *** [8d 3s Jc]
Asparrowhawk: checks 
Dorex2007: bets $0.05
Asparrowhawk: calls $0.05
*** TURN *** [8d 3s Jc] [Jd]
Asparrowhawk: bets $0.10
Dorex2007: folds 
Uncalled bet ($0.10) returned to Asparrowhawk
Asparrowhawk collected $0.18 from pot
*** SUMMARY ***
Total pot $0.19 | Rake $0.01 
Board [8d 3s Jc Jd]
Seat 1: dOOzyyzOOd (button) folded before Flop (didn't bet)
Seat 2: maiole (small blind) folded before Flop
Seat 3: Asparrowhawk (big blind) collected ($0.18)
Seat 4: brest36 folded before Flop (didn't bet)
Seat 6: klaus37 folded before Flop (didn't bet)
Seat 7: buza809 folded before Flop (didn't bet)
Seat 8: Dorex2007 folded on the Turn
Seat 9: caliente annet folded before Flop (didn't bet)



PokerStars Hand #232549063223:  Hold'em No Limit ($0.01/$0.02 USD) - 2021/12/26 13:15:27 PT [2021/12/26 16:15:27 ET]
Table 'Pirola IV' 9-max Seat #2 is the button
Seat 1: dOOzyyzOOd ($0.59 in chips) 
Seat 2: maiole ($1.92 in chips) 
Seat 3: Asparrowhawk ($1.92 in chips) 
Seat 4: brest36 ($2.03 in chips) 
Seat 6: klaus37 ($1.90 in chips) 
Seat 7: buza809 ($0.83 in chips) 
Seat 8: Dorex2007 ($2.09 in chips) 
Seat 9: caliente annet ($1 in chips) 
Asparrowhawk: posts small blind $0.01
brest36: posts big blind $0.02
private k9: sits out 
*** HOLE CARDS ***
Dealt to Dorex2007 [8h 5d]
klaus37: calls $0.02
buza809: folds 
Dorex2007: folds 
caliente annet: calls $0.02
dOOzyyzOOd: calls $0.02
maiole: folds 
Asparrowhawk: folds 
brest36: checks 
*** FLOP *** [Ah 6c 6h]
brest36: checks 
klaus37: checks 
caliente annet: checks 
dOOzyyzOOd: checks 
*** TURN *** [Ah 6c 6h] [Jd]
brest36: checks 
klaus37: checks 
caliente annet: checks 
dOOzyyzOOd: checks 
*** RIVER *** [Ah 6c 6h Jd] [Jh]
brest36: checks 
klaus37: checks 
caliente annet: checks 
dOOzyyzOOd: bets $0.10
brest36: folds 
klaus37: folds 
caliente annet: folds 
Uncalled bet ($0.10) returned to dOOzyyzOOd
dOOzyyzOOd collected $0.09 from pot
dOOzyyzOOd: doesn't show hand 
*** SUMMARY ***
Total pot $0.09 | Rake $0 
Board [Ah 6c 6h Jd Jh]
Seat 1: dOOzyyzOOd collected ($0.09)
Seat 2: maiole (button) folded before Flop (didn't bet)
Seat 3: Asparrowhawk (small blind) folded before Flop
Seat 4: brest36 (big blind) folded on the River
Seat 6: klaus37 folded on the River
Seat 7: buza809 folded before Flop (didn't bet)
Seat 8: Dorex2007 folded before Flop (didn't bet)
Seat 9: caliente annet folded on the River



PokerStars Hand #232549118402:  Hold'em No Limit ($0.01/$0.02 USD) - 2021/12/26 13:16:49 PT [2021/12/26 16:16:49 ET]
Table 'Pirola IV' 9-max Seat #3 is the button
Seat 1: dOOzyyzOOd ($0.66 in chips) 
Seat 2: maiole ($1.92 in chips) 
Seat 3: Asparrowhawk ($1.91 in chips) 
Seat 4: brest36 ($2.01 in chips) 
Seat 5: private k9 ($1.60 in chips) 
Seat 6: klaus37 ($1.88 in chips) 
Seat 7: buza809 ($0.83 in chips) 
Seat 8: Dorex2007 ($2.09 in chips) 
Seat 9: caliente annet ($0.98 in chips) 
brest36: posts small blind $0.01
private k9: posts big blind $0.02
*** HOLE CARDS ***
Dealt to Dorex2007 [Kd 3d]
klaus37: calls $0.02
buza809: calls $0.02
Dorex2007: folds 
caliente annet: folds 
dOOzyyzOOd: calls $0.02
maiole: calls $0.02
Asparrowhawk: calls $0.02
brest36: folds 
private k9: raises $0.08 to $0.10
klaus37: folds 
buza809: calls $0.08
dOOzyyzOOd: folds 
maiole: calls $0.08
Asparrowhawk: calls $0.08
*** FLOP *** [5h 2d 7d]
private k9: bets $0.14
buza809: calls $0.14
maiole: folds 
Asparrowhawk: calls $0.14
*** TURN *** [5h 2d 7d] [8c]
private k9: checks 
buza809: checks 
Asparrowhawk: checks 
*** RIVER *** [5h 2d 7d 8c] [3h]
private k9: checks 
buza809: checks 
Asparrowhawk: checks 
*** SHOW DOWN ***
private k9: shows [Qs Ac] (high card Ace)
buza809: mucks hand 
Asparrowhawk: shows [5d Ad] (a pair of Fives)
Asparrowhawk collected $0.84 from pot
*** SUMMARY ***
Total pot $0.87 | Rake $0.03 
Board [5h 2d 7d 8c 3h]
Seat 1: dOOzyyzOOd folded before Flop
Seat 2: maiole folded on the Flop
Seat 3: Asparrowhawk (button) showed [5d Ad] and won ($0.84) with a pair of Fives
Seat 4: brest36 (small blind) folded before Flop
Seat 5: private k9 (big blind) showed [Qs Ac] and lost with high card Ace
Seat 6: klaus37 folded before Flop
Seat 7: buza809 mucked [4d Td]
Seat 8: Dorex2007 folded before Flop (didn't bet)
Seat 9: caliente annet folded before Flop (didn't bet)



PokerStars Hand #232549200071:  Hold'em No Limit ($0.01/$0.02 USD) - 2021/12/26 13:18:41 PT [2021/12/26 16:18:41 ET]
Table 'Pirola IV' 9-max Seat #4 is the button
Seat 1: dOOzyyzOOd ($0.64 in chips) 
Seat 2: maiole ($1.82 in chips) 
Seat 3: Asparrowhawk ($2.51 in chips) 
Seat 4: brest36 ($2 in chips) 
Seat 5: private k9 ($1.36 in chips) 
Seat 6: klaus37 ($1.86 in chips) 
Seat 7: buza809 ($0.59 in chips) 
Seat 8: Dorex2007 ($2.09 in chips) 
Seat 9: caliente annet ($0.98 in chips) 
private k9: posts small blind $0.01
klaus37: posts big blind $0.02
*** HOLE CARDS ***
Dealt to Dorex2007 [Qd 5s]
buza809: calls $0.02
Dorex2007: folds 
caliente annet: folds 
dOOzyyzOOd: folds 
maiole: folds 
Asparrowhawk: folds 
brest36: folds 
private k9: calls $0.01
klaus37: checks 
*** FLOP *** [Ah Ac 5h]
private k9: bets $0.02
klaus37: folds 
buza809: folds 
Uncalled bet ($0.02) returned to private k9
private k9 collected $0.06 from pot
private k9: doesn't show hand 
*** SUMMARY ***
Total pot $0.06 | Rake $0 
Board [Ah Ac 5h]
Seat 1: dOOzyyzOOd folded before Flop (didn't bet)
Seat 2: maiole folded before Flop (didn't bet)
Seat 3: Asparrowhawk folded before Flop (didn't bet)
Seat 4: brest36 (button) folded before Flop (didn't bet)
Seat 5: private k9 (small blind) collected ($0.06)
Seat 6: klaus37 (big blind) folded on the Flop
Seat 7: buza809 folded on the Flop
Seat 8: Dorex2007 folded before Flop (didn't bet)
Seat 9: caliente annet folded before Flop (didn't bet)



PokerStars Hand #232549223601:  Hold'em No Limit ($0.01/$0.02 USD) - 2021/12/26 13:19:15 PT [2021/12/26 16:19:15 ET]
Table 'Pirola IV' 9-max Seat #5 is the button
Seat 1: dOOzyyzOOd ($0.64 in chips) 
Seat 2: maiole ($1.82 in chips) 
Seat 3: Asparrowhawk ($2.51 in chips) 
Seat 4: brest36 ($2 in chips) 
Seat 5: private k9 ($1.40 in chips) 
Seat 6: klaus37 ($1.84 in chips) 
Seat 7: buza809 ($0.57 in chips) 
Seat 8: Dorex2007 ($2.09 in chips) 
Seat 9: caliente annet ($0.98 in chips) 
klaus37: posts small blind $0.01
buza809: posts big blind $0.02
*** HOLE CARDS ***
Dealt to Dorex2007 [2s 5c]
Dorex2007: folds 
caliente annet: raises $0.05 to $0.07
dOOzyyzOOd: folds 
maiole: folds 
Asparrowhawk: folds 
brest36: folds 
private k9: folds 
klaus37: folds 
buza809: calls $0.05
*** FLOP *** [Jc 6s 3d]
buza809: checks 
caliente annet: checks 
*** TURN *** [Jc 6s 3d] [Kd]
buza809: checks 
caliente annet: checks 
*** RIVER *** [Jc 6s 3d Kd] [Ad]
buza809: checks 
caliente annet: checks 
*** SHOW DOWN ***
buza809: shows [8s Ts] (high card Ace)
caliente annet: shows [Tc Ac] (a pair of Aces)
caliente annet collected $0.14 from pot
*** SUMMARY ***
Total pot $0.15 | Rake $0.01 
Board [Jc 6s 3d Kd Ad]
Seat 1: dOOzyyzOOd folded before Flop (didn't bet)
Seat 2: maiole folded before Flop (didn't bet)
Seat 3: Asparrowhawk folded before Flop (didn't bet)
Seat 4: brest36 folded before Flop (didn't bet)
Seat 5: private k9 (button) folded before Flop (didn't bet)
Seat 6: klaus37 (small blind) folded before Flop
Seat 7: buza809 (big blind) showed [8s Ts] and lost with high card Ace
Seat 8: Dorex2007 folded before Flop (didn't bet)
Seat 9: caliente annet showed [Tc Ac] and won ($0.14) with a pair of Aces



PokerStars Hand #232549259208:  Hold'em No Limit ($0.01/$0.02 USD) - 2021/12/26 13:20:08 PT [2021/12/26 16:20:08 ET]
Table 'Pirola IV' 9-max Seat #6 is the button
Seat 1: dOOzyyzOOd ($0.64 in chips) 
Seat 2: maiole ($1.82 in chips) 
Seat 3: Asparrowhawk ($2.51 in chips) 
Seat 4: brest36 ($2 in chips) 
Seat 5: private k9 ($1.40 in chips) 
Seat 6: klaus37 ($1.83 in chips) 
Seat 7: buza809 ($0.50 in chips) 
Seat 8: Dorex2007 ($2.09 in chips) 
Seat 9: caliente annet ($1.05 in chips) 
buza809: posts small blind $0.01
Dorex2007: posts big blind $0.02
*** HOLE CARDS ***
Dealt to Dorex2007 [3h 2h]
caliente annet: folds 
dOOzyyzOOd: folds 
maiole: raises $0.02 to $0.04
Asparrowhawk: folds 
brest36: folds 
private k9: calls $0.04
klaus37: folds 
buza809: calls $0.03
Dorex2007: folds 
*** FLOP *** [Kh 4h 6h]
buza809: checks 
maiole: checks 
private k9: checks 
*** TURN *** [Kh 4h 6h] [8c]
buza809: bets $0.07
maiole: folds 
private k9: calls $0.07
*** RIVER *** [Kh 4h 6h 8c] [6c]
buza809: checks 
private k9: bets $0.08
buza809: calls $0.08
*** SHOW DOWN ***
private k9: shows [Js Kc] (two pair, Kings and Sixes)
buza809: mucks hand 
private k9 collected $0.42 from pot
*** SUMMARY ***
Total pot $0.44 | Rake $0.02 
Board [Kh 4h 6h 8c 6c]
Seat 1: dOOzyyzOOd folded before Flop (didn't bet)
Seat 2: maiole folded on the Turn
Seat 3: Asparrowhawk folded before Flop (didn't bet)
Seat 4: brest36 folded before Flop (didn't bet)
Seat 5: private k9 showed [Js Kc] and won ($0.42) with two pair, Kings and Sixes
Seat 6: klaus37 (button) folded before Flop (didn't bet)
Seat 7: buza809 (small blind) mucked [8s 7c]
Seat 8: Dorex2007 (big blind) folded before Flop
Seat 9: caliente annet folded before Flop (didn't bet)



PokerStars Hand #232549303248:  Hold'em No Limit ($0.01/$0.02 USD) - 2021/12/26 13:21:13 PT [2021/12/26 16:21:13 ET]
Table 'Pirola IV' 9-max Seat #7 is the button
Seat 1: dOOzyyzOOd ($0.64 in chips) 
Seat 2: maiole ($1.78 in chips) 
Seat 3: Asparrowhawk ($2.51 in chips) 
Seat 4: brest36 ($2 in chips) 
Seat 5: private k9 ($1.63 in chips) 
Seat 6: klaus37 ($1.83 in chips) 
Seat 7: buza809 ($0.31 in chips) 
Seat 8: Dorex2007 ($2.07 in chips) 
Seat 9: caliente annet ($1.05 in chips) 
Dorex2007: posts small blind $0.01
caliente annet: posts big blind $0.02
*** HOLE CARDS ***
Dealt to Dorex2007 [8d Kc]
dOOzyyzOOd: calls $0.02
maiole: folds 
Asparrowhawk: calls $0.02
brest36: folds 
private k9: folds 
klaus37: folds 
buza809: folds 
Dorex2007: calls $0.01
caliente annet: checks 
*** FLOP *** [Kd 8s 5d]
Dorex2007: checks 
caliente annet: checks 
dOOzyyzOOd: checks 
Asparrowhawk: checks 
*** TURN *** [Kd 8s 5d] [3d]
Dorex2007: checks 
caliente annet: bets $0.02
dOOzyyzOOd: folds 
Asparrowhawk: folds 
Dorex2007: calls $0.02
*** RIVER *** [Kd 8s 5d 3d] [5c]
Dorex2007: checks 
caliente annet: bets $0.12
Dorex2007: calls $0.12
*** SHOW DOWN ***
caliente annet: shows [6d 5s] (three of a kind, Fives)
Dorex2007: mucks hand 
caliente annet collected $0.35 from pot
*** SUMMARY ***
Total pot $0.36 | Rake $0.01 
Board [Kd 8s 5d 3d 5c]
Seat 1: dOOzyyzOOd folded on the Turn
Seat 2: maiole folded before Flop (didn't bet)
Seat 3: Asparrowhawk folded on the Turn
Seat 4: brest36 folded before Flop (didn't bet)
Seat 5: private k9 folded before Flop (didn't bet)
Seat 6: klaus37 folded before Flop (didn't bet)
Seat 7: buza809 (button) folded before Flop (didn't bet)
Seat 8: Dorex2007 (small blind) mucked [8d Kc]
Seat 9: caliente annet (big blind) showed [6d 5s] and won ($0.35) with three of a kind, Fives



PokerStars Hand #232549336322:  Hold'em No Limit ($0.01/$0.02 USD) - 2021/12/26 13:22:02 PT [2021/12/26 16:22:02 ET]
Table 'Pirola IV' 9-max Seat #8 is the button
Seat 1: dOOzyyzOOd ($0.62 in chips) 
Seat 2: maiole ($1.78 in chips) 
Seat 3: Asparrowhawk ($2.49 in chips) 
Seat 4: brest36 ($2 in chips) 
Seat 5: private k9 ($1.63 in chips) 
Seat 6: klaus37 ($1.83 in chips) 
Seat 7: buza809 ($0.31 in chips) 
Seat 8: Dorex2007 ($2 in chips) 
Seat 9: caliente annet ($1.24 in chips) 
caliente annet: posts small blind $0.01
dOOzyyzOOd: posts big blind $0.02
*** HOLE CARDS ***
Dealt to Dorex2007 [5s 4h]
maiole: folds 
Asparrowhawk: folds 
brest36: folds 
private k9: raises $0.04 to $0.06
klaus37: folds 
buza809: folds 
Dorex2007: folds 
caliente annet: folds 
dOOzyyzOOd: calls $0.04
*** FLOP *** [Kh 4c 2d]
dOOzyyzOOd: checks 
private k9: bets $0.06
dOOzyyzOOd: raises $0.06 to $0.12
private k9: raises $0.06 to $0.18
dOOzyyzOOd: raises $0.38 to $0.56 and is all-in
private k9: calls $0.38
*** TURN *** [Kh 4c 2d] [4s]
*** RIVER *** [Kh 4c 2d 4s] [Qs]
*** SHOW DOWN ***
dOOzyyzOOd: shows [Ad Ks] (two pair, Kings and Fours)
private k9: shows [Js Kd] (two pair, Kings and Fours - lower kicker)
dOOzyyzOOd collected $1.21 from pot
private k9 cashed out the hand for $0.15
*** SUMMARY ***
Total pot $1.25 | Rake $0.04 
Board [Kh 4c 2d 4s Qs]
Seat 1: dOOzyyzOOd (big blind) showed [Ad Ks] and won ($1.21) with two pair, Kings and Fours
Seat 2: maiole folded before Flop (didn't bet)
Seat 3: Asparrowhawk folded before Flop (didn't bet)
Seat 4: brest36 folded before Flop (didn't bet)
Seat 5: private k9 showed [Js Kd] and lost with two pair, Kings and Fours (cashed out).
Seat 6: klaus37 folded before Flop (didn't bet)
Seat 7: buza809 folded before Flop (didn't bet)
Seat 8: Dorex2007 (button) folded before Flop (didn't bet)
Seat 9: caliente annet (small blind) folded before Flop



PokerStars Hand #232549375760:  Hold'em No Limit ($0.01/$0.02 USD) - 2021/12/26 13:23:00 PT [2021/12/26 16:23:00 ET]
Table 'Pirola IV' 9-max Seat #9 is the button
Seat 1: dOOzyyzOOd ($1.21 in chips) 
Seat 2: maiole ($1.78 in chips) 
Seat 3: Asparrowhawk ($2.49 in chips) 
Seat 4: brest36 ($2 in chips) 
Seat 5: private k9 ($1.16 in chips) 
Seat 6: klaus37 ($1.83 in chips) 
Seat 7: buza809 ($0.31 in chips) 
Seat 8: Dorex2007 ($2 in chips) 
Seat 9: caliente annet ($1.23 in chips) 
dOOzyyzOOd: posts small blind $0.01
maiole: posts big blind $0.02
*** HOLE CARDS ***
Dealt to Dorex2007 [8h 5s]
Asparrowhawk: calls $0.02
brest36: folds 
private k9: raises $0.02 to $0.04
klaus37: folds 
buza809: calls $0.04
Dorex2007: folds 
caliente annet: folds 
dOOzyyzOOd: calls $0.03
maiole: folds 
Asparrowhawk: calls $0.02
*** FLOP *** [6s 2c 2h]
dOOzyyzOOd: checks 
Asparrowhawk: checks 
private k9: bets $0.05
buza809: folds 
dOOzyyzOOd: folds 
Asparrowhawk: folds 
Uncalled bet ($0.05) returned to private k9
private k9 collected $0.17 from pot
private k9: doesn't show hand 
*** SUMMARY ***
Total pot $0.18 | Rake $0.01 
Board [6s 2c 2h]
Seat 1: dOOzyyzOOd (small blind) folded on the Flop
Seat 2: maiole (big blind) folded before Flop
Seat 3: Asparrowhawk folded on the Flop
Seat 4: brest36 folded before Flop (didn't bet)
Seat 5: private k9 collected ($0.17)
Seat 6: klaus37 folded before Flop (didn't bet)
Seat 7: buza809 folded on the Flop
Seat 8: Dorex2007 folded before Flop (didn't bet)
Seat 9: caliente annet (button) folded before Flop (didn't bet)



PokerStars Hand #232549409666:  Hold'em No Limit ($0.01/$0.02 USD) - 2021/12/26 13:23:50 PT [2021/12/26 16:23:50 ET]
Table 'Pirola IV' 9-max Seat #1 is the button
Seat 1: dOOzyyzOOd ($1.17 in chips) 
Seat 2: maiole ($1.76 in chips) 
Seat 3: Asparrowhawk ($2.45 in chips) 
Seat 4: brest36 ($2 in chips) 
Seat 5: private k9 ($1.29 in chips) 
Seat 6: klaus37 ($1.83 in chips) 
Seat 7: buza809 ($0.27 in chips) 
Seat 8: Dorex2007 ($2 in chips) 
Seat 9: caliente annet ($1.23 in chips) 
maiole: posts small blind $0.01
Asparrowhawk: posts big blind $0.02
*** HOLE CARDS ***
Dealt to Dorex2007 [Js Ah]
brest36: folds 
private k9: raises $0.02 to $0.04
klaus37: raises $0.02 to $0.06
buza809: folds 
Dorex2007: calls $0.06
caliente annet: folds 
dOOzyyzOOd: folds 
maiole: folds 
Asparrowhawk: folds 
private k9: calls $0.02
*** FLOP *** [Qd 7h Qs]
private k9: checks 
klaus37: checks 
Dorex2007: bets $0.13
private k9: folds 
klaus37: folds 
Uncalled bet ($0.13) returned to Dorex2007
Dorex2007 collected $0.20 from pot
Dorex2007: doesn't show hand 
*** SUMMARY ***
Total pot $0.21 | Rake $0.01 
Board [Qd 7h Qs]
Seat 1: dOOzyyzOOd (button) folded before Flop (didn't bet)
Seat 2: maiole (small blind) folded before Flop
Seat 3: Asparrowhawk (big blind) folded before Flop
Seat 4: brest36 folded before Flop (didn't bet)
Seat 5: private k9 folded on the Flop
Seat 6: klaus37 folded on the Flop
Seat 7: buza809 folded before Flop (didn't bet)
Seat 8: Dorex2007 collected ($0.20)
Seat 9: caliente annet folded before Flop (didn't bet)



PokerStars Hand #232549445783:  Hold'em No Limit ($0.01/$0.02 USD) - 2021/12/26 13:24:44 PT [2021/12/26 16:24:44 ET]
Table 'Pirola IV' 9-max Seat #2 is the button
Seat 1: dOOzyyzOOd ($1.17 in chips) 
Seat 2: maiole ($1.75 in chips) 
Seat 3: Asparrowhawk ($2.43 in chips) 
Seat 4: brest36 ($2 in chips) 
Seat 5: private k9 ($1.23 in chips) 
Seat 6: klaus37 ($1.77 in chips) 
Seat 7: buza809 ($0.27 in chips) 
Seat 8: Dorex2007 ($2.14 in chips) 
Seat 9: caliente annet ($1.23 in chips) 
Asparrowhawk: posts small blind $0.01
brest36: posts big blind $0.02
*** HOLE CARDS ***
Dealt to Dorex2007 [4h Qs]
private k9: folds 
klaus37: calls $0.02
buza809 has timed out
buza809: folds 
Dorex2007: folds 
caliente annet: folds 
dOOzyyzOOd: calls $0.02
maiole: folds 
Asparrowhawk: folds 
brest36: checks 
*** FLOP *** [Qc Qd Ad]
brest36: checks 
klaus37: checks 
dOOzyyzOOd: checks 
*** TURN *** [Qc Qd Ad] [2c]
brest36: checks 
klaus37: checks 
dOOzyyzOOd: bets $0.02
brest36: folds 
klaus37: folds 
Uncalled bet ($0.02) returned to dOOzyyzOOd
dOOzyyzOOd collected $0.07 from pot
dOOzyyzOOd: doesn't show hand 
buza809 leaves the table
*** SUMMARY ***
Total pot $0.07 | Rake $0 
Board [Qc Qd Ad 2c]
Seat 1: dOOzyyzOOd collected ($0.07)
Seat 2: maiole (button) folded before Flop (didn't bet)
Seat 3: Asparrowhawk (small blind) folded before Flop
Seat 4: brest36 (big blind) folded on the Turn
Seat 5: private k9 folded before Flop (didn't bet)
Seat 6: klaus37 folded on the Turn
Seat 7: buza809 folded before Flop (didn't bet)
Seat 8: Dorex2007 folded before Flop (didn't bet)
Seat 9: caliente annet folded before Flop (didn't bet)



PokerStars Hand #232549837319:  Hold'em No Limit ($0.01/$0.02 USD) - 2021/12/26 13:34:15 PT [2021/12/26 16:34:15 ET]
Table 'Pirola IV' 9-max Seat #9 is the button
Seat 1: dOOzyyzOOd ($0.90 in chips) 
Seat 2: maiole ($1.68 in chips) 
Seat 3: Asparrowhawk ($2.35 in chips) 
Seat 5: private k9 ($1.80 in chips) 
Seat 6: klaus37 ($2.14 in chips) 
Seat 7: Luigipok87 ($0.93 in chips) 
Seat 8: Dorex2007 ($2.14 in chips) 
Seat 9: caliente annet ($0.75 in chips) 
dOOzyyzOOd: posts small blind $0.01
maiole: posts big blind $0.02
Dorex2007: posts small & big blinds $0.03
*** HOLE CARDS ***
Dealt to Dorex2007 [Jd Kd]
Asparrowhawk: calls $0.02
private k9: folds 
klaus37: folds 
Luigipok87: folds 
Dorex2007: checks 
caliente annet: folds 
dOOzyyzOOd: calls $0.01
maiole: checks 
*** FLOP *** [4d Kc 6h]
dOOzyyzOOd: checks 
maiole: checks 
Asparrowhawk: checks 
Dorex2007: bets $0.06
dOOzyyzOOd: folds 
maiole: folds 
Asparrowhawk: folds 
Uncalled bet ($0.06) returned to Dorex2007
Dorex2007 collected $0.09 from pot
Dorex2007: doesn't show hand 
*** SUMMARY ***
Total pot $0.09 | Rake $0 
Board [4d Kc 6h]
Seat 1: dOOzyyzOOd (small blind) folded on the Flop
Seat 2: maiole (big blind) folded on the Flop
Seat 3: Asparrowhawk folded on the Flop
Seat 5: private k9 folded before Flop (didn't bet)
Seat 6: klaus37 folded before Flop (didn't bet)
Seat 7: Luigipok87 folded before Flop (didn't bet)
Seat 8: Dorex2007 collected ($0.09)
Seat 9: caliente annet (button) folded before Flop (didn't bet)



PokerStars Hand #232549875532:  Hold'em No Limit ($0.01/$0.02 USD) - 2021/12/26 13:35:13 PT [2021/12/26 16:35:13 ET]
Table 'Pirola IV' 9-max Seat #1 is the button
Seat 1: dOOzyyzOOd ($0.88 in chips) 
Seat 2: maiole ($1.66 in chips) 
Seat 3: Asparrowhawk ($2.33 in chips) 
Seat 5: private k9 ($1.80 in chips) 
Seat 6: klaus37 ($2.14 in chips) 
Seat 7: Luigipok87 ($0.93 in chips) 
Seat 8: Dorex2007 ($2.20 in chips) 
Seat 9: caliente annet ($0.75 in chips) 
maiole: posts small blind $0.01
Asparrowhawk: posts big blind $0.02
brest36: sits out 
*** HOLE CARDS ***
Dealt to Dorex2007 [Th 7c]
private k9: raises $0.02 to $0.04
klaus37: folds 
Luigipok87: calls $0.04
Dorex2007: folds 
caliente annet: folds 
dOOzyyzOOd: folds 
maiole: calls $0.03
Asparrowhawk: folds 
*** FLOP *** [Qd 8h 9d]
maiole: checks 
private k9: checks 
Luigipok87: checks 
*** TURN *** [Qd 8h 9d] [3s]
maiole: bets $0.07
private k9: folds 
Luigipok87: folds 
Uncalled bet ($0.07) returned to maiole
maiole collected $0.14 from pot
maiole: doesn't show hand 
*** SUMMARY ***
Total pot $0.14 | Rake $0 
Board [Qd 8h 9d 3s]
Seat 1: dOOzyyzOOd (button) folded before Flop (didn't bet)
Seat 2: maiole (small blind) collected ($0.14)
Seat 3: Asparrowhawk (big blind) folded before Flop
Seat 5: private k9 folded on the Turn
Seat 6: klaus37 folded before Flop (didn't bet)
Seat 7: Luigipok87 folded on the Turn
Seat 8: Dorex2007 folded before Flop (didn't bet)
Seat 9: caliente annet folded before Flop (didn't bet)



PokerStars Hand #232549911708:  Hold'em No Limit ($0.01/$0.02 USD) - 2021/12/26 13:36:07 PT [2021/12/26 16:36:07 ET]
Table 'Pirola IV' 9-max Seat #2 is the button
Seat 1: dOOzyyzOOd ($0.88 in chips) 
Seat 2: maiole ($1.76 in chips) 
Seat 3: Asparrowhawk ($2.31 in chips) 
Seat 4: brest36 ($2.35 in chips) 
Seat 5: private k9 ($1.76 in chips) 
Seat 6: klaus37 ($2.14 in chips) 
Seat 7: Luigipok87 ($0.89 in chips) 
Seat 8: Dorex2007 ($2.20 in chips) 
Seat 9: caliente annet ($0.75 in chips) 
Asparrowhawk: posts small blind $0.01
brest36: posts big blind $0.02
*** HOLE CARDS ***
Dealt to Dorex2007 [3d 6c]
private k9: raises $0.02 to $0.04
klaus37: calls $0.04
Luigipok87: folds 
Dorex2007: folds 
caliente annet: folds 
dOOzyyzOOd: folds 
maiole: folds 
Asparrowhawk: folds 
brest36: folds 
*** FLOP *** [5s Ac 7d]
private k9: checks 
klaus37: checks 
*** TURN *** [5s Ac 7d] [Jd]
private k9: checks 
klaus37: checks 
*** RIVER *** [5s Ac 7d Jd] [Jh]
private k9: checks 
klaus37: bets $0.06
private k9: folds 
Uncalled bet ($0.06) returned to klaus37
klaus37 collected $0.11 from pot
klaus37: doesn't show hand 
*** SUMMARY ***
Total pot $0.11 | Rake $0 
Board [5s Ac 7d Jd Jh]
Seat 1: dOOzyyzOOd folded before Flop (didn't bet)
Seat 2: maiole (button) folded before Flop (didn't bet)
Seat 3: Asparrowhawk (small blind) folded before Flop
Seat 4: brest36 (big blind) folded before Flop
Seat 5: private k9 folded on the River
Seat 6: klaus37 collected ($0.11)
Seat 7: Luigipok87 folded before Flop (didn't bet)
Seat 8: Dorex2007 folded before Flop (didn't bet)
Seat 9: caliente annet folded before Flop (didn't bet)



PokerStars Hand #232549937038:  Hold'em No Limit ($0.01/$0.02 USD) - 2021/12/26 13:36:46 PT [2021/12/26 16:36:46 ET]
Table 'Pirola IV' 9-max Seat #3 is the button
Seat 1: dOOzyyzOOd ($0.88 in chips) 
Seat 2: maiole ($1.76 in chips) 
Seat 3: Asparrowhawk ($2.30 in chips) 
Seat 4: brest36 ($2.33 in chips) 
Seat 5: private k9 ($1.72 in chips) 
Seat 6: klaus37 ($2.21 in chips) 
Seat 7: Luigipok87 ($0.89 in chips) 
Seat 8: Dorex2007 ($2.20 in chips) 
Seat 9: caliente annet ($0.75 in chips) 
brest36: posts small blind $0.01
private k9: posts big blind $0.02
*** HOLE CARDS ***
Dealt to Dorex2007 [Qs Ks]
klaus37: folds 
Luigipok87: folds 
Dorex2007: raises $0.02 to $0.04
caliente annet: folds 
dOOzyyzOOd: folds 
maiole: folds 
Asparrowhawk: folds 
brest36: folds 
private k9: calls $0.02
*** FLOP *** [Qc As Td]
private k9: checks 
Dorex2007: checks 
*** TURN *** [Qc As Td] [2s]
private k9: bets $0.04
Dorex2007: calls $0.04
*** RIVER *** [Qc As Td 2s] [9d]
private k9: checks 
Dorex2007: checks 
*** SHOW DOWN ***
private k9: shows [5s 6s] (high card Ace)
Dorex2007: shows [Qs Ks] (a pair of Queens)
Dorex2007 collected $0.16 from pot
*** SUMMARY ***
Total pot $0.17 | Rake $0.01 
Board [Qc As Td 2s 9d]
Seat 1: dOOzyyzOOd folded before Flop (didn't bet)
Seat 2: maiole folded before Flop (didn't bet)
Seat 3: Asparrowhawk (button) folded before Flop (didn't bet)
Seat 4: brest36 (small blind) folded before Flop
Seat 5: private k9 (big blind) showed [5s 6s] and lost with high card Ace
Seat 6: klaus37 folded before Flop (didn't bet)
Seat 7: Luigipok87 folded before Flop (didn't bet)
Seat 8: Dorex2007 showed [Qs Ks] and won ($0.16) with a pair of Queens
Seat 9: caliente annet folded before Flop (didn't bet)



PokerStars Hand #232549983896:  Hold'em No Limit ($0.01/$0.02 USD) - 2021/12/26 13:37:45 PT [2021/12/26 16:37:45 ET]
Table 'Pirola IV' 9-max Seat #4 is the button
Seat 1: dOOzyyzOOd ($0.88 in chips) 
Seat 2: maiole ($1.76 in chips) 
Seat 3: Asparrowhawk ($2.30 in chips) 
Seat 4: brest36 ($2.32 in chips) 
Seat 5: private k9 ($1.64 in chips) 
Seat 6: klaus37 ($2.21 in chips) 
Seat 7: Luigipok87 ($0.89 in chips) 
Seat 8: Dorex2007 ($2.28 in chips) 
Seat 9: caliente annet ($0.75 in chips) 
private k9: posts small blind $0.01
klaus37: posts big blind $0.02
*** HOLE CARDS ***
Dealt to Dorex2007 [5c 5d]
Luigipok87: raises $0.06 to $0.08
Dorex2007: folds 
caliente annet: folds 
dOOzyyzOOd: folds 
maiole: folds 
Asparrowhawk: folds 
brest36: folds 
private k9: calls $0.07
klaus37: folds 
*** FLOP *** [As 9s 3h]
private k9: bets $0.06
Luigipok87: calls $0.06
*** TURN *** [As 9s 3h] [Td]
private k9: bets $0.06
Luigipok87: calls $0.06
*** RIVER *** [As 9s 3h Td] [8s]
private k9: checks 
Luigipok87: checks 
*** SHOW DOWN ***
private k9: shows [7s 7d] (a pair of Sevens)
Luigipok87: shows [Qc Qs] (a pair of Queens)
Luigipok87 collected $0.41 from pot
*** SUMMARY ***
Total pot $0.42 | Rake $0.01 
Board [As 9s 3h Td 8s]
Seat 1: dOOzyyzOOd folded before Flop (didn't bet)
Seat 2: maiole folded before Flop (didn't bet)
Seat 3: Asparrowhawk folded before Flop (didn't bet)
Seat 4: brest36 (button) folded before Flop (didn't bet)
Seat 5: private k9 (small blind) showed [7s 7d] and lost with a pair of Sevens
Seat 6: klaus37 (big blind) folded before Flop
Seat 7: Luigipok87 showed [Qc Qs] and won ($0.41) with a pair of Queens
Seat 8: Dorex2007 folded before Flop (didn't bet)
Seat 9: caliente annet folded before Flop (didn't bet)



PokerStars Hand #232550019886:  Hold'em No Limit ($0.01/$0.02 USD) - 2021/12/26 13:38:40 PT [2021/12/26 16:38:40 ET]
Table 'Pirola IV' 9-max Seat #5 is the button
Seat 1: dOOzyyzOOd ($0.88 in chips) 
Seat 2: maiole ($1.76 in chips) 
Seat 3: Asparrowhawk ($2.30 in chips) 
Seat 4: brest36 ($2.32 in chips) 
Seat 5: private k9 ($1.44 in chips) 
Seat 6: klaus37 ($2.19 in chips) 
Seat 7: Luigipok87 ($1.10 in chips) 
Seat 8: Dorex2007 ($2.28 in chips) 
Seat 9: caliente annet ($0.75 in chips) 
klaus37: posts small blind $0.01
Luigipok87: posts big blind $0.02
*** HOLE CARDS ***
Dealt to Dorex2007 [8h Ad]
Dorex2007: folds 
caliente annet: calls $0.02
dOOzyyzOOd: folds 
maiole: folds 
Asparrowhawk: folds 
brest36: raises $0.04 to $0.06
private k9: folds 
klaus37: folds 
Luigipok87: calls $0.04
caliente annet: calls $0.04
*** FLOP *** [2h Kc 6d]
Luigipok87: checks 
caliente annet: bets $0.69 and is all-in
brest36: folds 
Luigipok87: folds 
Uncalled bet ($0.69) returned to caliente annet
caliente annet collected $0.18 from pot
caliente annet: doesn't show hand 
*** SUMMARY ***
Total pot $0.19 | Rake $0.01 
Board [2h Kc 6d]
Seat 1: dOOzyyzOOd folded before Flop (didn't bet)
Seat 2: maiole folded before Flop (didn't bet)
Seat 3: Asparrowhawk folded before Flop (didn't bet)
Seat 4: brest36 folded on the Flop
Seat 5: private k9 (button) folded before Flop (didn't bet)
Seat 6: klaus37 (small blind) folded before Flop
Seat 7: Luigipok87 (big blind) folded on the Flop
Seat 8: Dorex2007 folded before Flop (didn't bet)
Seat 9: caliente annet collected ($0.18)



PokerStars Hand #232550055107:  Hold'em No Limit ($0.01/$0.02 USD) - 2021/12/26 13:39:35 PT [2021/12/26 16:39:35 ET]
Table 'Pirola IV' 9-max Seat #6 is the button
Seat 1: dOOzyyzOOd ($0.88 in chips) 
Seat 3: Asparrowhawk ($2.30 in chips) 
Seat 4: brest36 ($2.26 in chips) 
Seat 5: private k9 ($1.44 in chips) 
Seat 6: klaus37 ($2.18 in chips) 
Seat 7: Luigipok87 ($1.04 in chips) 
Seat 8: Dorex2007 ($2.28 in chips) 
Seat 9: caliente annet ($0.87 in chips) 
Luigipok87: posts small blind $0.01
Dorex2007: posts big blind $0.02
*** HOLE CARDS ***
Dealt to Dorex2007 [Qh 9h]
caliente annet: raises $0.85 to $0.87 and is all-in
dOOzyyzOOd: folds 
Asparrowhawk: folds 
brest36: folds 
private k9: folds 
klaus37: folds 
Luigipok87: raises $0.17 to $1.04 and is all-in
Dorex2007: folds 
Uncalled bet ($0.17) returned to Luigipok87
*** FLOP *** [6d 7h Th]
*** TURN *** [6d 7h Th] [2c]
*** RIVER *** [6d 7h Th 2c] [4d]
*** SHOW DOWN ***
Luigipok87: shows [Ac As] (a pair of Aces)
caliente annet: shows [Jc Js] (a pair of Jacks)
Luigipok87 collected $1.70 from pot
*** SUMMARY ***
Total pot $1.76 | Rake $0.06 
Board [6d 7h Th 2c 4d]
Seat 1: dOOzyyzOOd folded before Flop (didn't bet)
Seat 3: Asparrowhawk folded before Flop (didn't bet)
Seat 4: brest36 folded before Flop (didn't bet)
Seat 5: private k9 folded before Flop (didn't bet)
Seat 6: klaus37 (button) folded before Flop (didn't bet)
Seat 7: Luigipok87 (small blind) showed [Ac As] and won ($1.70) with a pair of Aces
Seat 8: Dorex2007 (big blind) folded before Flop
Seat 9: caliente annet showed [Jc Js] and lost with a pair of Jacks



PokerStars Hand #232550079075:  Hold'em No Limit ($0.01/$0.02 USD) - 2021/12/26 13:40:12 PT [2021/12/26 16:40:12 ET]
Table 'Pirola IV' 9-max Seat #7 is the button
Seat 1: dOOzyyzOOd ($0.88 in chips) 
Seat 3: Asparrowhawk ($2.30 in chips) 
Seat 4: brest36 ($2.26 in chips) 
Seat 5: private k9 ($1.44 in chips) 
Seat 6: klaus37 ($2.18 in chips) 
Seat 7: Luigipok87 ($1.87 in chips) 
Seat 8: Dorex2007 ($2.26 in chips) 
Dorex2007: posts small blind $0.01
dOOzyyzOOd: posts big blind $0.02
*** HOLE CARDS ***
Dealt to Dorex2007 [Qh Ah]
caliente annet is disconnected 
Asparrowhawk: folds 
brest36: calls $0.02
private k9: calls $0.02
klaus37: calls $0.02
Luigipok87: folds 
Dorex2007: raises $0.02 to $0.04
dOOzyyzOOd: calls $0.02
brest36: calls $0.02
private k9: calls $0.02
klaus37: calls $0.02
*** FLOP *** [2s 9s Td]
Dorex2007: checks 
dOOzyyzOOd: checks 
brest36: checks 
private k9: bets $0.14
klaus37: folds 
Dorex2007: folds 
dOOzyyzOOd: folds 
brest36: folds 
Uncalled bet ($0.14) returned to private k9
private k9 collected $0.19 from pot
private k9: doesn't show hand 
*** SUMMARY ***
Total pot $0.20 | Rake $0.01 
Board [2s 9s Td]
Seat 1: dOOzyyzOOd (big blind) folded on the Flop
Seat 3: Asparrowhawk folded before Flop (didn't bet)
Seat 4: brest36 folded on the Flop
Seat 5: private k9 collected ($0.19)
Seat 6: klaus37 folded on the Flop
Seat 7: Luigipok87 (button) folded before Flop (didn't bet)
Seat 8: Dorex2007 (small blind) folded on the Flop



PokerStars Hand #232550128795:  Hold'em No Limit ($0.01/$0.02 USD) - 2021/12/26 13:41:28 PT [2021/12/26 16:41:28 ET]
Table 'Pirola IV' 9-max Seat #8 is the button
Seat 1: dOOzyyzOOd ($0.84 in chips) 
Seat 3: Asparrowhawk ($2.30 in chips) 
Seat 4: brest36 ($2.22 in chips) 
Seat 5: private k9 ($1.59 in chips) 
Seat 6: klaus37 ($2.14 in chips) 
Seat 7: Luigipok87 ($1.87 in chips) 
Seat 8: Dorex2007 ($2.22 in chips) 
dOOzyyzOOd: posts small blind $0.01
Asparrowhawk: posts big blind $0.02
*** HOLE CARDS ***
Dealt to Dorex2007 [Js Jc]
brest36: folds 
private k9: folds 
klaus37: calls $0.02
Luigipok87: folds 
Dorex2007: raises $0.02 to $0.04
dOOzyyzOOd: folds 
Asparrowhawk: calls $0.02
klaus37: calls $0.02
*** FLOP *** [9c Th 3c]
Asparrowhawk: checks 
klaus37: checks 
Dorex2007: bets $0.09
Asparrowhawk: folds 
klaus37: folds 
Uncalled bet ($0.09) returned to Dorex2007
Dorex2007 collected $0.13 from pot
Dorex2007: doesn't show hand 
*** SUMMARY ***
Total pot $0.13 | Rake $0 
Board [9c Th 3c]
Seat 1: dOOzyyzOOd (small blind) folded before Flop
Seat 3: Asparrowhawk (big blind) folded on the Flop
Seat 4: brest36 folded before Flop (didn't bet)
Seat 5: private k9 folded before Flop (didn't bet)
Seat 6: klaus37 folded on the Flop
Seat 7: Luigipok87 folded before Flop (didn't bet)
Seat 8: Dorex2007 (button) collected ($0.13)



PokerStars Hand #232550159288:  Hold'em No Limit ($0.01/$0.02 USD) - 2021/12/26 13:42:16 PT [2021/12/26 16:42:16 ET]
Table 'Pirola IV' 9-max Seat #1 is the button
Seat 1: dOOzyyzOOd ($0.83 in chips) 
Seat 3: Asparrowhawk ($2.26 in chips) 
Seat 4: brest36 ($2.22 in chips) 
Seat 5: private k9 ($1.59 in chips) 
Seat 6: klaus37 ($2.10 in chips) 
Seat 7: Luigipok87 ($1.87 in chips) 
Seat 8: Dorex2007 ($2.31 in chips) 
Asparrowhawk: posts small blind $0.01
brest36: posts big blind $0.02
*** HOLE CARDS ***
Dealt to Dorex2007 [Kc Kd]
private k9: raises $0.02 to $0.04
klaus37: folds 
Luigipok87: folds 
Dorex2007: raises $0.06 to $0.10
dOOzyyzOOd: folds 
Asparrowhawk: calls $0.09
brest36: folds 
private k9: calls $0.06
*** FLOP *** [6d 9s 8c]
Asparrowhawk: checks 
private k9: bets $0.12
Dorex2007: raises $0.55 to $0.67
Asparrowhawk: folds 
private k9: folds 
Uncalled bet ($0.55) returned to Dorex2007
Dorex2007 collected $0.54 from pot
Dorex2007: doesn't show hand 
*** SUMMARY ***
Total pot $0.56 | Rake $0.02 
Board [6d 9s 8c]
Seat 1: dOOzyyzOOd (button) folded before Flop (didn't bet)
Seat 3: Asparrowhawk (small blind) folded on the Flop
Seat 4: brest36 (big blind) folded before Flop
Seat 5: private k9 folded on the Flop
Seat 6: klaus37 folded before Flop (didn't bet)
Seat 7: Luigipok87 folded before Flop (didn't bet)
Seat 8: Dorex2007 collected ($0.54)



PokerStars Hand #232550192326:  Hold'em No Limit ($0.01/$0.02 USD) - 2021/12/26 13:43:08 PT [2021/12/26 16:43:08 ET]
Table 'Pirola IV' 9-max Seat #3 is the button
Seat 1: dOOzyyzOOd ($0.83 in chips) 
Seat 2: maiole ($1.76 in chips) 
Seat 3: Asparrowhawk ($2.16 in chips) 
Seat 4: brest36 ($2.20 in chips) 
Seat 5: private k9 ($1.37 in chips) 
Seat 6: klaus37 ($2.10 in chips) 
Seat 7: Luigipok87 ($1.87 in chips) 
Seat 8: Dorex2007 ($2.63 in chips) 
brest36: posts small blind $0.01
private k9: posts big blind $0.02
maiole: posts small & big blinds $0.03
*** HOLE CARDS ***
Dealt to Dorex2007 [3c Kd]
klaus37: folds 
Luigipok87: calls $0.02
Dorex2007: folds 
dOOzyyzOOd: folds 
maiole: checks 
Asparrowhawk: folds 
brest36: calls $0.01
private k9: checks 
*** FLOP *** [7s Qc Qs]
brest36: checks 
private k9: checks 
Luigipok87: checks 
maiole: checks 
*** TURN *** [7s Qc Qs] [2s]
brest36: checks 
private k9: checks 
Luigipok87: checks 
maiole: bets $0.05
brest36: calls $0.05
private k9: folds 
Luigipok87: folds 
*** RIVER *** [7s Qc Qs 2s] [5s]
brest36: bets $0.18
maiole: folds 
Uncalled bet ($0.18) returned to brest36
brest36 collected $0.18 from pot
*** SUMMARY ***
Total pot $0.19 | Rake $0.01 
Board [7s Qc Qs 2s 5s]
Seat 1: dOOzyyzOOd folded before Flop (didn't bet)
Seat 2: maiole folded on the River
Seat 3: Asparrowhawk (button) folded before Flop (didn't bet)
Seat 4: brest36 (small blind) collected ($0.18)
Seat 5: private k9 (big blind) folded on the Turn
Seat 6: klaus37 folded before Flop (didn't bet)
Seat 7: Luigipok87 folded on the Turn
Seat 8: Dorex2007 folded before Flop (didn't bet)



PokerStars Hand #232550254796:  Hold'em No Limit ($0.01/$0.02 USD) - 2021/12/26 13:44:46 PT [2021/12/26 16:44:46 ET]
Table 'Pirola IV' 9-max Seat #4 is the button
Seat 1: dOOzyyzOOd ($0.83 in chips) 
Seat 2: maiole ($1.68 in chips) 
Seat 3: Asparrowhawk ($2.16 in chips) 
Seat 4: brest36 ($2.31 in chips) 
Seat 5: private k9 ($1.35 in chips) 
Seat 6: klaus37 ($2.10 in chips) 
Seat 7: Luigipok87 ($1.85 in chips) 
Seat 8: Dorex2007 ($2.63 in chips) 
private k9: posts small blind $0.01
klaus37: posts big blind $0.02
*** HOLE CARDS ***
Dealt to Dorex2007 [9s Ah]
Luigipok87: calls $0.02
Dorex2007: folds 
dOOzyyzOOd: calls $0.02
maiole: folds 
Asparrowhawk: calls $0.02
brest36: folds 
private k9: calls $0.01
klaus37: checks 
*** FLOP *** [8d 4s Qd]
private k9: checks 
klaus37: checks 
Luigipok87: checks 
dOOzyyzOOd: checks 
Asparrowhawk: checks 
*** TURN *** [8d 4s Qd] [Jh]
private k9: checks 
klaus37: checks 
Luigipok87: checks 
dOOzyyzOOd: checks 
Asparrowhawk: checks 
*** RIVER *** [8d 4s Qd Jh] [Js]
private k9: checks 
klaus37: checks 
Luigipok87: checks 
dOOzyyzOOd: bets $0.04
Asparrowhawk: folds 
private k9: folds 
klaus37: folds 
Luigipok87: folds 
Uncalled bet ($0.04) returned to dOOzyyzOOd
dOOzyyzOOd collected $0.10 from pot
dOOzyyzOOd: doesn't show hand 
*** SUMMARY ***
Total pot $0.10 | Rake $0 
Board [8d 4s Qd Jh Js]
Seat 1: dOOzyyzOOd collected ($0.10)
Seat 2: maiole folded before Flop (didn't bet)
Seat 3: Asparrowhawk folded on the River
Seat 4: brest36 (button) folded before Flop (didn't bet)
Seat 5: private k9 (small blind) folded on the River
Seat 6: klaus37 (big blind) folded on the River
Seat 7: Luigipok87 folded on the River
Seat 8: Dorex2007 folded before Flop (didn't bet)



PokerStars Hand #232550286817:  Hold'em No Limit ($0.01/$0.02 USD) - 2021/12/26 13:45:36 PT [2021/12/26 16:45:36 ET]
Table 'Pirola IV' 9-max Seat #5 is the button
Seat 1: dOOzyyzOOd ($0.91 in chips) 
Seat 2: maiole ($1.68 in chips) 
Seat 3: Asparrowhawk ($2.14 in chips) 
Seat 4: brest36 ($2.31 in chips) 
Seat 5: private k9 ($1.33 in chips) 
Seat 6: klaus37 ($2.08 in chips) 
Seat 7: Luigipok87 ($1.83 in chips) 
Seat 8: Dorex2007 ($2.63 in chips) 
klaus37: posts small blind $0.01
Luigipok87: posts big blind $0.02
*** HOLE CARDS ***
Dealt to Dorex2007 [3d Qs]
Dorex2007: folds 
dOOzyyzOOd: folds 
maiole: raises $0.02 to $0.04
Asparrowhawk: calls $0.04
brest36: folds 
private k9: calls $0.04
klaus37: folds 
Luigipok87: calls $0.02
*** FLOP *** [As 6d 9d]
Luigipok87: checks 
maiole: checks 
Asparrowhawk: bets $0.02
private k9: raises $0.08 to $0.10
Luigipok87: folds 
maiole: calls $0.10
Asparrowhawk: folds 
*** TURN *** [As 6d 9d] [2d]
maiole: checks 
private k9: bets $0.06
maiole: calls $0.06
*** RIVER *** [As 6d 9d 2d] [5h]
maiole: checks 
private k9: checks 
*** SHOW DOWN ***
maiole: shows [9h 9s] (three of a kind, Nines)
private k9: mucks hand 
maiole collected $0.49 from pot
*** SUMMARY ***
Total pot $0.51 | Rake $0.02 
Board [As 6d 9d 2d 5h]
Seat 1: dOOzyyzOOd folded before Flop (didn't bet)
Seat 2: maiole showed [9h 9s] and won ($0.49) with three of a kind, Nines
Seat 3: Asparrowhawk folded on the Flop
Seat 4: brest36 folded before Flop (didn't bet)
Seat 5: private k9 (button) mucked [Ac Th]
Seat 6: klaus37 (small blind) folded before Flop
Seat 7: Luigipok87 (big blind) folded on the Flop
Seat 8: Dorex2007 folded before Flop (didn't bet)



PokerStars Hand #232550348742:  Hold'em No Limit ($0.01/$0.02 USD) - 2021/12/26 13:47:00 PT [2021/12/26 16:47:00 ET]
Table 'Pirola IV' 9-max Seat #6 is the button
Seat 1: dOOzyyzOOd ($0.91 in chips) 
Seat 2: maiole ($1.97 in chips) 
Seat 3: Asparrowhawk ($2.08 in chips) 
Seat 4: brest36 ($2.31 in chips) 
Seat 5: private k9 ($1.13 in chips) 
Seat 6: klaus37 ($2.07 in chips) 
Seat 7: Luigipok87 ($1.79 in chips) 
Seat 8: Dorex2007 ($2.63 in chips) 
Luigipok87: posts small blind $0.01
Dorex2007: posts big blind $0.02
*** HOLE CARDS ***
Dealt to Dorex2007 [7s 6d]
dOOzyyzOOd: folds 
maiole: folds 
Asparrowhawk: calls $0.02
brest36: folds 
private k9: folds 
klaus37: folds 
Luigipok87: calls $0.01
Dorex2007: checks 
*** FLOP *** [7h Ks Qc]
Luigipok87: checks 
Dorex2007: checks 
Asparrowhawk: bets $0.06
Luigipok87: calls $0.06
Dorex2007: folds 
*** TURN *** [7h Ks Qc] [5s]
Luigipok87: checks 
Asparrowhawk: bets $0.17
Luigipok87: folds 
Uncalled bet ($0.17) returned to Asparrowhawk
Asparrowhawk collected $0.17 from pot
*** SUMMARY ***
Total pot $0.18 | Rake $0.01 
Board [7h Ks Qc 5s]
Seat 1: dOOzyyzOOd folded before Flop (didn't bet)
Seat 2: maiole folded before Flop (didn't bet)
Seat 3: Asparrowhawk collected ($0.17)
Seat 4: brest36 folded before Flop (didn't bet)
Seat 5: private k9 folded before Flop (didn't bet)
Seat 6: klaus37 (button) folded before Flop (didn't bet)
Seat 7: Luigipok87 (small blind) folded on the Turn
Seat 8: Dorex2007 (big blind) folded on the Flop



PokerStars Hand #232550386058:  Hold'em No Limit ($0.01/$0.02 USD) - 2021/12/26 13:47:59 PT [2021/12/26 16:47:59 ET]
Table 'Pirola IV' 9-max Seat #7 is the button
Seat 1: dOOzyyzOOd ($0.91 in chips) 
Seat 2: maiole ($1.97 in chips) 
Seat 3: Asparrowhawk ($2.17 in chips) 
Seat 4: brest36 ($2.31 in chips) 
Seat 5: private k9 ($1.13 in chips) 
Seat 6: klaus37 ($2.07 in chips) 
Seat 7: Luigipok87 ($1.71 in chips) 
Seat 8: Dorex2007 ($2.61 in chips) 
Dorex2007: posts small blind $0.01
dOOzyyzOOd: posts big blind $0.02
*** HOLE CARDS ***
Dealt to Dorex2007 [Jd Ks]
maiole: folds 
Asparrowhawk: calls $0.02
brest36: folds 
private k9: folds 
klaus37: calls $0.02
Luigipok87: raises $0.04 to $0.06
Dorex2007: folds 
dOOzyyzOOd: folds 
Asparrowhawk: folds 
klaus37: calls $0.04
*** FLOP *** [Qc 4c 2s]
klaus37: checks 
Luigipok87: checks 
*** TURN *** [Qc 4c 2s] [Qd]
klaus37: checks 
Luigipok87: bets $0.08
klaus37: calls $0.08
*** RIVER *** [Qc 4c 2s Qd] [7s]
klaus37: checks 
Luigipok87: checks 
*** SHOW DOWN ***
klaus37: shows [Ac 6c] (a pair of Queens)
Luigipok87: shows [Kh Ad] (a pair of Queens - Ace+King kicker)
Luigipok87 collected $0.32 from pot
*** SUMMARY ***
Total pot $0.33 | Rake $0.01 
Board [Qc 4c 2s Qd 7s]
Seat 1: dOOzyyzOOd (big blind) folded before Flop
Seat 2: maiole folded before Flop (didn't bet)
Seat 3: Asparrowhawk folded before Flop
Seat 4: brest36 folded before Flop (didn't bet)
Seat 5: private k9 folded before Flop (didn't bet)
Seat 6: klaus37 showed [Ac 6c] and lost with a pair of Queens
Seat 7: Luigipok87 (button) showed [Kh Ad] and won ($0.32) with a pair of Queens
Seat 8: Dorex2007 (small blind) folded before Flop



PokerStars Hand #232550412385:  Hold'em No Limit ($0.01/$0.02 USD) - 2021/12/26 13:48:41 PT [2021/12/26 16:48:41 ET]
Table 'Pirola IV' 9-max Seat #8 is the button
Seat 1: dOOzyyzOOd ($0.89 in chips) 
Seat 2: maiole ($1.97 in chips) 
Seat 3: Asparrowhawk ($2.15 in chips) 
Seat 4: brest36 ($2.31 in chips) 
Seat 5: private k9 ($1.13 in chips) 
Seat 6: klaus37 ($1.93 in chips) 
Seat 7: Luigipok87 ($1.89 in chips) 
Seat 8: Dorex2007 ($2.60 in chips) 
dOOzyyzOOd: posts small blind $0.01
maiole: posts big blind $0.02
*** HOLE CARDS ***
Dealt to Dorex2007 [3s 8c]
Asparrowhawk: calls $0.02
brest36: raises $0.07 to $0.09
private k9: folds 
klaus37: folds 
Luigipok87: folds 
Dorex2007: folds 
dOOzyyzOOd: folds 
maiole: folds 
Asparrowhawk: folds 
Uncalled bet ($0.07) returned to brest36
brest36 collected $0.07 from pot
*** SUMMARY ***
Total pot $0.07 | Rake $0 
Seat 1: dOOzyyzOOd (small blind) folded before Flop
Seat 2: maiole (big blind) folded before Flop
Seat 3: Asparrowhawk folded before Flop
Seat 4: brest36 collected ($0.07)
Seat 5: private k9 folded before Flop (didn't bet)
Seat 6: klaus37 folded before Flop (didn't bet)
Seat 7: Luigipok87 folded before Flop (didn't bet)
Seat 8: Dorex2007 (button) folded before Flop (didn't bet)



PokerStars Hand #232550432734:  Hold'em No Limit ($0.01/$0.02 USD) - 2021/12/26 13:49:12 PT [2021/12/26 16:49:12 ET]
Table 'Pirola IV' 9-max Seat #1 is the button
Seat 1: dOOzyyzOOd ($0.88 in chips) 
Seat 2: maiole ($1.95 in chips) 
Seat 3: Asparrowhawk ($2.13 in chips) 
Seat 4: brest36 ($2.36 in chips) 
Seat 5: private k9 ($1.13 in chips) 
Seat 6: klaus37 ($1.93 in chips) 
Seat 7: Luigipok87 ($1.89 in chips) 
Seat 8: Dorex2007 ($2.60 in chips) 
maiole: posts small blind $0.01
Asparrowhawk: posts big blind $0.02
*** HOLE CARDS ***
Dealt to Dorex2007 [8h Ts]
brest36: folds 
private k9: folds 
klaus37: folds 
Luigipok87: raises $0.05 to $0.07
Dorex2007: folds 
dOOzyyzOOd: folds 
maiole: folds 
Asparrowhawk: folds 
Uncalled bet ($0.05) returned to Luigipok87
Luigipok87 collected $0.05 from pot
Luigipok87: doesn't show hand 
*** SUMMARY ***
Total pot $0.05 | Rake $0 
Seat 1: dOOzyyzOOd (button) folded before Flop (didn't bet)
Seat 2: maiole (small blind) folded before Flop
Seat 3: Asparrowhawk (big blind) folded before Flop
Seat 4: brest36 folded before Flop (didn't bet)
Seat 5: private k9 folded before Flop (didn't bet)
Seat 6: klaus37 folded before Flop (didn't bet)
Seat 7: Luigipok87 collected ($0.05)
Seat 8: Dorex2007 folded before Flop (didn't bet)



PokerStars Hand #232550445204:  Hold'em No Limit ($0.01/$0.02 USD) - 2021/12/26 13:49:32 PT [2021/12/26 16:49:32 ET]
Table 'Pirola IV' 9-max Seat #2 is the button
Seat 1: dOOzyyzOOd ($0.88 in chips) 
Seat 2: maiole ($1.94 in chips) 
Seat 3: Asparrowhawk ($2.11 in chips) 
Seat 4: brest36 ($2.36 in chips) 
Seat 5: private k9 ($1.13 in chips) 
Seat 6: klaus37 ($1.93 in chips) 
Seat 7: Luigipok87 ($1.92 in chips) 
Seat 8: Dorex2007 ($2.60 in chips) 
Asparrowhawk: posts small blind $0.01
brest36: posts big blind $0.02
*** HOLE CARDS ***
Dealt to Dorex2007 [Ts Qd]
private k9: folds 
klaus37: folds 
Luigipok87: calls $0.02
Dorex2007: folds 
dOOzyyzOOd: folds 
maiole: folds 
Asparrowhawk: calls $0.01
brest36: checks 
*** FLOP *** [Ac Ks Ad]
Asparrowhawk: bets $0.02
brest36: folds 
Luigipok87: folds 
Uncalled bet ($0.02) returned to Asparrowhawk
Asparrowhawk collected $0.06 from pot
*** SUMMARY ***
Total pot $0.06 | Rake $0 
Board [Ac Ks Ad]
Seat 1: dOOzyyzOOd folded before Flop (didn't bet)
Seat 2: maiole (button) folded before Flop (didn't bet)
Seat 3: Asparrowhawk (small blind) collected ($0.06)
Seat 4: brest36 (big blind) folded on the Flop
Seat 5: private k9 folded before Flop (didn't bet)
Seat 6: klaus37 folded before Flop (didn't bet)
Seat 7: Luigipok87 folded on the Flop
Seat 8: Dorex2007 folded before Flop (didn't bet)



PokerStars Hand #232550467891:  Hold'em No Limit ($0.01/$0.02 USD) - 2021/12/26 13:50:08 PT [2021/12/26 16:50:08 ET]
Table 'Pirola IV' 9-max Seat #3 is the button
Seat 1: dOOzyyzOOd ($0.88 in chips) 
Seat 2: maiole ($1.94 in chips) 
Seat 3: Asparrowhawk ($2.15 in chips) 
Seat 4: brest36 ($2.34 in chips) 
Seat 5: private k9 ($1.13 in chips) 
Seat 6: klaus37 ($1.93 in chips) 
Seat 7: Luigipok87 ($1.90 in chips) 
Seat 8: Dorex2007 ($2.60 in chips) 
brest36: posts small blind $0.01
private k9: posts big blind $0.02
*** HOLE CARDS ***
Dealt to Dorex2007 [8c Qh]
klaus37: folds 
Luigipok87: raises $0.02 to $0.04
Dorex2007: folds 
caliente annet leaves the table
dOOzyyzOOd: folds 
maiole: folds 
Asparrowhawk: calls $0.04
brest36: folds 
private k9: calls $0.02
*** FLOP *** [8s 3h 2s]
private k9: checks 
Luigipok87: bets $0.04
Asparrowhawk: calls $0.04
private k9: folds 
*** TURN *** [8s 3h 2s] [7s]
Luigipok87: bets $0.10
Asparrowhawk: raises $0.10 to $0.20
Luigipok87: folds 
Uncalled bet ($0.10) returned to Asparrowhawk
Buuuum11 joins the table at seat #9 
Asparrowhawk collected $0.40 from pot
*** SUMMARY ***
Total pot $0.41 | Rake $0.01 
Board [8s 3h 2s 7s]
Seat 1: dOOzyyzOOd folded before Flop (didn't bet)
Seat 2: maiole folded before Flop (didn't bet)
Seat 3: Asparrowhawk (button) collected ($0.40)
Seat 4: brest36 (small blind) folded before Flop
Seat 5: private k9 (big blind) folded on the Flop
Seat 6: klaus37 folded before Flop (didn't bet)
Seat 7: Luigipok87 folded on the Turn
Seat 8: Dorex2007 folded before Flop (didn't bet)



PokerStars Hand #232550511210:  Hold'em No Limit ($0.01/$0.02 USD) - 2021/12/26 13:51:16 PT [2021/12/26 16:51:16 ET]
Table 'Pirola IV' 9-max Seat #4 is the button
Seat 1: dOOzyyzOOd ($0.88 in chips) 
Seat 2: maiole ($1.94 in chips) 
Seat 3: Asparrowhawk ($2.37 in chips) 
Seat 4: brest36 ($2.33 in chips) 
Seat 5: private k9 ($1.09 in chips) 
Seat 6: klaus37 ($1.93 in chips) 
Seat 7: Luigipok87 ($1.72 in chips) 
Seat 8: Dorex2007 ($2.60 in chips) 
private k9: posts small blind $0.01
klaus37: posts big blind $0.02
Buuuum11: sits out 
*** HOLE CARDS ***
Dealt to Dorex2007 [5h 8c]
Luigipok87: raises $0.02 to $0.04
Dorex2007: folds 
dOOzyyzOOd: folds 
maiole: folds 
Asparrowhawk: calls $0.04
brest36: folds 
private k9: calls $0.03
klaus37: folds 
*** FLOP *** [Kh 2s 5s]
private k9: checks 
Luigipok87: checks 
Asparrowhawk: checks 
*** TURN *** [Kh 2s 5s] [5d]
private k9: checks 
Luigipok87: checks 
Asparrowhawk: bets $0.02
private k9: calls $0.02
Luigipok87: calls $0.02
*** RIVER *** [Kh 2s 5s 5d] [2h]
private k9: bets $0.06
Luigipok87: folds 
Asparrowhawk: folds 
Uncalled bet ($0.06) returned to private k9
private k9 collected $0.19 from pot
private k9: doesn't show hand 
*** SUMMARY ***
Total pot $0.20 | Rake $0.01 
Board [Kh 2s 5s 5d 2h]
Seat 1: dOOzyyzOOd folded before Flop (didn't bet)
Seat 2: maiole folded before Flop (didn't bet)
Seat 3: Asparrowhawk folded on the River
Seat 4: brest36 (button) folded before Flop (didn't bet)
Seat 5: private k9 (small blind) collected ($0.19)
Seat 6: klaus37 (big blind) folded before Flop
Seat 7: Luigipok87 folded on the River
Seat 8: Dorex2007 folded before Flop (didn't bet)



PokerStars Hand #232550565302:  Hold'em No Limit ($0.01/$0.02 USD) - 2021/12/26 13:52:42 PT [2021/12/26 16:52:42 ET]
Table 'Pirola IV' 9-max Seat #5 is the button
Seat 1: dOOzyyzOOd ($0.88 in chips) 
Seat 2: maiole ($1.94 in chips) 
Seat 3: Asparrowhawk ($2.31 in chips) 
Seat 4: brest36 ($2.33 in chips) 
Seat 5: private k9 ($1.22 in chips) 
Seat 6: klaus37 ($1.91 in chips) 
Seat 7: Luigipok87 ($1.66 in chips) 
Seat 8: Dorex2007 ($2.60 in chips) 
Seat 9: Buuuum11 ($1.60 in chips) 
klaus37: posts small blind $0.01
Luigipok87: posts big blind $0.02
Buuuum11: posts big blind $0.02
*** HOLE CARDS ***
Dealt to Dorex2007 [Kh 3d]
Dorex2007: folds 
Buuuum11: checks 
dOOzyyzOOd: folds 
maiole: raises $0.02 to $0.04
Asparrowhawk: folds 
brest36: folds 
private k9: folds 
klaus37: folds 
Luigipok87: calls $0.02
Buuuum11: folds 
*** FLOP *** [3s 2s 5d]
Luigipok87: checks 
maiole: checks 
*** TURN *** [3s 2s 5d] [Tc]
Luigipok87: checks 
maiole: bets $0.11
Luigipok87: folds 
Uncalled bet ($0.11) returned to maiole
maiole collected $0.11 from pot
maiole: doesn't show hand 
*** SUMMARY ***
Total pot $0.11 | Rake $0 
Board [3s 2s 5d Tc]
Seat 1: dOOzyyzOOd folded before Flop (didn't bet)
Seat 2: maiole collected ($0.11)
Seat 3: Asparrowhawk folded before Flop (didn't bet)
Seat 4: brest36 folded before Flop (didn't bet)
Seat 5: private k9 (button) folded before Flop (didn't bet)
Seat 6: klaus37 (small blind) folded before Flop
Seat 7: Luigipok87 (big blind) folded on the Turn
Seat 8: Dorex2007 folded before Flop (didn't bet)
Seat 9: Buuuum11 folded before Flop (didn't bet)



PokerStars Hand #232550586547:  Hold'em No Limit ($0.01/$0.02 USD) - 2021/12/26 13:53:16 PT [2021/12/26 16:53:16 ET]
Table 'Pirola IV' 9-max Seat #6 is the button
Seat 1: dOOzyyzOOd ($0.88 in chips) 
Seat 2: maiole ($2.01 in chips) 
Seat 3: Asparrowhawk ($2.31 in chips) 
Seat 4: brest36 ($2.33 in chips) 
Seat 5: private k9 ($1.22 in chips) 
Seat 6: klaus37 ($1.90 in chips) 
Seat 7: Luigipok87 ($1.62 in chips) 
Seat 8: Dorex2007 ($2.60 in chips) 
Seat 9: Buuuum11 ($1.58 in chips) 
Luigipok87: posts small blind $0.01
Dorex2007: posts big blind $0.02
*** HOLE CARDS ***
Dealt to Dorex2007 [2h Ac]
Buuuum11 has timed out
Buuuum11: folds 
dOOzyyzOOd: folds 
maiole: folds 
Asparrowhawk: folds 
Asparrowhawk leaves the table
Apostol108 joins the table at seat #3 
brest36 has timed out
brest36: folds 
private k9: folds 
klaus37: folds 
Luigipok87: raises $0.02 to $0.04
Dorex2007: folds 
Uncalled bet ($0.02) returned to Luigipok87
Luigipok87 collected $0.04 from pot
Luigipok87: doesn't show hand 
*** SUMMARY ***
Total pot $0.04 | Rake $0 
Seat 1: dOOzyyzOOd folded before Flop (didn't bet)
Seat 2: maiole folded before Flop (didn't bet)
Seat 3: Asparrowhawk folded before Flop (didn't bet)
Seat 4: brest36 folded before Flop (didn't bet)
Seat 5: private k9 folded before Flop (didn't bet)
Seat 6: klaus37 (button) folded before Flop (didn't bet)
Seat 7: Luigipok87 (small blind) collected ($0.04)
Seat 8: Dorex2007 (big blind) folded before Flop
Seat 9: Buuuum11 folded before Flop (didn't bet)



PokerStars Hand #232550606726:  Hold'em No Limit ($0.01/$0.02 USD) - 2021/12/26 13:53:48 PT [2021/12/26 16:53:48 ET]
Table 'Pirola IV' 9-max Seat #7 is the button
Seat 1: dOOzyyzOOd ($0.88 in chips) 
Seat 2: maiole ($2.01 in chips) 
Seat 4: brest36 ($2.33 in chips) 
Seat 5: private k9 ($1.22 in chips) 
Seat 6: klaus37 ($1.90 in chips) 
Seat 7: Luigipok87 ($1.64 in chips) 
Seat 8: Dorex2007 ($2.58 in chips) 
Dorex2007: posts small blind $0.01
dOOzyyzOOd: posts big blind $0.02
Apostol108: sits out 
*** HOLE CARDS ***
Dealt to Dorex2007 [Th Qh]
maiole: folds 
brest36: folds 
private k9: folds 
klaus37: folds 
Luigipok87: folds 
Dorex2007: raises $0.02 to $0.04
dOOzyyzOOd: calls $0.02
*** FLOP *** [4h 3c 7h]
Dorex2007: checks 
dOOzyyzOOd: bets $0.02
Dorex2007: calls $0.02
*** TURN *** [4h 3c 7h] [Ad]
Dorex2007: bets $0.06
dOOzyyzOOd: raises $0.06 to $0.12
Dorex2007: calls $0.06
*** RIVER *** [4h 3c 7h Ad] [5h]
Dorex2007: checks 
dOOzyyzOOd: bets $0.70 and is all-in
Dorex2007: calls $0.70
*** SHOW DOWN ***
dOOzyyzOOd: shows [4d 4c] (three of a kind, Fours)
Dorex2007: shows [Th Qh] (a flush, Queen high)
Dorex2007 collected $1.70 from pot
*** SUMMARY ***
Total pot $1.76 | Rake $0.06 
Board [4h 3c 7h Ad 5h]
Seat 1: dOOzyyzOOd (big blind) showed [4d 4c] and lost with three of a kind, Fours
Seat 2: maiole folded before Flop (didn't bet)
Seat 4: brest36 folded before Flop (didn't bet)
Seat 5: private k9 folded before Flop (didn't bet)
Seat 6: klaus37 folded before Flop (didn't bet)
Seat 7: Luigipok87 (button) folded before Flop (didn't bet)
Seat 8: Dorex2007 (small blind) showed [Th Qh] and won ($1.70) with a flush, Queen high



PokerStars Hand #232550655604:  Hold'em No Limit ($0.01/$0.02 USD) - 2021/12/26 13:55:07 PT [2021/12/26 16:55:07 ET]
Table 'Pirola IV' 9-max Seat #8 is the button
Seat 2: maiole ($2.01 in chips) 
Seat 3: Apostol108 ($2 in chips) 
Seat 4: brest36 ($2.33 in chips) 
Seat 5: private k9 ($1.22 in chips) 
Seat 6: klaus37 ($1.90 in chips) 
Seat 7: Luigipok87 ($1.64 in chips) 
Seat 8: Dorex2007 ($3.40 in chips) 
maiole: posts small blind $0.01
Apostol108: posts big blind $0.02
*** HOLE CARDS ***
Dealt to Dorex2007 [Td 2h]
brest36: folds 
private k9: folds 
klaus37: folds 
Luigipok87: folds 
Dorex2007: folds 
maiole: calls $0.01
Apostol108: checks 
*** FLOP *** [2d 2c 7d]
maiole: checks 
Apostol108: bets $0.02
maiole: folds 
Uncalled bet ($0.02) returned to Apostol108
Apostol108 collected $0.04 from pot
Apostol108: doesn't show hand 
*** SUMMARY ***
Total pot $0.04 | Rake $0 
Board [2d 2c 7d]
Seat 2: maiole (small blind) folded on the Flop
Seat 3: Apostol108 (big blind) collected ($0.04)
Seat 4: brest36 folded before Flop (didn't bet)
Seat 5: private k9 folded before Flop (didn't bet)
Seat 6: klaus37 folded before Flop (didn't bet)
Seat 7: Luigipok87 folded before Flop (didn't bet)
Seat 8: Dorex2007 (button) folded before Flop (didn't bet)



PokerStars Hand #232550678951:  Hold'em No Limit ($0.01/$0.02 USD) - 2021/12/26 13:55:43 PT [2021/12/26 16:55:43 ET]
Table 'Pirola IV' 9-max Seat #2 is the button
Seat 1: dOOzyyzOOd ($0.80 in chips) 
Seat 2: maiole ($1.99 in chips) 
Seat 3: Apostol108 ($2.02 in chips) 
Seat 4: brest36 ($2.33 in chips) 
Seat 5: private k9 ($1.22 in chips) 
Seat 6: klaus37 ($1.90 in chips) 
Seat 7: Luigipok87 ($1.64 in chips) 
Seat 8: Dorex2007 ($3.40 in chips) 
Seat 9: Buuuum11 ($1.58 in chips) 
Apostol108: posts small blind $0.01
brest36: posts big blind $0.02
Buuuum11: posts small & big blinds $0.03
dOOzyyzOOd: posts small blind $0.01
*** HOLE CARDS ***
Dealt to Dorex2007 [5h 6s]
private k9: folds 
klaus37: calls $0.02
Luigipok87: calls $0.02
Dorex2007: folds 
Buuuum11: checks 
dOOzyyzOOd: folds 
maiole: folds 
Apostol108: calls $0.01
brest36: checks 
*** FLOP *** [3c 7d Jh]
Apostol108: checks 
brest36: bets $0.06
klaus37: folds 
Luigipok87: folds 
Buuuum11: folds 
Apostol108: folds 
Uncalled bet ($0.06) returned to brest36
brest36 collected $0.12 from pot
*** SUMMARY ***
Total pot $0.12 | Rake $0 
Board [3c 7d Jh]
Seat 1: dOOzyyzOOd folded before Flop (didn't bet)
Seat 2: maiole (button) folded before Flop (didn't bet)
Seat 3: Apostol108 (small blind) folded on the Flop
Seat 4: brest36 (big blind) collected ($0.12)
Seat 5: private k9 folded before Flop (didn't bet)
Seat 6: klaus37 folded on the Flop
Seat 7: Luigipok87 folded on the Flop
Seat 8: Dorex2007 folded before Flop (didn't bet)
Seat 9: Buuuum11 folded on the Flop (didn't bet)



PokerStars Hand #232550699747:  Hold'em No Limit ($0.01/$0.02 USD) - 2021/12/26 13:56:34 PT [2021/12/26 16:56:34 ET]
Table 'Pirola IV' 9-max Seat #3 is the button
Seat 1: dOOzyyzOOd ($0.79 in chips) 
Seat 2: maiole ($1.99 in chips) 
Seat 3: Apostol108 ($2 in chips) 
Seat 4: brest36 ($2.43 in chips) 
Seat 5: private k9 ($1.22 in chips) 
Seat 6: klaus37 ($1.88 in chips) 
Seat 7: Luigipok87 ($1.62 in chips) 
Seat 8: Dorex2007 ($3.40 in chips) 
Seat 9: Buuuum11 ($1.55 in chips) 
brest36: posts small blind $0.01
private k9: posts big blind $0.02
*** HOLE CARDS ***
Dealt to Dorex2007 [8d 2s]
klaus37: calls $0.02
Luigipok87: calls $0.02
Dorex2007: folds 
Buuuum11: folds 
dOOzyyzOOd: calls $0.02
maiole: folds 
Apostol108: folds 
brest36: calls $0.01
private k9: checks 
*** FLOP *** [6c 7c 8s]
brest36: checks 
private k9: bets $0.03
klaus37: folds 
Luigipok87: folds 
dOOzyyzOOd: folds 
brest36: calls $0.03
*** TURN *** [6c 7c 8s] [Ac]
brest36: checks 
private k9: checks 
*** RIVER *** [6c 7c 8s Ac] [Qc]
brest36: checks 
private k9: checks 
*** SHOW DOWN ***
brest36: shows [Jh Td] (high card Ace)
private k9: shows [7s 3d] (a pair of Sevens)
private k9 collected $0.15 from pot
*** SUMMARY ***
Total pot $0.16 | Rake $0.01 
Board [6c 7c 8s Ac Qc]
Seat 1: dOOzyyzOOd folded on the Flop
Seat 2: maiole folded before Flop (didn't bet)
Seat 3: Apostol108 (button) folded before Flop (didn't bet)
Seat 4: brest36 (small blind) showed [Jh Td] and lost with high card Ace
Seat 5: private k9 (big blind) showed [7s 3d] and won ($0.15) with a pair of Sevens
Seat 6: klaus37 folded on the Flop
Seat 7: Luigipok87 folded on the Flop
Seat 8: Dorex2007 folded before Flop (didn't bet)
Seat 9: Buuuum11 folded before Flop (didn't bet)



PokerStars Hand #232550735767:  Hold'em No Limit ($0.01/$0.02 USD) - 2021/12/26 13:58:03 PT [2021/12/26 16:58:03 ET]
Table 'Pirola IV' 9-max Seat #4 is the button
Seat 1: dOOzyyzOOd ($0.77 in chips) 
Seat 2: maiole ($1.99 in chips) 
Seat 3: Apostol108 ($2 in chips) 
Seat 4: brest36 ($2.38 in chips) 
Seat 5: private k9 ($1.32 in chips) 
Seat 6: klaus37 ($1.86 in chips) 
Seat 7: Luigipok87 ($1.60 in chips) 
Seat 8: Dorex2007 ($3.40 in chips) 
Seat 9: Buuuum11 ($1.55 in chips) 
private k9: posts small blind $0.01
klaus37: posts big blind $0.02
*** HOLE CARDS ***
Dealt to Dorex2007 [3h Ts]
Luigipok87: calls $0.02
Dorex2007: folds 
Buuuum11: folds 
dOOzyyzOOd: folds 
maiole: calls $0.02
Apostol108: calls $0.02
brest36: folds 
private k9: raises $0.08 to $0.10
klaus37: folds 
Luigipok87: folds 
maiole: folds 
Apostol108: calls $0.08
*** FLOP *** [Ah Kd 2c]
private k9: checks 
Apostol108: checks 
*** TURN *** [Ah Kd 2c] [3s]
private k9: bets $0.04
Apostol108: folds 
Uncalled bet ($0.04) returned to private k9
private k9 collected $0.25 from pot
private k9: doesn't show hand 
*** SUMMARY ***
Total pot $0.26 | Rake $0.01 
Board [Ah Kd 2c 3s]
Seat 1: dOOzyyzOOd folded before Flop (didn't bet)
Seat 2: maiole folded before Flop
Seat 3: Apostol108 folded on the Turn
Seat 4: brest36 (button) folded before Flop (didn't bet)
Seat 5: private k9 (small blind) collected ($0.25)
Seat 6: klaus37 (big blind) folded before Flop
Seat 7: Luigipok87 folded before Flop
Seat 8: Dorex2007 folded before Flop (didn't bet)
Seat 9: Buuuum11 folded before Flop (didn't bet)



PokerStars Hand #232550761340:  Hold'em No Limit ($0.01/$0.02 USD) - 2021/12/26 13:59:05 PT [2021/12/26 16:59:05 ET]
Table 'Pirola IV' 9-max Seat #5 is the button
Seat 1: dOOzyyzOOd ($0.77 in chips) 
Seat 2: maiole ($1.97 in chips) 
Seat 3: Apostol108 ($1.90 in chips) 
Seat 4: brest36 ($2.38 in chips) 
Seat 5: private k9 ($1.47 in chips) 
Seat 6: klaus37 ($1.84 in chips) 
Seat 7: Luigipok87 ($1.58 in chips) 
Seat 8: Dorex2007 ($3.40 in chips) 
Seat 9: Buuuum11 ($1.55 in chips) 
klaus37: posts small blind $0.01
Luigipok87: posts big blind $0.02
*** HOLE CARDS ***
Dealt to Dorex2007 [3s Tc]
Dorex2007: folds 
Buuuum11: folds 
dOOzyyzOOd: calls $0.02
maiole: folds 
Apostol108: calls $0.02
brest36: folds 
private k9: folds 
klaus37: calls $0.01
Luigipok87 is disconnected 
Luigipok87 has timed out while disconnected
Luigipok87: checks 
*** FLOP *** [Kh 3h 6s]
klaus37: bets $0.04
Luigipok87: folds 
dOOzyyzOOd: calls $0.04
Apostol108: folds 
*** TURN *** [Kh 3h 6s] [9h]
klaus37: checks 
dOOzyyzOOd: checks 
*** RIVER *** [Kh 3h 6s 9h] [2d]
klaus37: checks 
dOOzyyzOOd: bets $0.71 and is all-in
klaus37: folds [Ks]
Uncalled bet ($0.71) returned to dOOzyyzOOd
dOOzyyzOOd collected $0.15 from pot
dOOzyyzOOd: doesn't show hand 
*** SUMMARY ***
Total pot $0.16 | Rake $0.01 
Board [Kh 3h 6s 9h 2d]
Seat 1: dOOzyyzOOd collected ($0.15)
Seat 2: maiole folded before Flop (didn't bet)
Seat 3: Apostol108 folded on the Flop
Seat 4: brest36 folded before Flop (didn't bet)
Seat 5: private k9 (button) folded before Flop (didn't bet)
Seat 6: klaus37 (small blind) folded on the River
Seat 7: Luigipok87 (big blind) folded on the Flop
Seat 8: Dorex2007 folded before Flop (didn't bet)
Seat 9: Buuuum11 folded before Flop (didn't bet)



PokerStars Hand #232550789176:  Hold'em No Limit ($0.01/$0.02 USD) - 2021/12/26 14:00:13 PT [2021/12/26 17:00:13 ET]
Table 'Pirola IV' 9-max Seat #6 is the button
Seat 1: dOOzyyzOOd ($0.86 in chips) 
Seat 2: maiole ($1.97 in chips) 
Seat 3: Apostol108 ($2 in chips) 
Seat 4: brest36 ($2.38 in chips) 
Seat 5: private k9 ($1.47 in chips) 
Seat 6: klaus37 ($1.78 in chips) 
Seat 7: Luigipok87 ($1.56 in chips) 
Seat 8: Dorex2007 ($3.40 in chips) 
Seat 9: Buuuum11 ($1.55 in chips) 
Luigipok87: posts small blind $0.01
Dorex2007: posts big blind $0.02
*** HOLE CARDS ***
Dealt to Dorex2007 [4c 8h]
Buuuum11: folds 
dOOzyyzOOd: calls $0.02
maiole: folds 
Apostol108: folds 
brest36: folds 
private k9: raises $0.06 to $0.08
klaus37: folds 
Luigipok87: folds 
Dorex2007: folds 
dOOzyyzOOd: calls $0.06
*** FLOP *** [Ad Jd 3s]
dOOzyyzOOd: checks 
private k9: checks 
*** TURN *** [Ad Jd 3s] [Jc]
dOOzyyzOOd: checks 
private k9: bets $0.06
dOOzyyzOOd: raises $0.06 to $0.12
private k9: calls $0.06
*** RIVER *** [Ad Jd 3s Jc] [Ts]
dOOzyyzOOd: checks 
private k9: checks 
*** SHOW DOWN ***
dOOzyyzOOd: shows [5h Jh] (three of a kind, Jacks)
private k9: mucks hand 
dOOzyyzOOd collected $0.41 from pot
*** SUMMARY ***
Total pot $0.43 | Rake $0.02 
Board [Ad Jd 3s Jc Ts]
Seat 1: dOOzyyzOOd showed [5h Jh] and won ($0.41) with three of a kind, Jacks
Seat 2: maiole folded before Flop (didn't bet)
Seat 3: Apostol108 folded before Flop (didn't bet)
Seat 4: brest36 folded before Flop (didn't bet)
Seat 5: private k9 mucked [Kh Ah]
Seat 6: klaus37 (button) folded before Flop (didn't bet)
Seat 7: Luigipok87 (small blind) folded before Flop
Seat 8: Dorex2007 (big blind) folded before Flop
Seat 9: Buuuum11 folded before Flop (didn't bet)



PokerStars Hand #232550821357:  Hold'em No Limit ($0.01/$0.02 USD) - 2021/12/26 14:01:21 PT [2021/12/26 17:01:21 ET]
Table 'Pirola IV' 9-max Seat #7 is the button
Seat 1: dOOzyyzOOd ($1.07 in chips) 
Seat 2: maiole ($1.97 in chips) 
Seat 3: Apostol108 ($2 in chips) 
Seat 4: brest36 ($2.38 in chips) 
Seat 5: private k9 ($1.27 in chips) 
Seat 6: klaus37 ($1.78 in chips) 
Seat 7: Luigipok87 ($1.55 in chips) 
Seat 8: Dorex2007 ($3.38 in chips) 
Seat 9: Buuuum11 ($1.55 in chips) 
Dorex2007: posts small blind $0.01
Buuuum11: posts big blind $0.02
*** HOLE CARDS ***
Dealt to Dorex2007 [5c Td]
dOOzyyzOOd: folds 
maiole: folds 
Apostol108: folds 
brest36: folds 
private k9: folds 
klaus37: folds 
Luigipok87: calls $0.02
Dorex2007: folds 
Buuuum11: raises $0.02 to $0.04
Luigipok87: calls $0.02
*** FLOP *** [Ac 6h Tc]
Buuuum11: bets $0.09
Luigipok87: folds 
Uncalled bet ($0.09) returned to Buuuum11
Buuuum11 collected $0.09 from pot
Buuuum11: doesn't show hand 
*** SUMMARY ***
Total pot $0.09 | Rake $0 
Board [Ac 6h Tc]
Seat 1: dOOzyyzOOd folded before Flop (didn't bet)
Seat 2: maiole folded before Flop (didn't bet)
Seat 3: Apostol108 folded before Flop (didn't bet)
Seat 4: brest36 folded before Flop (didn't bet)
Seat 5: private k9 folded before Flop (didn't bet)
Seat 6: klaus37 folded before Flop (didn't bet)
Seat 7: Luigipok87 (button) folded on the Flop
Seat 8: Dorex2007 (small blind) folded before Flop
Seat 9: Buuuum11 (big blind) collected ($0.09)



PokerStars Hand #232550838460:  Hold'em No Limit ($0.01/$0.02 USD) - 2021/12/26 14:01:52 PT [2021/12/26 17:01:52 ET]
Table 'Pirola IV' 9-max Seat #8 is the button
Seat 1: dOOzyyzOOd ($1.07 in chips) 
Seat 2: maiole ($1.97 in chips) 
Seat 3: Apostol108 ($2 in chips) 
Seat 4: brest36 ($2.38 in chips) 
Seat 5: private k9 ($1.27 in chips) 
Seat 6: klaus37 ($1.78 in chips) 
Seat 7: Luigipok87 ($1.51 in chips) 
Seat 8: Dorex2007 ($3.37 in chips) 
Seat 9: Buuuum11 ($1.60 in chips) 
Buuuum11: posts small blind $0.01
dOOzyyzOOd: posts big blind $0.02
*** HOLE CARDS ***
Dealt to Dorex2007 [2s Td]
maiole: folds 
Apostol108: raises $0.04 to $0.06
brest36: folds 
private k9: raises $0.04 to $0.10
klaus37: folds 
Luigipok87: calls $0.10
Dorex2007: folds 
Buuuum11: folds 
dOOzyyzOOd: calls $0.08
Apostol108: raises $1.90 to $2 and is all-in
private k9: folds 
Luigipok87: folds 
dOOzyyzOOd: folds 
Uncalled bet ($1.90) returned to Apostol108
Apostol108 collected $0.41 from pot
Apostol108: doesn't show hand 
*** SUMMARY ***
Total pot $0.41 | Rake $0 
Seat 1: dOOzyyzOOd (big blind) folded before Flop
Seat 2: maiole folded before Flop (didn't bet)
Seat 3: Apostol108 collected ($0.41)
Seat 4: brest36 folded before Flop (didn't bet)
Seat 5: private k9 folded before Flop
Seat 6: klaus37 folded before Flop (didn't bet)
Seat 7: Luigipok87 folded before Flop
Seat 8: Dorex2007 (button) folded before Flop (didn't bet)
Seat 9: Buuuum11 (small blind) folded before Flop



PokerStars Hand #232550867187:  Hold'em No Limit ($0.01/$0.02 USD) - 2021/12/26 14:02:41 PT [2021/12/26 17:02:41 ET]
Table 'Pirola IV' 9-max Seat #9 is the button
Seat 1: dOOzyyzOOd ($0.97 in chips) 
Seat 2: maiole ($1.97 in chips) 
Seat 3: Apostol108 ($2.31 in chips) 
Seat 4: brest36 ($2.38 in chips) 
Seat 5: private k9 ($1.17 in chips) 
Seat 7: Luigipok87 ($1.41 in chips) 
Seat 8: Dorex2007 ($3.37 in chips) 
Seat 9: Buuuum11 ($1.59 in chips) 
dOOzyyzOOd: posts small blind $0.01
maiole: posts big blind $0.02
*** HOLE CARDS ***
Dealt to Dorex2007 [Td 6h]
Apostol108: folds 
klaus37 leaves the table
brest36: folds 
private k9: calls $0.02
Luigipok87: raises $0.07 to $0.09
Dorex2007: folds 
Buuuum11: folds 
dOOzyyzOOd: folds 
maiole: folds 
private k9: folds 
Uncalled bet ($0.07) returned to Luigipok87
Luigipok87 collected $0.07 from pot
Luigipok87: doesn't show hand 
*** SUMMARY ***
Total pot $0.07 | Rake $0 
Seat 1: dOOzyyzOOd (small blind) folded before Flop
Seat 2: maiole (big blind) folded before Flop
Seat 3: Apostol108 folded before Flop (didn't bet)
Seat 4: brest36 folded before Flop (didn't bet)
Seat 5: private k9 folded before Flop
Seat 7: Luigipok87 collected ($0.07)
Seat 8: Dorex2007 folded before Flop (didn't bet)
Seat 9: Buuuum11 (button) folded before Flop (didn't bet)



PokerStars Hand #232550884781:  Hold'em No Limit ($0.01/$0.02 USD) - 2021/12/26 14:03:08 PT [2021/12/26 17:03:08 ET]
Table 'Pirola IV' 9-max Seat #1 is the button
Seat 1: dOOzyyzOOd ($0.96 in chips) 
Seat 2: maiole ($1.95 in chips) 
Seat 3: Apostol108 ($2.31 in chips) 
Seat 4: brest36 ($2.38 in chips) 
Seat 5: private k9 ($1.15 in chips) 
Seat 7: Luigipok87 ($1.46 in chips) 
Seat 8: Dorex2007 ($3.37 in chips) 
Seat 9: Buuuum11 ($1.59 in chips) 
maiole: posts small blind $0.01
Apostol108: posts big blind $0.02
*** HOLE CARDS ***
Dealt to Dorex2007 [5d 5s]
brest36: folds 
private k9: raises $0.02 to $0.04
Luigipok87: folds 
Dorex2007: calls $0.04
Buuuum11: folds 
dOOzyyzOOd: folds 
maiole: folds 
Apostol108: calls $0.02
*** FLOP *** [8d Qs Js]
Apostol108: checks 
private k9: bets $0.08
Dorex2007: folds 
Apostol108: folds 
Uncalled bet ($0.08) returned to private k9
private k9 collected $0.13 from pot
private k9: doesn't show hand 
*** SUMMARY ***
Total pot $0.13 | Rake $0 
Board [8d Qs Js]
Seat 1: dOOzyyzOOd (button) folded before Flop (didn't bet)
Seat 2: maiole (small blind) folded before Flop
Seat 3: Apostol108 (big blind) folded on the Flop
Seat 4: brest36 folded before Flop (didn't bet)
Seat 5: private k9 collected ($0.13)
Seat 7: Luigipok87 folded before Flop (didn't bet)
Seat 8: Dorex2007 folded on the Flop
Seat 9: Buuuum11 folded before Flop (didn't bet)



PokerStars Hand #232550912499:  Hold'em No Limit ($0.01/$0.02 USD) - 2021/12/26 14:03:46 PT [2021/12/26 17:03:46 ET]
Table 'Pirola IV' 9-max Seat #2 is the button
Seat 1: dOOzyyzOOd ($0.96 in chips) 
Seat 2: maiole ($1.94 in chips) 
Seat 3: Apostol108 ($2.27 in chips) 
Seat 4: brest36 ($2.38 in chips) 
Seat 5: private k9 ($1.24 in chips) 
Seat 7: Luigipok87 ($1.46 in chips) 
Seat 8: Dorex2007 ($3.33 in chips) 
Seat 9: Buuuum11 ($1.59 in chips) 
Apostol108: posts small blind $0.01
brest36: posts big blind $0.02
*** HOLE CARDS ***
Dealt to Dorex2007 [9s Qh]
private k9: raises $0.08 to $0.10
Luigipok87: folds 
Dorex2007: folds 
Buuuum11: folds 
dOOzyyzOOd: folds 
maiole: folds 
Apostol108: folds 
brest36: folds 
Uncalled bet ($0.08) returned to private k9
private k9 collected $0.05 from pot
*** SUMMARY ***
Total pot $0.05 | Rake $0 
Seat 1: dOOzyyzOOd folded before Flop (didn't bet)
Seat 2: maiole (button) folded before Flop (didn't bet)
Seat 3: Apostol108 (small blind) folded before Flop
Seat 4: brest36 (big blind) folded before Flop
Seat 5: private k9 collected ($0.05)
Seat 7: Luigipok87 folded before Flop (didn't bet)
Seat 8: Dorex2007 folded before Flop (didn't bet)
Seat 9: Buuuum11 folded before Flop (didn't bet)



PokerStars Hand #232550924501:  Hold'em No Limit ($0.01/$0.02 USD) - 2021/12/26 14:04:06 PT [2021/12/26 17:04:06 ET]
Table 'Pirola IV' 9-max Seat #3 is the button
Seat 1: dOOzyyzOOd ($0.96 in chips) 
Seat 2: maiole ($1.94 in chips) 
Seat 3: Apostol108 ($2.26 in chips) 
Seat 4: brest36 ($2.36 in chips) 
Seat 5: private k9 ($1.27 in chips) 
Seat 7: Luigipok87 ($1.46 in chips) 
Seat 8: Dorex2007 ($3.33 in chips) 
Seat 9: Buuuum11 ($1.59 in chips) 
brest36: posts small blind $0.01
private k9: posts big blind $0.02
*** HOLE CARDS ***
Dealt to Dorex2007 [2h 5h]
Luigipok87: folds 
Dorex2007: folds 
Buuuum11: folds 
dOOzyyzOOd: calls $0.02
maiole: folds 
Apostol108: folds 
brest36: folds 
private k9: checks 
*** FLOP *** [Ts Ad 9c]
private k9: checks 
dOOzyyzOOd: bets $0.04
private k9: folds 
Uncalled bet ($0.04) returned to dOOzyyzOOd
dOOzyyzOOd collected $0.05 from pot
dOOzyyzOOd: doesn't show hand 
*** SUMMARY ***
Total pot $0.05 | Rake $0 
Board [Ts Ad 9c]
Seat 1: dOOzyyzOOd collected ($0.05)
Seat 2: maiole folded before Flop (didn't bet)
Seat 3: Apostol108 (button) folded before Flop (didn't bet)
Seat 4: brest36 (small blind) folded before Flop
Seat 5: private k9 (big blind) folded on the Flop
Seat 7: Luigipok87 folded before Flop (didn't bet)
Seat 8: Dorex2007 folded before Flop (didn't bet)
Seat 9: Buuuum11 folded before Flop (didn't bet)



PokerStars Hand #232550947048:  Hold'em No Limit ($0.01/$0.02 USD) - 2021/12/26 14:04:41 PT [2021/12/26 17:04:41 ET]
Table 'Pirola IV' 9-max Seat #4 is the button
Seat 1: dOOzyyzOOd ($0.99 in chips) 
Seat 2: maiole ($1.94 in chips) 
Seat 3: Apostol108 ($2.26 in chips) 
Seat 4: brest36 ($2.35 in chips) 
Seat 5: private k9 ($1.25 in chips) 
Seat 7: Luigipok87 ($1.46 in chips) 
Seat 8: Dorex2007 ($3.33 in chips) 
Seat 9: Buuuum11 ($1.59 in chips) 
private k9: posts small blind $0.01
Luigipok87: posts big blind $0.02
*** HOLE CARDS ***
Dealt to Dorex2007 [Jh 3c]
Dorex2007: folds 
Buuuum11: raises $0.02 to $0.04
dOOzyyzOOd: folds 
maiole: folds 
Apostol108: folds 
brest36: calls $0.04
private k9: calls $0.03
Luigipok87: calls $0.02
*** FLOP *** [4h 8h 3h]
private k9: checks 
Luigipok87: checks 
Buuuum11: checks 
brest36: bets $0.08
private k9: folds 
Luigipok87: folds 
Buuuum11: folds 
Uncalled bet ($0.08) returned to brest36
brest36 collected $0.15 from pot
*** SUMMARY ***
Total pot $0.16 | Rake $0.01 
Board [4h 8h 3h]
Seat 1: dOOzyyzOOd folded before Flop (didn't bet)
Seat 2: maiole folded before Flop (didn't bet)
Seat 3: Apostol108 folded before Flop (didn't bet)
Seat 4: brest36 (button) collected ($0.15)
Seat 5: private k9 (small blind) folded on the Flop
Seat 7: Luigipok87 (big blind) folded on the Flop
Seat 8: Dorex2007 folded before Flop (didn't bet)
Seat 9: Buuuum11 folded on the Flop



