PokerStars Hand #223874594354:  Hold'em No Limit ($0.01/$0.02 USD) - 2021/02/16 3:42:55 PT [2021/02/16 6:42:55 ET]
Table 'Felicia V' 9-max Seat #1 is the button
Seat 1: Kramovich ($1.43 in chips) 
Seat 2: spiderjeff ($2.27 in chips) 
Seat 4: surfer159951 ($0.26 in chips) 
Seat 5: Dorex2007 ($1.50 in chips) 
Seat 6: HaagseHarr64 ($1.95 in chips) 
Seat 7: GaliRah ($2.11 in chips) 
Seat 9: koka754 ($2.04 in chips) 
spiderjeff: posts small blind $0.01
surfer159951: posts big blind $0.02
Dorex2007: posts big blind $0.02
*** HOLE CARDS ***
Dealt to Dorex2007 [Ks 7s]
Dorex2007: checks 
HaagseHarr64: folds 
GaliRah: folds 
koka754: raises $0.06 to $0.08
Kramovich: folds 
spiderjeff: folds 
surfer159951 said, "man everytime x)"
surfer159951: raises $0.18 to $0.26 and is all-in
Dorex2007: folds 
koka754: folds 
Uncalled bet ($0.18) returned to surfer159951
surfer159951 collected $0.19 from pot
*** SUMMARY ***
Total pot $0.19 | Rake $0 
Seat 1: Kramovich (button) folded before Flop (didn't bet)
Seat 2: spiderjeff (small blind) folded before Flop
Seat 4: surfer159951 (big blind) collected ($0.19)
Seat 5: Dorex2007 folded before Flop (didn't bet)
Seat 6: HaagseHarr64 folded before Flop (didn't bet)
Seat 7: GaliRah folded before Flop (didn't bet)
Seat 9: koka754 folded before Flop



PokerStars Hand #223874606084:  Hold'em No Limit ($0.01/$0.02 USD) - 2021/02/16 3:43:32 PT [2021/02/16 6:43:32 ET]
Table 'Felicia V' 9-max Seat #2 is the button
Seat 1: Kramovich ($1.43 in chips) 
Seat 2: spiderjeff ($2.26 in chips) 
Seat 4: surfer159951 ($0.37 in chips) 
Seat 5: Dorex2007 ($1.48 in chips) 
Seat 6: HaagseHarr64 ($1.95 in chips) 
Seat 7: GaliRah ($2.11 in chips) 
Seat 9: koka754 ($2 in chips) 
surfer159951: posts small blind $0.01
Dorex2007: posts big blind $0.02
*** HOLE CARDS ***
Dealt to Dorex2007 [9c 5s]
HaagseHarr64: folds 
GaliRah: folds 
koka754: folds 
Kramovich: folds 
spiderjeff: calls $0.02
surfer159951: calls $0.01
Dorex2007: checks 
*** FLOP *** [Qs Kd 4s]
surfer159951: bets $0.02
Dorex2007: folds 
spiderjeff: raises $0.02 to $0.04
spiderjeff said, "Alain"
surfer159951: calls $0.02
*** TURN *** [Qs Kd 4s] [Ac]
spiderjeff said, "Again "
surfer159951: checks 
spiderjeff: checks 
*** RIVER *** [Qs Kd 4s Ac] [Th]
surfer159951: bets $0.06
spiderjeff: calls $0.06
*** SHOW DOWN ***
surfer159951: shows [6s 6d] (a pair of Sixes)
spiderjeff: shows [Kc 8h] (a pair of Kings)
spiderjeff collected $0.25 from pot
*** SUMMARY ***
Total pot $0.26 | Rake $0.01 
Board [Qs Kd 4s Ac Th]
Seat 1: Kramovich folded before Flop (didn't bet)
Seat 2: spiderjeff (button) showed [Kc 8h] and won ($0.25) with a pair of Kings
Seat 4: surfer159951 (small blind) showed [6s 6d] and lost with a pair of Sixes
Seat 5: Dorex2007 (big blind) folded on the Flop
Seat 6: HaagseHarr64 folded before Flop (didn't bet)
Seat 7: GaliRah folded before Flop (didn't bet)
Seat 9: koka754 folded before Flop (didn't bet)



PokerStars Hand #223874626764:  Hold'em No Limit ($0.01/$0.02 USD) - 2021/02/16 3:44:36 PT [2021/02/16 6:44:36 ET]
Table 'Felicia V' 9-max Seat #4 is the button
Seat 1: Kramovich ($1.43 in chips) 
Seat 2: spiderjeff ($2.39 in chips) 
Seat 4: surfer159951 ($0.25 in chips) 
Seat 5: Dorex2007 ($1.46 in chips) 
Seat 6: HaagseHarr64 ($1.95 in chips) 
Seat 7: GaliRah ($2.11 in chips) 
Seat 9: koka754 ($2 in chips) 
Dorex2007: posts small blind $0.01
HaagseHarr64: posts big blind $0.02
WG8978: sits out 
*** HOLE CARDS ***
Dealt to Dorex2007 [9d 6h]
surfer159951 said, "^^"
GaliRah: folds 
koka754: folds 
Kramovich: folds 
spiderjeff: folds 
surfer159951: folds 
spiderjeff said, "Lol"
Dorex2007: folds 
Uncalled bet ($0.01) returned to HaagseHarr64
HaagseHarr64 collected $0.02 from pot
HaagseHarr64: doesn't show hand 
*** SUMMARY ***
Total pot $0.02 | Rake $0 
Seat 1: Kramovich folded before Flop (didn't bet)
Seat 2: spiderjeff folded before Flop (didn't bet)
Seat 4: surfer159951 (button) folded before Flop (didn't bet)
Seat 5: Dorex2007 (small blind) folded before Flop
Seat 6: HaagseHarr64 (big blind) collected ($0.02)
Seat 7: GaliRah folded before Flop (didn't bet)
Seat 9: koka754 folded before Flop (didn't bet)



PokerStars Hand #223874632965:  Hold'em No Limit ($0.01/$0.02 USD) - 2021/02/16 3:44:56 PT [2021/02/16 6:44:56 ET]
Table 'Felicia V' 9-max Seat #5 is the button
Seat 1: Kramovich ($1.43 in chips) 
Seat 2: spiderjeff ($2.39 in chips) 
Seat 4: surfer159951 ($0.25 in chips) 
Seat 5: Dorex2007 ($1.45 in chips) 
Seat 6: HaagseHarr64 ($1.96 in chips) 
Seat 7: GaliRah ($2.11 in chips) 
Seat 9: koka754 ($2 in chips) 
HaagseHarr64: posts small blind $0.01
GaliRah: posts big blind $0.02
WG8978: sits out 
*** HOLE CARDS ***
Dealt to Dorex2007 [5d Jc]
koka754: folds 
Kramovich: folds 
spiderjeff: folds 
surfer159951 has timed out
surfer159951: folds 
Dorex2007: folds 
HaagseHarr64: raises $0.06 to $0.08
GaliRah: folds 
Uncalled bet ($0.06) returned to HaagseHarr64
HaagseHarr64 collected $0.04 from pot
HaagseHarr64: doesn't show hand 
*** SUMMARY ***
Total pot $0.04 | Rake $0 
Seat 1: Kramovich folded before Flop (didn't bet)
Seat 2: spiderjeff folded before Flop (didn't bet)
Seat 4: surfer159951 folded before Flop (didn't bet)
Seat 5: Dorex2007 (button) folded before Flop (didn't bet)
Seat 6: HaagseHarr64 (small blind) collected ($0.04)
Seat 7: GaliRah (big blind) folded before Flop
Seat 9: koka754 folded before Flop (didn't bet)



PokerStars Hand #223874640752:  Hold'em No Limit ($0.01/$0.02 USD) - 2021/02/16 3:45:20 PT [2021/02/16 6:45:20 ET]
Table 'Felicia V' 9-max Seat #6 is the button
Seat 1: Kramovich ($1.43 in chips) 
Seat 2: spiderjeff ($2.39 in chips) 
Seat 4: surfer159951 ($0.25 in chips) 
Seat 5: Dorex2007 ($1.45 in chips) 
Seat 6: HaagseHarr64 ($1.98 in chips) 
Seat 7: GaliRah ($2.09 in chips) 
Seat 9: koka754 ($2 in chips) 
GaliRah: posts small blind $0.01
koka754: posts big blind $0.02
WG8978: sits out 
*** HOLE CARDS ***
Dealt to Dorex2007 [Js 2s]
Kramovich: folds 
spiderjeff: folds 
surfer159951: raises $0.23 to $0.25 and is all-in
Dorex2007: folds 
HaagseHarr64: folds 
GaliRah: folds 
koka754: folds 
Uncalled bet ($0.23) returned to surfer159951
surfer159951 collected $0.05 from pot
*** SUMMARY ***
Total pot $0.05 | Rake $0 
Seat 1: Kramovich folded before Flop (didn't bet)
Seat 2: spiderjeff folded before Flop (didn't bet)
Seat 4: surfer159951 collected ($0.05)
Seat 5: Dorex2007 folded before Flop (didn't bet)
Seat 6: HaagseHarr64 (button) folded before Flop (didn't bet)
Seat 7: GaliRah (small blind) folded before Flop
Seat 9: koka754 (big blind) folded before Flop



PokerStars Hand #223874651547:  Hold'em No Limit ($0.01/$0.02 USD) - 2021/02/16 3:45:54 PT [2021/02/16 6:45:54 ET]
Table 'Felicia V' 9-max Seat #7 is the button
Seat 1: Kramovich ($1.43 in chips) 
Seat 2: spiderjeff ($2.39 in chips) 
Seat 4: surfer159951 ($0.28 in chips) 
Seat 5: Dorex2007 ($1.45 in chips) 
Seat 6: HaagseHarr64 ($1.98 in chips) 
Seat 7: GaliRah ($2.08 in chips) 
Seat 9: koka754 ($2 in chips) 
koka754: posts small blind $0.01
Kramovich: posts big blind $0.02
WG8978: sits out 
*** HOLE CARDS ***
Dealt to Dorex2007 [7d 9s]
spiderjeff: folds 
surfer159951: raises $0.26 to $0.28 and is all-in
Dorex2007: folds 
HaagseHarr64: folds 
GaliRah: folds 
koka754: folds 
Kramovich: folds 
Uncalled bet ($0.26) returned to surfer159951
surfer159951 collected $0.05 from pot
*** SUMMARY ***
Total pot $0.05 | Rake $0 
Seat 1: Kramovich (big blind) folded before Flop
Seat 2: spiderjeff folded before Flop (didn't bet)
Seat 4: surfer159951 collected ($0.05)
Seat 5: Dorex2007 folded before Flop (didn't bet)
Seat 6: HaagseHarr64 folded before Flop (didn't bet)
Seat 7: GaliRah (button) folded before Flop (didn't bet)
Seat 9: koka754 (small blind) folded before Flop



PokerStars Hand #223874661008:  Hold'em No Limit ($0.01/$0.02 USD) - 2021/02/16 3:46:23 PT [2021/02/16 6:46:23 ET]
Table 'Felicia V' 9-max Seat #9 is the button
Seat 1: Kramovich ($1.41 in chips) 
Seat 2: spiderjeff ($2.39 in chips) 
Seat 4: surfer159951 ($0.31 in chips) 
Seat 5: Dorex2007 ($1.45 in chips) 
Seat 6: HaagseHarr64 ($1.98 in chips) 
Seat 7: GaliRah ($2.08 in chips) 
Seat 9: koka754 ($2 in chips) 
Kramovich: posts small blind $0.01
spiderjeff: posts big blind $0.02
WG8978: sits out 
*** HOLE CARDS ***
Dealt to Dorex2007 [Jd 2h]
surfer159951: folds 
Dorex2007: folds 
HaagseHarr64: folds 
GaliRah: folds 
koka754: raises $0.04 to $0.06
Kramovich: folds 
spiderjeff: calls $0.04
*** FLOP *** [3c 4h Ts]
spiderjeff: checks 
koka754: checks 
*** TURN *** [3c 4h Ts] [7h]
spiderjeff: bets $0.13
koka754: calls $0.13
*** RIVER *** [3c 4h Ts 7h] [8c]
spiderjeff: bets $0.38
koka754: folds 
Uncalled bet ($0.38) returned to spiderjeff
spiderjeff collected $0.38 from pot
spiderjeff: doesn't show hand 
*** SUMMARY ***
Total pot $0.39 | Rake $0.01 
Board [3c 4h Ts 7h 8c]
Seat 1: Kramovich (small blind) folded before Flop
Seat 2: spiderjeff (big blind) collected ($0.38)
Seat 4: surfer159951 folded before Flop (didn't bet)
Seat 5: Dorex2007 folded before Flop (didn't bet)
Seat 6: HaagseHarr64 folded before Flop (didn't bet)
Seat 7: GaliRah folded before Flop (didn't bet)
Seat 9: koka754 (button) folded on the River



PokerStars Hand #223874676264:  Hold'em No Limit ($0.01/$0.02 USD) - 2021/02/16 3:47:10 PT [2021/02/16 6:47:10 ET]
Table 'Felicia V' 9-max Seat #1 is the button
Seat 1: Kramovich ($1.40 in chips) 
Seat 2: spiderjeff ($2.58 in chips) 
Seat 3: WG8978 ($2 in chips) 
Seat 4: surfer159951 ($0.31 in chips) 
Seat 5: Dorex2007 ($1.45 in chips) 
Seat 6: HaagseHarr64 ($1.98 in chips) 
Seat 7: GaliRah ($2.08 in chips) 
Seat 9: koka754 ($2 in chips) 
spiderjeff: posts small blind $0.01
WG8978: posts big blind $0.02
*** HOLE CARDS ***
Dealt to Dorex2007 [4c Qc]
surfer159951: raises $0.02 to $0.04
Dorex2007: folds 
HaagseHarr64: folds 
GaliRah: calls $0.04
koka754: raises $0.10 to $0.14
Kramovich: folds 
spiderjeff: folds 
WG8978: folds 
spiderjeff said, "Go surfer Go"
surfer159951: raises $0.17 to $0.31 and is all-in
GaliRah: folds 
koka754: calls $0.17
*** FLOP *** [4h 5d Jh]
*** TURN *** [4h 5d Jh] [As]
*** RIVER *** [4h 5d Jh As] [3d]
*** SHOW DOWN ***
surfer159951: shows [7c 7s] (a pair of Sevens)
koka754: shows [Kd Ac] (a pair of Aces)
koka754 collected $0.67 from pot
*** SUMMARY ***
Total pot $0.69 | Rake $0.02 
Board [4h 5d Jh As 3d]
Seat 1: Kramovich (button) folded before Flop (didn't bet)
Seat 2: spiderjeff (small blind) folded before Flop
Seat 3: WG8978 (big blind) folded before Flop
Seat 4: surfer159951 showed [7c 7s] and lost with a pair of Sevens
Seat 5: Dorex2007 folded before Flop (didn't bet)
Seat 6: HaagseHarr64 folded before Flop (didn't bet)
Seat 7: GaliRah folded before Flop
Seat 9: koka754 showed [Kd Ac] and won ($0.67) with a pair of Aces



PokerStars Hand #223874694845:  Hold'em No Limit ($0.01/$0.02 USD) - 2021/02/16 3:48:08 PT [2021/02/16 6:48:08 ET]
Table 'Felicia V' 9-max Seat #2 is the button
Seat 1: Kramovich ($1.40 in chips) 
Seat 2: spiderjeff ($2.57 in chips) 
Seat 3: WG8978 ($2 in chips) 
Seat 5: Dorex2007 ($1.45 in chips) 
Seat 6: HaagseHarr64 ($1.98 in chips) 
Seat 7: GaliRah ($2.04 in chips) 
Seat 9: koka754 ($2.36 in chips) 
WG8978: posts small blind $0.01
Dorex2007: posts big blind $0.02
s_nami_bog38: sits out 
*** HOLE CARDS ***
Dealt to Dorex2007 [9c Qd]
HaagseHarr64: folds 
surfer159951 said, ":'("
GaliRah: calls $0.02
koka754: folds 
Kramovich: folds 
spiderjeff: folds 
WG8978: folds 
Dorex2007: checks 
*** FLOP *** [Jd 7h 7s]
Dorex2007: checks 
surfer159951 said, "here they come hahahaa"
GaliRah: bets $0.05
Dorex2007: calls $0.05
*** TURN *** [Jd 7h 7s] [Td]
spiderjeff said, "U are not lucky "
Dorex2007: checks 
GaliRah: bets $0.07
Dorex2007: calls $0.07
*** RIVER *** [Jd 7h 7s Td] [7d]
Dorex2007: checks 
GaliRah: bets $0.06
Dorex2007: folds 
Uncalled bet ($0.06) returned to GaliRah
GaliRah collected $0.28 from pot
*** SUMMARY ***
Total pot $0.29 | Rake $0.01 
Board [Jd 7h 7s Td 7d]
Seat 1: Kramovich folded before Flop (didn't bet)
Seat 2: spiderjeff (button) folded before Flop (didn't bet)
Seat 3: WG8978 (small blind) folded before Flop
Seat 5: Dorex2007 (big blind) folded on the River
Seat 6: HaagseHarr64 folded before Flop (didn't bet)
Seat 7: GaliRah collected ($0.28)
Seat 9: koka754 folded before Flop (didn't bet)



PokerStars Hand #223874712555:  Hold'em No Limit ($0.01/$0.02 USD) - 2021/02/16 3:49:03 PT [2021/02/16 6:49:03 ET]
Table 'Felicia V' 9-max Seat #3 is the button
Seat 1: Kramovich ($1.40 in chips) 
Seat 2: spiderjeff ($2.57 in chips) 
Seat 3: WG8978 ($2 in chips) 
Seat 5: Dorex2007 ($1.31 in chips) 
Seat 6: HaagseHarr64 ($1.98 in chips) 
Seat 7: GaliRah ($2.18 in chips) 
Seat 9: koka754 ($2.36 in chips) 
Dorex2007: posts small blind $0.01
HaagseHarr64: posts big blind $0.02
s_nami_bog38: sits out 
*** HOLE CARDS ***
Dealt to Dorex2007 [9s Kh]
GaliRah: folds 
koka754: folds 
Kramovich: folds 
spiderjeff: raises $0.05 to $0.07
WG8978: folds 
Dorex2007: folds 
HaagseHarr64: folds 
Uncalled bet ($0.05) returned to spiderjeff
spiderjeff collected $0.05 from pot
spiderjeff: doesn't show hand 
*** SUMMARY ***
Total pot $0.05 | Rake $0 
Seat 1: Kramovich folded before Flop (didn't bet)
Seat 2: spiderjeff collected ($0.05)
Seat 3: WG8978 (button) folded before Flop (didn't bet)
Seat 5: Dorex2007 (small blind) folded before Flop
Seat 6: HaagseHarr64 (big blind) folded before Flop
Seat 7: GaliRah folded before Flop (didn't bet)
Seat 9: koka754 folded before Flop (didn't bet)



PokerStars Hand #223874721925:  Hold'em No Limit ($0.01/$0.02 USD) - 2021/02/16 3:49:31 PT [2021/02/16 6:49:31 ET]
Table 'Felicia V' 9-max Seat #5 is the button
Seat 1: Kramovich ($1.40 in chips) 
Seat 2: spiderjeff ($2.60 in chips) 
Seat 3: WG8978 ($2 in chips) 
Seat 4: surfer159951 ($2 in chips) 
Seat 5: Dorex2007 ($1.30 in chips) 
Seat 6: HaagseHarr64 ($1.96 in chips) 
Seat 7: GaliRah ($2.18 in chips) 
Seat 9: koka754 ($2.36 in chips) 
HaagseHarr64: posts small blind $0.01
GaliRah: posts big blind $0.02
s_nami_bog38: sits out 
surfer159951: posts small & big blinds $0.03
*** HOLE CARDS ***
Dealt to Dorex2007 [6c 9s]
koka754: raises $0.06 to $0.08
Kramovich: folds 
spiderjeff: folds 
WG8978: folds 
surfer159951: calls $0.06
Dorex2007: folds 
HaagseHarr64: folds 
GaliRah: folds 
*** FLOP *** [2d Jc Kc]
koka754: checks 
surfer159951: bets $0.08
koka754: folds 
Uncalled bet ($0.08) returned to surfer159951
surfer159951 collected $0.19 from pot
*** SUMMARY ***
Total pot $0.20 | Rake $0.01 
Board [2d Jc Kc]
Seat 1: Kramovich folded before Flop (didn't bet)
Seat 2: spiderjeff folded before Flop (didn't bet)
Seat 3: WG8978 folded before Flop (didn't bet)
Seat 4: surfer159951 collected ($0.19)
Seat 5: Dorex2007 (button) folded before Flop (didn't bet)
Seat 6: HaagseHarr64 (small blind) folded before Flop
Seat 7: GaliRah (big blind) folded before Flop
Seat 9: koka754 folded on the Flop



PokerStars Hand #223874733353:  Hold'em No Limit ($0.01/$0.02 USD) - 2021/02/16 3:50:07 PT [2021/02/16 6:50:07 ET]
Table 'Felicia V' 9-max Seat #6 is the button
Seat 1: Kramovich ($1.40 in chips) 
Seat 2: spiderjeff ($2.60 in chips) 
Seat 3: WG8978 ($2 in chips) 
Seat 4: surfer159951 ($2.10 in chips) 
Seat 5: Dorex2007 ($1.30 in chips) 
Seat 6: HaagseHarr64 ($1.95 in chips) 
Seat 7: GaliRah ($2.16 in chips) 
Seat 8: s_nami_bog38 ($1.66 in chips) 
Seat 9: koka754 ($2.28 in chips) 
GaliRah: posts small blind $0.01
s_nami_bog38: posts big blind $0.02
*** HOLE CARDS ***
Dealt to Dorex2007 [5h Qd]
koka754: folds 
Kramovich: folds 
spiderjeff: folds 
WG8978: folds 
surfer159951: calls $0.02
Dorex2007: folds 
HaagseHarr64: raises $0.06 to $0.08
GaliRah: folds 
s_nami_bog38: folds 
surfer159951: calls $0.06
*** FLOP *** [Qh 2s Ah]
surfer159951: checks 
HaagseHarr64: bets $0.08
surfer159951: folds 
Uncalled bet ($0.08) returned to HaagseHarr64
HaagseHarr64 collected $0.18 from pot
HaagseHarr64: doesn't show hand 
*** SUMMARY ***
Total pot $0.19 | Rake $0.01 
Board [Qh 2s Ah]
Seat 1: Kramovich folded before Flop (didn't bet)
Seat 2: spiderjeff folded before Flop (didn't bet)
Seat 3: WG8978 folded before Flop (didn't bet)
Seat 4: surfer159951 folded on the Flop
Seat 5: Dorex2007 folded before Flop (didn't bet)
Seat 6: HaagseHarr64 (button) collected ($0.18)
Seat 7: GaliRah (small blind) folded before Flop
Seat 8: s_nami_bog38 (big blind) folded before Flop
Seat 9: koka754 folded before Flop (didn't bet)



PokerStars Hand #223874753836:  Hold'em No Limit ($0.01/$0.02 USD) - 2021/02/16 3:51:10 PT [2021/02/16 6:51:10 ET]
Table 'Felicia V' 9-max Seat #7 is the button
Seat 1: Kramovich ($1.40 in chips) 
Seat 2: spiderjeff ($2.60 in chips) 
Seat 3: WG8978 ($2 in chips) 
Seat 4: surfer159951 ($2.02 in chips) 
Seat 5: Dorex2007 ($1.30 in chips) 
Seat 6: HaagseHarr64 ($2.05 in chips) 
Seat 7: GaliRah ($2.15 in chips) 
Seat 8: s_nami_bog38 ($1.64 in chips) 
Seat 9: koka754 ($2.28 in chips) 
s_nami_bog38: posts small blind $0.01
koka754: posts big blind $0.02
*** HOLE CARDS ***
Dealt to Dorex2007 [Jd 7d]
Kramovich: folds 
spiderjeff: calls $0.02
WG8978: folds 
surfer159951: calls $0.02
Dorex2007: folds 
HaagseHarr64: folds 
GaliRah: calls $0.02
s_nami_bog38: calls $0.01
koka754: raises $0.12 to $0.14
spiderjeff: calls $0.12
surfer159951: calls $0.12
GaliRah: folds 
s_nami_bog38: folds 
*** FLOP *** [9d 7h Th]
HaagseHarr64 leaves the table
koka754: checks 
spiderjeff: checks 
surfer159951: bets $0.28
koka754: folds 
spiderjeff: calls $0.28
*** TURN *** [9d 7h Th] [3s]
spiderjeff: checks 
WG8978 is disconnected 
surfer159951: checks 
*** RIVER *** [9d 7h Th 3s] [Jc]
spiderjeff: checks 
surfer159951: bets $0.22
zmt48 joins the table at seat #6 
spiderjeff: folds 
Uncalled bet ($0.22) returned to surfer159951
surfer159951 collected $0.98 from pot
*** SUMMARY ***
Total pot $1.02 | Rake $0.04 
Board [9d 7h Th 3s Jc]
Seat 1: Kramovich folded before Flop (didn't bet)
Seat 2: spiderjeff folded on the River
Seat 3: WG8978 folded before Flop (didn't bet)
Seat 4: surfer159951 collected ($0.98)
Seat 5: Dorex2007 folded before Flop (didn't bet)
Seat 6: HaagseHarr64 folded before Flop (didn't bet)
Seat 7: GaliRah (button) folded before Flop
Seat 8: s_nami_bog38 (small blind) folded before Flop
Seat 9: koka754 (big blind) folded on the Flop



PokerStars Hand #223874788746:  Hold'em No Limit ($0.01/$0.02 USD) - 2021/02/16 3:52:58 PT [2021/02/16 6:52:58 ET]
Table 'Felicia V' 9-max Seat #8 is the button
Seat 1: Kramovich ($1.40 in chips) 
Seat 2: spiderjeff ($2.18 in chips) 
Seat 3: WG8978 ($2 in chips) 
Seat 4: surfer159951 ($2.58 in chips) 
Seat 5: Dorex2007 ($1.30 in chips) 
Seat 7: GaliRah ($2.13 in chips) 
Seat 8: s_nami_bog38 ($1.62 in chips) 
Seat 9: koka754 ($2.14 in chips) 
koka754: posts small blind $0.01
Kramovich: posts big blind $0.02
zmt48: sits out 
*** HOLE CARDS ***
Dealt to Dorex2007 [4d 7h]
spiderjeff: folds 
WG8978: folds 
surfer159951: folds 
Dorex2007: folds 
surfer159951 said, "what did you have ?"
GaliRah: folds 
spiderjeff said, "Je te la laisse lol"
s_nami_bog38: folds 
koka754: folds 
Uncalled bet ($0.01) returned to Kramovich
Kramovich collected $0.02 from pot
Kramovich: doesn't show hand 
*** SUMMARY ***
Total pot $0.02 | Rake $0 
Seat 1: Kramovich (big blind) collected ($0.02)
Seat 2: spiderjeff folded before Flop (didn't bet)
Seat 3: WG8978 folded before Flop (didn't bet)
Seat 4: surfer159951 folded before Flop (didn't bet)
Seat 5: Dorex2007 folded before Flop (didn't bet)
Seat 7: GaliRah folded before Flop (didn't bet)
Seat 8: s_nami_bog38 (button) folded before Flop (didn't bet)
Seat 9: koka754 (small blind) folded before Flop



PokerStars Hand #223874794571:  Hold'em No Limit ($0.01/$0.02 USD) - 2021/02/16 3:53:16 PT [2021/02/16 6:53:16 ET]
Table 'Felicia V' 9-max Seat #9 is the button
Seat 1: Kramovich ($1.41 in chips) 
Seat 2: spiderjeff ($2.18 in chips) 
Seat 3: WG8978 ($2 in chips) 
Seat 4: surfer159951 ($2.58 in chips) 
Seat 5: Dorex2007 ($1.30 in chips) 
Seat 7: GaliRah ($2.13 in chips) 
Seat 8: s_nami_bog38 ($1.62 in chips) 
Seat 9: koka754 ($2.13 in chips) 
Kramovich: posts small blind $0.01
spiderjeff: posts big blind $0.02
zmt48: sits out 
*** HOLE CARDS ***
Dealt to Dorex2007 [4s Kd]
surfer159951 said, "ah sympa hahahahha"
WG8978: folds 
surfer159951 said, "au moins une quoi x)"
surfer159951: folds 
Dorex2007: folds 
GaliRah: folds 
s_nami_bog38: calls $0.02
spiderjeff said, "9 and running color "
koka754: raises $0.06 to $0.08
Kramovich: folds 
spiderjeff: folds 
s_nami_bog38: folds 
Uncalled bet ($0.06) returned to koka754
koka754 collected $0.07 from pot
koka754: doesn't show hand 
*** SUMMARY ***
Total pot $0.07 | Rake $0 
Seat 1: Kramovich (small blind) folded before Flop
Seat 2: spiderjeff (big blind) folded before Flop
Seat 3: WG8978 folded before Flop (didn't bet)
Seat 4: surfer159951 folded before Flop (didn't bet)
Seat 5: Dorex2007 folded before Flop (didn't bet)
Seat 7: GaliRah folded before Flop (didn't bet)
Seat 8: s_nami_bog38 folded before Flop
Seat 9: koka754 (button) collected ($0.07)



PokerStars Hand #223874803494:  Hold'em No Limit ($0.01/$0.02 USD) - 2021/02/16 3:53:44 PT [2021/02/16 6:53:44 ET]
Table 'Felicia V' 9-max Seat #1 is the button
Seat 1: Kramovich ($1.40 in chips) 
Seat 2: spiderjeff ($2.16 in chips) 
Seat 3: WG8978 ($2 in chips) 
Seat 4: surfer159951 ($2.58 in chips) 
Seat 5: Dorex2007 ($1.30 in chips) 
Seat 7: GaliRah ($2.13 in chips) 
Seat 8: s_nami_bog38 ($1.60 in chips) 
Seat 9: koka754 ($2.18 in chips) 
spiderjeff: posts small blind $0.01
surfer159951 said, "gg alors :)"
WG8978: posts big blind $0.02
zmt48: sits out 
*** HOLE CARDS ***
Dealt to Dorex2007 [Kc 6h]
surfer159951: folds 
Dorex2007: folds 
GaliRah: calls $0.02
s_nami_bog38: folds 
koka754: raises $0.06 to $0.08
Kramovich: folds 
spiderjeff: folds 
WG8978: folds 
GaliRah: folds 
Uncalled bet ($0.06) returned to koka754
koka754 collected $0.07 from pot
koka754: doesn't show hand 
*** SUMMARY ***
Total pot $0.07 | Rake $0 
Seat 1: Kramovich (button) folded before Flop (didn't bet)
Seat 2: spiderjeff (small blind) folded before Flop
Seat 3: WG8978 (big blind) folded before Flop
Seat 4: surfer159951 folded before Flop (didn't bet)
Seat 5: Dorex2007 folded before Flop (didn't bet)
Seat 7: GaliRah folded before Flop
Seat 8: s_nami_bog38 folded before Flop (didn't bet)
Seat 9: koka754 collected ($0.07)



PokerStars Hand #223895996197:  Hold'em No Limit ($0.01/$0.02 USD) - 2021/02/16 14:44:34 PT [2021/02/16 17:44:34 ET]
Table 'Felicia V' 9-max Seat #9 is the button
Seat 1: GGWPnodef ($2.53 in chips) 
Seat 2: trueJamaican ($3.57 in chips) 
Seat 3: Sergun K. ($2.12 in chips) 
Seat 5: diegovvlencia ($1.25 in chips) 
Seat 6: 0koun ($4.32 in chips) 
Seat 7: Dorex2007 ($1.50 in chips) 
Seat 9: s0mega ($0.43 in chips) 
GGWPnodef: posts small blind $0.01
trueJamaican: posts big blind $0.02
Dorex2007: posts big blind $0.02
*** HOLE CARDS ***
Dealt to Dorex2007 [6h 5c]
Sergun K.: folds 
diegovvlencia: calls $0.02
0koun: calls $0.02
Dorex2007: checks 
s0mega: calls $0.02
GGWPnodef: calls $0.01
trueJamaican: checks 
*** FLOP *** [9c 3s 4d]
GGWPnodef: checks 
trueJamaican: checks 
diegovvlencia: bets $0.06
0koun: folds 
Dorex2007: calls $0.06
s0mega: raises $0.35 to $0.41 and is all-in
GGWPnodef: folds 
trueJamaican: folds 
diegovvlencia: folds 
Dorex2007: folds 
Uncalled bet ($0.35) returned to s0mega
s0mega collected $0.29 from pot
*** SUMMARY ***
Total pot $0.30 | Rake $0.01 
Board [9c 3s 4d]
Seat 1: GGWPnodef (small blind) folded on the Flop
Seat 2: trueJamaican (big blind) folded on the Flop
Seat 3: Sergun K. folded before Flop (didn't bet)
Seat 5: diegovvlencia folded on the Flop
Seat 6: 0koun folded on the Flop
Seat 7: Dorex2007 folded on the Flop
Seat 9: s0mega (button) collected ($0.29)



PokerStars Hand #223896020204:  Hold'em No Limit ($0.01/$0.02 USD) - 2021/02/16 14:45:14 PT [2021/02/16 17:45:14 ET]
Table 'Felicia V' 9-max Seat #1 is the button
Seat 1: GGWPnodef ($2.51 in chips) 
Seat 2: trueJamaican ($3.55 in chips) 
Seat 3: Sergun K. ($2.12 in chips) 
Seat 5: diegovvlencia ($1.17 in chips) 
Seat 6: 0koun ($4.30 in chips) 
Seat 7: Dorex2007 ($1.42 in chips) 
Seat 9: s0mega ($0.64 in chips) 
trueJamaican: posts small blind $0.01
Sergun K.: posts big blind $0.02
*** HOLE CARDS ***
Dealt to Dorex2007 [9d Jc]
diegovvlencia: folds 
0koun: calls $0.02
Dorex2007: folds 
s0mega: folds 
GGWPnodef: folds 
trueJamaican: folds 
Sergun K.: checks 
*** FLOP *** [4c Kd Ts]
Sergun K.: checks 
0koun: checks 
*** TURN *** [4c Kd Ts] [9c]
Sergun K.: checks 
0koun: checks 
*** RIVER *** [4c Kd Ts 9c] [5c]
Sergun K.: checks 
0koun: bets $0.02
Sergun K.: folds 
Uncalled bet ($0.02) returned to 0koun
0koun collected $0.05 from pot
0koun: doesn't show hand 
*** SUMMARY ***
Total pot $0.05 | Rake $0 
Board [4c Kd Ts 9c 5c]
Seat 1: GGWPnodef (button) folded before Flop (didn't bet)
Seat 2: trueJamaican (small blind) folded before Flop
Seat 3: Sergun K. (big blind) folded on the River
Seat 5: diegovvlencia folded before Flop (didn't bet)
Seat 6: 0koun collected ($0.05)
Seat 7: Dorex2007 folded before Flop (didn't bet)
Seat 9: s0mega folded before Flop (didn't bet)



PokerStars Hand #223896041903:  Hold'em No Limit ($0.01/$0.02 USD) - 2021/02/16 14:45:51 PT [2021/02/16 17:45:51 ET]
Table 'Felicia V' 9-max Seat #2 is the button
Seat 1: GGWPnodef ($2.51 in chips) 
Seat 2: trueJamaican ($3.54 in chips) 
Seat 3: Sergun K. ($2.10 in chips) 
Seat 5: diegovvlencia ($1.17 in chips) 
Seat 6: 0koun ($4.33 in chips) 
Seat 7: Dorex2007 ($1.42 in chips) 
Seat 9: s0mega ($0.64 in chips) 
Sergun K.: posts small blind $0.01
diegovvlencia: posts big blind $0.02
*** HOLE CARDS ***
Dealt to Dorex2007 [Kh Ah]
0koun: calls $0.02
Dorex2007: raises $0.02 to $0.04
s0mega: folds 
GGWPnodef: folds 
trueJamaican: folds 
Sergun K.: folds 
diegovvlencia: folds 
0koun: calls $0.02
*** FLOP *** [6d 2c 5s]
0koun: checks 
Dorex2007: checks 
*** TURN *** [6d 2c 5s] [Qd]
0koun: checks 
Dorex2007: checks 
*** RIVER *** [6d 2c 5s Qd] [3d]
0koun: checks 
Dorex2007: checks 
*** SHOW DOWN ***
0koun: shows [3c Jc] (a pair of Threes)
Dorex2007: mucks hand 
0koun collected $0.11 from pot
*** SUMMARY ***
Total pot $0.11 | Rake $0 
Board [6d 2c 5s Qd 3d]
Seat 1: GGWPnodef folded before Flop (didn't bet)
Seat 2: trueJamaican (button) folded before Flop (didn't bet)
Seat 3: Sergun K. (small blind) folded before Flop
Seat 5: diegovvlencia (big blind) folded before Flop
Seat 6: 0koun showed [3c Jc] and won ($0.11) with a pair of Threes
Seat 7: Dorex2007 mucked [Kh Ah]
Seat 9: s0mega folded before Flop (didn't bet)



PokerStars Hand #223896066143:  Hold'em No Limit ($0.01/$0.02 USD) - 2021/02/16 14:46:32 PT [2021/02/16 17:46:32 ET]
Table 'Felicia V' 9-max Seat #3 is the button
Seat 1: GGWPnodef ($2.51 in chips) 
Seat 2: trueJamaican ($3.54 in chips) 
Seat 3: Sergun K. ($2.09 in chips) 
Seat 5: diegovvlencia ($1.15 in chips) 
Seat 6: 0koun ($4.40 in chips) 
Seat 7: Dorex2007 ($1.38 in chips) 
Seat 9: s0mega ($0.64 in chips) 
diegovvlencia: posts small blind $0.01
0koun: posts big blind $0.02
*** HOLE CARDS ***
Dealt to Dorex2007 [5d 3d]
Dorex2007: folds 
s0mega: folds 
GGWPnodef: folds 
trueJamaican: folds 
Sergun K.: raises $0.02 to $0.04
diegovvlencia: folds 
0koun: calls $0.02
*** FLOP *** [Qh 8h 9s]
0koun: checks 
Sergun K.: checks 
*** TURN *** [Qh 8h 9s] [2h]
0koun: bets $0.02
Sergun K.: folds 
Uncalled bet ($0.02) returned to 0koun
0koun collected $0.09 from pot
0koun: doesn't show hand 
*** SUMMARY ***
Total pot $0.09 | Rake $0 
Board [Qh 8h 9s 2h]
Seat 1: GGWPnodef folded before Flop (didn't bet)
Seat 2: trueJamaican folded before Flop (didn't bet)
Seat 3: Sergun K. (button) folded on the Turn
Seat 5: diegovvlencia (small blind) folded before Flop
Seat 6: 0koun (big blind) collected ($0.09)
Seat 7: Dorex2007 folded before Flop (didn't bet)
Seat 9: s0mega folded before Flop (didn't bet)



PokerStars Hand #223896087337:  Hold'em No Limit ($0.01/$0.02 USD) - 2021/02/16 14:47:08 PT [2021/02/16 17:47:08 ET]
Table 'Felicia V' 9-max Seat #5 is the button
Seat 1: GGWPnodef ($2.51 in chips) 
Seat 2: trueJamaican ($3.54 in chips) 
Seat 3: Sergun K. ($2.05 in chips) 
Seat 5: diegovvlencia ($1.14 in chips) 
Seat 6: 0koun ($4.45 in chips) 
Seat 7: Dorex2007 ($1.38 in chips) 
Seat 9: s0mega ($0.64 in chips) 
0koun: posts small blind $0.01
Dorex2007: posts big blind $0.02
*** HOLE CARDS ***
Dealt to Dorex2007 [3h As]
s0mega: folds 
GGWPnodef: folds 
trueJamaican: folds 
Sergun K.: folds 
diegovvlencia: calls $0.02
0koun: calls $0.01
Dorex2007: checks 
*** FLOP *** [4d Jc 4h]
0koun: checks 
Dorex2007: checks 
diegovvlencia: checks 
*** TURN *** [4d Jc 4h] [Qc]
0koun: checks 
Dorex2007: checks 
diegovvlencia: checks 
*** RIVER *** [4d Jc 4h Qc] [7s]
0koun: bets $0.06
Dorex2007: folds 
diegovvlencia: folds 
Uncalled bet ($0.06) returned to 0koun
0koun collected $0.06 from pot
0koun: doesn't show hand 
*** SUMMARY ***
Total pot $0.06 | Rake $0 
Board [4d Jc 4h Qc 7s]
Seat 1: GGWPnodef folded before Flop (didn't bet)
Seat 2: trueJamaican folded before Flop (didn't bet)
Seat 3: Sergun K. folded before Flop (didn't bet)
Seat 5: diegovvlencia (button) folded on the River
Seat 6: 0koun (small blind) collected ($0.06)
Seat 7: Dorex2007 (big blind) folded on the River
Seat 9: s0mega folded before Flop (didn't bet)



PokerStars Hand #223896122410:  Hold'em No Limit ($0.01/$0.02 USD) - 2021/02/16 14:48:09 PT [2021/02/16 17:48:09 ET]
Table 'Felicia V' 9-max Seat #6 is the button
Seat 1: GGWPnodef ($2.51 in chips) 
Seat 2: trueJamaican ($3.54 in chips) 
Seat 3: Sergun K. ($2.05 in chips) 
Seat 5: diegovvlencia ($1.12 in chips) 
Seat 6: 0koun ($4.49 in chips) 
Seat 7: Dorex2007 ($1.36 in chips) 
Seat 8: NeToril ($1.78 in chips) 
Seat 9: s0mega ($0.64 in chips) 
Dorex2007: posts small blind $0.01
NeToril: posts big blind $0.02
*** HOLE CARDS ***
Dealt to Dorex2007 [5s Kc]
s0mega: raises $0.02 to $0.04
GGWPnodef: calls $0.04
trueJamaican: calls $0.04
Sergun K.: folds 
diegovvlencia: calls $0.04
0koun: folds 
Dorex2007: folds 
NeToril: calls $0.02
*** FLOP *** [3c 3h 9d]
NeToril: checks 
s0mega: checks 
GGWPnodef: checks 
trueJamaican: checks 
diegovvlencia: checks 
*** TURN *** [3c 3h 9d] [4c]
NeToril: checks 
s0mega: checks 
GGWPnodef: checks 
trueJamaican: checks 
diegovvlencia: bets $0.10
NeToril: folds 
s0mega: folds 
GGWPnodef: calls $0.10
trueJamaican: folds 
*** RIVER *** [3c 3h 9d 4c] [Qd]
GGWPnodef: checks 
diegovvlencia: bets $0.34
GGWPnodef: folds 
Uncalled bet ($0.34) returned to diegovvlencia
diegovvlencia collected $0.40 from pot
diegovvlencia: doesn't show hand 
*** SUMMARY ***
Total pot $0.41 | Rake $0.01 
Board [3c 3h 9d 4c Qd]
Seat 1: GGWPnodef folded on the River
Seat 2: trueJamaican folded on the Turn
Seat 3: Sergun K. folded before Flop (didn't bet)
Seat 5: diegovvlencia collected ($0.40)
Seat 6: 0koun (button) folded before Flop (didn't bet)
Seat 7: Dorex2007 (small blind) folded before Flop
Seat 8: NeToril (big blind) folded on the Turn
Seat 9: s0mega folded on the Turn



PokerStars Hand #223896174001:  Hold'em No Limit ($0.01/$0.02 USD) - 2021/02/16 14:49:39 PT [2021/02/16 17:49:39 ET]
Table 'Felicia V' 9-max Seat #7 is the button
Seat 1: GGWPnodef ($2.37 in chips) 
Seat 2: trueJamaican ($3.50 in chips) 
Seat 3: Sergun K. ($2.05 in chips) 
Seat 5: diegovvlencia ($1.38 in chips) 
Seat 6: 0koun ($4.49 in chips) 
Seat 7: Dorex2007 ($1.35 in chips) 
Seat 8: NeToril ($1.74 in chips) 
Seat 9: s0mega ($0.60 in chips) 
NeToril: posts small blind $0.01
s0mega: posts big blind $0.02
*** HOLE CARDS ***
Dealt to Dorex2007 [Jc Ac]
GGWPnodef: folds 
trueJamaican: folds 
Sergun K.: raises $0.02 to $0.04
diegovvlencia: calls $0.04
0koun: calls $0.04
Dorex2007: raises $0.22 to $0.26
NeToril: folds 
s0mega: folds 
Sergun K.: folds 
diegovvlencia: folds 
0koun: folds 
Uncalled bet ($0.22) returned to Dorex2007
Dorex2007 collected $0.19 from pot
Dorex2007: doesn't show hand 
*** SUMMARY ***
Total pot $0.19 | Rake $0 
Seat 1: GGWPnodef folded before Flop (didn't bet)
Seat 2: trueJamaican folded before Flop (didn't bet)
Seat 3: Sergun K. folded before Flop
Seat 5: diegovvlencia folded before Flop
Seat 6: 0koun folded before Flop
Seat 7: Dorex2007 (button) collected ($0.19)
Seat 8: NeToril (small blind) folded before Flop
Seat 9: s0mega (big blind) folded before Flop



PokerStars Hand #223896194358:  Hold'em No Limit ($0.01/$0.02 USD) - 2021/02/16 14:50:14 PT [2021/02/16 17:50:14 ET]
Table 'Felicia V' 9-max Seat #8 is the button
Seat 1: GGWPnodef ($2.37 in chips) 
Seat 2: trueJamaican ($3.50 in chips) 
Seat 3: Sergun K. ($2.01 in chips) 
Seat 5: diegovvlencia ($1.34 in chips) 
Seat 6: 0koun ($4.45 in chips) 
Seat 7: Dorex2007 ($1.50 in chips) 
Seat 8: NeToril ($1.73 in chips) 
Seat 9: s0mega ($0.58 in chips) 
s0mega: posts small blind $0.01
GGWPnodef: posts big blind $0.02
*** HOLE CARDS ***
Dealt to Dorex2007 [8d 8c]
trueJamaican: folds 
Sergun K.: folds 
diegovvlencia: calls $0.02
0koun: calls $0.02
Dorex2007 has timed out
Dorex2007: folds 
NeToril: calls $0.02
s0mega: calls $0.01
GGWPnodef: checks 
*** FLOP *** [Qd 6c Jh]
s0mega: checks 
GGWPnodef: checks 
diegovvlencia: checks 
0koun: checks 
NeToril: checks 
*** TURN *** [Qd 6c Jh] [9c]
s0mega: bets $0.03
GGWPnodef: calls $0.03
diegovvlencia: raises $0.03 to $0.06
0koun: folds 
NeToril: folds 
s0mega: calls $0.03
GGWPnodef: calls $0.03
*** RIVER *** [Qd 6c Jh 9c] [9d]
s0mega: checks 
GGWPnodef: bets $0.50
diegovvlencia: raises $0.64 to $1.14
s0mega: calls $0.50 and is all-in
GGWPnodef: folds 
Uncalled bet ($0.64) returned to diegovvlencia
*** SHOW DOWN ***
diegovvlencia: shows [9s Ks] (three of a kind, Nines)
s0mega: shows [Ah 9h] (three of a kind, Nines - Ace kicker)
s0mega collected $1.72 from pot
*** SUMMARY ***
Total pot $1.78 | Rake $0.06 
Board [Qd 6c Jh 9c 9d]
Seat 1: GGWPnodef (big blind) folded on the River
Seat 2: trueJamaican folded before Flop (didn't bet)
Seat 3: Sergun K. folded before Flop (didn't bet)
Seat 5: diegovvlencia showed [9s Ks] and lost with three of a kind, Nines
Seat 6: 0koun folded on the Turn
Seat 7: Dorex2007 folded before Flop (didn't bet)
Seat 8: NeToril (button) folded on the Turn
Seat 9: s0mega (small blind) showed [Ah 9h] and won ($1.72) with three of a kind, Nines



PokerStars Hand #223896250929:  Hold'em No Limit ($0.01/$0.02 USD) - 2021/02/16 14:51:54 PT [2021/02/16 17:51:54 ET]
Table 'Felicia V' 9-max Seat #9 is the button
Seat 1: GGWPnodef ($1.79 in chips) 
Seat 2: trueJamaican ($3.50 in chips) 
Seat 3: Sergun K. ($2.01 in chips) 
Seat 5: diegovvlencia ($0.76 in chips) 
Seat 6: 0koun ($4.43 in chips) 
Seat 7: Dorex2007 ($1.50 in chips) 
Seat 8: NeToril ($1.71 in chips) 
Seat 9: s0mega ($1.72 in chips) 
GGWPnodef: posts small blind $0.01
trueJamaican: posts big blind $0.02
*** HOLE CARDS ***
Dealt to Dorex2007 [Kc 9h]
Sergun K.: folds 
diegovvlencia: folds 
0koun: calls $0.02
Dorex2007: folds 
NeToril: folds 
s0mega: folds 
GGWPnodef: calls $0.01
trueJamaican: checks 
*** FLOP *** [3s 8c As]
GGWPnodef: checks 
trueJamaican: checks 
0koun: checks 
*** TURN *** [3s 8c As] [4d]
GGWPnodef: checks 
trueJamaican: checks 
0koun: checks 
*** RIVER *** [3s 8c As 4d] [8h]
GGWPnodef: bets $0.02
trueJamaican: folds 
0koun: folds 
Uncalled bet ($0.02) returned to GGWPnodef
GGWPnodef collected $0.06 from pot
*** SUMMARY ***
Total pot $0.06 | Rake $0 
Board [3s 8c As 4d 8h]
Seat 1: GGWPnodef (small blind) collected ($0.06)
Seat 2: trueJamaican (big blind) folded on the River
Seat 3: Sergun K. folded before Flop (didn't bet)
Seat 5: diegovvlencia folded before Flop (didn't bet)
Seat 6: 0koun folded on the River
Seat 7: Dorex2007 folded before Flop (didn't bet)
Seat 8: NeToril folded before Flop (didn't bet)
Seat 9: s0mega (button) folded before Flop (didn't bet)



PokerStars Hand #223896300703:  Hold'em No Limit ($0.01/$0.02 USD) - 2021/02/16 14:53:22 PT [2021/02/16 17:53:22 ET]
Table 'Felicia V' 9-max Seat #1 is the button
Seat 1: GGWPnodef ($1.83 in chips) 
Seat 2: trueJamaican ($3.48 in chips) 
Seat 3: Sergun K. ($2.01 in chips) 
Seat 5: diegovvlencia ($0.76 in chips) 
Seat 6: 0koun ($4.41 in chips) 
Seat 7: Dorex2007 ($1.50 in chips) 
Seat 8: NeToril ($1.71 in chips) 
Seat 9: s0mega ($1.72 in chips) 
trueJamaican: posts small blind $0.01
Sergun K.: posts big blind $0.02
*** HOLE CARDS ***
Dealt to Dorex2007 [4h 6h]
diegovvlencia: folds 
0koun: calls $0.02
Dorex2007: folds 
NeToril: folds 
s0mega: raises $0.06 to $0.08
GGWPnodef: folds 
trueJamaican: folds 
Sergun K.: folds 
0koun: calls $0.06
*** FLOP *** [7h 2s 6d]
0koun: checks 
s0mega: bets $0.10
0koun: calls $0.10
*** TURN *** [7h 2s 6d] [Qd]
0koun: checks 
s0mega: checks 
*** RIVER *** [7h 2s 6d Qd] [5h]
0koun: checks 
s0mega: checks 
*** SHOW DOWN ***
0koun: shows [6c Tc] (a pair of Sixes)
s0mega: shows [Jh Jc] (a pair of Jacks)
s0mega collected $0.38 from pot
*** SUMMARY ***
Total pot $0.39 | Rake $0.01 
Board [7h 2s 6d Qd 5h]
Seat 1: GGWPnodef (button) folded before Flop (didn't bet)
Seat 2: trueJamaican (small blind) folded before Flop
Seat 3: Sergun K. (big blind) folded before Flop
Seat 5: diegovvlencia folded before Flop (didn't bet)
Seat 6: 0koun showed [6c Tc] and lost with a pair of Sixes
Seat 7: Dorex2007 folded before Flop (didn't bet)
Seat 8: NeToril folded before Flop (didn't bet)
Seat 9: s0mega showed [Jh Jc] and won ($0.38) with a pair of Jacks



PokerStars Hand #223896331579:  Hold'em No Limit ($0.01/$0.02 USD) - 2021/02/16 14:54:18 PT [2021/02/16 17:54:18 ET]
Table 'Felicia V' 9-max Seat #2 is the button
Seat 1: GGWPnodef ($1.83 in chips) 
Seat 2: trueJamaican ($3.47 in chips) 
Seat 3: Sergun K. ($1.99 in chips) 
Seat 5: diegovvlencia ($0.76 in chips) 
Seat 6: 0koun ($4.23 in chips) 
Seat 7: Dorex2007 ($1.50 in chips) 
Seat 8: NeToril ($1.71 in chips) 
Seat 9: s0mega ($1.92 in chips) 
Sergun K.: posts small blind $0.01
diegovvlencia: posts big blind $0.02
*** HOLE CARDS ***
Dealt to Dorex2007 [7h Ac]
0koun: folds 
Dorex2007: folds 
NeToril: raises $0.16 to $0.18
s0mega: folds 
GGWPnodef: folds 
trueJamaican: folds 
Sergun K.: folds 
diegovvlencia: folds 
Uncalled bet ($0.16) returned to NeToril
NeToril collected $0.05 from pot
burkito was removed from the table for failing to post
burkito leaves the table
NeToril: doesn't show hand 
*** SUMMARY ***
Total pot $0.05 | Rake $0 
Seat 1: GGWPnodef folded before Flop (didn't bet)
Seat 2: trueJamaican (button) folded before Flop (didn't bet)
Seat 3: Sergun K. (small blind) folded before Flop
Seat 5: diegovvlencia (big blind) folded before Flop
Seat 6: 0koun folded before Flop (didn't bet)
Seat 7: Dorex2007 folded before Flop (didn't bet)
Seat 8: NeToril collected ($0.05)
Seat 9: s0mega folded before Flop (didn't bet)



PokerStars Hand #223896341725:  Hold'em No Limit ($0.01/$0.02 USD) - 2021/02/16 14:54:36 PT [2021/02/16 17:54:36 ET]
Table 'Felicia V' 9-max Seat #3 is the button
Seat 1: GGWPnodef ($1.83 in chips) 
Seat 2: trueJamaican ($3.47 in chips) 
Seat 3: Sergun K. ($1.98 in chips) 
Seat 5: diegovvlencia ($0.74 in chips) 
Seat 6: 0koun ($4.23 in chips) 
Seat 7: Dorex2007 ($1.50 in chips) 
Seat 8: NeToril ($1.74 in chips) 
Seat 9: s0mega ($1.92 in chips) 
diegovvlencia: posts small blind $0.01
0koun: posts big blind $0.02
*** HOLE CARDS ***
Dealt to Dorex2007 [Td 5s]
tabi.ru joins the table at seat #4 
Dorex2007: folds 
NeToril: folds 
s0mega: folds 
GGWPnodef: calls $0.02
trueJamaican: folds 
Sergun K.: folds 
diegovvlencia: calls $0.01
0koun: checks 
*** FLOP *** [3h Kd 9s]
diegovvlencia: checks 
0koun: checks 
GGWPnodef: checks 
*** TURN *** [3h Kd 9s] [Ks]
diegovvlencia: checks 
0koun: checks 
GGWPnodef: checks 
*** RIVER *** [3h Kd 9s Ks] [3d]
diegovvlencia: bets $0.03
0koun: folds 
GGWPnodef: calls $0.03
*** SHOW DOWN ***
diegovvlencia: shows [Ad Jd] (two pair, Kings and Threes)
GGWPnodef: mucks hand 
diegovvlencia collected $0.12 from pot
*** SUMMARY ***
Total pot $0.12 | Rake $0 
Board [3h Kd 9s Ks 3d]
Seat 1: GGWPnodef mucked [Ts Qc]
Seat 2: trueJamaican folded before Flop (didn't bet)
Seat 3: Sergun K. (button) folded before Flop (didn't bet)
Seat 5: diegovvlencia (small blind) showed [Ad Jd] and won ($0.12) with two pair, Kings and Threes
Seat 6: 0koun (big blind) folded on the River
Seat 7: Dorex2007 folded before Flop (didn't bet)
Seat 8: NeToril folded before Flop (didn't bet)
Seat 9: s0mega folded before Flop (didn't bet)



PokerStars Hand #223896367719:  Hold'em No Limit ($0.01/$0.02 USD) - 2021/02/16 14:55:27 PT [2021/02/16 17:55:27 ET]
Table 'Felicia V' 9-max Seat #5 is the button
Seat 1: GGWPnodef ($1.78 in chips) 
Seat 2: trueJamaican ($3.47 in chips) 
Seat 3: Sergun K. ($1.98 in chips) 
Seat 4: tabi.ru ($0.80 in chips) 
Seat 5: diegovvlencia ($0.81 in chips) 
Seat 6: 0koun ($4.21 in chips) 
Seat 7: Dorex2007 ($1.50 in chips) 
Seat 8: NeToril ($1.74 in chips) 
Seat 9: s0mega ($1.92 in chips) 
0koun: posts small blind $0.01
Dorex2007: posts big blind $0.02
tabi.ru: posts big blind $0.02
*** HOLE CARDS ***
Dealt to Dorex2007 [Kh 2d]
NeToril: calls $0.02
s0mega: folds 
GGWPnodef: calls $0.02
trueJamaican: raises $0.08 to $0.10
Sergun K.: folds 
tabi.ru: folds 
diegovvlencia: folds 
0koun: folds 
Dorex2007: folds 
NeToril: calls $0.08
GGWPnodef: folds 
*** FLOP *** [7h Tc 8d]
NeToril: checks 
trueJamaican: bets $0.18
NeToril: folds 
Uncalled bet ($0.18) returned to trueJamaican
trueJamaican collected $0.26 from pot
*** SUMMARY ***
Total pot $0.27 | Rake $0.01 
Board [7h Tc 8d]
Seat 1: GGWPnodef folded before Flop
Seat 2: trueJamaican collected ($0.26)
Seat 3: Sergun K. folded before Flop (didn't bet)
Seat 4: tabi.ru folded before Flop (didn't bet)
Seat 5: diegovvlencia (button) folded before Flop (didn't bet)
Seat 6: 0koun (small blind) folded before Flop
Seat 7: Dorex2007 (big blind) folded before Flop
Seat 8: NeToril folded on the Flop
Seat 9: s0mega folded before Flop (didn't bet)



PokerStars Hand #223896387863:  Hold'em No Limit ($0.01/$0.02 USD) - 2021/02/16 14:56:13 PT [2021/02/16 17:56:13 ET]
Table 'Felicia V' 9-max Seat #6 is the button
Seat 1: GGWPnodef ($1.76 in chips) 
Seat 2: trueJamaican ($3.63 in chips) 
Seat 3: Sergun K. ($1.98 in chips) 
Seat 4: tabi.ru ($0.78 in chips) 
Seat 5: diegovvlencia ($0.81 in chips) 
Seat 6: 0koun ($4.20 in chips) 
Seat 7: Dorex2007 ($1.48 in chips) 
Seat 8: NeToril ($1.64 in chips) 
Seat 9: s0mega ($1.92 in chips) 
Dorex2007: posts small blind $0.01
NeToril: posts big blind $0.02
*** HOLE CARDS ***
Dealt to Dorex2007 [2d 4s]
s0mega: folds 
GGWPnodef: calls $0.02
trueJamaican: folds 
Sergun K.: folds 
tabi.ru: folds 
diegovvlencia: folds 
0koun: calls $0.02
Dorex2007: folds 
NeToril: checks 
*** FLOP *** [2s Td Ts]
NeToril: checks 
GGWPnodef: bets $0.04
0koun: folds 
NeToril: folds 
Uncalled bet ($0.04) returned to GGWPnodef
GGWPnodef collected $0.07 from pot
*** SUMMARY ***
Total pot $0.07 | Rake $0 
Board [2s Td Ts]
Seat 1: GGWPnodef collected ($0.07)
Seat 2: trueJamaican folded before Flop (didn't bet)
Seat 3: Sergun K. folded before Flop (didn't bet)
Seat 4: tabi.ru folded before Flop (didn't bet)
Seat 5: diegovvlencia folded before Flop (didn't bet)
Seat 6: 0koun (button) folded on the Flop
Seat 7: Dorex2007 (small blind) folded before Flop
Seat 8: NeToril (big blind) folded on the Flop
Seat 9: s0mega folded before Flop (didn't bet)



PokerStars Hand #223896405745:  Hold'em No Limit ($0.01/$0.02 USD) - 2021/02/16 14:56:54 PT [2021/02/16 17:56:54 ET]
Table 'Felicia V' 9-max Seat #7 is the button
Seat 1: GGWPnodef ($1.81 in chips) 
Seat 2: trueJamaican ($3.63 in chips) 
Seat 3: Sergun K. ($1.98 in chips) 
Seat 4: tabi.ru ($0.78 in chips) 
Seat 5: diegovvlencia ($0.81 in chips) 
Seat 6: 0koun ($4.18 in chips) 
Seat 7: Dorex2007 ($1.47 in chips) 
Seat 8: NeToril ($1.62 in chips) 
NeToril: posts small blind $0.01
s0mega: is sitting out 
GGWPnodef: posts big blind $0.02
*** HOLE CARDS ***
Dealt to Dorex2007 [3s Qc]
trueJamaican: raises $0.04 to $0.06
Sergun K.: folds 
s0mega leaves the table
tabi.ru: folds 
diegovvlencia: folds 
0koun: folds 
Dorex2007: folds 
NeToril: calls $0.05
GGWPnodef: folds 
*** FLOP *** [8s Tc Jc]
NeToril: checks 
trueJamaican: bets $0.06
NeToril: folds 
Uncalled bet ($0.06) returned to trueJamaican
Büsen joins the table at seat #9 
trueJamaican collected $0.14 from pot
*** SUMMARY ***
Total pot $0.14 | Rake $0 
Board [8s Tc Jc]
Seat 1: GGWPnodef (big blind) folded before Flop
Seat 2: trueJamaican collected ($0.14)
Seat 3: Sergun K. folded before Flop (didn't bet)
Seat 4: tabi.ru folded before Flop (didn't bet)
Seat 5: diegovvlencia folded before Flop (didn't bet)
Seat 6: 0koun folded before Flop (didn't bet)
Seat 7: Dorex2007 (button) folded before Flop (didn't bet)
Seat 8: NeToril (small blind) folded on the Flop



PokerStars Hand #223896419653:  Hold'em No Limit ($0.01/$0.02 USD) - 2021/02/16 14:57:26 PT [2021/02/16 17:57:26 ET]
Table 'Felicia V' 9-max Seat #8 is the button
Seat 1: GGWPnodef ($1.79 in chips) 
Seat 2: trueJamaican ($3.71 in chips) 
Seat 3: Sergun K. ($1.98 in chips) 
Seat 4: tabi.ru ($0.78 in chips) 
Seat 5: diegovvlencia ($0.81 in chips) 
Seat 6: 0koun ($4.18 in chips) 
Seat 7: Dorex2007 ($1.47 in chips) 
Seat 8: NeToril ($1.56 in chips) 
GGWPnodef: posts small blind $0.01
trueJamaican: posts big blind $0.02
*** HOLE CARDS ***
Dealt to Dorex2007 [5s 2d]
Sergun K.: folds 
tabi.ru: folds 
diegovvlencia: folds 
0koun: calls $0.02
Dorex2007: folds 
NeToril: folds 
GGWPnodef: calls $0.01
trueJamaican: checks 
*** FLOP *** [Jh 8d Qc]
GGWPnodef: checks 
trueJamaican: checks 
0koun: bets $0.03
GGWPnodef: folds 
trueJamaican: calls $0.03
*** TURN *** [Jh 8d Qc] [3s]
trueJamaican: bets $0.08
0koun: raises $0.10 to $0.18
trueJamaican: calls $0.10
*** RIVER *** [Jh 8d Qc 3s] [Qh]
trueJamaican: checks 
0koun: bets $0.23
trueJamaican: calls $0.23
*** SHOW DOWN ***
0koun: shows [9s Ts] (a straight, Eight to Queen)
trueJamaican: mucks hand 
0koun collected $0.91 from pot
*** SUMMARY ***
Total pot $0.94 | Rake $0.03 
Board [Jh 8d Qc 3s Qh]
Seat 1: GGWPnodef (small blind) folded on the Flop
Seat 2: trueJamaican (big blind) mucked [Th Qd]
Seat 3: Sergun K. folded before Flop (didn't bet)
Seat 4: tabi.ru folded before Flop (didn't bet)
Seat 5: diegovvlencia folded before Flop (didn't bet)
Seat 6: 0koun showed [9s Ts] and won ($0.91) with a straight, Eight to Queen
Seat 7: Dorex2007 folded before Flop (didn't bet)
Seat 8: NeToril (button) folded before Flop (didn't bet)



PokerStars Hand #223896459999:  Hold'em No Limit ($0.01/$0.02 USD) - 2021/02/16 14:58:37 PT [2021/02/16 17:58:37 ET]
Table 'Felicia V' 9-max Seat #1 is the button
Seat 1: GGWPnodef ($1.77 in chips) 
Seat 2: trueJamaican ($3.25 in chips) 
Seat 3: Sergun K. ($1.98 in chips) 
Seat 4: tabi.ru ($0.78 in chips) 
Seat 5: diegovvlencia ($0.81 in chips) 
Seat 6: 0koun ($4.63 in chips) 
Seat 7: Dorex2007 ($1.47 in chips) 
Seat 8: NeToril ($1.56 in chips) 
trueJamaican: posts small blind $0.01
Sergun K.: posts big blind $0.02
Büsen: sits out 
*** HOLE CARDS ***
Dealt to Dorex2007 [Qd 7d]
tabi.ru: folds 
diegovvlencia: folds 
0koun: calls $0.02
Dorex2007: folds 
NeToril: folds 
GGWPnodef: calls $0.02
trueJamaican: folds 
Sergun K.: checks 
*** FLOP *** [5s Kd 8s]
Sergun K.: checks 
0koun: checks 
GGWPnodef: checks 
*** TURN *** [5s Kd 8s] [2h]
Sergun K.: checks 
0koun: bets $0.04
GGWPnodef: calls $0.04
Sergun K.: folds 
*** RIVER *** [5s Kd 8s 2h] [As]
0koun: bets $0.14
GGWPnodef: raises $0.14 to $0.28
0koun: calls $0.14
*** SHOW DOWN ***
GGWPnodef: shows [9s Js] (a flush, Ace high)
0koun: mucks hand 
GGWPnodef collected $0.69 from pot
*** SUMMARY ***
Total pot $0.71 | Rake $0.02 
Board [5s Kd 8s 2h As]
Seat 1: GGWPnodef (button) showed [9s Js] and won ($0.69) with a flush, Ace high
Seat 2: trueJamaican (small blind) folded before Flop
Seat 3: Sergun K. (big blind) folded on the Turn
Seat 4: tabi.ru folded before Flop (didn't bet)
Seat 5: diegovvlencia folded before Flop (didn't bet)
Seat 6: 0koun mucked [2s 3s]
Seat 7: Dorex2007 folded before Flop (didn't bet)
Seat 8: NeToril folded before Flop (didn't bet)



PokerStars Hand #223896479524:  Hold'em No Limit ($0.01/$0.02 USD) - 2021/02/16 14:59:22 PT [2021/02/16 17:59:22 ET]
Table 'Felicia V' 9-max Seat #2 is the button
Seat 1: GGWPnodef ($2.12 in chips) 
Seat 2: trueJamaican ($3.24 in chips) 
Seat 3: Sergun K. ($1.96 in chips) 
Seat 4: tabi.ru ($0.78 in chips) 
Seat 5: diegovvlencia ($0.81 in chips) 
Seat 6: 0koun ($4.29 in chips) 
Seat 7: Dorex2007 ($1.47 in chips) 
Seat 8: NeToril ($1.56 in chips) 
Seat 9: Büsen ($2 in chips) 
Sergun K.: posts small blind $0.01
tabi.ru: posts big blind $0.02
Büsen: posts big blind $0.02
*** HOLE CARDS ***
Dealt to Dorex2007 [Qs 9c]
diegovvlencia: calls $0.02
0koun: folds 
Dorex2007 has timed out
Dorex2007: folds 
NeToril: folds 
Büsen: checks 
GGWPnodef: folds 
trueJamaican: calls $0.02
Sergun K.: folds 
tabi.ru: checks 
*** FLOP *** [7h Jc Td]
tabi.ru: checks 
diegovvlencia: checks 
Büsen: bets $0.05
trueJamaican: folds 
tabi.ru: folds 
diegovvlencia: raises $0.05 to $0.10
Büsen: raises $0.15 to $0.25
diegovvlencia: raises $0.54 to $0.79 and is all-in
Büsen: calls $0.54
*** TURN *** [7h Jc Td] [Qh]
*** RIVER *** [7h Jc Td Qh] [2h]
*** SHOW DOWN ***
diegovvlencia: shows [Ah As] (a pair of Aces)
Büsen: shows [Js 9h] (a pair of Jacks)
diegovvlencia collected $1.61 from pot
*** SUMMARY ***
Total pot $1.67 | Rake $0.06 
Board [7h Jc Td Qh 2h]
Seat 1: GGWPnodef folded before Flop (didn't bet)
Seat 2: trueJamaican (button) folded on the Flop
Seat 3: Sergun K. (small blind) folded before Flop
Seat 4: tabi.ru (big blind) folded on the Flop
Seat 5: diegovvlencia showed [Ah As] and won ($1.61) with a pair of Aces
Seat 6: 0koun folded before Flop (didn't bet)
Seat 7: Dorex2007 folded before Flop (didn't bet)
Seat 8: NeToril folded before Flop (didn't bet)
Seat 9: Büsen showed [Js 9h] and lost with a pair of Jacks



PokerStars Hand #223896519786:  Hold'em No Limit ($0.01/$0.02 USD) - 2021/02/16 15:00:49 PT [2021/02/16 18:00:49 ET]
Table 'Felicia V' 9-max Seat #3 is the button
Seat 1: GGWPnodef ($2.12 in chips) 
Seat 2: trueJamaican ($3.22 in chips) 
Seat 3: Sergun K. ($1.95 in chips) 
Seat 4: tabi.ru ($0.76 in chips) 
Seat 5: diegovvlencia ($1.61 in chips) 
Seat 6: 0koun ($4.29 in chips) 
Seat 7: Dorex2007 ($1.47 in chips) 
Seat 8: NeToril ($1.56 in chips) 
Seat 9: Büsen ($1.19 in chips) 
tabi.ru: posts small blind $0.01
diegovvlencia: posts big blind $0.02
*** HOLE CARDS ***
Dealt to Dorex2007 [Js Jd]
0koun: calls $0.02
Dorex2007: raises $0.04 to $0.06
NeToril: folds 
Büsen: raises $1.13 to $1.19 and is all-in
GGWPnodef: folds 
trueJamaican: folds 
Sergun K.: folds 
tabi.ru: folds 
diegovvlencia: folds 
0koun: calls $1.17
Dorex2007: calls $1.13
*** FLOP *** [Tc 2d 4d]
0koun: checks 
Dorex2007: checks 
*** TURN *** [Tc 2d 4d] [8d]
0koun: bets $1.74
Dorex2007: calls $0.28 and is all-in
Uncalled bet ($1.46) returned to 0koun
*** RIVER *** [Tc 2d 4d 8d] [3s]
*** SHOW DOWN ***
0koun: shows [Ad Kh] (high card Ace)
Dorex2007: shows [Js Jd] (a pair of Jacks)
Dorex2007 collected $0.54 from side pot
Büsen: shows [9s Qs] (high card Queen)
Dorex2007 collected $3.47 from main pot
*** SUMMARY ***
Total pot $4.16 Main pot $3.47. Side pot $0.54. | Rake $0.15 
Board [Tc 2d 4d 8d 3s]
Seat 1: GGWPnodef folded before Flop (didn't bet)
Seat 2: trueJamaican folded before Flop (didn't bet)
Seat 3: Sergun K. (button) folded before Flop (didn't bet)
Seat 4: tabi.ru (small blind) folded before Flop
Seat 5: diegovvlencia (big blind) folded before Flop
Seat 6: 0koun showed [Ad Kh] and lost with high card Ace
Seat 7: Dorex2007 showed [Js Jd] and won ($4.01) with a pair of Jacks
Seat 8: NeToril folded before Flop (didn't bet)
Seat 9: Büsen showed [9s Qs] and lost with high card Queen



PokerStars Hand #223896560184:  Hold'em No Limit ($0.01/$0.02 USD) - 2021/02/16 15:02:08 PT [2021/02/16 18:02:08 ET]
Table 'Felicia V' 9-max Seat #4 is the button
Seat 1: GGWPnodef ($2.12 in chips) 
Seat 2: trueJamaican ($3.22 in chips) 
Seat 3: Sergun K. ($1.95 in chips) 
Seat 4: tabi.ru ($0.75 in chips) 
Seat 5: diegovvlencia ($1.59 in chips) 
Seat 6: 0koun ($2.82 in chips) 
Seat 7: Dorex2007 ($4.01 in chips) 
Seat 8: NeToril ($1.56 in chips) 
Seat 9: Büsen ($0.80 in chips) 
diegovvlencia: posts small blind $0.01
0koun: posts big blind $0.02
*** HOLE CARDS ***
Dealt to Dorex2007 [4h 2h]
Dorex2007: folds 
NeToril: folds 
Büsen: folds 
Büsen leaves the table
GGWPnodef: calls $0.02
trueJamaican: folds 
Sergun K.: folds 
tabi.ru: folds 
diegovvlencia: calls $0.01
*1974N0B joins the table at seat #9 
0koun: checks 
*** FLOP *** [7c 3d Ks]
diegovvlencia: checks 
0koun: checks 
GGWPnodef: checks 
*** TURN *** [7c 3d Ks] [Ts]
diegovvlencia: checks 
0koun: checks 
GGWPnodef: checks 
*** RIVER *** [7c 3d Ks Ts] [Qh]
diegovvlencia: bets $0.03
0koun: folds 
GGWPnodef: calls $0.03
*** SHOW DOWN ***
diegovvlencia: shows [Th 6s] (a pair of Tens)
GGWPnodef: mucks hand 
diegovvlencia collected $0.12 from pot
*** SUMMARY ***
Total pot $0.12 | Rake $0 
Board [7c 3d Ks Ts Qh]
Seat 1: GGWPnodef mucked [Ac 6h]
Seat 2: trueJamaican folded before Flop (didn't bet)
Seat 3: Sergun K. folded before Flop (didn't bet)
Seat 4: tabi.ru (button) folded before Flop (didn't bet)
Seat 5: diegovvlencia (small blind) showed [Th 6s] and won ($0.12) with a pair of Tens
Seat 6: 0koun (big blind) folded on the River
Seat 7: Dorex2007 folded before Flop (didn't bet)
Seat 8: NeToril folded before Flop (didn't bet)
Seat 9: Büsen folded before Flop (didn't bet)



PokerStars Hand #223896657451:  Hold'em No Limit ($0.01/$0.02 USD) - 2021/02/16 15:05:02 PT [2021/02/16 18:05:02 ET]
Table 'Felicia V' 9-max Seat #8 is the button
Seat 1: GGWPnodef ($2.07 in chips) 
Seat 2: trueJamaican ($3.22 in chips) 
Seat 3: Sergun K. ($1.95 in chips) 
Seat 4: tabi.ru ($0.75 in chips) 
Seat 5: diegovvlencia ($1.72 in chips) 
Seat 6: 0koun ($2.79 in chips) 
Seat 7: Dorex2007 ($4.01 in chips) 
Seat 8: NeToril ($1.53 in chips) 
Seat 9: *1974N0B ($2 in chips) 
*1974N0B: posts small blind $0.01
GGWPnodef: posts big blind $0.02
Dorex2007: posts small & big blinds $0.03
*** HOLE CARDS ***
Dealt to Dorex2007 [9h 6s]
trueJamaican: folds 
Sergun K.: folds 
tabi.ru has timed out
tabi.ru: folds 
diegovvlencia has timed out
diegovvlencia: folds 
0koun: calls $0.02
Dorex2007: checks 
NeToril: folds 
*1974N0B: calls $0.01
GGWPnodef: checks 
*** FLOP *** [Qs 6h Jd]
*1974N0B: checks 
GGWPnodef: checks 
0koun: checks 
Dorex2007: checks 
*** TURN *** [Qs 6h Jd] [Ah]
*1974N0B: checks 
GGWPnodef: bets $0.02
0koun: folds 
Dorex2007: folds 
*1974N0B: folds 
Uncalled bet ($0.02) returned to GGWPnodef
GGWPnodef collected $0.09 from pot
*** SUMMARY ***
Total pot $0.09 | Rake $0 
Board [Qs 6h Jd Ah]
Seat 1: GGWPnodef (big blind) collected ($0.09)
Seat 2: trueJamaican folded before Flop (didn't bet)
Seat 3: Sergun K. folded before Flop (didn't bet)
Seat 4: tabi.ru folded before Flop (didn't bet)
Seat 5: diegovvlencia folded before Flop (didn't bet)
Seat 6: 0koun folded on the Turn
Seat 7: Dorex2007 folded on the Turn (didn't bet)
Seat 8: NeToril (button) folded before Flop (didn't bet)
Seat 9: *1974N0B (small blind) folded on the Turn



PokerStars Hand #223896703669:  Hold'em No Limit ($0.01/$0.02 USD) - 2021/02/16 15:06:28 PT [2021/02/16 18:06:28 ET]
Table 'Felicia V' 9-max Seat #9 is the button
Seat 1: GGWPnodef ($2.14 in chips) 
Seat 2: trueJamaican ($3.22 in chips) 
Seat 3: Sergun K. ($1.95 in chips) 
Seat 6: 0koun ($2.77 in chips) 
Seat 7: Dorex2007 ($3.98 in chips) 
Seat 8: NeToril ($1.53 in chips) 
Seat 9: *1974N0B ($2 in chips) 
GGWPnodef: posts small blind $0.01
trueJamaican: posts big blind $0.02
*** HOLE CARDS ***
Dealt to Dorex2007 [9s Kc]
Sergun K.: folds 
0koun: folds 
Dorex2007: folds 
NeToril: calls $0.02
*1974N0B: folds 
GGWPnodef: calls $0.01
trueJamaican: raises $0.08 to $0.10
NeToril: calls $0.08
GGWPnodef: folds 
*** FLOP *** [Qh 5h Ah]
trueJamaican: bets $0.15
NeToril: folds 
Uncalled bet ($0.15) returned to trueJamaican
trueJamaican collected $0.21 from pot
*** SUMMARY ***
Total pot $0.22 | Rake $0.01 
Board [Qh 5h Ah]
Seat 1: GGWPnodef (small blind) folded before Flop
Seat 2: trueJamaican (big blind) collected ($0.21)
Seat 3: Sergun K. folded before Flop (didn't bet)
Seat 6: 0koun folded before Flop (didn't bet)
Seat 7: Dorex2007 folded before Flop (didn't bet)
Seat 8: NeToril folded on the Flop
Seat 9: *1974N0B (button) folded before Flop (didn't bet)



PokerStars Hand #223896725729:  Hold'em No Limit ($0.01/$0.02 USD) - 2021/02/16 15:07:09 PT [2021/02/16 18:07:09 ET]
Table 'Felicia V' 9-max Seat #1 is the button
Seat 1: GGWPnodef ($2.12 in chips) 
Seat 2: trueJamaican ($3.33 in chips) 
Seat 3: Sergun K. ($1.95 in chips) 
Seat 5: diegovvlencia ($1.72 in chips) 
Seat 6: 0koun ($2.77 in chips) 
Seat 7: Dorex2007 ($3.98 in chips) 
Seat 8: NeToril ($1.43 in chips) 
Seat 9: *1974N0B ($2 in chips) 
trueJamaican: posts small blind $0.01
Sergun K.: posts big blind $0.02
*** HOLE CARDS ***
Dealt to Dorex2007 [9c 4c]
diegovvlencia: folds 
0koun: folds 
Dorex2007: folds 
NeToril has timed out
NeToril: folds 
*1974N0B: folds 
GGWPnodef: folds 
trueJamaican: raises $0.04 to $0.06
GGWPnodef leaves the table
NeToril leaves the table
Sergun K.: folds 
Uncalled bet ($0.04) returned to trueJamaican
trueJamaican collected $0.04 from pot
*** SUMMARY ***
Total pot $0.04 | Rake $0 
Seat 1: GGWPnodef (button) folded before Flop (didn't bet)
Seat 2: trueJamaican (small blind) collected ($0.04)
Seat 3: Sergun K. (big blind) folded before Flop
Seat 5: diegovvlencia folded before Flop (didn't bet)
Seat 6: 0koun folded before Flop (didn't bet)
Seat 7: Dorex2007 folded before Flop (didn't bet)
Seat 8: NeToril folded before Flop (didn't bet)
Seat 9: *1974N0B folded before Flop (didn't bet)



PokerStars Hand #223896741410:  Hold'em No Limit ($0.01/$0.02 USD) - 2021/02/16 15:07:38 PT [2021/02/16 18:07:38 ET]
Table 'Felicia V' 9-max Seat #2 is the button
Seat 2: trueJamaican ($3.35 in chips) 
Seat 3: Sergun K. ($1.93 in chips) 
Seat 5: diegovvlencia ($1.72 in chips) 
Seat 6: 0koun ($2.77 in chips) 
Seat 7: Dorex2007 ($3.98 in chips) 
Seat 9: *1974N0B ($2 in chips) 
Sergun K.: posts small blind $0.01
diegovvlencia: posts big blind $0.02
*** HOLE CARDS ***
Dealt to Dorex2007 [3h Qd]
0koun: folds 
Dorex2007: folds 
*1974N0B: raises $0.04 to $0.06
trueJamaican: folds 
Sergun K.: folds 
diegovvlencia: folds 
Uncalled bet ($0.04) returned to *1974N0B
*1974N0B collected $0.05 from pot
*1974N0B: doesn't show hand 
*** SUMMARY ***
Total pot $0.05 | Rake $0 
Seat 2: trueJamaican (button) folded before Flop (didn't bet)
Seat 3: Sergun K. (small blind) folded before Flop
Seat 5: diegovvlencia (big blind) folded before Flop
Seat 6: 0koun folded before Flop (didn't bet)
Seat 7: Dorex2007 folded before Flop (didn't bet)
Seat 9: *1974N0B collected ($0.05)



PokerStars Hand #223896751080:  Hold'em No Limit ($0.01/$0.02 USD) - 2021/02/16 15:07:56 PT [2021/02/16 18:07:56 ET]
Table 'Felicia V' 9-max Seat #3 is the button
Seat 2: trueJamaican ($3.35 in chips) 
Seat 3: Sergun K. ($1.92 in chips) 
Seat 5: diegovvlencia ($1.70 in chips) 
Seat 6: 0koun ($2.77 in chips) 
Seat 7: Dorex2007 ($3.98 in chips) 
Seat 9: *1974N0B ($2.03 in chips) 
diegovvlencia: posts small blind $0.01
0koun: posts big blind $0.02
*** HOLE CARDS ***
Dealt to Dorex2007 [Qd Kd]
Dorex2007: calls $0.02
*1974N0B: folds 
trueJamaican: raises $0.06 to $0.08
Sergun K.: folds 
diegovvlencia: folds 
0koun: folds 
Dorex2007: calls $0.06
*** FLOP *** [5d 4c 9s]
Dorex2007: checks 
trueJamaican: checks 
*** TURN *** [5d 4c 9s] [Kc]
Dorex2007: bets $0.18
trueJamaican: calls $0.18
*** RIVER *** [5d 4c 9s Kc] [4s]
Dorex2007: checks 
trueJamaican: checks 
*** SHOW DOWN ***
Dorex2007: shows [Qd Kd] (two pair, Kings and Fours)
trueJamaican: shows [Kh Qs] (two pair, Kings and Fours)
Dorex2007 collected $0.27 from pot
trueJamaican collected $0.26 from pot
*** SUMMARY ***
Total pot $0.55 | Rake $0.02 
Board [5d 4c 9s Kc 4s]
Seat 2: trueJamaican showed [Kh Qs] and won ($0.26) with two pair, Kings and Fours
Seat 3: Sergun K. (button) folded before Flop (didn't bet)
Seat 5: diegovvlencia (small blind) folded before Flop
Seat 6: 0koun (big blind) folded before Flop
Seat 7: Dorex2007 showed [Qd Kd] and won ($0.27) with two pair, Kings and Fours
Seat 9: *1974N0B folded before Flop (didn't bet)



PokerStars Hand #223896771489:  Hold'em No Limit ($0.01/$0.02 USD) - 2021/02/16 15:08:34 PT [2021/02/16 18:08:34 ET]
Table 'Felicia V' 9-max Seat #5 is the button
Seat 2: trueJamaican ($3.35 in chips) 
Seat 3: Sergun K. ($1.92 in chips) 
Seat 5: diegovvlencia ($1.69 in chips) 
Seat 6: 0koun ($2.75 in chips) 
Seat 7: Dorex2007 ($3.99 in chips) 
Seat 9: *1974N0B ($2.03 in chips) 
0koun: posts small blind $0.01
Dorex2007: posts big blind $0.02
*** HOLE CARDS ***
Dealt to Dorex2007 [7h Ad]
*1974N0B: folds 
trueJamaican: folds 
Sergun K.: folds 
diegovvlencia: calls $0.02
0koun: calls $0.01
Dorex2007: checks 
*** FLOP *** [Tc Jh Jc]
0koun: checks 
Dorex2007: checks 
diegovvlencia: bets $0.03
0koun: calls $0.03
Dorex2007: folds 
*** TURN *** [Tc Jh Jc] [5s]
0koun: checks 
diegovvlencia: bets $0.06
0koun: folds 
Uncalled bet ($0.06) returned to diegovvlencia
diegovvlencia collected $0.12 from pot
diegovvlencia: doesn't show hand 
*** SUMMARY ***
Total pot $0.12 | Rake $0 
Board [Tc Jh Jc 5s]
Seat 2: trueJamaican folded before Flop (didn't bet)
Seat 3: Sergun K. folded before Flop (didn't bet)
Seat 5: diegovvlencia (button) collected ($0.12)
Seat 6: 0koun (small blind) folded on the Turn
Seat 7: Dorex2007 (big blind) folded on the Flop
Seat 9: *1974N0B folded before Flop (didn't bet)



PokerStars Hand #223896788871:  Hold'em No Limit ($0.01/$0.02 USD) - 2021/02/16 15:09:07 PT [2021/02/16 18:09:07 ET]
Table 'Felicia V' 9-max Seat #6 is the button
Seat 2: trueJamaican ($3.35 in chips) 
Seat 3: Sergun K. ($1.92 in chips) 
Seat 5: diegovvlencia ($1.76 in chips) 
Seat 6: 0koun ($2.70 in chips) 
Seat 7: Dorex2007 ($3.97 in chips) 
Dorex2007: posts small blind $0.01
*1974N0B: is sitting out 
trueJamaican: posts big blind $0.02
*** HOLE CARDS ***
Dealt to Dorex2007 [As Qc]
Sergun K.: calls $0.02
diegovvlencia: calls $0.02
0koun: folds 
Dorex2007: raises $0.06 to $0.08
trueJamaican: folds 
Sergun K.: folds 
diegovvlencia: calls $0.06
*** FLOP *** [2s 4s 5d]
Dorex2007: bets $0.10
diegovvlencia: calls $0.10
*** TURN *** [2s 4s 5d] [5s]
Dorex2007: checks 
diegovvlencia: bets $0.20
Dorex2007: calls $0.20
*** RIVER *** [2s 4s 5d 5s] [Ac]
Dorex2007: checks 
diegovvlencia: bets $0.39
Dorex2007: calls $0.39
*** SHOW DOWN ***
diegovvlencia: shows [Kh 7c] (a pair of Fives)
Dorex2007: shows [As Qc] (two pair, Aces and Fives)
Dorex2007 collected $1.52 from pot
*** SUMMARY ***
Total pot $1.58 | Rake $0.06 
Board [2s 4s 5d 5s Ac]
Seat 2: trueJamaican (big blind) folded before Flop
Seat 3: Sergun K. folded before Flop
Seat 5: diegovvlencia showed [Kh 7c] and lost with a pair of Fives
Seat 6: 0koun (button) folded before Flop (didn't bet)
Seat 7: Dorex2007 (small blind) showed [As Qc] and won ($1.52) with two pair, Aces and Fives



PokerStars Hand #223896814020:  Hold'em No Limit ($0.01/$0.02 USD) - 2021/02/16 15:09:54 PT [2021/02/16 18:09:54 ET]
Table 'Felicia V' 9-max Seat #7 is the button
Seat 2: trueJamaican ($3.33 in chips) 
Seat 3: Sergun K. ($1.90 in chips) 
Seat 5: diegovvlencia ($0.99 in chips) 
Seat 6: 0koun ($2.70 in chips) 
Seat 7: Dorex2007 ($4.72 in chips) 
trueJamaican: posts small blind $0.01
Sergun K.: posts big blind $0.02
*** HOLE CARDS ***
Dealt to Dorex2007 [Tc 3c]
diegovvlencia: folds 
0koun: calls $0.02
Dorex2007: folds 
trueJamaican: folds 
*1974N0B leaves the table
Sergun K.: checks 
*** FLOP *** [6s 5s Td]
Sergun K.: checks 
0koun: checks 
*** TURN *** [6s 5s Td] [2d]
Sergun K.: checks 
0koun: checks 
*** RIVER *** [6s 5s Td 2d] [4d]
Sergun K.: checks 
0koun: bets $0.02
Sergun K.: calls $0.02
*** SHOW DOWN ***
0koun: shows [9s Ac] (high card Ace)
Sergun K.: shows [Qs 5d] (a pair of Fives)
Sergun K. collected $0.09 from pot
*** SUMMARY ***
Total pot $0.09 | Rake $0 
Board [6s 5s Td 2d 4d]
Seat 2: trueJamaican (small blind) folded before Flop
Seat 3: Sergun K. (big blind) showed [Qs 5d] and won ($0.09) with a pair of Fives
Seat 5: diegovvlencia folded before Flop (didn't bet)
Seat 6: 0koun showed [9s Ac] and lost with high card Ace
Seat 7: Dorex2007 (button) folded before Flop (didn't bet)



PokerStars Hand #223896828984:  Hold'em No Limit ($0.01/$0.02 USD) - 2021/02/16 15:10:22 PT [2021/02/16 18:10:22 ET]
Table 'Felicia V' 9-max Seat #2 is the button
Seat 2: trueJamaican ($3.32 in chips) 
Seat 3: Sergun K. ($1.95 in chips) 
Seat 5: diegovvlencia ($0.99 in chips) 
Seat 6: 0koun ($2.66 in chips) 
Seat 7: Dorex2007 ($4.72 in chips) 
Sergun K.: posts small blind $0.01
diegovvlencia: posts big blind $0.02
*** HOLE CARDS ***
Dealt to Dorex2007 [Ts Kc]
0koun: calls $0.02
Dorex2007: calls $0.02
trueJamaican: folds 
Sergun K.: folds 
diegovvlencia: checks 
*** FLOP *** [Tc Th 2h]
diegovvlencia: bets $0.04
0koun: folds 
Dorex2007: calls $0.04
*** TURN *** [Tc Th 2h] [6s]
diegovvlencia: bets $0.07
Dorex2007: calls $0.07
*** RIVER *** [Tc Th 2h 6s] [5d]
diegovvlencia: bets $0.86 and is all-in
Dorex2007: calls $0.86
*** SHOW DOWN ***
diegovvlencia: shows [2d 2s] (a full house, Deuces full of Tens)
Dorex2007: shows [Ts Kc] (three of a kind, Tens)
diegovvlencia collected $1.94 from pot
*** SUMMARY ***
Total pot $2.01 | Rake $0.07 
Board [Tc Th 2h 6s 5d]
Seat 2: trueJamaican (button) folded before Flop (didn't bet)
Seat 3: Sergun K. (small blind) folded before Flop
Seat 5: diegovvlencia (big blind) showed [2d 2s] and won ($1.94) with a full house, Deuces full of Tens
Seat 6: 0koun folded on the Flop
Seat 7: Dorex2007 showed [Ts Kc] and lost with three of a kind, Tens



PokerStars Hand #223896847257:  Hold'em No Limit ($0.01/$0.02 USD) - 2021/02/16 15:10:56 PT [2021/02/16 18:10:56 ET]
Table 'Felicia V' 9-max Seat #3 is the button
Seat 2: trueJamaican ($3.32 in chips) 
Seat 3: Sergun K. ($1.94 in chips) 
Seat 5: diegovvlencia ($1.94 in chips) 
Seat 6: 0koun ($2.64 in chips) 
Seat 7: Dorex2007 ($3.73 in chips) 
diegovvlencia: posts small blind $0.01
0koun: posts big blind $0.02
*** HOLE CARDS ***
Dealt to Dorex2007 [Td Kc]
Dorex2007: calls $0.02
trueJamaican: raises $0.06 to $0.08
Sergun K.: folds 
diegovvlencia: calls $0.07
0koun: folds 
Dorex2007: calls $0.06
*** FLOP *** [7s Qh 8c]
diegovvlencia: bets $0.13
Dorex2007: folds 
trueJamaican: folds 
Uncalled bet ($0.13) returned to diegovvlencia
diegovvlencia collected $0.25 from pot
diegovvlencia: doesn't show hand 
*** SUMMARY ***
Total pot $0.26 | Rake $0.01 
Board [7s Qh 8c]
Seat 2: trueJamaican folded on the Flop
Seat 3: Sergun K. (button) folded before Flop (didn't bet)
Seat 5: diegovvlencia (small blind) collected ($0.25)
Seat 6: 0koun (big blind) folded before Flop
Seat 7: Dorex2007 folded on the Flop



PokerStars Hand #223896860253:  Hold'em No Limit ($0.01/$0.02 USD) - 2021/02/16 15:11:20 PT [2021/02/16 18:11:20 ET]
Table 'Felicia V' 9-max Seat #5 is the button
Seat 2: trueJamaican ($3.24 in chips) 
Seat 3: Sergun K. ($1.94 in chips) 
Seat 5: diegovvlencia ($2.11 in chips) 
Seat 6: 0koun ($2.62 in chips) 
Seat 7: Dorex2007 ($3.65 in chips) 
0koun: posts small blind $0.01
Dorex2007: posts big blind $0.02
*** HOLE CARDS ***
Dealt to Dorex2007 [Qd 5s]
trueJamaican: folds 
Sergun K.: folds 
diegovvlencia: calls $0.02
0koun: calls $0.01
Dorex2007: checks 
*** FLOP *** [9d 3s 4d]
0koun: checks 
Dorex2007: checks 
diegovvlencia: checks 
*** TURN *** [9d 3s 4d] [Td]
0koun: checks 
Dorex2007: checks 
diegovvlencia: checks 
*** RIVER *** [9d 3s 4d Td] [8c]
0koun: checks 
Dorex2007: checks 
diegovvlencia: bets $0.03
0koun: calls $0.03
Dorex2007: folds 
*** SHOW DOWN ***
diegovvlencia: shows [Ah 5h] (high card Ace)
0koun: shows [As 3d] (a pair of Threes)
0koun collected $0.12 from pot
*** SUMMARY ***
Total pot $0.12 | Rake $0 
Board [9d 3s 4d Td 8c]
Seat 2: trueJamaican folded before Flop (didn't bet)
Seat 3: Sergun K. folded before Flop (didn't bet)
Seat 5: diegovvlencia (button) showed [Ah 5h] and lost with high card Ace
Seat 6: 0koun (small blind) showed [As 3d] and won ($0.12) with a pair of Threes
Seat 7: Dorex2007 (big blind) folded on the River



