PokerStars Hand #237976981554:  Hold'em No Limit ($0.02/$0.05 USD) - 2022/08/13 20:00:07 PT [2022/08/13 23:00:07 ET]
Table 'Salome II' 9-max Seat #3 is the button
Seat 1: Dorex2007 ($5 in chips) 
Seat 2: cubicroot ($4.84 in chips) 
Seat 3: WeNaSo_07 ($2.74 in chips) 
Seat 4: denisa706 ($5.11 in chips) 
Seat 5: only6-6lol ($7.98 in chips) 
Seat 7: chensucht ($4.52 in chips) 
Seat 8: abobora71 ($7.15 in chips) 
Seat 9: AArtSug ($5.83 in chips) 
denisa706: posts small blind $0.02
only6-6lol: posts big blind $0.05
Dorex2007: posts big blind $0.05
*** HOLE CARDS ***
Dealt to Dorex2007 [6h Th]
chensucht: folds 
abobora71: folds 
AArtSug: raises $0.08 to $0.13
Dorex2007: folds 
cubicroot: folds 
WeNaSo_07: folds 
denisa706: folds 
only6-6lol: calls $0.08
*** FLOP *** [Qh Ks Td]
only6-6lol: checks 
AArtSug: bets $0.18
only6-6lol: raises $0.68 to $0.86
AArtSug: folds 
Uncalled bet ($0.68) returned to only6-6lol
only6-6lol collected $0.66 from pot
*** SUMMARY ***
Total pot $0.69 | Rake $0.03 
Board [Qh Ks Td]
Seat 1: Dorex2007 folded before Flop (didn't bet)
Seat 2: cubicroot folded before Flop (didn't bet)
Seat 3: WeNaSo_07 (button) folded before Flop (didn't bet)
Seat 4: denisa706 (small blind) folded before Flop
Seat 5: only6-6lol (big blind) collected ($0.66)
Seat 7: chensucht folded before Flop (didn't bet)
Seat 8: abobora71 folded before Flop (didn't bet)
Seat 9: AArtSug folded on the Flop



PokerStars Hand #237976991838:  Hold'em No Limit ($0.02/$0.05 USD) - 2022/08/13 20:01:18 PT [2022/08/13 23:01:18 ET]
Table 'Salome II' 9-max Seat #4 is the button
Seat 1: Dorex2007 ($5 in chips) 
Seat 2: cubicroot ($4.84 in chips) 
Seat 3: WeNaSo_07 ($2.74 in chips) 
Seat 4: denisa706 ($5.09 in chips) 
Seat 5: only6-6lol ($8.33 in chips) 
Seat 7: chensucht ($4.52 in chips) 
Seat 8: abobora71 ($7.15 in chips) 
Seat 9: AArtSug ($5.52 in chips) 
only6-6lol: posts small blind $0.02
chensucht: posts big blind $0.05
*** HOLE CARDS ***
Dealt to Dorex2007 [Ts Kd]
abobora71: folds 
AArtSug: folds 
Dorex2007 has timed out
Dorex2007: folds 
cubicroot: folds 
WeNaSo_07: folds 
denisa706: folds 
only6-6lol: raises $0.10 to $0.15
chensucht: folds 
Uncalled bet ($0.10) returned to only6-6lol
only6-6lol collected $0.10 from pot
*** SUMMARY ***
Total pot $0.10 | Rake $0 
Seat 1: Dorex2007 folded before Flop (didn't bet)
Seat 2: cubicroot folded before Flop (didn't bet)
Seat 3: WeNaSo_07 folded before Flop (didn't bet)
Seat 4: denisa706 (button) folded before Flop (didn't bet)
Seat 5: only6-6lol (small blind) collected ($0.10)
Seat 7: chensucht (big blind) folded before Flop
Seat 8: abobora71 folded before Flop (didn't bet)
Seat 9: AArtSug folded before Flop (didn't bet)



PokerStars Hand #237976995444:  Hold'em No Limit ($0.02/$0.05 USD) - 2022/08/13 20:01:42 PT [2022/08/13 23:01:42 ET]
Table 'Salome II' 9-max Seat #5 is the button
Seat 1: Dorex2007 ($5 in chips) 
Seat 2: cubicroot ($4.84 in chips) 
Seat 3: WeNaSo_07 ($2.74 in chips) 
Seat 4: denisa706 ($5.09 in chips) 
Seat 5: only6-6lol ($8.38 in chips) 
Seat 7: chensucht ($4.47 in chips) 
Seat 8: abobora71 ($7.15 in chips) 
Seat 9: AArtSug ($5.52 in chips) 
chensucht: posts small blind $0.02
abobora71: posts big blind $0.05
*** HOLE CARDS ***
Dealt to Dorex2007 [9d 5d]
AArtSug: raises $0.08 to $0.13
Dorex2007: folds 
cubicroot: folds 
WeNaSo_07: calls $0.13
denisa706: folds 
only6-6lol: folds 
chensucht: calls $0.11
abobora71: folds 
*** FLOP *** [Js 3d Kh]
chensucht: checks 
AArtSug: bets $0.17
WeNaSo_07: folds 
chensucht: folds 
Uncalled bet ($0.17) returned to AArtSug
AArtSug collected $0.42 from pot
AArtSug: doesn't show hand 
*** SUMMARY ***
Total pot $0.44 | Rake $0.02 
Board [Js 3d Kh]
Seat 1: Dorex2007 folded before Flop (didn't bet)
Seat 2: cubicroot folded before Flop (didn't bet)
Seat 3: WeNaSo_07 folded on the Flop
Seat 4: denisa706 folded before Flop (didn't bet)
Seat 5: only6-6lol (button) folded before Flop (didn't bet)
Seat 7: chensucht (small blind) folded on the Flop
Seat 8: abobora71 (big blind) folded before Flop
Seat 9: AArtSug collected ($0.42)



PokerStars Hand #237977001028:  Hold'em No Limit ($0.02/$0.05 USD) - 2022/08/13 20:02:19 PT [2022/08/13 23:02:19 ET]
Table 'Salome II' 9-max Seat #7 is the button
Seat 1: Dorex2007 ($5 in chips) 
Seat 2: cubicroot ($4.84 in chips) 
Seat 3: WeNaSo_07 ($2.61 in chips) 
Seat 4: denisa706 ($5.09 in chips) 
Seat 5: only6-6lol ($8.38 in chips) 
Seat 7: chensucht ($4.34 in chips) 
Seat 8: abobora71 ($7.10 in chips) 
Seat 9: AArtSug ($5.81 in chips) 
abobora71: posts small blind $0.02
AArtSug: posts big blind $0.05
*** HOLE CARDS ***
Dealt to Dorex2007 [9c Jd]
Dorex2007: folds 
cubicroot: folds 
WeNaSo_07: folds 
denisa706: folds 
only6-6lol: raises $0.05 to $0.10
chensucht: folds 
abobora71: calls $0.08
AArtSug: calls $0.05
*** FLOP *** [Kh 6s As]
abobora71: checks 
AArtSug: checks 
only6-6lol: checks 
*** TURN *** [Kh 6s As] [Ks]
abobora71: checks 
AArtSug: bets $0.29
only6-6lol: folds 
abobora71: calls $0.29
*** RIVER *** [Kh 6s As Ks] [6h]
abobora71: checks 
AArtSug: bets $0.35
abobora71: folds 
Uncalled bet ($0.35) returned to AArtSug
AArtSug collected $0.84 from pot
AArtSug: doesn't show hand 
*** SUMMARY ***
Total pot $0.88 | Rake $0.04 
Board [Kh 6s As Ks 6h]
Seat 1: Dorex2007 folded before Flop (didn't bet)
Seat 2: cubicroot folded before Flop (didn't bet)
Seat 3: WeNaSo_07 folded before Flop (didn't bet)
Seat 4: denisa706 folded before Flop (didn't bet)
Seat 5: only6-6lol folded on the Turn
Seat 7: chensucht (button) folded before Flop (didn't bet)
Seat 8: abobora71 (small blind) folded on the River
Seat 9: AArtSug (big blind) collected ($0.84)



PokerStars Hand #237977011061:  Hold'em No Limit ($0.02/$0.05 USD) - 2022/08/13 20:03:25 PT [2022/08/13 23:03:25 ET]
Table 'Salome II' 9-max Seat #8 is the button
Seat 1: Dorex2007 ($5 in chips) 
Seat 2: cubicroot ($4.84 in chips) 
Seat 3: WeNaSo_07 ($2.61 in chips) 
Seat 4: denisa706 ($5.09 in chips) 
Seat 5: only6-6lol ($8.28 in chips) 
Seat 6: CTA Leonardo ($8.74 in chips) 
Seat 7: chensucht ($4.34 in chips) 
Seat 8: abobora71 ($6.71 in chips) 
Seat 9: AArtSug ($6.26 in chips) 
AArtSug: posts small blind $0.02
Dorex2007: posts big blind $0.05
CTA Leonardo: posts small & big blinds $0.07
*** HOLE CARDS ***
Dealt to Dorex2007 [Jd Ah]
cubicroot: folds 
WeNaSo_07: folds 
denisa706: folds 
only6-6lol: raises $0.05 to $0.10
CTA Leonardo: calls $0.05
chensucht: calls $0.10
abobora71: folds 
AArtSug: raises $0.32 to $0.42
Dorex2007: folds 
only6-6lol: calls $0.32
CTA Leonardo: folds 
chensucht: calls $0.32
*** FLOP *** [Jh 4s 2c]
AArtSug: bets $0.68
only6-6lol: folds 
chensucht: calls $0.68
*** TURN *** [Jh 4s 2c] [5d]
AArtSug: bets $1.33
chensucht: raises $1.52 to $2.85
AArtSug: raises $2.31 to $5.16 and is all-in
chensucht: calls $0.39 and is all-in
Uncalled bet ($1.92) returned to AArtSug
*** RIVER *** [Jh 4s 2c 5d] [Th]
*** SHOW DOWN ***
AArtSug: shows [Qs Js] (a pair of Jacks)
chensucht: shows [4d 4h] (three of a kind, Fours)
chensucht collected $8.89 from pot
*** SUMMARY ***
Total pot $9.27 | Rake $0.38 
Board [Jh 4s 2c 5d Th]
Seat 1: Dorex2007 (big blind) folded before Flop
Seat 2: cubicroot folded before Flop (didn't bet)
Seat 3: WeNaSo_07 folded before Flop (didn't bet)
Seat 4: denisa706 folded before Flop (didn't bet)
Seat 5: only6-6lol folded on the Flop
Seat 6: CTA Leonardo folded before Flop
Seat 7: chensucht showed [4d 4h] and won ($8.89) with three of a kind, Fours
Seat 8: abobora71 (button) folded before Flop (didn't bet)
Seat 9: AArtSug (small blind) showed [Qs Js] and lost with a pair of Jacks



PokerStars Hand #237977023742:  Hold'em No Limit ($0.02/$0.05 USD) - 2022/08/13 20:04:46 PT [2022/08/13 23:04:46 ET]
Table 'Salome II' 9-max Seat #9 is the button
Seat 1: Dorex2007 ($5 in chips) 
Seat 2: cubicroot ($4.84 in chips) 
Seat 3: WeNaSo_07 ($2.61 in chips) 
Seat 4: denisa706 ($5.09 in chips) 
Seat 5: only6-6lol ($7.86 in chips) 
Seat 6: CTA Leonardo ($8.62 in chips) 
Seat 7: chensucht ($8.89 in chips) 
Seat 8: abobora71 ($6.71 in chips) 
Seat 9: AArtSug ($1.92 in chips) 
Dorex2007: posts small blind $0.02
cubicroot: posts big blind $0.05
*** HOLE CARDS ***
Dealt to Dorex2007 [7c 7s]
WeNaSo_07: folds 
denisa706: raises $0.06 to $0.11
only6-6lol: calls $0.11
CTA Leonardo: calls $0.11
chensucht: folds 
abobora71: folds 
AArtSug: raises $1.81 to $1.92 and is all-in
Dorex2007: folds 
cubicroot: folds 
denisa706: folds 
only6-6lol: folds 
CTA Leonardo: folds 
Uncalled bet ($1.81) returned to AArtSug
AArtSug collected $0.51 from pot
AArtSug: doesn't show hand 
*** SUMMARY ***
Total pot $0.51 | Rake $0 
Seat 1: Dorex2007 (small blind) folded before Flop
Seat 2: cubicroot (big blind) folded before Flop
Seat 3: WeNaSo_07 folded before Flop (didn't bet)
Seat 4: denisa706 folded before Flop
Seat 5: only6-6lol folded before Flop
Seat 6: CTA Leonardo folded before Flop
Seat 7: chensucht folded before Flop (didn't bet)
Seat 8: abobora71 folded before Flop (didn't bet)
Seat 9: AArtSug (button) collected ($0.51)



PokerStars Hand #237977030210:  Hold'em No Limit ($0.02/$0.05 USD) - 2022/08/13 20:05:28 PT [2022/08/13 23:05:28 ET]
Table 'Salome II' 9-max Seat #1 is the button
Seat 1: Dorex2007 ($5 in chips) 
Seat 2: cubicroot ($4.79 in chips) 
Seat 3: WeNaSo_07 ($2.61 in chips) 
Seat 4: denisa706 ($5 in chips) 
Seat 5: only6-6lol ($7.75 in chips) 
Seat 6: CTA Leonardo ($8.51 in chips) 
Seat 7: chensucht ($8.89 in chips) 
Seat 8: abobora71 ($6.71 in chips) 
Seat 9: AArtSug ($2.32 in chips) 
cubicroot: posts small blind $0.02
WeNaSo_07: posts big blind $0.05
*** HOLE CARDS ***
Dealt to Dorex2007 [6h 2d]
denisa706: folds 
denisa706 leaves the table
only6-6lol: raises $0.05 to $0.10
CTA Leonardo: calls $0.10
chensucht: folds 
abobora71: folds 
AArtSug: folds 
Dorex2007: folds 
cubicroot: calls $0.08
WeNaSo_07: calls $0.05
*** FLOP *** [Ah Js 8h]
cubicroot: checks 
WeNaSo_07: checks 
AGVsmarT joins the table at seat #4 
only6-6lol: checks 
CTA Leonardo: checks 
*** TURN *** [Ah Js 8h] [4h]
cubicroot: checks 
WeNaSo_07: checks 
only6-6lol: checks 
CTA Leonardo: checks 
*** RIVER *** [Ah Js 8h 4h] [5s]
cubicroot: bets $0.05
WeNaSo_07: calls $0.05
only6-6lol: folds 
CTA Leonardo: calls $0.05
*** SHOW DOWN ***
cubicroot: shows [9d 8d] (a pair of Eights)
WeNaSo_07: shows [Jc 5c] (two pair, Jacks and Fives)
CTA Leonardo: mucks hand 
WeNaSo_07 collected $0.53 from pot
*** SUMMARY ***
Total pot $0.55 | Rake $0.02 
Board [Ah Js 8h 4h 5s]
Seat 1: Dorex2007 (button) folded before Flop (didn't bet)
Seat 2: cubicroot (small blind) showed [9d 8d] and lost with a pair of Eights
Seat 3: WeNaSo_07 (big blind) showed [Jc 5c] and won ($0.53) with two pair, Jacks and Fives
Seat 4: denisa706 folded before Flop (didn't bet)
Seat 5: only6-6lol folded on the River
Seat 6: CTA Leonardo mucked [6c 5d]
Seat 7: chensucht folded before Flop (didn't bet)
Seat 8: abobora71 folded before Flop (didn't bet)
Seat 9: AArtSug folded before Flop (didn't bet)



PokerStars Hand #237977040927:  Hold'em No Limit ($0.02/$0.05 USD) - 2022/08/13 20:06:38 PT [2022/08/13 23:06:38 ET]
Table 'Salome II' 9-max Seat #2 is the button
Seat 1: Dorex2007 ($5 in chips) 
Seat 2: cubicroot ($4.64 in chips) 
Seat 3: WeNaSo_07 ($2.99 in chips) 
Seat 4: AGVsmarT ($4 in chips) 
Seat 5: only6-6lol ($7.65 in chips) 
Seat 6: CTA Leonardo ($8.36 in chips) 
Seat 7: chensucht ($8.89 in chips) 
Seat 8: abobora71 ($6.71 in chips) 
Seat 9: AArtSug ($2.32 in chips) 
WeNaSo_07: posts small blind $0.02
AGVsmarT: posts big blind $0.05
*** HOLE CARDS ***
Dealt to Dorex2007 [9c Kd]
only6-6lol: folds 
CTA Leonardo: calls $0.05
chensucht: folds 
abobora71: folds 
AArtSug: raises $0.11 to $0.16
Dorex2007: folds 
cubicroot: folds 
WeNaSo_07: folds 
AGVsmarT: folds 
CTA Leonardo: calls $0.11
*** FLOP *** [Jh 7d Ts]
CTA Leonardo: bets $0.10
AArtSug: raises $0.57 to $0.67
CTA Leonardo: calls $0.57
*** TURN *** [Jh 7d Ts] [Kh]
CTA Leonardo: checks 
AArtSug: bets $1.49 and is all-in
CTA Leonardo: calls $1.49
*** RIVER *** [Jh 7d Ts Kh] [9d]
*** SHOW DOWN ***
CTA Leonardo: shows [Tc 9h] (two pair, Tens and Nines)
AArtSug: shows [Ad As] (a pair of Aces)
CTA Leonardo collected $4.51 from pot
*** SUMMARY ***
Total pot $4.71 | Rake $0.20 
Board [Jh 7d Ts Kh 9d]
Seat 1: Dorex2007 folded before Flop (didn't bet)
Seat 2: cubicroot (button) folded before Flop (didn't bet)
Seat 3: WeNaSo_07 (small blind) folded before Flop
Seat 4: AGVsmarT (big blind) folded before Flop
Seat 5: only6-6lol folded before Flop (didn't bet)
Seat 6: CTA Leonardo showed [Tc 9h] and won ($4.51) with two pair, Tens and Nines
Seat 7: chensucht folded before Flop (didn't bet)
Seat 8: abobora71 folded before Flop (didn't bet)
Seat 9: AArtSug showed [Ad As] and lost with a pair of Aces



PokerStars Hand #237977049910:  Hold'em No Limit ($0.02/$0.05 USD) - 2022/08/13 20:07:36 PT [2022/08/13 23:07:36 ET]
Table 'Salome II' 9-max Seat #3 is the button
Seat 1: Dorex2007 ($5 in chips) 
Seat 2: cubicroot ($4.64 in chips) 
Seat 3: WeNaSo_07 ($2.97 in chips) 
Seat 4: AGVsmarT ($3.95 in chips) 
Seat 5: only6-6lol ($7.65 in chips) 
Seat 6: CTA Leonardo ($10.55 in chips) 
Seat 7: chensucht ($8.89 in chips) 
Seat 8: abobora71 ($6.71 in chips) 
AGVsmarT: posts small blind $0.02
only6-6lol: posts big blind $0.05
*** HOLE CARDS ***
Dealt to Dorex2007 [4d Js]
AArtSug leaves the table
CTA Leonardo: folds 
chensucht: folds 
abobora71: folds 
Dorex2007: folds 
cubicroot: folds 
WeNaSo_07: folds 
AGVsmarT: folds 
Uncalled bet ($0.03) returned to only6-6lol
only6-6lol collected $0.04 from pot
*** SUMMARY ***
Total pot $0.04 | Rake $0 
Seat 1: Dorex2007 folded before Flop (didn't bet)
Seat 2: cubicroot folded before Flop (didn't bet)
Seat 3: WeNaSo_07 (button) folded before Flop (didn't bet)
Seat 4: AGVsmarT (small blind) folded before Flop
Seat 5: only6-6lol (big blind) collected ($0.04)
Seat 6: CTA Leonardo folded before Flop (didn't bet)
Seat 7: chensucht folded before Flop (didn't bet)
Seat 8: abobora71 folded before Flop (didn't bet)



PokerStars Hand #237977054462:  Hold'em No Limit ($0.02/$0.05 USD) - 2022/08/13 20:08:06 PT [2022/08/13 23:08:06 ET]
Table 'Salome II' 9-max Seat #4 is the button
Seat 1: Dorex2007 ($5 in chips) 
Seat 2: cubicroot ($4.64 in chips) 
Seat 3: WeNaSo_07 ($2.97 in chips) 
Seat 4: AGVsmarT ($3.93 in chips) 
Seat 5: only6-6lol ($7.67 in chips) 
Seat 6: CTA Leonardo ($10.55 in chips) 
Seat 7: chensucht ($8.89 in chips) 
Seat 8: abobora71 ($6.71 in chips) 
only6-6lol: posts small blind $0.02
CTA Leonardo: posts big blind $0.05
*** HOLE CARDS ***
Dealt to Dorex2007 [6c 9s]
chensucht: folds 
abobora71: calls $0.05
Dorex2007: folds 
cubicroot: calls $0.05
WeNaSo_07: calls $0.05
AGVsmarT: folds 
only6-6lol: calls $0.03
CTA Leonardo: checks 
*** FLOP *** [4h Td 5c]
only6-6lol: checks 
CTA Leonardo: bets $0.05
abobora71: folds 
cubicroot: folds 
WeNaSo_07: folds 
only6-6lol: calls $0.05
*** TURN *** [4h Td 5c] [8c]
only6-6lol: checks 
CTA Leonardo: bets $0.10
only6-6lol: folds 
Uncalled bet ($0.10) returned to CTA Leonardo
CTA Leonardo collected $0.34 from pot
*** SUMMARY ***
Total pot $0.35 | Rake $0.01 
Board [4h Td 5c 8c]
Seat 1: Dorex2007 folded before Flop (didn't bet)
Seat 2: cubicroot folded on the Flop
Seat 3: WeNaSo_07 folded on the Flop
Seat 4: AGVsmarT (button) folded before Flop (didn't bet)
Seat 5: only6-6lol (small blind) folded on the Turn
Seat 6: CTA Leonardo (big blind) collected ($0.34)
Seat 7: chensucht folded before Flop (didn't bet)
Seat 8: abobora71 folded on the Flop



PokerStars Hand #237977063329:  Hold'em No Limit ($0.02/$0.05 USD) - 2022/08/13 20:09:03 PT [2022/08/13 23:09:03 ET]
Table 'Salome II' 9-max Seat #5 is the button
Seat 1: Dorex2007 ($5 in chips) 
Seat 2: cubicroot ($4.59 in chips) 
Seat 3: WeNaSo_07 ($2.92 in chips) 
Seat 4: AGVsmarT ($3.93 in chips) 
Seat 5: only6-6lol ($7.57 in chips) 
Seat 6: CTA Leonardo ($10.79 in chips) 
Seat 7: chensucht ($8.89 in chips) 
Seat 8: abobora71 ($6.66 in chips) 
CTA Leonardo: posts small blind $0.02
chensucht: posts big blind $0.05
*** HOLE CARDS ***
Dealt to Dorex2007 [Th Js]
abobora71: folds 
Dorex2007: folds 
cubicroot: raises $0.05 to $0.10
WeNaSo_07: calls $0.10
AlessonOgro joins the table at seat #9 
AGVsmarT: folds 
only6-6lol: folds 
CTA Leonardo: calls $0.08
chensucht: folds 
*** FLOP *** [3d 4s Ts]
CTA Leonardo: checks 
cubicroot: checks 
WeNaSo_07: bets $0.18
CTA Leonardo: folds 
cubicroot: folds 
Uncalled bet ($0.18) returned to WeNaSo_07
WeNaSo_07 collected $0.34 from pot
WeNaSo_07: doesn't show hand 
*** SUMMARY ***
Total pot $0.35 | Rake $0.01 
Board [3d 4s Ts]
Seat 1: Dorex2007 folded before Flop (didn't bet)
Seat 2: cubicroot folded on the Flop
Seat 3: WeNaSo_07 collected ($0.34)
Seat 4: AGVsmarT folded before Flop (didn't bet)
Seat 5: only6-6lol (button) folded before Flop (didn't bet)
Seat 6: CTA Leonardo (small blind) folded on the Flop
Seat 7: chensucht (big blind) folded before Flop
Seat 8: abobora71 folded before Flop (didn't bet)



PokerStars Hand #237977071509:  Hold'em No Limit ($0.02/$0.05 USD) - 2022/08/13 20:09:57 PT [2022/08/13 23:09:57 ET]
Table 'Salome II' 9-max Seat #6 is the button
Seat 1: Dorex2007 ($5 in chips) 
Seat 2: cubicroot ($4.49 in chips) 
Seat 3: WeNaSo_07 ($3.16 in chips) 
Seat 4: AGVsmarT ($3.93 in chips) 
Seat 5: only6-6lol ($7.57 in chips) 
Seat 6: CTA Leonardo ($10.69 in chips) 
Seat 7: chensucht ($8.84 in chips) 
Seat 8: abobora71 ($6.66 in chips) 
chensucht: posts small blind $0.02
abobora71: posts big blind $0.05
AlessonOgro: sits out 
*** HOLE CARDS ***
Dealt to Dorex2007 [8c 3s]
Dorex2007: folds 
cubicroot: folds 
WeNaSo_07: folds 
AGVsmarT: folds 
only6-6lol: raises $0.05 to $0.10
CTA Leonardo: calls $0.10
chensucht: folds 
abobora71: calls $0.05
*** FLOP *** [5d Ks 8s]
abobora71: checks 
only6-6lol: checks 
CTA Leonardo: checks 
*** TURN *** [5d Ks 8s] [Kc]
abobora71: bets $0.21
only6-6lol: folds 
CTA Leonardo: folds 
Uncalled bet ($0.21) returned to abobora71
abobora71 collected $0.31 from pot
*** SUMMARY ***
Total pot $0.32 | Rake $0.01 
Board [5d Ks 8s Kc]
Seat 1: Dorex2007 folded before Flop (didn't bet)
Seat 2: cubicroot folded before Flop (didn't bet)
Seat 3: WeNaSo_07 folded before Flop (didn't bet)
Seat 4: AGVsmarT folded before Flop (didn't bet)
Seat 5: only6-6lol folded on the Turn
Seat 6: CTA Leonardo (button) folded on the Turn
Seat 7: chensucht (small blind) folded before Flop
Seat 8: abobora71 (big blind) collected ($0.31)



PokerStars Hand #237977078945:  Hold'em No Limit ($0.02/$0.05 USD) - 2022/08/13 20:10:46 PT [2022/08/13 23:10:46 ET]
Table 'Salome II' 9-max Seat #7 is the button
Seat 1: Dorex2007 ($5 in chips) 
Seat 2: cubicroot ($4.49 in chips) 
Seat 3: WeNaSo_07 ($3.16 in chips) 
Seat 4: AGVsmarT ($3.93 in chips) 
Seat 5: only6-6lol ($7.47 in chips) 
Seat 6: CTA Leonardo ($10.59 in chips) 
Seat 7: chensucht ($8.82 in chips) 
Seat 8: abobora71 ($6.87 in chips) 
Seat 9: AlessonOgro ($2 in chips) 
abobora71: posts small blind $0.02
AlessonOgro: posts big blind $0.05
*** HOLE CARDS ***
Dealt to Dorex2007 [3s 6c]
Dorex2007: folds 
cubicroot: folds 
WeNaSo_07: raises $0.10 to $0.15
AGVsmarT: folds 
only6-6lol: calls $0.15
CTA Leonardo: folds 
chensucht: folds 
abobora71: folds 
AlessonOgro: calls $0.10
*** FLOP *** [8d Ks 8s]
AlessonOgro: checks 
WeNaSo_07: bets $0.24
only6-6lol: folds 
AlessonOgro: folds 
Uncalled bet ($0.24) returned to WeNaSo_07
WeNaSo_07 collected $0.45 from pot
WeNaSo_07: doesn't show hand 
*** SUMMARY ***
Total pot $0.47 | Rake $0.02 
Board [8d Ks 8s]
Seat 1: Dorex2007 folded before Flop (didn't bet)
Seat 2: cubicroot folded before Flop (didn't bet)
Seat 3: WeNaSo_07 collected ($0.45)
Seat 4: AGVsmarT folded before Flop (didn't bet)
Seat 5: only6-6lol folded on the Flop
Seat 6: CTA Leonardo folded before Flop (didn't bet)
Seat 7: chensucht (button) folded before Flop (didn't bet)
Seat 8: abobora71 (small blind) folded before Flop
Seat 9: AlessonOgro (big blind) folded on the Flop



PokerStars Hand #237977086938:  Hold'em No Limit ($0.02/$0.05 USD) - 2022/08/13 20:11:35 PT [2022/08/13 23:11:35 ET]
Table 'Salome II' 9-max Seat #8 is the button
Seat 1: Dorex2007 ($5 in chips) 
Seat 2: cubicroot ($4.49 in chips) 
Seat 3: WeNaSo_07 ($3.46 in chips) 
Seat 4: AGVsmarT ($3.93 in chips) 
Seat 5: only6-6lol ($7.32 in chips) 
Seat 6: CTA Leonardo ($10.59 in chips) 
Seat 7: chensucht ($8.82 in chips) 
Seat 8: abobora71 ($6.85 in chips) 
Seat 9: AlessonOgro ($1.85 in chips) 
AlessonOgro: posts small blind $0.02
Dorex2007: posts big blind $0.05
*** HOLE CARDS ***
Dealt to Dorex2007 [7d 2d]
cubicroot: folds 
WeNaSo_07: folds 
AGVsmarT: folds 
only6-6lol: raises $0.05 to $0.10
CTA Leonardo: calls $0.10
chensucht: folds 
abobora71: folds 
AlessonOgro: folds 
Dorex2007: folds 
*** FLOP *** [5d As 5c]
only6-6lol: checks 
CTA Leonardo: checks 
*** TURN *** [5d As 5c] [7c]
only6-6lol: checks 
CTA Leonardo: checks 
*** RIVER *** [5d As 5c 7c] [5s]
only6-6lol: checks 
CTA Leonardo: bets $0.26
only6-6lol: folds 
Uncalled bet ($0.26) returned to CTA Leonardo
CTA Leonardo collected $0.26 from pot
*** SUMMARY ***
Total pot $0.27 | Rake $0.01 
Board [5d As 5c 7c 5s]
Seat 1: Dorex2007 (big blind) folded before Flop
Seat 2: cubicroot folded before Flop (didn't bet)
Seat 3: WeNaSo_07 folded before Flop (didn't bet)
Seat 4: AGVsmarT folded before Flop (didn't bet)
Seat 5: only6-6lol folded on the River
Seat 6: CTA Leonardo collected ($0.26)
Seat 7: chensucht folded before Flop (didn't bet)
Seat 8: abobora71 (button) folded before Flop (didn't bet)
Seat 9: AlessonOgro (small blind) folded before Flop



PokerStars Hand #237977100061:  Hold'em No Limit ($0.02/$0.05 USD) - 2022/08/13 20:12:22 PT [2022/08/13 23:12:22 ET]
Table 'Salome II' 9-max Seat #9 is the button
Seat 1: Dorex2007 ($5 in chips) 
Seat 2: cubicroot ($4.49 in chips) 
Seat 3: WeNaSo_07 ($3.46 in chips) 
Seat 4: AGVsmarT ($3.93 in chips) 
Seat 5: only6-6lol ($7.22 in chips) 
Seat 6: CTA Leonardo ($10.75 in chips) 
Seat 7: chensucht ($8.82 in chips) 
Seat 8: abobora71 ($6.85 in chips) 
Seat 9: AlessonOgro ($1.83 in chips) 
Dorex2007: posts small blind $0.02
cubicroot: posts big blind $0.05
*** HOLE CARDS ***
Dealt to Dorex2007 [Js 7d]
WeNaSo_07: folds 
AGVsmarT: raises $0.12 to $0.17
only6-6lol: calls $0.17
CTA Leonardo: folds 
chensucht: calls $0.17
abobora71: folds 
AlessonOgro: raises $0.75 to $0.92
Dorex2007: folds 
cubicroot: folds 
AGVsmarT: folds 
only6-6lol: calls $0.75
chensucht: folds 
*** FLOP *** [5s Ah 3c]
only6-6lol: checks 
AlessonOgro: bets $0.91 and is all-in
only6-6lol: calls $0.91
*** TURN *** [5s Ah 3c] [6d]
*** RIVER *** [5s Ah 3c 6d] [8s]
*** SHOW DOWN ***
only6-6lol: shows [9d 9s] (a pair of Nines)
AlessonOgro: shows [Jc As] (a pair of Aces)
only6-6lol cashed out the hand for $0.38
AlessonOgro cashed out the hand for $3.48 | Cash Out Fee $0.04
*** SUMMARY ***
Total pot $4.07 | Rake $0.17 
Board [5s Ah 3c 6d 8s]
Seat 1: Dorex2007 (small blind) folded before Flop
Seat 2: cubicroot (big blind) folded before Flop
Seat 3: WeNaSo_07 folded before Flop (didn't bet)
Seat 4: AGVsmarT folded before Flop
Seat 5: only6-6lol showed [9d 9s] and lost with a pair of Nines (cashed out).
Seat 6: CTA Leonardo folded before Flop (didn't bet)
Seat 7: chensucht folded before Flop
Seat 8: abobora71 folded before Flop (didn't bet)
Seat 9: AlessonOgro (button) showed [Jc As] and won ($3.90) with a pair of Aces (pot not awarded as player cashed out)



PokerStars Hand #237977117550:  Hold'em No Limit ($0.02/$0.05 USD) - 2022/08/13 20:13:43 PT [2022/08/13 23:13:43 ET]
Table 'Salome II' 9-max Seat #1 is the button
Seat 1: Dorex2007 ($5 in chips) 
Seat 2: cubicroot ($4.44 in chips) 
Seat 3: WeNaSo_07 ($3.46 in chips) 
Seat 4: AGVsmarT ($3.76 in chips) 
Seat 5: only6-6lol ($5.77 in chips) 
Seat 6: CTA Leonardo ($10.75 in chips) 
Seat 7: chensucht ($8.65 in chips) 
Seat 8: abobora71 ($6.85 in chips) 
Seat 9: AlessonOgro ($3.48 in chips) 
cubicroot: posts small blind $0.02
WeNaSo_07: posts big blind $0.05
*** HOLE CARDS ***
Dealt to Dorex2007 [3s Qc]
AGVsmarT: folds 
only6-6lol: raises $0.10 to $0.15
CTA Leonardo: folds 
chensucht: folds 
abobora71: folds 
AlessonOgro: folds 
Dorex2007: folds 
cubicroot: folds 
WeNaSo_07: calls $0.10
*** FLOP *** [4s 5c Ts]
WeNaSo_07: checks 
only6-6lol: checks 
*** TURN *** [4s 5c Ts] [8h]
WeNaSo_07: checks 
only6-6lol: checks 
*** RIVER *** [4s 5c Ts 8h] [Jd]
WeNaSo_07: bets $0.23
only6-6lol: folds 
Uncalled bet ($0.23) returned to WeNaSo_07
WeNaSo_07 collected $0.31 from pot
WeNaSo_07: doesn't show hand 
*** SUMMARY ***
Total pot $0.32 | Rake $0.01 
Board [4s 5c Ts 8h Jd]
Seat 1: Dorex2007 (button) folded before Flop (didn't bet)
Seat 2: cubicroot (small blind) folded before Flop
Seat 3: WeNaSo_07 (big blind) collected ($0.31)
Seat 4: AGVsmarT folded before Flop (didn't bet)
Seat 5: only6-6lol folded on the River
Seat 6: CTA Leonardo folded before Flop (didn't bet)
Seat 7: chensucht folded before Flop (didn't bet)
Seat 8: abobora71 folded before Flop (didn't bet)
Seat 9: AlessonOgro folded before Flop (didn't bet)



PokerStars Hand #237977126198:  Hold'em No Limit ($0.02/$0.05 USD) - 2022/08/13 20:14:39 PT [2022/08/13 23:14:39 ET]
Table 'Salome II' 9-max Seat #2 is the button
Seat 1: Dorex2007 ($5 in chips) 
Seat 2: cubicroot ($4.42 in chips) 
Seat 3: WeNaSo_07 ($3.62 in chips) 
Seat 4: AGVsmarT ($3.76 in chips) 
Seat 5: only6-6lol ($5.62 in chips) 
Seat 6: CTA Leonardo ($10.75 in chips) 
Seat 7: chensucht ($8.65 in chips) 
Seat 8: abobora71 ($6.85 in chips) 
Seat 9: AlessonOgro ($3.48 in chips) 
WeNaSo_07: posts small blind $0.02
AGVsmarT: posts big blind $0.05
*** HOLE CARDS ***
Dealt to Dorex2007 [3h 3d]
only6-6lol: calls $0.05
CTA Leonardo: calls $0.05
chensucht: folds 
abobora71: folds 
AlessonOgro: folds 
Dorex2007: folds 
cubicroot: calls $0.05
WeNaSo_07: calls $0.03
AGVsmarT: checks 
*** FLOP *** [Ac 3s 5s]
WeNaSo_07: checks 
AGVsmarT: bets $0.10
only6-6lol: folds 
CTA Leonardo: calls $0.10
cubicroot: calls $0.10
WeNaSo_07: folds 
*** TURN *** [Ac 3s 5s] [9h]
AGVsmarT: bets $0.05
CTA Leonardo: calls $0.05
cubicroot: raises $0.05 to $0.10
AGVsmarT: calls $0.05
CTA Leonardo: calls $0.05
*** RIVER *** [Ac 3s 5s 9h] [Ad]
AGVsmarT: checks 
CTA Leonardo: bets $0.10
cubicroot: raises $0.10 to $0.20
AGVsmarT: folds 
CTA Leonardo: calls $0.10
*** SHOW DOWN ***
cubicroot: shows [As 8s] (three of a kind, Aces)
CTA Leonardo: mucks hand 
cubicroot collected $1.20 from pot
*** SUMMARY ***
Total pot $1.25 | Rake $0.05 
Board [Ac 3s 5s 9h Ad]
Seat 1: Dorex2007 folded before Flop (didn't bet)
Seat 2: cubicroot (button) showed [As 8s] and won ($1.20) with three of a kind, Aces
Seat 3: WeNaSo_07 (small blind) folded on the Flop
Seat 4: AGVsmarT (big blind) folded on the River
Seat 5: only6-6lol folded on the Flop
Seat 6: CTA Leonardo mucked [Tc Kh]
Seat 7: chensucht folded before Flop (didn't bet)
Seat 8: abobora71 folded before Flop (didn't bet)
Seat 9: AlessonOgro folded before Flop (didn't bet)



PokerStars Hand #237977139707:  Hold'em No Limit ($0.02/$0.05 USD) - 2022/08/13 20:16:06 PT [2022/08/13 23:16:06 ET]
Table 'Salome II' 9-max Seat #3 is the button
Seat 1: Dorex2007 ($5 in chips) 
Seat 2: cubicroot ($5.17 in chips) 
Seat 3: WeNaSo_07 ($3.57 in chips) 
Seat 4: AGVsmarT ($3.51 in chips) 
Seat 5: only6-6lol ($5.57 in chips) 
Seat 6: CTA Leonardo ($10.30 in chips) 
Seat 7: chensucht ($8.65 in chips) 
Seat 8: abobora71 ($6.85 in chips) 
Seat 9: AlessonOgro ($3.48 in chips) 
AGVsmarT: posts small blind $0.02
only6-6lol: posts big blind $0.05
*** HOLE CARDS ***
Dealt to Dorex2007 [Th 8d]
CTA Leonardo: calls $0.05
chensucht: folds 
abobora71: folds 
AlessonOgro: folds 
Dorex2007: folds 
cubicroot: calls $0.05
WeNaSo_07: folds 
AGVsmarT: calls $0.03
only6-6lol: checks 
*** FLOP *** [Qc 2d Kh]
AGVsmarT: checks 
only6-6lol: checks 
CTA Leonardo: checks 
cubicroot: checks 
*** TURN *** [Qc 2d Kh] [Kc]
AGVsmarT: checks 
only6-6lol: checks 
CTA Leonardo: checks 
cubicroot: bets $0.10
AGVsmarT: folds 
only6-6lol: folds 
CTA Leonardo: folds 
Uncalled bet ($0.10) returned to cubicroot
cubicroot collected $0.19 from pot
cubicroot: doesn't show hand 
*** SUMMARY ***
Total pot $0.20 | Rake $0.01 
Board [Qc 2d Kh Kc]
Seat 1: Dorex2007 folded before Flop (didn't bet)
Seat 2: cubicroot collected ($0.19)
Seat 3: WeNaSo_07 (button) folded before Flop (didn't bet)
Seat 4: AGVsmarT (small blind) folded on the Turn
Seat 5: only6-6lol (big blind) folded on the Turn
Seat 6: CTA Leonardo folded on the Turn
Seat 7: chensucht folded before Flop (didn't bet)
Seat 8: abobora71 folded before Flop (didn't bet)
Seat 9: AlessonOgro folded before Flop (didn't bet)



PokerStars Hand #237977149121:  Hold'em No Limit ($0.02/$0.05 USD) - 2022/08/13 20:17:07 PT [2022/08/13 23:17:07 ET]
Table 'Salome II' 9-max Seat #4 is the button
Seat 1: Dorex2007 ($5 in chips) 
Seat 2: cubicroot ($5.31 in chips) 
Seat 3: WeNaSo_07 ($3.57 in chips) 
Seat 4: AGVsmarT ($3.46 in chips) 
Seat 5: only6-6lol ($5.52 in chips) 
Seat 6: CTA Leonardo ($10.25 in chips) 
Seat 7: chensucht ($8.65 in chips) 
Seat 8: abobora71 ($6.85 in chips) 
Seat 9: AlessonOgro ($3.48 in chips) 
only6-6lol: posts small blind $0.02
CTA Leonardo: posts big blind $0.05
*** HOLE CARDS ***
Dealt to Dorex2007 [Ks Td]
chensucht: folds 
abobora71: folds 
AlessonOgro: folds 
Dorex2007: folds 
cubicroot: raises $0.12 to $0.17
WeNaSo_07: calls $0.17
AGVsmarT: folds 
only6-6lol: calls $0.15
CTA Leonardo: calls $0.12
*** FLOP *** [4c 8s Jd]
only6-6lol: checks 
CTA Leonardo: checks 
cubicroot: bets $0.65
WeNaSo_07: folds 
only6-6lol: folds 
CTA Leonardo: folds 
Uncalled bet ($0.65) returned to cubicroot
cubicroot collected $0.65 from pot
cubicroot: doesn't show hand 
*** SUMMARY ***
Total pot $0.68 | Rake $0.03 
Board [4c 8s Jd]
Seat 1: Dorex2007 folded before Flop (didn't bet)
Seat 2: cubicroot collected ($0.65)
Seat 3: WeNaSo_07 folded on the Flop
Seat 4: AGVsmarT (button) folded before Flop (didn't bet)
Seat 5: only6-6lol (small blind) folded on the Flop
Seat 6: CTA Leonardo (big blind) folded on the Flop
Seat 7: chensucht folded before Flop (didn't bet)
Seat 8: abobora71 folded before Flop (didn't bet)
Seat 9: AlessonOgro folded before Flop (didn't bet)



PokerStars Hand #237977156382:  Hold'em No Limit ($0.02/$0.05 USD) - 2022/08/13 20:17:55 PT [2022/08/13 23:17:55 ET]
Table 'Salome II' 9-max Seat #5 is the button
Seat 1: Dorex2007 ($5 in chips) 
Seat 2: cubicroot ($5.79 in chips) 
Seat 3: WeNaSo_07 ($3.40 in chips) 
Seat 4: AGVsmarT ($3.46 in chips) 
Seat 5: only6-6lol ($5.35 in chips) 
Seat 6: CTA Leonardo ($10.08 in chips) 
Seat 7: chensucht ($8.65 in chips) 
Seat 8: abobora71 ($6.85 in chips) 
Seat 9: AlessonOgro ($3.48 in chips) 
CTA Leonardo: posts small blind $0.02
chensucht: posts big blind $0.05
*** HOLE CARDS ***
Dealt to Dorex2007 [Jc Jd]
abobora71: folds 
AlessonOgro: calls $0.05
Dorex2007: raises $0.10 to $0.15
cubicroot: folds 
WeNaSo_07: raises $0.30 to $0.45
AGVsmarT: folds 
only6-6lol: folds 
CTA Leonardo: folds 
chensucht: folds 
AlessonOgro: calls $0.40
Dorex2007: raises $4.55 to $5 and is all-in
WeNaSo_07: folds 
AlessonOgro: folds 
Uncalled bet ($4.55) returned to Dorex2007
Dorex2007 collected $1.42 from pot
Dorex2007: doesn't show hand 
*** SUMMARY ***
Total pot $1.42 | Rake $0 
Seat 1: Dorex2007 collected ($1.42)
Seat 2: cubicroot folded before Flop (didn't bet)
Seat 3: WeNaSo_07 folded before Flop
Seat 4: AGVsmarT folded before Flop (didn't bet)
Seat 5: only6-6lol (button) folded before Flop (didn't bet)
Seat 6: CTA Leonardo (small blind) folded before Flop
Seat 7: chensucht (big blind) folded before Flop
Seat 8: abobora71 folded before Flop (didn't bet)
Seat 9: AlessonOgro folded before Flop



PokerStars Hand #237977169594:  Hold'em No Limit ($0.02/$0.05 USD) - 2022/08/13 20:19:23 PT [2022/08/13 23:19:23 ET]
Table 'Salome II' 9-max Seat #6 is the button
Seat 1: Dorex2007 ($5.97 in chips) 
Seat 2: cubicroot ($5.79 in chips) 
Seat 4: AGVsmarT ($3.46 in chips) 
Seat 5: only6-6lol ($5.35 in chips) 
Seat 6: CTA Leonardo ($10.06 in chips) 
Seat 7: chensucht ($8.60 in chips) 
Seat 8: abobora71 ($6.85 in chips) 
Seat 9: AlessonOgro ($3.03 in chips) 
chensucht: posts small blind $0.02
abobora71: posts big blind $0.05
*** HOLE CARDS ***
Dealt to Dorex2007 [6h 6c]
AlessonOgro: folds 
Dorex2007: folds 
cubicroot: folds 
AlessonOgro leaves the table
AGVsmarT: folds 
only6-6lol: raises $0.05 to $0.10
CTA Leonardo: calls $0.10
chensucht: folds 
abobora71: folds 
*** FLOP *** [Jh Jc Jd]
only6-6lol: checks 
CTA Leonardo: checks 
*** TURN *** [Jh Jc Jd] [7s]
only6-6lol: checks 
CTA Leonardo: checks 
*** RIVER *** [Jh Jc Jd 7s] [As]
only6-6lol: bets $0.45
CTA Leonardo: folds 
Uncalled bet ($0.45) returned to only6-6lol
only6-6lol collected $0.26 from pot
*** SUMMARY ***
Total pot $0.27 | Rake $0.01 
Board [Jh Jc Jd 7s As]
Seat 1: Dorex2007 folded before Flop (didn't bet)
Seat 2: cubicroot folded before Flop (didn't bet)
Seat 4: AGVsmarT folded before Flop (didn't bet)
Seat 5: only6-6lol collected ($0.26)
Seat 6: CTA Leonardo (button) folded on the River
Seat 7: chensucht (small blind) folded before Flop
Seat 8: abobora71 (big blind) folded before Flop
Seat 9: AlessonOgro folded before Flop (didn't bet)



PokerStars Hand #237977176102:  Hold'em No Limit ($0.02/$0.05 USD) - 2022/08/13 20:20:07 PT [2022/08/13 23:20:07 ET]
Table 'Salome II' 9-max Seat #7 is the button
Seat 1: Dorex2007 ($5.97 in chips) 
Seat 2: cubicroot ($5.79 in chips) 
Seat 4: AGVsmarT ($3.46 in chips) 
Seat 5: only6-6lol ($5.51 in chips) 
Seat 6: CTA Leonardo ($9.96 in chips) 
Seat 7: chensucht ($8.58 in chips) 
Seat 8: abobora71 ($6.80 in chips) 
abobora71: posts small blind $0.02
Dorex2007: posts big blind $0.05
*** HOLE CARDS ***
Dealt to Dorex2007 [6d 4c]
cubicroot: folds 
AGVsmarT: folds 
LukeWinsGames joins the table at seat #9 
only6-6lol: folds 
CTA Leonardo: calls $0.05
chensucht: folds 
abobora71: calls $0.03
Dorex2007: checks 
*** FLOP *** [2d 6c 3h]
abobora71: checks 
Dorex2007: checks 
CTA Leonardo: checks 
*** TURN *** [2d 6c 3h] [4d]
abobora71: checks 
Dorex2007: bets $0.09
CTA Leonardo: calls $0.09
abobora71: folds 
*** RIVER *** [2d 6c 3h 4d] [7h]
Dorex2007: bets $0.16
CTA Leonardo: calls $0.16
*** SHOW DOWN ***
Dorex2007: shows [6d 4c] (two pair, Sixes and Fours)
CTA Leonardo: mucks hand 
Dorex2007 collected $0.62 from pot
*** SUMMARY ***
Total pot $0.65 | Rake $0.03 
Board [2d 6c 3h 4d 7h]
Seat 1: Dorex2007 (big blind) showed [6d 4c] and won ($0.62) with two pair, Sixes and Fours
Seat 2: cubicroot folded before Flop (didn't bet)
Seat 4: AGVsmarT folded before Flop (didn't bet)
Seat 5: only6-6lol folded before Flop (didn't bet)
Seat 6: CTA Leonardo mucked [4h 3s]
Seat 7: chensucht (button) folded before Flop (didn't bet)
Seat 8: abobora71 (small blind) folded on the Turn



PokerStars Hand #237977187181:  Hold'em No Limit ($0.02/$0.05 USD) - 2022/08/13 20:21:20 PT [2022/08/13 23:21:20 ET]
Table 'Salome II' 9-max Seat #8 is the button
Seat 1: Dorex2007 ($6.29 in chips) 
Seat 2: cubicroot ($5.79 in chips) 
Seat 4: AGVsmarT ($3.46 in chips) 
Seat 5: only6-6lol ($5.51 in chips) 
Seat 6: CTA Leonardo ($9.66 in chips) 
Seat 7: chensucht ($8.58 in chips) 
Seat 8: abobora71 ($6.75 in chips) 
Dorex2007: posts small blind $0.02
cubicroot: posts big blind $0.05
*** HOLE CARDS ***
Dealt to Dorex2007 [Ts 4h]
AGVsmarT: folds 
only6-6lol: calls $0.05
CTA Leonardo: folds 
chensucht: calls $0.05
abobora71: folds 
Dorex2007: folds 
cubicroot: checks 
*** FLOP *** [Th 5h Kh]
cubicroot: checks 
only6-6lol: checks 
chensucht: checks 
*** TURN *** [Th 5h Kh] [Ad]
cubicroot: checks 
only6-6lol: checks 
chensucht: checks 
*** RIVER *** [Th 5h Kh Ad] [As]
cubicroot: checks 
only6-6lol: checks 
chensucht: checks 
*** SHOW DOWN ***
cubicroot: shows [3d 8c] (a pair of Aces)
only6-6lol: shows [Qd 4s] (a pair of Aces - King+Queen kicker)
chensucht: mucks hand 
only6-6lol collected $0.16 from pot
*** SUMMARY ***
Total pot $0.17 | Rake $0.01 
Board [Th 5h Kh Ad As]
Seat 1: Dorex2007 (small blind) folded before Flop
Seat 2: cubicroot (big blind) showed [3d 8c] and lost with a pair of Aces
Seat 4: AGVsmarT folded before Flop (didn't bet)
Seat 5: only6-6lol showed [Qd 4s] and won ($0.16) with a pair of Aces
Seat 6: CTA Leonardo folded before Flop (didn't bet)
Seat 7: chensucht mucked [9d 7d]
Seat 8: abobora71 (button) folded before Flop (didn't bet)



PokerStars Hand #237977200809:  Hold'em No Limit ($0.02/$0.05 USD) - 2022/08/13 20:22:24 PT [2022/08/13 23:22:24 ET]
Table 'Salome II' 9-max Seat #1 is the button
Seat 1: Dorex2007 ($6.27 in chips) 
Seat 2: cubicroot ($5.74 in chips) 
Seat 4: AGVsmarT ($3.46 in chips) 
Seat 5: only6-6lol ($5.62 in chips) 
Seat 7: chensucht ($8.53 in chips) 
Seat 8: abobora71 ($6.75 in chips) 
cubicroot: posts small blind $0.02
AGVsmarT: posts big blind $0.05
LukeWinsGames: sits out 
*** HOLE CARDS ***
Dealt to Dorex2007 [Kc 5h]
only6-6lol: raises $0.05 to $0.10
chensucht: calls $0.10
abobora71: folds 
Dorex2007: folds 
cubicroot: folds 
AGVsmarT: calls $0.05
*** FLOP *** [Qh 7h 9s]
AGVsmarT: checks 
only6-6lol: checks 
chensucht: bets $0.20
AGVsmarT: folds 
only6-6lol: calls $0.20
*** TURN *** [Qh 7h 9s] [4d]
only6-6lol: checks 
chensucht: bets $0.35
only6-6lol: calls $0.35
*** RIVER *** [Qh 7h 9s 4d] [7s]
only6-6lol: checks 
chensucht: checks 
*** SHOW DOWN ***
only6-6lol: shows [2h Ah] (a pair of Sevens)
chensucht: shows [3s 3h] (two pair, Sevens and Threes)
chensucht collected $1.36 from pot
*** SUMMARY ***
Total pot $1.42 | Rake $0.06 
Board [Qh 7h 9s 4d 7s]
Seat 1: Dorex2007 (button) folded before Flop (didn't bet)
Seat 2: cubicroot (small blind) folded before Flop
Seat 4: AGVsmarT (big blind) folded on the Flop
Seat 5: only6-6lol showed [2h Ah] and lost with a pair of Sevens
Seat 7: chensucht showed [3s 3h] and won ($1.36) with two pair, Sevens and Threes
Seat 8: abobora71 folded before Flop (didn't bet)



PokerStars Hand #237977209383:  Hold'em No Limit ($0.02/$0.05 USD) - 2022/08/13 20:23:21 PT [2022/08/13 23:23:21 ET]
Table 'Salome II' 9-max Seat #2 is the button
Seat 1: Dorex2007 ($6.27 in chips) 
Seat 2: cubicroot ($5.72 in chips) 
Seat 4: AGVsmarT ($3.36 in chips) 
Seat 5: only6-6lol ($4.97 in chips) 
Seat 7: chensucht ($9.24 in chips) 
Seat 8: abobora71 ($6.75 in chips) 
AGVsmarT: posts small blind $0.02
only6-6lol: posts big blind $0.05
LukeWinsGames: sits out 
*** HOLE CARDS ***
Dealt to Dorex2007 [Qs Ks]
chensucht: folds 
WeNaSo_07 leaves the table
abobora71: folds 
Dorex2007: raises $0.10 to $0.15
cubicroot: folds 
AGVsmarT: calls $0.13
only6-6lol: calls $0.10
*** FLOP *** [Jd 4s 9d]
AGVsmarT: checks 
only6-6lol: checks 
Dorex2007: checks 
*** TURN *** [Jd 4s 9d] [9s]
AGVsmarT: bets $0.10
only6-6lol: folds 
Dorex2007: folds 
Uncalled bet ($0.10) returned to AGVsmarT
AGVsmarT collected $0.43 from pot
*** SUMMARY ***
Total pot $0.45 | Rake $0.02 
Board [Jd 4s 9d 9s]
Seat 1: Dorex2007 folded on the Turn
Seat 2: cubicroot (button) folded before Flop (didn't bet)
Seat 4: AGVsmarT (small blind) collected ($0.43)
Seat 5: only6-6lol (big blind) folded on the Turn
Seat 7: chensucht folded before Flop (didn't bet)
Seat 8: abobora71 folded before Flop (didn't bet)



PokerStars Hand #237977216118:  Hold'em No Limit ($0.02/$0.05 USD) - 2022/08/13 20:24:07 PT [2022/08/13 23:24:07 ET]
Table 'Salome II' 9-max Seat #4 is the button
Seat 1: Dorex2007 ($6.12 in chips) 
Seat 2: cubicroot ($5.72 in chips) 
Seat 4: AGVsmarT ($3.64 in chips) 
Seat 5: only6-6lol ($4.82 in chips) 
Seat 7: chensucht ($9.24 in chips) 
Seat 8: abobora71 ($6.75 in chips) 
only6-6lol: posts small blind $0.02
chensucht: posts big blind $0.05
LukeWinsGames: sits out 
*** HOLE CARDS ***
Dealt to Dorex2007 [9c 2c]
abobora71: folds 
Dorex2007: folds 
cubicroot has timed out
cubicroot: folds 
AGVsmarT: folds 
only6-6lol: raises $0.05 to $0.10
chensucht: calls $0.05
*** FLOP *** [4s Qh Jh]
only6-6lol: checks 
chensucht: checks 
*** TURN *** [4s Qh Jh] [5c]
only6-6lol: checks 
chensucht: checks 
*** RIVER *** [4s Qh Jh 5c] [3c]
only6-6lol: checks 
chensucht: checks 
*** SHOW DOWN ***
only6-6lol: shows [As 4d] (a pair of Fours)
chensucht: mucks hand 
only6-6lol collected $0.19 from pot
*** SUMMARY ***
Total pot $0.20 | Rake $0.01 
Board [4s Qh Jh 5c 3c]
Seat 1: Dorex2007 folded before Flop (didn't bet)
Seat 2: cubicroot folded before Flop (didn't bet)
Seat 4: AGVsmarT (button) folded before Flop (didn't bet)
Seat 5: only6-6lol (small blind) showed [As 4d] and won ($0.19) with a pair of Fours
Seat 7: chensucht (big blind) mucked [7s Ts]
Seat 8: abobora71 folded before Flop (didn't bet)



PokerStars Hand #237977231396:  Hold'em No Limit ($0.02/$0.05 USD) - 2022/08/13 20:24:53 PT [2022/08/13 23:24:53 ET]
Table 'Salome II' 9-max Seat #5 is the button
Seat 1: Dorex2007 ($6.12 in chips) 
Seat 2: cubicroot ($5.72 in chips) 
Seat 4: AGVsmarT ($3.64 in chips) 
Seat 5: only6-6lol ($4.91 in chips) 
Seat 7: chensucht ($9.14 in chips) 
Seat 8: abobora71 ($6.75 in chips) 
chensucht: posts small blind $0.02
abobora71: posts big blind $0.05
LukeWinsGames: sits out 
*** HOLE CARDS ***
Dealt to Dorex2007 [Kh Tc]
Dorex2007 has timed out
Dorex2007: folds 
cubicroot: folds 
AGVsmarT: folds 
only6-6lol: raises $0.12 to $0.17
chensucht: folds 
abobora71: folds 
Uncalled bet ($0.12) returned to only6-6lol
only6-6lol collected $0.12 from pot
*** SUMMARY ***
Total pot $0.12 | Rake $0 
Seat 1: Dorex2007 folded before Flop (didn't bet)
Seat 2: cubicroot folded before Flop (didn't bet)
Seat 4: AGVsmarT folded before Flop (didn't bet)
Seat 5: only6-6lol (button) collected ($0.12)
Seat 7: chensucht (small blind) folded before Flop
Seat 8: abobora71 (big blind) folded before Flop



PokerStars Hand #237977235794:  Hold'em No Limit ($0.02/$0.05 USD) - 2022/08/13 20:25:23 PT [2022/08/13 23:25:23 ET]
Table 'Salome II' 9-max Seat #7 is the button
Seat 1: Dorex2007 ($6.12 in chips) 
Seat 2: cubicroot ($5.72 in chips) 
Seat 4: AGVsmarT ($3.64 in chips) 
Seat 5: only6-6lol ($4.98 in chips) 
Seat 7: chensucht ($9.12 in chips) 
Seat 8: abobora71 ($6.70 in chips) 
Seat 9: LukeWinsGames ($5 in chips) 
abobora71: posts small blind $0.02
LukeWinsGames: posts big blind $0.05
*** HOLE CARDS ***
Dealt to Dorex2007 [9c 5s]
Dorex2007 has timed out
Dorex2007: folds 
cubicroot: folds 
AGVsmarT: calls $0.05
AntonioBabic98 joins the table at seat #3 
only6-6lol: raises $0.05 to $0.10
chensucht: folds 
abobora71: folds 
LukeWinsGames: folds 
AGVsmarT: calls $0.05
*** FLOP *** [9h Kh Td]
AGVsmarT: bets $0.26
only6-6lol: folds 
Uncalled bet ($0.26) returned to AGVsmarT
AGVsmarT collected $0.26 from pot
*** SUMMARY ***
Total pot $0.27 | Rake $0.01 
Board [9h Kh Td]
Seat 1: Dorex2007 folded before Flop (didn't bet)
Seat 2: cubicroot folded before Flop (didn't bet)
Seat 4: AGVsmarT collected ($0.26)
Seat 5: only6-6lol folded on the Flop
Seat 7: chensucht (button) folded before Flop (didn't bet)
Seat 8: abobora71 (small blind) folded before Flop
Seat 9: LukeWinsGames (big blind) folded before Flop



PokerStars Hand #237977242665:  Hold'em No Limit ($0.02/$0.05 USD) - 2022/08/13 20:26:08 PT [2022/08/13 23:26:08 ET]
Table 'Salome II' 9-max Seat #8 is the button
Seat 1: Dorex2007 ($6.12 in chips) 
Seat 2: cubicroot ($5.72 in chips) 
Seat 4: AGVsmarT ($3.80 in chips) 
Seat 5: only6-6lol ($4.88 in chips) 
Seat 7: chensucht ($9.12 in chips) 
Seat 8: abobora71 ($6.68 in chips) 
Seat 9: LukeWinsGames ($5 in chips) 
LukeWinsGames: posts small blind $0.02
Dorex2007: posts big blind $0.05
AntonioBabic98: sits out 
*** HOLE CARDS ***
Dealt to Dorex2007 [6c 9h]
cubicroot: folds 
AGVsmarT: folds 
only6-6lol: raises $0.05 to $0.10
chensucht: calls $0.10
abobora71: folds 
LukeWinsGames: calls $0.08
Dorex2007: folds 
*** FLOP *** [6h 7d Ac]
LukeWinsGames: checks 
only6-6lol: checks 
chensucht: bets $0.20
LukeWinsGames: calls $0.20
only6-6lol: folds 
*** TURN *** [6h 7d Ac] [6d]
LukeWinsGames: checks 
chensucht: bets $0.40
LukeWinsGames: folds 
Uncalled bet ($0.40) returned to chensucht
chensucht collected $0.72 from pot
*** SUMMARY ***
Total pot $0.75 | Rake $0.03 
Board [6h 7d Ac 6d]
Seat 1: Dorex2007 (big blind) folded before Flop
Seat 2: cubicroot folded before Flop (didn't bet)
Seat 4: AGVsmarT folded before Flop (didn't bet)
Seat 5: only6-6lol folded on the Flop
Seat 7: chensucht collected ($0.72)
Seat 8: abobora71 (button) folded before Flop (didn't bet)
Seat 9: LukeWinsGames (small blind) folded on the Turn



PokerStars Hand #237977254713:  Hold'em No Limit ($0.02/$0.05 USD) - 2022/08/13 20:27:30 PT [2022/08/13 23:27:30 ET]
Table 'Salome II' 9-max Seat #9 is the button
Seat 1: Dorex2007 ($6.07 in chips) 
Seat 2: cubicroot ($5.72 in chips) 
Seat 4: AGVsmarT ($3.80 in chips) 
Seat 5: only6-6lol ($4.78 in chips) 
Seat 7: chensucht ($9.54 in chips) 
Seat 8: abobora71 ($6.68 in chips) 
Seat 9: LukeWinsGames ($5 in chips) 
Dorex2007: posts small blind $0.02
cubicroot: posts big blind $0.05
AntonioBabic98: sits out 
*** HOLE CARDS ***
Dealt to Dorex2007 [Ac Qd]
AGVsmarT: folds 
only6-6lol: raises $0.05 to $0.10
chensucht: folds 
abobora71: folds 
LukeWinsGames: folds 
Dorex2007: calls $0.08
cubicroot: calls $0.05
*** FLOP *** [5h 9h Jh]
Dorex2007: checks 
cubicroot: checks 
only6-6lol: checks 
*** TURN *** [5h 9h Jh] [3h]
Dorex2007: checks 
cubicroot: checks 
only6-6lol: checks 
*** RIVER *** [5h 9h Jh 3h] [Qc]
Dorex2007: checks 
cubicroot: checks 
only6-6lol: bets $0.29
Dorex2007: folds 
cubicroot: folds 
Uncalled bet ($0.29) returned to only6-6lol
only6-6lol collected $0.29 from pot
*** SUMMARY ***
Total pot $0.30 | Rake $0.01 
Board [5h 9h Jh 3h Qc]
Seat 1: Dorex2007 (small blind) folded on the River
Seat 2: cubicroot (big blind) folded on the River
Seat 4: AGVsmarT folded before Flop (didn't bet)
Seat 5: only6-6lol collected ($0.29)
Seat 7: chensucht folded before Flop (didn't bet)
Seat 8: abobora71 folded before Flop (didn't bet)
Seat 9: LukeWinsGames (button) folded before Flop (didn't bet)



PokerStars Hand #237977265565:  Hold'em No Limit ($0.02/$0.05 USD) - 2022/08/13 20:28:42 PT [2022/08/13 23:28:42 ET]
Table 'Salome II' 9-max Seat #1 is the button
Seat 1: Dorex2007 ($5.97 in chips) 
Seat 2: cubicroot ($5.62 in chips) 
Seat 3: AntonioBabic98 ($5 in chips) 
Seat 4: AGVsmarT ($3.80 in chips) 
Seat 5: only6-6lol ($4.97 in chips) 
Seat 7: chensucht ($9.54 in chips) 
Seat 8: abobora71 ($6.68 in chips) 
Seat 9: LukeWinsGames ($5 in chips) 
cubicroot: posts small blind $0.02
AntonioBabic98: posts big blind $0.05
*** HOLE CARDS ***
Dealt to Dorex2007 [5c Ad]
AGVsmarT has timed out
AGVsmarT: folds 
only6-6lol: raises $0.05 to $0.10
chensucht: folds 
abobora71: folds 
LukeWinsGames: folds 
Dorex2007: folds 
cubicroot: folds 
AntonioBabic98: folds 
Uncalled bet ($0.05) returned to only6-6lol
cubicroot leaves the table
only6-6lol collected $0.12 from pot
*** SUMMARY ***
Total pot $0.12 | Rake $0 
Seat 1: Dorex2007 (button) folded before Flop (didn't bet)
Seat 2: cubicroot (small blind) folded before Flop
Seat 3: AntonioBabic98 (big blind) folded before Flop
Seat 4: AGVsmarT folded before Flop (didn't bet)
Seat 5: only6-6lol collected ($0.12)
Seat 7: chensucht folded before Flop (didn't bet)
Seat 8: abobora71 folded before Flop (didn't bet)
Seat 9: LukeWinsGames folded before Flop (didn't bet)



PokerStars Hand #237977269551:  Hold'em No Limit ($0.02/$0.05 USD) - 2022/08/13 20:29:10 PT [2022/08/13 23:29:10 ET]
Table 'Salome II' 9-max Seat #3 is the button
Seat 1: Dorex2007 ($5.97 in chips) 
Seat 3: AntonioBabic98 ($4.95 in chips) 
Seat 4: AGVsmarT ($3.80 in chips) 
Seat 5: only6-6lol ($5.04 in chips) 
Seat 7: chensucht ($9.54 in chips) 
Seat 8: abobora71 ($6.68 in chips) 
Seat 9: LukeWinsGames ($5 in chips) 
AGVsmarT: posts small blind $0.02
only6-6lol: posts big blind $0.05
*** HOLE CARDS ***
Dealt to Dorex2007 [8c Kh]
chensucht: folds 
abobora71: folds 
LukeWinsGames: folds 
Dorex2007: folds 
AntonioBabic98: folds 
AGVsmarT: calls $0.03
only6-6lol: checks 
*** FLOP *** [Th 3h As]
AGVsmarT: checks 
only6-6lol: checks 
*** TURN *** [Th 3h As] [8d]
AGVsmarT: checks 
only6-6lol: checks 
*** RIVER *** [Th 3h As 8d] [5h]
AGVsmarT: checks 
only6-6lol: bets $0.30
AGVsmarT: folds 
Uncalled bet ($0.30) returned to only6-6lol
only6-6lol collected $0.10 from pot
*** SUMMARY ***
Total pot $0.10 | Rake $0 
Board [Th 3h As 8d 5h]
Seat 1: Dorex2007 folded before Flop (didn't bet)
Seat 3: AntonioBabic98 (button) folded before Flop (didn't bet)
Seat 4: AGVsmarT (small blind) folded on the River
Seat 5: only6-6lol (big blind) collected ($0.10)
Seat 7: chensucht folded before Flop (didn't bet)
Seat 8: abobora71 folded before Flop (didn't bet)
Seat 9: LukeWinsGames folded before Flop (didn't bet)



PokerStars Hand #237977277478:  Hold'em No Limit ($0.02/$0.05 USD) - 2022/08/13 20:30:02 PT [2022/08/13 23:30:02 ET]
Table 'Salome II' 9-max Seat #4 is the button
Seat 1: Dorex2007 ($5.97 in chips) 
Seat 3: AntonioBabic98 ($4.95 in chips) 
Seat 4: AGVsmarT ($3.75 in chips) 
Seat 5: only6-6lol ($5.09 in chips) 
Seat 7: chensucht ($9.54 in chips) 
Seat 8: abobora71 ($6.68 in chips) 
Seat 9: LukeWinsGames ($5 in chips) 
only6-6lol: posts small blind $0.02
chensucht: posts big blind $0.05
*** HOLE CARDS ***
Dealt to Dorex2007 [Jd Tc]
abobora71: folds 
LukeWinsGames: folds 
Dorex2007: folds 
AntonioBabic98: folds 
AGVsmarT: folds 
only6-6lol: calls $0.03
chensucht: checks 
*** FLOP *** [As 7d 2c]
only6-6lol: checks 
chensucht: bets $0.05
only6-6lol: calls $0.05
*** TURN *** [As 7d 2c] [Ad]
only6-6lol: checks 
chensucht: bets $0.10
only6-6lol: calls $0.10
*** RIVER *** [As 7d 2c Ad] [9s]
only6-6lol: checks 
chensucht: checks 
*** SHOW DOWN ***
only6-6lol: shows [Qc 7c] (two pair, Aces and Sevens)
chensucht: shows [2d 9d] (two pair, Aces and Nines)
chensucht collected $0.38 from pot
*** SUMMARY ***
Total pot $0.40 | Rake $0.02 
Board [As 7d 2c Ad 9s]
Seat 1: Dorex2007 folded before Flop (didn't bet)
Seat 3: AntonioBabic98 folded before Flop (didn't bet)
Seat 4: AGVsmarT (button) folded before Flop (didn't bet)
Seat 5: only6-6lol (small blind) showed [Qc 7c] and lost with two pair, Aces and Sevens
Seat 7: chensucht (big blind) showed [2d 9d] and won ($0.38) with two pair, Aces and Nines
Seat 8: abobora71 folded before Flop (didn't bet)
Seat 9: LukeWinsGames folded before Flop (didn't bet)



PokerStars Hand #237977286126:  Hold'em No Limit ($0.02/$0.05 USD) - 2022/08/13 20:31:00 PT [2022/08/13 23:31:00 ET]
Table 'Salome II' 9-max Seat #5 is the button
Seat 1: Dorex2007 ($5.97 in chips) 
Seat 3: AntonioBabic98 ($4.95 in chips) 
Seat 4: AGVsmarT ($3.75 in chips) 
Seat 5: only6-6lol ($4.89 in chips) 
Seat 7: chensucht ($9.72 in chips) 
Seat 8: abobora71 ($6.68 in chips) 
Seat 9: LukeWinsGames ($5 in chips) 
chensucht: posts small blind $0.02
abobora71: posts big blind $0.05
*** HOLE CARDS ***
Dealt to Dorex2007 [Qh Jh]
LukeWinsGames: folds 
Dorex2007: calls $0.05
AntonioBabic98: folds 
AGVsmarT: folds 
only6-6lol: raises $0.05 to $0.10
chensucht: calls $0.08
abobora71: folds 
Dorex2007: calls $0.05
*** FLOP *** [5c 2c 7s]
chensucht: checks 
Dorex2007: checks 
only6-6lol: checks 
*** TURN *** [5c 2c 7s] [9h]
chensucht: checks 
Dorex2007: checks 
only6-6lol: bets $0.05
chensucht: folds 
Dorex2007: folds 
Uncalled bet ($0.05) returned to only6-6lol
only6-6lol collected $0.34 from pot
*** SUMMARY ***
Total pot $0.35 | Rake $0.01 
Board [5c 2c 7s 9h]
Seat 1: Dorex2007 folded on the Turn
Seat 3: AntonioBabic98 folded before Flop (didn't bet)
Seat 4: AGVsmarT folded before Flop (didn't bet)
Seat 5: only6-6lol (button) collected ($0.34)
Seat 7: chensucht (small blind) folded on the Turn
Seat 8: abobora71 (big blind) folded before Flop
Seat 9: LukeWinsGames folded before Flop (didn't bet)



PokerStars Hand #237977295634:  Hold'em No Limit ($0.02/$0.05 USD) - 2022/08/13 20:32:05 PT [2022/08/13 23:32:05 ET]
Table 'Salome II' 9-max Seat #7 is the button
Seat 1: Dorex2007 ($5.87 in chips) 
Seat 3: AntonioBabic98 ($4.95 in chips) 
Seat 4: AGVsmarT ($3.75 in chips) 
Seat 5: only6-6lol ($5.13 in chips) 
Seat 7: chensucht ($9.62 in chips) 
Seat 8: abobora71 ($6.63 in chips) 
Seat 9: LukeWinsGames ($5 in chips) 
abobora71: posts small blind $0.02
LukeWinsGames: posts big blind $0.05
*** HOLE CARDS ***
Dealt to Dorex2007 [2d 5d]
Dorex2007: folds 
AntonioBabic98: folds 
AGVsmarT: folds 
only6-6lol: raises $0.05 to $0.10
chensucht: calls $0.10
abobora71: folds 
LukeWinsGames: calls $0.05
*** FLOP *** [9d 3h 2h]
LukeWinsGames: checks 
only6-6lol: checks 
chensucht: checks 
*** TURN *** [9d 3h 2h] [Qd]
LukeWinsGames: checks 
only6-6lol: checks 
chensucht: bets $0.20
ric67 joins the table at seat #2 
LukeWinsGames: folds 
only6-6lol: calls $0.20
*** RIVER *** [9d 3h 2h Qd] [6d]
only6-6lol: checks 
chensucht: checks 
*** SHOW DOWN ***
only6-6lol: shows [4c 9s] (a pair of Nines)
chensucht: shows [Th Qc] (a pair of Queens)
chensucht collected $0.69 from pot
*** SUMMARY ***
Total pot $0.72 | Rake $0.03 
Board [9d 3h 2h Qd 6d]
Seat 1: Dorex2007 folded before Flop (didn't bet)
Seat 3: AntonioBabic98 folded before Flop (didn't bet)
Seat 4: AGVsmarT folded before Flop (didn't bet)
Seat 5: only6-6lol showed [4c 9s] and lost with a pair of Nines
Seat 7: chensucht (button) showed [Th Qc] and won ($0.69) with a pair of Queens
Seat 8: abobora71 (small blind) folded before Flop
Seat 9: LukeWinsGames (big blind) folded on the Turn



PokerStars Hand #237977306583:  Hold'em No Limit ($0.02/$0.05 USD) - 2022/08/13 20:33:19 PT [2022/08/13 23:33:19 ET]
Table 'Salome II' 9-max Seat #9 is the button
Seat 1: Dorex2007 ($5.87 in chips) 
Seat 2: ric67 ($5 in chips) 
Seat 3: AntonioBabic98 ($4.95 in chips) 
Seat 4: AGVsmarT ($3.75 in chips) 
Seat 5: only6-6lol ($4.83 in chips) 
Seat 6: CTA Leonardo ($9.66 in chips) 
Seat 7: chensucht ($10.01 in chips) 
Seat 9: LukeWinsGames ($5 in chips) 
Dorex2007: posts small blind $0.02
ric67: posts big blind $0.05
CTA Leonardo: posts small & big blinds $0.07
*** HOLE CARDS ***
Dealt to Dorex2007 [4c 8h]
AntonioBabic98: folds 
AGVsmarT: calls $0.05
only6-6lol: calls $0.05
CTA Leonardo: checks 
chensucht: raises $0.10 to $0.15
LukeWinsGames: calls $0.15
Dorex2007: folds 
ric67: folds 
AGVsmarT: calls $0.10
only6-6lol: calls $0.10
CTA Leonardo: calls $0.10
*** FLOP *** [9s 4h Jh]
AGVsmarT: checks 
only6-6lol: checks 
CTA Leonardo: checks 
chensucht: bets $0.45
LukeWinsGames: calls $0.45
AGVsmarT: folds 
only6-6lol: folds 
CTA Leonardo: calls $0.45
*** TURN *** [9s 4h Jh] [Ts]
CTA Leonardo: checks 
chensucht: checks 
LukeWinsGames: bets $0.60
CTA Leonardo: calls $0.60
chensucht: calls $0.60
*** RIVER *** [9s 4h Jh Ts] [6c]
CTA Leonardo: bets $1.91
chensucht: folds 
LukeWinsGames: raises $1.89 to $3.80 and is all-in
CTA Leonardo: calls $1.89
*** SHOW DOWN ***
LukeWinsGames: shows [Kd Qh] (a straight, Nine to King)
CTA Leonardo: shows [Ad Jc] (a pair of Jacks)
LukeWinsGames collected $11.11 from pot
*** SUMMARY ***
Total pot $11.59 | Rake $0.48 
Board [9s 4h Jh Ts 6c]
Seat 1: Dorex2007 (small blind) folded before Flop
Seat 2: ric67 (big blind) folded before Flop
Seat 3: AntonioBabic98 folded before Flop (didn't bet)
Seat 4: AGVsmarT folded on the Flop
Seat 5: only6-6lol folded on the Flop
Seat 6: CTA Leonardo showed [Ad Jc] and lost with a pair of Jacks
Seat 7: chensucht folded on the River
Seat 9: LukeWinsGames (button) showed [Kd Qh] and won ($11.11) with a straight, Nine to King



PokerStars Hand #237977332718:  Hold'em No Limit ($0.02/$0.05 USD) - 2022/08/13 20:35:15 PT [2022/08/13 23:35:15 ET]
Table 'Salome II' 9-max Seat #1 is the button
Seat 1: Dorex2007 ($5.85 in chips) 
Seat 2: ric67 ($4.95 in chips) 
Seat 3: AntonioBabic98 ($4.95 in chips) 
Seat 4: AGVsmarT ($3.60 in chips) 
Seat 5: only6-6lol ($4.68 in chips) 
Seat 6: CTA Leonardo ($4.64 in chips) 
Seat 7: chensucht ($8.81 in chips) 
Seat 8: abobora71 ($6.61 in chips) 
Seat 9: LukeWinsGames ($11.11 in chips) 
ric67: posts small blind $0.02
AntonioBabic98: posts big blind $0.05
*** HOLE CARDS ***
Dealt to Dorex2007 [2s 7d]
AGVsmarT: raises $0.12 to $0.17
only6-6lol: raises $0.41 to $0.58
CTA Leonardo: folds 
chensucht: folds 
chensucht leaves the table
abobora71: folds 
LukeWinsGames: folds 
Dorex2007: folds 
ric67: folds 
geniuss joins the table at seat #7 
AntonioBabic98: folds 
AGVsmarT: folds 
Uncalled bet ($0.41) returned to only6-6lol
only6-6lol collected $0.41 from pot
*** SUMMARY ***
Total pot $0.41 | Rake $0 
Seat 1: Dorex2007 (button) folded before Flop (didn't bet)
Seat 2: ric67 (small blind) folded before Flop
Seat 3: AntonioBabic98 (big blind) folded before Flop
Seat 4: AGVsmarT folded before Flop
Seat 5: only6-6lol collected ($0.41)
Seat 6: CTA Leonardo folded before Flop (didn't bet)
Seat 7: chensucht folded before Flop (didn't bet)
Seat 8: abobora71 folded before Flop (didn't bet)
Seat 9: LukeWinsGames folded before Flop (didn't bet)



PokerStars Hand #237977337986:  Hold'em No Limit ($0.02/$0.05 USD) - 2022/08/13 20:35:51 PT [2022/08/13 23:35:51 ET]
Table 'Salome II' 9-max Seat #2 is the button
Seat 1: Dorex2007 ($5.85 in chips) 
Seat 2: ric67 ($4.93 in chips) 
Seat 3: AntonioBabic98 ($4.90 in chips) 
Seat 4: AGVsmarT ($3.43 in chips) 
Seat 5: only6-6lol ($4.92 in chips) 
Seat 6: CTA Leonardo ($4.64 in chips) 
Seat 8: abobora71 ($6.61 in chips) 
Seat 9: LukeWinsGames ($11.11 in chips) 
AntonioBabic98: posts small blind $0.02
AGVsmarT: posts big blind $0.05
geniuss: sits out 
*** HOLE CARDS ***
Dealt to Dorex2007 [Td 6c]
only6-6lol: raises $0.05 to $0.10
CTA Leonardo: calls $0.10
abobora71: folds 
LukeWinsGames: calls $0.10
Dorex2007: folds 
ric67: raises $0.20 to $0.30
AntonioBabic98: folds 
AGVsmarT: folds 
only6-6lol: calls $0.20
CTA Leonardo: calls $0.20
LukeWinsGames: calls $0.20
*** FLOP *** [2s 4c 6s]
only6-6lol: checks 
CTA Leonardo: checks 
LukeWinsGames: bets $0.61
ric67: folds 
only6-6lol: folds 
CTA Leonardo: raises $3.73 to $4.34 and is all-in
LukeWinsGames: folds 
Uncalled bet ($3.73) returned to CTA Leonardo
CTA Leonardo collected $2.39 from pot
*** SUMMARY ***
Total pot $2.49 | Rake $0.10 
Board [2s 4c 6s]
Seat 1: Dorex2007 folded before Flop (didn't bet)
Seat 2: ric67 (button) folded on the Flop
Seat 3: AntonioBabic98 (small blind) folded before Flop
Seat 4: AGVsmarT (big blind) folded before Flop
Seat 5: only6-6lol folded on the Flop
Seat 6: CTA Leonardo collected ($2.39)
Seat 8: abobora71 folded before Flop (didn't bet)
Seat 9: LukeWinsGames folded on the Flop



PokerStars Hand #237977352472:  Hold'em No Limit ($0.02/$0.05 USD) - 2022/08/13 20:37:31 PT [2022/08/13 23:37:31 ET]
Table 'Salome II' 9-max Seat #3 is the button
Seat 1: Dorex2007 ($5.85 in chips) 
Seat 2: ric67 ($4.63 in chips) 
Seat 3: AntonioBabic98 ($4.88 in chips) 
Seat 4: AGVsmarT ($3.38 in chips) 
Seat 5: only6-6lol ($4.62 in chips) 
Seat 6: CTA Leonardo ($6.12 in chips) 
Seat 8: abobora71 ($6.61 in chips) 
Seat 9: LukeWinsGames ($10.20 in chips) 
AGVsmarT: posts small blind $0.02
only6-6lol: posts big blind $0.05
geniuss: sits out 
*** HOLE CARDS ***
Dealt to Dorex2007 [8h 2s]
CTA Leonardo: folds 
abobora71: folds 
LukeWinsGames: folds 
Dorex2007: folds 
ric67: raises $0.10 to $0.15
AntonioBabic98: folds 
AGVsmarT: folds 
only6-6lol: calls $0.10
*** FLOP *** [3c 8c 3s]
only6-6lol: bets $4.47 and is all-in
ric67: calls $4.47
*** TURN *** [3c 8c 3s] [3h]
*** RIVER *** [3c 8c 3s 3h] [7d]
*** SHOW DOWN ***
only6-6lol: shows [6s Ks] (three of a kind, Threes)
ric67: shows [Ad Kc] (three of a kind, Threes - Ace kicker)
ric67 collected $8.88 from pot
*** SUMMARY ***
Total pot $9.26 | Rake $0.38 
Board [3c 8c 3s 3h 7d]
Seat 1: Dorex2007 folded before Flop (didn't bet)
Seat 2: ric67 showed [Ad Kc] and won ($8.88) with three of a kind, Threes
Seat 3: AntonioBabic98 (button) folded before Flop (didn't bet)
Seat 4: AGVsmarT (small blind) folded before Flop
Seat 5: only6-6lol (big blind) showed [6s Ks] and lost with three of a kind, Threes
Seat 6: CTA Leonardo folded before Flop (didn't bet)
Seat 8: abobora71 folded before Flop (didn't bet)
Seat 9: LukeWinsGames folded before Flop (didn't bet)



PokerStars Hand #237977360560:  Hold'em No Limit ($0.02/$0.05 USD) - 2022/08/13 20:38:27 PT [2022/08/13 23:38:27 ET]
Table 'Salome II' 9-max Seat #4 is the button
Seat 1: Dorex2007 ($5.85 in chips) 
Seat 2: ric67 ($8.89 in chips) 
Seat 3: AntonioBabic98 ($4.88 in chips) 
Seat 4: AGVsmarT ($3.36 in chips) 
Seat 6: CTA Leonardo ($6.12 in chips) 
Seat 7: geniuss ($5 in chips) 
Seat 8: abobora71 ($6.61 in chips) 
Seat 9: LukeWinsGames ($10.20 in chips) 
CTA Leonardo: posts small blind $0.02
geniuss: posts big blind $0.05
*** HOLE CARDS ***
Dealt to Dorex2007 [7h Tc]
abobora71: folds 
LukeWinsGames: folds 
Dorex2007: folds 
ric67: raises $0.10 to $0.15
AntonioBabic98: folds 
AGVsmarT: folds 
CTA Leonardo: calls $0.13
geniuss: folds 
*** FLOP *** [2h 2s 4h]
CTA Leonardo: bets $0.17
ric67: raises $0.34 to $0.51
CTA Leonardo: calls $0.34
*** TURN *** [2h 2s 4h] [Qd]
CTA Leonardo: checks 
ric67: bets $0.65
CTA Leonardo: calls $0.65
*** RIVER *** [2h 2s 4h Qd] [2c]
CTA Leonardo: bets $4.81 and is all-in
ric67: calls $4.81
*** SHOW DOWN ***
CTA Leonardo: shows [6h 8h] (three of a kind, Deuces)
ric67: shows [3c 4s] (a full house, Deuces full of Fours)
ric67 collected $11.78 from pot
*** SUMMARY ***
Total pot $12.29 | Rake $0.51 
Board [2h 2s 4h Qd 2c]
Seat 1: Dorex2007 folded before Flop (didn't bet)
Seat 2: ric67 showed [3c 4s] and won ($11.78) with a full house, Deuces full of Fours
Seat 3: AntonioBabic98 folded before Flop (didn't bet)
Seat 4: AGVsmarT (button) folded before Flop (didn't bet)
Seat 6: CTA Leonardo (small blind) showed [6h 8h] and lost with three of a kind, Deuces
Seat 7: geniuss (big blind) folded before Flop
Seat 8: abobora71 folded before Flop (didn't bet)
Seat 9: LukeWinsGames folded before Flop (didn't bet)



PokerStars Hand #237977373052:  Hold'em No Limit ($0.02/$0.05 USD) - 2022/08/13 20:39:53 PT [2022/08/13 23:39:53 ET]
Table 'Salome II' 9-max Seat #7 is the button
Seat 1: Dorex2007 ($5.85 in chips) 
Seat 2: ric67 ($14.55 in chips) 
Seat 3: AntonioBabic98 ($4.88 in chips) 
Seat 4: AGVsmarT ($3.36 in chips) 
Seat 5: only6-6lol ($5 in chips) 
Seat 7: geniuss ($5 in chips) 
Seat 8: abobora71 ($6.61 in chips) 
Seat 9: LukeWinsGames ($10.20 in chips) 
abobora71: posts small blind $0.02
LukeWinsGames: posts big blind $0.05
only6-6lol: posts small blind $0.02
*** HOLE CARDS ***
Dealt to Dorex2007 [2h Td]
Dorex2007: folds 
ric67: folds 
AntonioBabic98: folds 
AGVsmarT: folds 
only6-6lol: raises $0.05 to $0.10
geniuss: folds 
abobora71: folds 
LukeWinsGames: folds 
Uncalled bet ($0.05) returned to only6-6lol
only6-6lol collected $0.14 from pot
*** SUMMARY ***
Total pot $0.14 | Rake $0 
Seat 1: Dorex2007 folded before Flop (didn't bet)
Seat 2: ric67 folded before Flop (didn't bet)
Seat 3: AntonioBabic98 folded before Flop (didn't bet)
Seat 4: AGVsmarT folded before Flop (didn't bet)
Seat 5: only6-6lol collected ($0.14)
Seat 7: geniuss (button) folded before Flop (didn't bet)
Seat 8: abobora71 (small blind) folded before Flop
Seat 9: LukeWinsGames (big blind) folded before Flop



PokerStars Hand #237977377042:  Hold'em No Limit ($0.02/$0.05 USD) - 2022/08/13 20:40:20 PT [2022/08/13 23:40:20 ET]
Table 'Salome II' 9-max Seat #8 is the button
Seat 1: Dorex2007 ($5.85 in chips) 
Seat 2: ric67 ($14.55 in chips) 
Seat 3: AntonioBabic98 ($4.88 in chips) 
Seat 4: AGVsmarT ($3.36 in chips) 
Seat 5: only6-6lol ($5.07 in chips) 
Seat 7: geniuss ($5 in chips) 
Seat 8: abobora71 ($6.59 in chips) 
Seat 9: LukeWinsGames ($10.15 in chips) 
LukeWinsGames: posts small blind $0.02
Dorex2007: posts big blind $0.05
*** HOLE CARDS ***
Dealt to Dorex2007 [5h 8d]
CTA Leonardo is disconnected 
ric67: raises $0.10 to $0.15
AntonioBabic98: folds 
AGVsmarT: calls $0.15
only6-6lol: calls $0.15
geniuss: folds 
abobora71: folds 
LukeWinsGames: folds 
Dorex2007: folds 
*** FLOP *** [7s 4h 9h]
ric67: bets $0.25
AGVsmarT: calls $0.25
only6-6lol: raises $4.67 to $4.92 and is all-in
ric67: calls $4.67
AGVsmarT: folds 
*** TURN *** [7s 4h 9h] [As]
*** RIVER *** [7s 4h 9h As] [Jh]
*** SHOW DOWN ***
ric67: shows [Qs Qd] (a pair of Queens)
only6-6lol: shows [9d Qh] (a pair of Nines)
ric67 collected $10.17 from pot
*** SUMMARY ***
Total pot $10.61 | Rake $0.44 
Board [7s 4h 9h As Jh]
Seat 1: Dorex2007 (big blind) folded before Flop
Seat 2: ric67 showed [Qs Qd] and won ($10.17) with a pair of Queens
Seat 3: AntonioBabic98 folded before Flop (didn't bet)
Seat 4: AGVsmarT folded on the Flop
Seat 5: only6-6lol showed [9d Qh] and lost with a pair of Nines
Seat 7: geniuss folded before Flop (didn't bet)
Seat 8: abobora71 (button) folded before Flop (didn't bet)
Seat 9: LukeWinsGames (small blind) folded before Flop



PokerStars Hand #237977386227:  Hold'em No Limit ($0.02/$0.05 USD) - 2022/08/13 20:41:24 PT [2022/08/13 23:41:24 ET]
Table 'Salome II' 9-max Seat #9 is the button
Seat 1: Dorex2007 ($5.80 in chips) 
Seat 2: ric67 ($19.65 in chips) 
Seat 3: AntonioBabic98 ($4.88 in chips) 
Seat 4: AGVsmarT ($2.96 in chips) 
Seat 7: geniuss ($5 in chips) 
Seat 8: abobora71 ($6.59 in chips) 
Seat 9: LukeWinsGames ($10.13 in chips) 
Dorex2007: posts small blind $0.02
ric67: posts big blind $0.05
*** HOLE CARDS ***
Dealt to Dorex2007 [Kd Qd]
AntonioBabic98: folds 
AGVsmarT: folds 
geniuss: raises $0.10 to $0.15
abobora71: calls $0.15
LukeWinsGames: folds 
Dorex2007: calls $0.13
ric67: calls $0.10
*** FLOP *** [4d Ks 9s]
Dorex2007: checks 
ric67: checks 
geniuss: checks 
abobora71: checks 
*** TURN *** [4d Ks 9s] [9d]
Dorex2007: bets $0.29
ric67: folds 
geniuss: folds 
only6-6lol leaves the table
abobora71: folds 
Uncalled bet ($0.29) returned to Dorex2007
Dorex2007 collected $0.58 from pot
Dorex2007: doesn't show hand 
*** SUMMARY ***
Total pot $0.60 | Rake $0.02 
Board [4d Ks 9s 9d]
Seat 1: Dorex2007 (small blind) collected ($0.58)
Seat 2: ric67 (big blind) folded on the Turn
Seat 3: AntonioBabic98 folded before Flop (didn't bet)
Seat 4: AGVsmarT folded before Flop (didn't bet)
Seat 7: geniuss folded on the Turn
Seat 8: abobora71 folded on the Turn
Seat 9: LukeWinsGames (button) folded before Flop (didn't bet)



PokerStars Hand #237977396443:  Hold'em No Limit ($0.02/$0.05 USD) - 2022/08/13 20:42:36 PT [2022/08/13 23:42:36 ET]
Table 'Salome II' 9-max Seat #1 is the button
Seat 1: Dorex2007 ($6.23 in chips) 
Seat 2: ric67 ($19.50 in chips) 
Seat 3: AntonioBabic98 ($4.88 in chips) 
Seat 4: AGVsmarT ($4.96 in chips) 
Seat 7: geniuss ($5 in chips) 
Seat 8: abobora71 ($6.44 in chips) 
Seat 9: LukeWinsGames ($10.13 in chips) 
OSO-456 joins the table at seat #5 
ric67: posts small blind $0.02
AntonioBabic98: posts big blind $0.05
*** HOLE CARDS ***
Dealt to Dorex2007 [Td 9c]
AGVsmarT: raises $0.12 to $0.17
geniuss: folds 
abobora71: folds 
LukeWinsGames: folds 
Dorex2007: folds 
ric67: folds 
AntonioBabic98: folds 
Uncalled bet ($0.12) returned to AGVsmarT
AGVsmarT collected $0.12 from pot
*** SUMMARY ***
Total pot $0.12 | Rake $0 
Seat 1: Dorex2007 (button) folded before Flop (didn't bet)
Seat 2: ric67 (small blind) folded before Flop
Seat 3: AntonioBabic98 (big blind) folded before Flop
Seat 4: AGVsmarT collected ($0.12)
Seat 7: geniuss folded before Flop (didn't bet)
Seat 8: abobora71 folded before Flop (didn't bet)
Seat 9: LukeWinsGames folded before Flop (didn't bet)



PokerStars Hand #237977400192:  Hold'em No Limit ($0.02/$0.05 USD) - 2022/08/13 20:43:02 PT [2022/08/13 23:43:02 ET]
Table 'Salome II' 9-max Seat #2 is the button
Seat 1: Dorex2007 ($6.23 in chips) 
Seat 2: ric67 ($19.48 in chips) 
Seat 3: AntonioBabic98 ($4.83 in chips) 
Seat 4: AGVsmarT ($5.03 in chips) 
Seat 7: geniuss ($5 in chips) 
Seat 8: abobora71 ($6.44 in chips) 
Seat 9: LukeWinsGames ($10.13 in chips) 
AntonioBabic98: posts small blind $0.02
AGVsmarT: posts big blind $0.05
OSO-456: sits out 
*** HOLE CARDS ***
Dealt to Dorex2007 [Td Kc]
geniuss: folds 
abobora71: folds 
LukeWinsGames: folds 
Dorex2007: raises $0.10 to $0.15
ric67: calls $0.15
AntonioBabic98: folds 
AGVsmarT: folds 
*** FLOP *** [Qs 3d Th]
Dorex2007: bets $0.23
ric67: folds 
Uncalled bet ($0.23) returned to Dorex2007
Dorex2007 collected $0.35 from pot
Dorex2007: doesn't show hand 
*** SUMMARY ***
Total pot $0.37 | Rake $0.02 
Board [Qs 3d Th]
Seat 1: Dorex2007 collected ($0.35)
Seat 2: ric67 (button) folded on the Flop
Seat 3: AntonioBabic98 (small blind) folded before Flop
Seat 4: AGVsmarT (big blind) folded before Flop
Seat 7: geniuss folded before Flop (didn't bet)
Seat 8: abobora71 folded before Flop (didn't bet)
Seat 9: LukeWinsGames folded before Flop (didn't bet)



PokerStars Hand #237977405296:  Hold'em No Limit ($0.02/$0.05 USD) - 2022/08/13 20:43:38 PT [2022/08/13 23:43:38 ET]
Table 'Salome II' 9-max Seat #3 is the button
Seat 1: Dorex2007 ($6.43 in chips) 
Seat 2: ric67 ($19.33 in chips) 
Seat 3: AntonioBabic98 ($4.81 in chips) 
Seat 4: AGVsmarT ($4.98 in chips) 
Seat 5: OSO-456 ($5 in chips) 
Seat 7: geniuss ($5 in chips) 
Seat 8: abobora71 ($6.44 in chips) 
Seat 9: LukeWinsGames ($10.13 in chips) 
AGVsmarT: posts small blind $0.02
OSO-456: posts big blind $0.05
*** HOLE CARDS ***
Dealt to Dorex2007 [Jh 4d]
geniuss: folds 
abobora71: calls $0.05
LukeWinsGames has timed out
LukeWinsGames: folds 
Dorex2007: folds 
ric67: raises $0.10 to $0.15
AntonioBabic98: folds 
AGVsmarT: folds 
OSO-456: folds 
abobora71: calls $0.10
*** FLOP *** [2h 8h 8s]
abobora71: checks 
ric67: bets $0.17
abobora71: folds 
Uncalled bet ($0.17) returned to ric67
ric67 collected $0.35 from pot
*** SUMMARY ***
Total pot $0.37 | Rake $0.02 
Board [2h 8h 8s]
Seat 1: Dorex2007 folded before Flop (didn't bet)
Seat 2: ric67 collected ($0.35)
Seat 3: AntonioBabic98 (button) folded before Flop (didn't bet)
Seat 4: AGVsmarT (small blind) folded before Flop
Seat 5: OSO-456 (big blind) folded before Flop
Seat 7: geniuss folded before Flop (didn't bet)
Seat 8: abobora71 folded on the Flop
Seat 9: LukeWinsGames folded before Flop (didn't bet)



PokerStars Hand #237977412804:  Hold'em No Limit ($0.02/$0.05 USD) - 2022/08/13 20:44:32 PT [2022/08/13 23:44:32 ET]
Table 'Salome II' 9-max Seat #4 is the button
Seat 1: Dorex2007 ($6.43 in chips) 
Seat 2: ric67 ($19.53 in chips) 
Seat 3: AntonioBabic98 ($4.81 in chips) 
Seat 4: AGVsmarT ($4.96 in chips) 
Seat 5: OSO-456 ($4.95 in chips) 
Seat 7: geniuss ($5 in chips) 
Seat 8: abobora71 ($6.29 in chips) 
Seat 9: LukeWinsGames ($10.13 in chips) 
OSO-456: posts small blind $0.02
geniuss: posts big blind $0.05
*** HOLE CARDS ***
Dealt to Dorex2007 [9d Ac]
abobora71: calls $0.05
LukeWinsGames: folds 
Dorex2007: folds 
ric67: folds 
AntonioBabic98: folds 
AGVsmarT: calls $0.05
OSO-456: folds 
geniuss: checks 
*** FLOP *** [Td Th Kh]
geniuss: checks 
abobora71: checks 
AGVsmarT: bets $0.16
geniuss: folds 
abobora71: folds 
Uncalled bet ($0.16) returned to AGVsmarT
AGVsmarT collected $0.16 from pot
*** SUMMARY ***
Total pot $0.17 | Rake $0.01 
Board [Td Th Kh]
Seat 1: Dorex2007 folded before Flop (didn't bet)
Seat 2: ric67 folded before Flop (didn't bet)
Seat 3: AntonioBabic98 folded before Flop (didn't bet)
Seat 4: AGVsmarT (button) collected ($0.16)
Seat 5: OSO-456 (small blind) folded before Flop
Seat 7: geniuss (big blind) folded on the Flop
Seat 8: abobora71 folded on the Flop
Seat 9: LukeWinsGames folded before Flop (didn't bet)



PokerStars Hand #237977418889:  Hold'em No Limit ($0.02/$0.05 USD) - 2022/08/13 20:45:15 PT [2022/08/13 23:45:15 ET]
Table 'Salome II' 9-max Seat #5 is the button
Seat 1: Dorex2007 ($6.43 in chips) 
Seat 2: ric67 ($19.53 in chips) 
Seat 3: AntonioBabic98 ($4.81 in chips) 
Seat 4: AGVsmarT ($5.07 in chips) 
Seat 5: OSO-456 ($4.93 in chips) 
Seat 7: geniuss ($5 in chips) 
Seat 8: abobora71 ($6.24 in chips) 
Seat 9: LukeWinsGames ($10.13 in chips) 
geniuss: posts small blind $0.02
abobora71: posts big blind $0.05
*** HOLE CARDS ***
Dealt to Dorex2007 [Ac Jd]
LukeWinsGames: raises $0.10 to $0.15
Dorex2007: calls $0.15
ric67: folds 
AntonioBabic98: folds 
AGVsmarT: folds 
OSO-456: folds 
geniuss: folds 
abobora71: calls $0.10
*** FLOP *** [Kd 2h 4s]
abobora71: checks 
LukeWinsGames: bets $0.22
Dorex2007: folds 
abobora71: calls $0.22
*** TURN *** [Kd 2h 4s] [8d]
abobora71: checks 
LukeWinsGames: checks 
*** RIVER *** [Kd 2h 4s 8d] [6h]
abobora71: bets $0.29
LukeWinsGames: calls $0.29
*** SHOW DOWN ***
abobora71: shows [Qd Kh] (a pair of Kings)
LukeWinsGames: shows [7c 7s] (a pair of Sevens)
abobora71 collected $1.43 from pot
*** SUMMARY ***
Total pot $1.49 | Rake $0.06 
Board [Kd 2h 4s 8d 6h]
Seat 1: Dorex2007 folded on the Flop
Seat 2: ric67 folded before Flop (didn't bet)
Seat 3: AntonioBabic98 folded before Flop (didn't bet)
Seat 4: AGVsmarT folded before Flop (didn't bet)
Seat 5: OSO-456 (button) folded before Flop (didn't bet)
Seat 7: geniuss (small blind) folded before Flop
Seat 8: abobora71 (big blind) showed [Qd Kh] and won ($1.43) with a pair of Kings
Seat 9: LukeWinsGames showed [7c 7s] and lost with a pair of Sevens



PokerStars Hand #237977426050:  Hold'em No Limit ($0.02/$0.05 USD) - 2022/08/13 20:46:05 PT [2022/08/13 23:46:05 ET]
Table 'Salome II' 9-max Seat #7 is the button
Seat 1: Dorex2007 ($6.28 in chips) 
Seat 2: ric67 ($19.53 in chips) 
Seat 3: AntonioBabic98 ($4.81 in chips) 
Seat 4: AGVsmarT ($5.07 in chips) 
Seat 5: OSO-456 ($4.93 in chips) 
Seat 7: geniuss ($5 in chips) 
Seat 8: abobora71 ($7.01 in chips) 
Seat 9: LukeWinsGames ($9.47 in chips) 
abobora71: posts small blind $0.02
LukeWinsGames: posts big blind $0.05
*** HOLE CARDS ***
Dealt to Dorex2007 [3c Td]
Dorex2007 has timed out
Dorex2007: folds 
ric67: raises $0.10 to $0.15
AntonioBabic98: folds 
AGVsmarT: folds 
OSO-456: folds 
geniuss: folds 
abobora71: calls $0.13
LukeWinsGames: folds 
*** FLOP *** [Kd 6s Qh]
abobora71: checks 
ric67 is disconnected 
ric67 has timed out while disconnected
ric67: checks 
*** TURN *** [Kd 6s Qh] [Ks]
abobora71: bets $0.05
ric67 is connected 
ric67 has timed out
ric67: folds 
Uncalled bet ($0.05) returned to abobora71
abobora71 collected $0.34 from pot
abobora71: doesn't show hand 
*** SUMMARY ***
Total pot $0.35 | Rake $0.01 
Board [Kd 6s Qh Ks]
Seat 1: Dorex2007 folded before Flop (didn't bet)
Seat 2: ric67 folded on the Turn
Seat 3: AntonioBabic98 folded before Flop (didn't bet)
Seat 4: AGVsmarT folded before Flop (didn't bet)
Seat 5: OSO-456 folded before Flop (didn't bet)
Seat 7: geniuss (button) folded before Flop (didn't bet)
Seat 8: abobora71 (small blind) collected ($0.34)
Seat 9: LukeWinsGames (big blind) folded before Flop



PokerStars Hand #237977445147:  Hold'em No Limit ($0.02/$0.05 USD) - 2022/08/13 20:47:57 PT [2022/08/13 23:47:57 ET]
Table 'Salome II' 9-max Seat #8 is the button
Seat 1: Dorex2007 ($6.28 in chips) 
Seat 3: AntonioBabic98 ($4.81 in chips) 
Seat 4: AGVsmarT ($5.07 in chips) 
Seat 5: OSO-456 ($4.93 in chips) 
Seat 7: geniuss ($5 in chips) 
Seat 8: abobora71 ($7.20 in chips) 
Seat 9: LukeWinsGames ($9.42 in chips) 
LukeWinsGames: posts small blind $0.02
Dorex2007: posts big blind $0.05
*** HOLE CARDS ***
Dealt to Dorex2007 [2c 4d]
AntonioBabic98: folds 
AGVsmarT: folds 
OSO-456: raises $0.10 to $0.15
geniuss: folds 
abobora71: folds 
LukeWinsGames: folds 
Dorex2007: folds 
Uncalled bet ($0.10) returned to OSO-456
OSO-456 collected $0.12 from pot
OSO-456: doesn't show hand 
*** SUMMARY ***
Total pot $0.12 | Rake $0 
Seat 1: Dorex2007 (big blind) folded before Flop
Seat 3: AntonioBabic98 folded before Flop (didn't bet)
Seat 4: AGVsmarT folded before Flop (didn't bet)
Seat 5: OSO-456 collected ($0.12)
Seat 7: geniuss folded before Flop (didn't bet)
Seat 8: abobora71 (button) folded before Flop (didn't bet)
Seat 9: LukeWinsGames (small blind) folded before Flop



PokerStars Hand #237977452105:  Hold'em No Limit ($0.02/$0.05 USD) - 2022/08/13 20:48:23 PT [2022/08/13 23:48:23 ET]
Table 'Salome II' 9-max Seat #9 is the button
Seat 1: Dorex2007 ($6.23 in chips) 
Seat 3: AntonioBabic98 ($4.81 in chips) 
Seat 4: AGVsmarT ($5.07 in chips) 
Seat 5: OSO-456 ($5 in chips) 
Seat 7: geniuss ($5 in chips) 
Seat 8: abobora71 ($7.20 in chips) 
Seat 9: LukeWinsGames ($9.40 in chips) 
Dorex2007: posts small blind $0.02
ric67 has timed out
ric67: is sitting out 
AntonioBabic98: posts big blind $0.05
*** HOLE CARDS ***
Dealt to Dorex2007 [Ac 5c]
AGVsmarT: folds 
OSO-456: folds 
geniuss: folds 
abobora71: folds 
ric67 leaves the table
LukeWinsGames: raises $0.10 to $0.15
Dorex2007: folds 
only6-6lol joins the table at seat #2 
AntonioBabic98: folds 
Uncalled bet ($0.10) returned to LukeWinsGames
LukeWinsGames collected $0.12 from pot
LukeWinsGames: doesn't show hand 
*** SUMMARY ***
Total pot $0.12 | Rake $0 
Seat 1: Dorex2007 (small blind) folded before Flop
Seat 3: AntonioBabic98 (big blind) folded before Flop
Seat 4: AGVsmarT folded before Flop (didn't bet)
Seat 5: OSO-456 folded before Flop (didn't bet)
Seat 7: geniuss folded before Flop (didn't bet)
Seat 8: abobora71 folded before Flop (didn't bet)
Seat 9: LukeWinsGames (button) collected ($0.12)



PokerStars Hand #237977457082:  Hold'em No Limit ($0.02/$0.05 USD) - 2022/08/13 20:48:59 PT [2022/08/13 23:48:59 ET]
Table 'Salome II' 9-max Seat #1 is the button
Seat 1: Dorex2007 ($6.21 in chips) 
Seat 3: AntonioBabic98 ($4.76 in chips) 
Seat 4: AGVsmarT ($5.07 in chips) 
Seat 5: OSO-456 ($5 in chips) 
Seat 7: geniuss ($5 in chips) 
Seat 8: abobora71 ($7.20 in chips) 
Seat 9: LukeWinsGames ($9.47 in chips) 
AntonioBabic98: posts small blind $0.02
AGVsmarT: posts big blind $0.05
*** HOLE CARDS ***
Dealt to Dorex2007 [Th Qs]
OSO-456: folds 
geniuss: folds 
abobora71: folds 
LukeWinsGames: folds 
Dorex2007: folds 
AntonioBabic98: folds 
Uncalled bet ($0.03) returned to AGVsmarT
AGVsmarT collected $0.04 from pot
*** SUMMARY ***
Total pot $0.04 | Rake $0 
Seat 1: Dorex2007 (button) folded before Flop (didn't bet)
Seat 3: AntonioBabic98 (small blind) folded before Flop
Seat 4: AGVsmarT (big blind) collected ($0.04)
Seat 5: OSO-456 folded before Flop (didn't bet)
Seat 7: geniuss folded before Flop (didn't bet)
Seat 8: abobora71 folded before Flop (didn't bet)
Seat 9: LukeWinsGames folded before Flop (didn't bet)



PokerStars Hand #237977460388:  Hold'em No Limit ($0.02/$0.05 USD) - 2022/08/13 20:49:23 PT [2022/08/13 23:49:23 ET]
Table 'Salome II' 9-max Seat #3 is the button
Seat 1: Dorex2007 ($6.21 in chips) 
Seat 3: AntonioBabic98 ($4.74 in chips) 
Seat 4: AGVsmarT ($5.09 in chips) 
Seat 5: OSO-456 ($5 in chips) 
Seat 7: geniuss ($5 in chips) 
Seat 8: abobora71 ($7.20 in chips) 
Seat 9: LukeWinsGames ($9.47 in chips) 
AGVsmarT: posts small blind $0.02
OSO-456: posts big blind $0.05
only6-6lol: sits out 
*** HOLE CARDS ***
Dealt to Dorex2007 [Kd Qh]
geniuss: folds 
abobora71: folds 
LukeWinsGames: folds 
Dorex2007: raises $0.05 to $0.10
AntonioBabic98: folds 
AGVsmarT: folds 
OSO-456: raises $0.40 to $0.50
Dorex2007: folds 
Uncalled bet ($0.40) returned to OSO-456
OSO-456 collected $0.22 from pot
OSO-456: doesn't show hand 
*** SUMMARY ***
Total pot $0.22 | Rake $0 
Seat 1: Dorex2007 folded before Flop
Seat 3: AntonioBabic98 (button) folded before Flop (didn't bet)
Seat 4: AGVsmarT (small blind) folded before Flop
Seat 5: OSO-456 (big blind) collected ($0.22)
Seat 7: geniuss folded before Flop (didn't bet)
Seat 8: abobora71 folded before Flop (didn't bet)
Seat 9: LukeWinsGames folded before Flop (didn't bet)



PokerStars Hand #237977466911:  Hold'em No Limit ($0.02/$0.05 USD) - 2022/08/13 20:50:11 PT [2022/08/13 23:50:11 ET]
Table 'Salome II' 9-max Seat #4 is the button
Seat 1: Dorex2007 ($6.11 in chips) 
Seat 3: AntonioBabic98 ($4.74 in chips) 
Seat 4: AGVsmarT ($5.07 in chips) 
Seat 5: OSO-456 ($5.12 in chips) 
Seat 7: geniuss ($5 in chips) 
Seat 8: abobora71 ($7.20 in chips) 
Seat 9: LukeWinsGames ($9.47 in chips) 
OSO-456: posts small blind $0.02
geniuss: posts big blind $0.05
only6-6lol: sits out 
*** HOLE CARDS ***
Dealt to Dorex2007 [Ah Jh]
abobora71: folds 
LukeWinsGames: folds 
CTA Leonardo leaves the table
Dorex2007 has timed out
Dorex2007: folds 
AntonioBabic98: folds 
AGVsmarT: folds 
OSO-456: raises $0.10 to $0.15
geniuss: calls $0.10
*** FLOP *** [5h 2c Js]
OSO-456: checks 
geniuss: bets $0.21
OSO-456: calls $0.21
*** TURN *** [5h 2c Js] [Kh]
chriswalli305 joins the table at seat #6 
OSO-456: checks 
geniuss: checks 
*** RIVER *** [5h 2c Js Kh] [Ks]
OSO-456: checks 
geniuss: checks 
*** SHOW DOWN ***
OSO-456: shows [5c Jc] (two pair, Kings and Jacks)
geniuss: mucks hand 
OSO-456 collected $0.69 from pot
*** SUMMARY ***
Total pot $0.72 | Rake $0.03 
Board [5h 2c Js Kh Ks]
Seat 1: Dorex2007 folded before Flop (didn't bet)
Seat 3: AntonioBabic98 folded before Flop (didn't bet)
Seat 4: AGVsmarT (button) folded before Flop (didn't bet)
Seat 5: OSO-456 (small blind) showed [5c Jc] and won ($0.69) with two pair, Kings and Jacks
Seat 7: geniuss (big blind) mucked [6c 6s]
Seat 8: abobora71 folded before Flop (didn't bet)
Seat 9: LukeWinsGames folded before Flop (didn't bet)



PokerStars Hand #237977478522:  Hold'em No Limit ($0.02/$0.05 USD) - 2022/08/13 20:51:36 PT [2022/08/13 23:51:36 ET]
Table 'Salome II' 9-max Seat #5 is the button
Seat 1: Dorex2007 ($6.11 in chips) 
Seat 3: AntonioBabic98 ($4.74 in chips) 
Seat 4: AGVsmarT ($5.07 in chips) 
Seat 5: OSO-456 ($5.45 in chips) 
Seat 7: geniuss ($5 in chips) 
Seat 9: LukeWinsGames ($9.47 in chips) 
geniuss: posts small blind $0.02
LukeWinsGames: posts big blind $0.05
only6-6lol: sits out 
*** HOLE CARDS ***
Dealt to Dorex2007 [3c Ad]
Dorex2007: folds 
AntonioBabic98: folds 
AGVsmarT: folds 
OSO-456: raises $0.10 to $0.15
geniuss: folds 
LukeWinsGames: calls $0.10
*** FLOP *** [5d Qd 6c]
LukeWinsGames: checks 
OSO-456: checks 
*** TURN *** [5d Qd 6c] [8h]
LukeWinsGames: bets $0.15
OSO-456: calls $0.15
*** RIVER *** [5d Qd 6c 8h] [Ac]
LukeWinsGames: checks 
OSO-456: checks 
*** SHOW DOWN ***
LukeWinsGames: shows [4h 4d] (a pair of Fours)
OSO-456: shows [Qs 4s] (a pair of Queens)
OSO-456 collected $0.59 from pot
*** SUMMARY ***
Total pot $0.62 | Rake $0.03 
Board [5d Qd 6c 8h Ac]
Seat 1: Dorex2007 folded before Flop (didn't bet)
Seat 3: AntonioBabic98 folded before Flop (didn't bet)
Seat 4: AGVsmarT folded before Flop (didn't bet)
Seat 5: OSO-456 (button) showed [Qs 4s] and won ($0.59) with a pair of Queens
Seat 7: geniuss (small blind) folded before Flop
Seat 9: LukeWinsGames (big blind) showed [4h 4d] and lost with a pair of Fours



PokerStars Hand #237977486320:  Hold'em No Limit ($0.02/$0.05 USD) - 2022/08/13 20:52:32 PT [2022/08/13 23:52:32 ET]
Table 'Salome II' 9-max Seat #7 is the button
Seat 1: Dorex2007 ($6.11 in chips) 
Seat 3: AntonioBabic98 ($4.74 in chips) 
Seat 4: AGVsmarT ($5.07 in chips) 
Seat 5: OSO-456 ($5.74 in chips) 
Seat 6: chriswalli305 ($2 in chips) 
Seat 7: geniuss ($5 in chips) 
Seat 9: LukeWinsGames ($9.17 in chips) 
LukeWinsGames: posts small blind $0.02
Dorex2007: posts big blind $0.05
only6-6lol: sits out 
chriswalli305: posts big blind $0.05
*** HOLE CARDS ***
Dealt to Dorex2007 [8c 7s]
AntonioBabic98: folds 
AGVsmarT: folds 
OSO-456: folds 
chriswalli305: checks 
geniuss: folds 
LukeWinsGames: calls $0.03
Dorex2007: checks 
*** FLOP *** [Js Qh 5d]
LukeWinsGames: checks 
Dorex2007: checks 
chriswalli305: checks 
*** TURN *** [Js Qh 5d] [Ad]
LukeWinsGames: bets $0.07
Dorex2007: folds 
chriswalli305: calls $0.07
*** RIVER *** [Js Qh 5d Ad] [Jc]
LukeWinsGames: checks 
chriswalli305: bets $0.10
LukeWinsGames: raises $0.30 to $0.40
chriswalli305: folds 
Uncalled bet ($0.30) returned to LukeWinsGames
LukeWinsGames collected $0.47 from pot
LukeWinsGames: doesn't show hand 
*** SUMMARY ***
Total pot $0.49 | Rake $0.02 
Board [Js Qh 5d Ad Jc]
Seat 1: Dorex2007 (big blind) folded on the Turn
Seat 3: AntonioBabic98 folded before Flop (didn't bet)
Seat 4: AGVsmarT folded before Flop (didn't bet)
Seat 5: OSO-456 folded before Flop (didn't bet)
Seat 6: chriswalli305 folded on the River
Seat 7: geniuss (button) folded before Flop (didn't bet)
Seat 9: LukeWinsGames (small blind) collected ($0.47)



PokerStars Hand #237977497799:  Hold'em No Limit ($0.02/$0.05 USD) - 2022/08/13 20:53:55 PT [2022/08/13 23:53:55 ET]
Table 'Salome II' 9-max Seat #9 is the button
Seat 1: Dorex2007 ($6.06 in chips) 
Seat 2: only6-6lol ($5 in chips) 
Seat 3: AntonioBabic98 ($4.74 in chips) 
Seat 4: AGVsmarT ($5.07 in chips) 
Seat 5: OSO-456 ($5.74 in chips) 
Seat 6: chriswalli305 ($1.78 in chips) 
Seat 9: LukeWinsGames ($9.42 in chips) 
Dorex2007: posts small blind $0.02
only6-6lol: posts big blind $0.05
abobora71: sits out 
*** HOLE CARDS ***
Dealt to Dorex2007 [3s Ts]
AntonioBabic98: folds 
AGVsmarT has timed out
AGVsmarT: folds 
OSO-456: folds 
chriswalli305: raises $0.10 to $0.15
LukeWinsGames: folds 
Dorex2007: folds 
only6-6lol: raises $0.10 to $0.25
chriswalli305: calls $0.10
*** FLOP *** [4d Td 9c]
only6-6lol: bets $4.75 and is all-in
chriswalli305: folds 
Uncalled bet ($4.75) returned to only6-6lol
only6-6lol collected $0.50 from pot
*** SUMMARY ***
Total pot $0.52 | Rake $0.02 
Board [4d Td 9c]
Seat 1: Dorex2007 (small blind) folded before Flop
Seat 2: only6-6lol (big blind) collected ($0.50)
Seat 3: AntonioBabic98 folded before Flop (didn't bet)
Seat 4: AGVsmarT folded before Flop (didn't bet)
Seat 5: OSO-456 folded before Flop (didn't bet)
Seat 6: chriswalli305 folded on the Flop
Seat 9: LukeWinsGames (button) folded before Flop (didn't bet)



PokerStars Hand #237977504956:  Hold'em No Limit ($0.02/$0.05 USD) - 2022/08/13 20:54:46 PT [2022/08/13 23:54:46 ET]
Table 'Salome II' 9-max Seat #1 is the button
Seat 1: Dorex2007 ($6.04 in chips) 
Seat 2: only6-6lol ($5.25 in chips) 
Seat 3: AntonioBabic98 ($4.74 in chips) 
Seat 4: AGVsmarT ($5.07 in chips) 
Seat 5: OSO-456 ($5.74 in chips) 
Seat 6: chriswalli305 ($1.53 in chips) 
Seat 9: LukeWinsGames ($9.42 in chips) 
only6-6lol: posts small blind $0.02
AntonioBabic98: posts big blind $0.05
abobora71: sits out 
*** HOLE CARDS ***
Dealt to Dorex2007 [Qc Td]
AGVsmarT: folds 
OSO-456: folds 
chriswalli305: raises $0.05 to $0.10
LukeWinsGames: raises $0.20 to $0.30
Dorex2007: folds 
only6-6lol: calls $0.28
AntonioBabic98: folds 
chriswalli305: calls $0.20
*** FLOP *** [Ts Qh 9h]
only6-6lol: checks 
chriswalli305: bets $1.23 and is all-in
LukeWinsGames: folds 
only6-6lol: folds 
Uncalled bet ($1.23) returned to chriswalli305
chriswalli305 collected $0.90 from pot
*** SUMMARY ***
Total pot $0.95 | Rake $0.05 
Board [Ts Qh 9h]
Seat 1: Dorex2007 (button) folded before Flop (didn't bet)
Seat 2: only6-6lol (small blind) folded on the Flop
Seat 3: AntonioBabic98 (big blind) folded before Flop
Seat 4: AGVsmarT folded before Flop (didn't bet)
Seat 5: OSO-456 folded before Flop (didn't bet)
Seat 6: chriswalli305 collected ($0.90)
Seat 9: LukeWinsGames folded on the Flop



PokerStars Hand #237977512286:  Hold'em No Limit ($0.02/$0.05 USD) - 2022/08/13 20:55:44 PT [2022/08/13 23:55:44 ET]
Table 'Salome II' 9-max Seat #2 is the button
Seat 1: Dorex2007 ($6.04 in chips) 
Seat 2: only6-6lol ($4.95 in chips) 
Seat 4: AGVsmarT ($5.07 in chips) 
Seat 5: OSO-456 ($5.74 in chips) 
Seat 6: chriswalli305 ($2.13 in chips) 
Seat 7: geniuss ($5 in chips) 
Seat 9: LukeWinsGames ($9.12 in chips) 
AntonioBabic98 has timed out
AntonioBabic98: is sitting out 
AGVsmarT: posts small blind $0.02
OSO-456: posts big blind $0.05
abobora71: sits out 
*** HOLE CARDS ***
Dealt to Dorex2007 [7s 4d]
AntonioBabic98 is disconnected 
chriswalli305: folds 
geniuss: folds 
LukeWinsGames: raises $0.10 to $0.15
Dorex2007: folds 
only6-6lol: calls $0.15
AGVsmarT has timed out
AGVsmarT: folds 
OSO-456: folds 
*** FLOP *** [Ah 9h Jh]
LukeWinsGames: checks 
only6-6lol: checks 
*** TURN *** [Ah 9h Jh] [Ks]
LukeWinsGames: checks 
only6-6lol: bets $0.05
LukeWinsGames: calls $0.05
*** RIVER *** [Ah 9h Jh Ks] [8s]
LukeWinsGames: checks 
only6-6lol: bets $0.05
LukeWinsGames: calls $0.05
*** SHOW DOWN ***
only6-6lol: shows [6h Ac] (a pair of Aces)
LukeWinsGames: mucks hand 
only6-6lol collected $0.55 from pot
*** SUMMARY ***
Total pot $0.57 | Rake $0.02 
Board [Ah 9h Jh Ks 8s]
Seat 1: Dorex2007 folded before Flop (didn't bet)
Seat 2: only6-6lol (button) showed [6h Ac] and won ($0.55) with a pair of Aces
Seat 4: AGVsmarT (small blind) folded before Flop
Seat 5: OSO-456 (big blind) folded before Flop
Seat 6: chriswalli305 folded before Flop (didn't bet)
Seat 7: geniuss folded before Flop (didn't bet)
Seat 9: LukeWinsGames mucked [Ts Td]



PokerStars Hand #237977533153:  Hold'em No Limit ($0.02/$0.05 USD) - 2022/08/13 20:57:43 PT [2022/08/13 23:57:43 ET]
Table 'Salome II' 9-max Seat #5 is the button
Seat 1: Dorex2007 ($6.04 in chips) 
Seat 2: only6-6lol ($5.25 in chips) 
Seat 3: AntonioBabic98 ($4.69 in chips) 
Seat 5: OSO-456 ($5.69 in chips) 
Seat 6: chriswalli305 ($2.13 in chips) 
Seat 7: geniuss ($5 in chips) 
Seat 9: LukeWinsGames ($8.87 in chips) 
chriswalli305: posts small blind $0.02
geniuss: posts big blind $0.05
abobora71: sits out 
AntonioBabic98 is disconnected 
AntonioBabic98 is connected 
AntonioBabic98: posts small blind $0.02
*** HOLE CARDS ***
Dealt to Dorex2007 [5c Qs]
LukeWinsGames: raises $0.10 to $0.15
Dorex2007: folds 
only6-6lol: folds 
AntonioBabic98: folds 
OSO-456: folds 
chriswalli305: calls $0.13
geniuss: folds 
*** FLOP *** [7d 7h Kh]
chriswalli305: checks 
LukeWinsGames: bets $0.17
chriswalli305: raises $0.28 to $0.45
LukeWinsGames: folds 
Uncalled bet ($0.28) returned to chriswalli305
chriswalli305 collected $0.67 from pot
chriswalli305: shows [Ts 6d] (a pair of Sevens)
*** SUMMARY ***
Total pot $0.71 | Rake $0.04 
Board [7d 7h Kh]
Seat 1: Dorex2007 folded before Flop (didn't bet)
Seat 2: only6-6lol folded before Flop (didn't bet)
Seat 3: AntonioBabic98 folded before Flop (didn't bet)
Seat 5: OSO-456 (button) folded before Flop (didn't bet)
Seat 6: chriswalli305 (small blind) collected ($0.67)
Seat 7: geniuss (big blind) folded before Flop
Seat 9: LukeWinsGames folded on the Flop



PokerStars Hand #237977540162:  Hold'em No Limit ($0.02/$0.05 USD) - 2022/08/13 20:58:44 PT [2022/08/13 23:58:44 ET]
Table 'Salome II' 9-max Seat #6 is the button
Seat 1: Dorex2007 ($6.04 in chips) 
Seat 2: only6-6lol ($5.25 in chips) 
Seat 3: AntonioBabic98 ($4.67 in chips) 
Seat 5: OSO-456 ($5.69 in chips) 
Seat 6: chriswalli305 ($2.48 in chips) 
Seat 7: geniuss ($5 in chips) 
Seat 8: abobora71 ($7.20 in chips) 
Seat 9: LukeWinsGames ($8.55 in chips) 
geniuss: posts small blind $0.02
abobora71: posts big blind $0.05
*** HOLE CARDS ***
Dealt to Dorex2007 [Kh 8d]
LukeWinsGames: folds 
Dorex2007: folds 
only6-6lol: raises $0.12 to $0.17
AntonioBabic98: calls $0.17
OSO-456: folds 
chriswalli305: raises $2.31 to $2.48 and is all-in
geniuss: folds 
abobora71: folds 
only6-6lol: calls $2.31
AntonioBabic98: folds 
*** FLOP *** [3d Th 6c]
*** TURN *** [3d Th 6c] [Td]
*** RIVER *** [3d Th 6c Td] [7h]
*** SHOW DOWN ***
only6-6lol: shows [Ts As] (three of a kind, Tens)
chriswalli305: shows [Ah Ad] (two pair, Aces and Tens)
only6-6lol collected $4.98 from pot
chriswalli305 cashed out the hand for $4.27 | Cash Out Fee $0.04
*** SUMMARY ***
Total pot $5.20 | Rake $0.22 
Board [3d Th 6c Td 7h]
Seat 1: Dorex2007 folded before Flop (didn't bet)
Seat 2: only6-6lol showed [Ts As] and won ($4.98) with three of a kind, Tens
Seat 3: AntonioBabic98 folded before Flop
Seat 5: OSO-456 folded before Flop (didn't bet)
Seat 6: chriswalli305 (button) showed [Ah Ad] and lost with two pair, Aces and Tens (cashed out).
Seat 7: geniuss (small blind) folded before Flop
Seat 8: abobora71 (big blind) folded before Flop
Seat 9: LukeWinsGames folded before Flop (didn't bet)



PokerStars Hand #237977546607:  Hold'em No Limit ($0.02/$0.05 USD) - 2022/08/13 20:59:41 PT [2022/08/13 23:59:41 ET]
Table 'Salome II' 9-max Seat #7 is the button
Seat 1: Dorex2007 ($6.04 in chips) 
Seat 2: only6-6lol ($7.75 in chips) 
Seat 3: AntonioBabic98 ($4.50 in chips) 
Seat 5: OSO-456 ($5.69 in chips) 
Seat 6: chriswalli305 ($4.27 in chips) 
Seat 7: geniuss ($5 in chips) 
Seat 8: abobora71 ($7.15 in chips) 
Seat 9: LukeWinsGames ($8.55 in chips) 
abobora71: posts small blind $0.02
LukeWinsGames: posts big blind $0.05
*** HOLE CARDS ***
Dealt to Dorex2007 [9s Ad]
Dorex2007: folds 
only6-6lol: raises $0.05 to $0.10
AntonioBabic98: folds 
OSO-456: folds 
chriswalli305: folds 
geniuss: folds 
abobora71: folds 
chriswalli305 leaves the table
LukeWinsGames: folds 
Uncalled bet ($0.05) returned to only6-6lol
only6-6lol collected $0.12 from pot
*** SUMMARY ***
Total pot $0.12 | Rake $0 
Seat 1: Dorex2007 folded before Flop (didn't bet)
Seat 2: only6-6lol collected ($0.12)
Seat 3: AntonioBabic98 folded before Flop (didn't bet)
Seat 5: OSO-456 folded before Flop (didn't bet)
Seat 6: chriswalli305 folded before Flop (didn't bet)
Seat 7: geniuss (button) folded before Flop (didn't bet)
Seat 8: abobora71 (small blind) folded before Flop
Seat 9: LukeWinsGames (big blind) folded before Flop



