PokerStars Hand #223663123826:  Hold'em No Limit ($0.01/$0.02 USD) - 2021/02/10 14:53:02 PT [2021/02/10 17:53:02 ET]
Table 'Semphyra II' 9-max Seat #1 is the button
Seat 1: Widomina ($1.16 in chips) 
Seat 2: joelong ($1.22 in chips) 
Seat 3: Dorex2007 ($1.50 in chips) 
Seat 4: hiker1201 ($3.18 in chips) 
Seat 5: bicalho88 ($0.93 in chips) 
Seat 6: SMUTJAN72 ($2.64 in chips) 
Seat 7: Golsuorsi ($2.53 in chips) 
Seat 8: TRUBACH ($3.02 in chips) 
Seat 9: Dinostzi ($4.88 in chips) 
joelong: posts small blind $0.01
Dorex2007: posts big blind $0.02
*** HOLE CARDS ***
Dealt to Dorex2007 [7c Qh]
hiker1201: calls $0.02
bicalho88: folds 
SMUTJAN72: folds 
Golsuorsi: folds 
TRUBACH: folds 
Dinostzi: folds 
Widomina: calls $0.02
joelong: calls $0.01
Dorex2007: checks 
*** FLOP *** [9h 6h 4h]
joelong: checks 
Dorex2007: bets $0.06
hiker1201: folds 
Widomina: calls $0.06
joelong: folds 
*** TURN *** [9h 6h 4h] [8s]
Dorex2007: checks 
Widomina: bets $0.10
Dorex2007: calls $0.10
*** RIVER *** [9h 6h 4h 8s] [Qs]
Dorex2007: bets $0.39
Widomina: folds 
Uncalled bet ($0.39) returned to Dorex2007
Dorex2007 collected $0.39 from pot
Dorex2007: doesn't show hand 
*** SUMMARY ***
Total pot $0.40 | Rake $0.01 
Board [9h 6h 4h 8s Qs]
Seat 1: Widomina (button) folded on the River
Seat 2: joelong (small blind) folded on the Flop
Seat 3: Dorex2007 (big blind) collected ($0.39)
Seat 4: hiker1201 folded on the Flop
Seat 5: bicalho88 folded before Flop (didn't bet)
Seat 6: SMUTJAN72 folded before Flop (didn't bet)
Seat 7: Golsuorsi folded before Flop (didn't bet)
Seat 8: TRUBACH folded before Flop (didn't bet)
Seat 9: Dinostzi folded before Flop (didn't bet)



PokerStars Hand #223663173758:  Hold'em No Limit ($0.01/$0.02 USD) - 2021/02/10 14:54:26 PT [2021/02/10 17:54:26 ET]
Table 'Semphyra II' 9-max Seat #2 is the button
Seat 1: Widomina ($0.98 in chips) 
Seat 2: joelong ($1.20 in chips) 
Seat 3: Dorex2007 ($1.71 in chips) 
Seat 4: hiker1201 ($3.16 in chips) 
Seat 5: bicalho88 ($0.93 in chips) 
Seat 6: SMUTJAN72 ($2.64 in chips) 
Seat 7: Golsuorsi ($2.53 in chips) 
Seat 8: TRUBACH ($3.02 in chips) 
Seat 9: Dinostzi ($4.88 in chips) 
Dorex2007: posts small blind $0.01
hiker1201: posts big blind $0.02
*** HOLE CARDS ***
Dealt to Dorex2007 [Jc Ah]
bicalho88 has timed out
bicalho88: folds 
SMUTJAN72: folds 
Golsuorsi: folds 
TRUBACH: folds 
Dinostzi: folds 
Widomina: raises $0.06 to $0.08
joelong: calls $0.08
Dorex2007: folds 
hiker1201: folds 
*** FLOP *** [4c Ad Jh]
Widomina: bets $0.10
joelong: calls $0.10
*** TURN *** [4c Ad Jh] [4h]
Widomina: checks 
joelong: checks 
*** RIVER *** [4c Ad Jh 4h] [6d]
Widomina: bets $0.19
joelong: calls $0.19
*** SHOW DOWN ***
Widomina: shows [Kd Qc] (a pair of Fours)
joelong: shows [7c Ac] (two pair, Aces and Fours)
joelong collected $0.74 from pot
*** SUMMARY ***
Total pot $0.77 | Rake $0.03 
Board [4c Ad Jh 4h 6d]
Seat 1: Widomina showed [Kd Qc] and lost with a pair of Fours
Seat 2: joelong (button) showed [7c Ac] and won ($0.74) with two pair, Aces and Fours
Seat 3: Dorex2007 (small blind) folded before Flop
Seat 4: hiker1201 (big blind) folded before Flop
Seat 5: bicalho88 folded before Flop (didn't bet)
Seat 6: SMUTJAN72 folded before Flop (didn't bet)
Seat 7: Golsuorsi folded before Flop (didn't bet)
Seat 8: TRUBACH folded before Flop (didn't bet)
Seat 9: Dinostzi folded before Flop (didn't bet)



PokerStars Hand #223663211036:  Hold'em No Limit ($0.01/$0.02 USD) - 2021/02/10 14:55:37 PT [2021/02/10 17:55:37 ET]
Table 'Semphyra II' 9-max Seat #3 is the button
Seat 1: Widomina ($0.61 in chips) 
Seat 2: joelong ($1.57 in chips) 
Seat 3: Dorex2007 ($1.70 in chips) 
Seat 4: hiker1201 ($3.14 in chips) 
Seat 5: bicalho88 ($0.93 in chips) 
Seat 6: SMUTJAN72 ($2.64 in chips) 
Seat 7: Golsuorsi ($2.53 in chips) 
Seat 8: TRUBACH ($3.02 in chips) 
Seat 9: Dinostzi ($4.88 in chips) 
hiker1201: posts small blind $0.01
bicalho88: posts big blind $0.02
*** HOLE CARDS ***
Dealt to Dorex2007 [4d Ah]
SMUTJAN72: folds 
Golsuorsi: folds 
TRUBACH: raises $0.02 to $0.04
Dinostzi: folds 
Widomina: raises $0.57 to $0.61 and is all-in
joelong: folds 
Dorex2007: folds 
hiker1201: folds 
bicalho88: folds 
TRUBACH: folds 
Uncalled bet ($0.57) returned to Widomina
Widomina collected $0.11 from pot
Widomina: doesn't show hand 
*** SUMMARY ***
Total pot $0.11 | Rake $0 
Seat 1: Widomina collected ($0.11)
Seat 2: joelong folded before Flop (didn't bet)
Seat 3: Dorex2007 (button) folded before Flop (didn't bet)
Seat 4: hiker1201 (small blind) folded before Flop
Seat 5: bicalho88 (big blind) folded before Flop
Seat 6: SMUTJAN72 folded before Flop (didn't bet)
Seat 7: Golsuorsi folded before Flop (didn't bet)
Seat 8: TRUBACH folded before Flop
Seat 9: Dinostzi folded before Flop (didn't bet)



PokerStars Hand #223663226395:  Hold'em No Limit ($0.01/$0.02 USD) - 2021/02/10 14:56:12 PT [2021/02/10 17:56:12 ET]
Table 'Semphyra II' 9-max Seat #4 is the button
Seat 1: Widomina ($0.68 in chips) 
Seat 2: joelong ($1.57 in chips) 
Seat 3: Dorex2007 ($1.70 in chips) 
Seat 4: hiker1201 ($3.13 in chips) 
Seat 5: bicalho88 ($0.91 in chips) 
Seat 6: SMUTJAN72 ($2.64 in chips) 
Seat 7: Golsuorsi ($2.53 in chips) 
Seat 8: TRUBACH ($2.98 in chips) 
Seat 9: Dinostzi ($4.88 in chips) 
bicalho88: posts small blind $0.01
SMUTJAN72: posts big blind $0.02
*** HOLE CARDS ***
Dealt to Dorex2007 [5s 8h]
Golsuorsi: folds 
TRUBACH: folds 
Dinostzi: folds 
Widomina: folds 
joelong: calls $0.02
Dorex2007: folds 
hiker1201: folds 
bicalho88: folds 
SMUTJAN72: checks 
*** FLOP *** [2d Kd 3d]
SMUTJAN72: checks 
joelong: checks 
*** TURN *** [2d Kd 3d] [Ad]
SMUTJAN72: checks 
joelong: bets $0.02
SMUTJAN72: folds 
Uncalled bet ($0.02) returned to joelong
joelong collected $0.05 from pot
joelong: doesn't show hand 
*** SUMMARY ***
Total pot $0.05 | Rake $0 
Board [2d Kd 3d Ad]
Seat 1: Widomina folded before Flop (didn't bet)
Seat 2: joelong collected ($0.05)
Seat 3: Dorex2007 folded before Flop (didn't bet)
Seat 4: hiker1201 (button) folded before Flop (didn't bet)
Seat 5: bicalho88 (small blind) folded before Flop
Seat 6: SMUTJAN72 (big blind) folded on the Turn
Seat 7: Golsuorsi folded before Flop (didn't bet)
Seat 8: TRUBACH folded before Flop (didn't bet)
Seat 9: Dinostzi folded before Flop (didn't bet)



PokerStars Hand #223663248742:  Hold'em No Limit ($0.01/$0.02 USD) - 2021/02/10 14:57:01 PT [2021/02/10 17:57:01 ET]
Table 'Semphyra II' 9-max Seat #5 is the button
Seat 1: Widomina ($0.68 in chips) 
Seat 2: joelong ($1.60 in chips) 
Seat 3: Dorex2007 ($1.70 in chips) 
Seat 4: hiker1201 ($3.13 in chips) 
Seat 5: bicalho88 ($0.90 in chips) 
Seat 6: SMUTJAN72 ($2.62 in chips) 
Seat 7: Golsuorsi ($2.53 in chips) 
Seat 8: TRUBACH ($2.98 in chips) 
Seat 9: Dinostzi ($4.88 in chips) 
SMUTJAN72: posts small blind $0.01
Golsuorsi: posts big blind $0.02
*** HOLE CARDS ***
Dealt to Dorex2007 [Js 8c]
TRUBACH: folds 
Dinostzi: folds 
Widomina has timed out
Widomina: folds 
joelong: folds 
Dorex2007: folds 
hiker1201: folds 
bicalho88: folds 
SMUTJAN72: folds 
Uncalled bet ($0.01) returned to Golsuorsi
Golsuorsi collected $0.02 from pot
*** SUMMARY ***
Total pot $0.02 | Rake $0 
Seat 1: Widomina folded before Flop (didn't bet)
Seat 2: joelong folded before Flop (didn't bet)
Seat 3: Dorex2007 folded before Flop (didn't bet)
Seat 4: hiker1201 folded before Flop (didn't bet)
Seat 5: bicalho88 (button) folded before Flop (didn't bet)
Seat 6: SMUTJAN72 (small blind) folded before Flop
Seat 7: Golsuorsi (big blind) collected ($0.02)
Seat 8: TRUBACH folded before Flop (didn't bet)
Seat 9: Dinostzi folded before Flop (didn't bet)



PokerStars Hand #223663261622:  Hold'em No Limit ($0.01/$0.02 USD) - 2021/02/10 14:57:29 PT [2021/02/10 17:57:29 ET]
Table 'Semphyra II' 9-max Seat #6 is the button
Seat 1: Widomina ($0.68 in chips) 
Seat 2: joelong ($1.60 in chips) 
Seat 3: Dorex2007 ($1.70 in chips) 
Seat 4: hiker1201 ($3.13 in chips) 
Seat 5: bicalho88 ($0.90 in chips) 
Seat 6: SMUTJAN72 ($2.61 in chips) 
Seat 7: Golsuorsi ($2.54 in chips) 
Seat 8: TRUBACH ($2.98 in chips) 
Seat 9: Dinostzi ($4.88 in chips) 
Golsuorsi: posts small blind $0.01
TRUBACH: posts big blind $0.02
*** HOLE CARDS ***
Dealt to Dorex2007 [2s 2h]
Dinostzi: folds 
Widomina: calls $0.02
joelong: folds 
Dorex2007: calls $0.02
hiker1201: folds 
bicalho88 has timed out
bicalho88: folds 
SMUTJAN72: raises $0.08 to $0.10
Golsuorsi: folds 
TRUBACH: folds 
Widomina: calls $0.08
Dorex2007: calls $0.08
*** FLOP *** [8h Ac 3h]
Widomina: checks 
Dorex2007: checks 
SMUTJAN72: checks 
*** TURN *** [8h Ac 3h] [2d]
Widomina: checks 
Dorex2007: bets $0.16
SMUTJAN72: folds 
Widomina: folds 
Uncalled bet ($0.16) returned to Dorex2007
Dorex2007 collected $0.32 from pot
Dorex2007: doesn't show hand 
*** SUMMARY ***
Total pot $0.33 | Rake $0.01 
Board [8h Ac 3h 2d]
Seat 1: Widomina folded on the Turn
Seat 2: joelong folded before Flop (didn't bet)
Seat 3: Dorex2007 collected ($0.32)
Seat 4: hiker1201 folded before Flop (didn't bet)
Seat 5: bicalho88 folded before Flop (didn't bet)
Seat 6: SMUTJAN72 (button) folded on the Turn
Seat 7: Golsuorsi (small blind) folded before Flop
Seat 8: TRUBACH (big blind) folded before Flop
Seat 9: Dinostzi folded before Flop (didn't bet)



PokerStars Hand #223663298795:  Hold'em No Limit ($0.01/$0.02 USD) - 2021/02/10 14:58:51 PT [2021/02/10 17:58:51 ET]
Table 'Semphyra II' 9-max Seat #7 is the button
Seat 1: Widomina ($0.58 in chips) 
Seat 2: joelong ($1.60 in chips) 
Seat 3: Dorex2007 ($1.92 in chips) 
Seat 4: hiker1201 ($3.13 in chips) 
Seat 5: bicalho88 ($0.90 in chips) 
Seat 6: SMUTJAN72 ($2.51 in chips) 
Seat 7: Golsuorsi ($2.53 in chips) 
Seat 8: TRUBACH ($2.96 in chips) 
Seat 9: Dinostzi ($4.88 in chips) 
TRUBACH: posts small blind $0.01
Dinostzi: posts big blind $0.02
*** HOLE CARDS ***
Dealt to Dorex2007 [5h Tc]
Widomina: calls $0.02
joelong: folds 
Dorex2007: folds 
hiker1201: raises $0.07 to $0.09
bicalho88: folds 
SMUTJAN72: folds 
Golsuorsi: folds 
TRUBACH: folds 
Dinostzi: folds 
Widomina: calls $0.07
*** FLOP *** [4s Ah Qd]
Widomina: checks 
hiker1201: bets $0.04
Widomina: folds 
Uncalled bet ($0.04) returned to hiker1201
hiker1201 collected $0.20 from pot
hiker1201: doesn't show hand 
*** SUMMARY ***
Total pot $0.21 | Rake $0.01 
Board [4s Ah Qd]
Seat 1: Widomina folded on the Flop
Seat 2: joelong folded before Flop (didn't bet)
Seat 3: Dorex2007 folded before Flop (didn't bet)
Seat 4: hiker1201 collected ($0.20)
Seat 5: bicalho88 folded before Flop (didn't bet)
Seat 6: SMUTJAN72 folded before Flop (didn't bet)
Seat 7: Golsuorsi (button) folded before Flop (didn't bet)
Seat 8: TRUBACH (small blind) folded before Flop
Seat 9: Dinostzi (big blind) folded before Flop



PokerStars Hand #223663340581:  Hold'em No Limit ($0.01/$0.02 USD) - 2021/02/10 15:00:22 PT [2021/02/10 18:00:22 ET]
Table 'Semphyra II' 9-max Seat #8 is the button
Seat 1: Widomina ($0.49 in chips) 
Seat 2: joelong ($1.60 in chips) 
Seat 3: Dorex2007 ($1.92 in chips) 
Seat 4: hiker1201 ($3.24 in chips) 
Seat 5: bicalho88 ($0.90 in chips) 
Seat 6: SMUTJAN72 ($2.51 in chips) 
Seat 7: Golsuorsi ($2.53 in chips) 
Seat 8: TRUBACH ($2.95 in chips) 
Seat 9: Dinostzi ($4.86 in chips) 
Dinostzi: posts small blind $0.01
Widomina: posts big blind $0.02
*** HOLE CARDS ***
Dealt to Dorex2007 [9d Td]
joelong: folds 
Dorex2007: calls $0.02
hiker1201: folds 
bicalho88: calls $0.02
SMUTJAN72: folds 
Golsuorsi: folds 
TRUBACH: calls $0.02
Dinostzi: calls $0.01
Widomina: checks 
*** FLOP *** [3c 2s 3d]
Dinostzi: checks 
Widomina: bets $0.02
Dorex2007: folds 
bicalho88: raises $0.86 to $0.88 and is all-in
TRUBACH: folds 
Dinostzi: folds 
Widomina: folds 
Uncalled bet ($0.86) returned to bicalho88
bicalho88 collected $0.14 from pot
bicalho88: doesn't show hand 
*** SUMMARY ***
Total pot $0.14 | Rake $0 
Board [3c 2s 3d]
Seat 1: Widomina (big blind) folded on the Flop
Seat 2: joelong folded before Flop (didn't bet)
Seat 3: Dorex2007 folded on the Flop
Seat 4: hiker1201 folded before Flop (didn't bet)
Seat 5: bicalho88 collected ($0.14)
Seat 6: SMUTJAN72 folded before Flop (didn't bet)
Seat 7: Golsuorsi folded before Flop (didn't bet)
Seat 8: TRUBACH (button) folded on the Flop
Seat 9: Dinostzi (small blind) folded on the Flop



PokerStars Hand #223663364535:  Hold'em No Limit ($0.01/$0.02 USD) - 2021/02/10 15:01:09 PT [2021/02/10 18:01:09 ET]
Table 'Semphyra II' 9-max Seat #9 is the button
Seat 1: Widomina ($0.45 in chips) 
Seat 2: joelong ($1.60 in chips) 
Seat 3: Dorex2007 ($1.90 in chips) 
Seat 4: hiker1201 ($3.24 in chips) 
Seat 5: bicalho88 ($1 in chips) 
Seat 6: SMUTJAN72 ($2.51 in chips) 
Seat 7: Golsuorsi ($2.53 in chips) 
Seat 8: TRUBACH ($2.93 in chips) 
Seat 9: Dinostzi ($4.84 in chips) 
Widomina: posts small blind $0.01
joelong: posts big blind $0.02
*** HOLE CARDS ***
Dealt to Dorex2007 [8c Qc]
Dorex2007: folds 
hiker1201: folds 
bicalho88: folds 
SMUTJAN72: folds 
Golsuorsi: folds 
TRUBACH: folds 
Dinostzi: folds 
Widomina: calls $0.01
joelong: checks 
*** FLOP *** [3s 4d 7c]
Widomina: bets $0.04
joelong: calls $0.04
*** TURN *** [3s 4d 7c] [Kd]
Widomina: checks 
joelong: checks 
*** RIVER *** [3s 4d 7c Kd] [3c]
Widomina: bets $0.04
joelong: calls $0.04
*** SHOW DOWN ***
Widomina: shows [8h 4h] (two pair, Fours and Threes)
joelong: mucks hand 
Widomina collected $0.19 from pot
*** SUMMARY ***
Total pot $0.20 | Rake $0.01 
Board [3s 4d 7c Kd 3c]
Seat 1: Widomina (small blind) showed [8h 4h] and won ($0.19) with two pair, Fours and Threes
Seat 2: joelong (big blind) mucked [Qs Ad]
Seat 3: Dorex2007 folded before Flop (didn't bet)
Seat 4: hiker1201 folded before Flop (didn't bet)
Seat 5: bicalho88 folded before Flop (didn't bet)
Seat 6: SMUTJAN72 folded before Flop (didn't bet)
Seat 7: Golsuorsi folded before Flop (didn't bet)
Seat 8: TRUBACH folded before Flop (didn't bet)
Seat 9: Dinostzi (button) folded before Flop (didn't bet)



PokerStars Hand #223663392708:  Hold'em No Limit ($0.01/$0.02 USD) - 2021/02/10 15:02:01 PT [2021/02/10 18:02:01 ET]
Table 'Semphyra II' 9-max Seat #1 is the button
Seat 1: Widomina ($0.54 in chips) 
Seat 2: joelong ($1.50 in chips) 
Seat 3: Dorex2007 ($1.90 in chips) 
Seat 4: hiker1201 ($3.24 in chips) 
Seat 5: bicalho88 ($1 in chips) 
Seat 6: SMUTJAN72 ($2.51 in chips) 
Seat 7: Golsuorsi ($2.53 in chips) 
Seat 8: TRUBACH ($2.93 in chips) 
Seat 9: Dinostzi ($4.84 in chips) 
joelong: posts small blind $0.01
Dorex2007: posts big blind $0.02
*** HOLE CARDS ***
Dealt to Dorex2007 [3d 8c]
hiker1201: folds 
bicalho88: folds 
SMUTJAN72: folds 
Golsuorsi: folds 
TRUBACH: folds 
Dinostzi: folds 
Widomina: calls $0.02
joelong: calls $0.01
Dorex2007: checks 
*** FLOP *** [Jc Ad 6d]
joelong: checks 
Dorex2007: checks 
Widomina: checks 
*** TURN *** [Jc Ad 6d] [2d]
joelong: bets $0.06
Dorex2007: folds 
Widomina: folds 
Uncalled bet ($0.06) returned to joelong
joelong collected $0.06 from pot
joelong: doesn't show hand 
*** SUMMARY ***
Total pot $0.06 | Rake $0 
Board [Jc Ad 6d 2d]
Seat 1: Widomina (button) folded on the Turn
Seat 2: joelong (small blind) collected ($0.06)
Seat 3: Dorex2007 (big blind) folded on the Turn
Seat 4: hiker1201 folded before Flop (didn't bet)
Seat 5: bicalho88 folded before Flop (didn't bet)
Seat 6: SMUTJAN72 folded before Flop (didn't bet)
Seat 7: Golsuorsi folded before Flop (didn't bet)
Seat 8: TRUBACH folded before Flop (didn't bet)
Seat 9: Dinostzi folded before Flop (didn't bet)



PokerStars Hand #223663410415:  Hold'em No Limit ($0.01/$0.02 USD) - 2021/02/10 15:02:32 PT [2021/02/10 18:02:32 ET]
Table 'Semphyra II' 9-max Seat #2 is the button
Seat 1: Widomina ($0.52 in chips) 
Seat 2: joelong ($1.54 in chips) 
Seat 3: Dorex2007 ($1.88 in chips) 
Seat 4: hiker1201 ($3.24 in chips) 
Seat 5: bicalho88 ($1 in chips) 
Seat 6: SMUTJAN72 ($2.51 in chips) 
Seat 7: Golsuorsi ($2.53 in chips) 
Seat 8: TRUBACH ($2.93 in chips) 
Seat 9: Dinostzi ($4.84 in chips) 
Dorex2007: posts small blind $0.01
hiker1201: posts big blind $0.02
*** HOLE CARDS ***
Dealt to Dorex2007 [9c Ac]
bicalho88 has timed out
bicalho88: folds 
SMUTJAN72: folds 
Golsuorsi: folds 
TRUBACH: raises $0.02 to $0.04
Dinostzi: calls $0.04
Widomina: calls $0.04
joelong: calls $0.04
Dorex2007: calls $0.03
hiker1201: folds 
*** FLOP *** [Qd 8c 4d]
Dorex2007: checks 
TRUBACH: bets $0.11
Dinostzi: calls $0.11
Widomina: calls $0.11
bicalho88 is disconnected 
joelong: calls $0.11
Dorex2007: folds 
*** TURN *** [Qd 8c 4d] [7h]
TRUBACH: checks 
Dinostzi: checks 
Widomina: bets $0.37 and is all-in
joelong: folds 
TRUBACH: calls $0.37
Dinostzi: folds 
*** RIVER *** [Qd 8c 4d 7h] [6s]
*** SHOW DOWN ***
TRUBACH: shows [Qh Ks] (a pair of Queens)
Widomina: shows [8h Jh] (a pair of Eights)
TRUBACH collected $1.35 from pot
*** SUMMARY ***
Total pot $1.40 | Rake $0.05 
Board [Qd 8c 4d 7h 6s]
Seat 1: Widomina showed [8h Jh] and lost with a pair of Eights
Seat 2: joelong (button) folded on the Turn
Seat 3: Dorex2007 (small blind) folded on the Flop
Seat 4: hiker1201 (big blind) folded before Flop
Seat 5: bicalho88 folded before Flop (didn't bet)
Seat 6: SMUTJAN72 folded before Flop (didn't bet)
Seat 7: Golsuorsi folded before Flop (didn't bet)
Seat 8: TRUBACH showed [Qh Ks] and won ($1.35) with a pair of Queens
Seat 9: Dinostzi folded on the Turn



PokerStars Hand #223663473717:  Hold'em No Limit ($0.01/$0.02 USD) - 2021/02/10 15:04:23 PT [2021/02/10 18:04:23 ET]
Table 'Semphyra II' 9-max Seat #3 is the button
Seat 2: joelong ($1.39 in chips) 
Seat 3: Dorex2007 ($1.84 in chips) 
Seat 4: hiker1201 ($3.22 in chips) 
Seat 6: SMUTJAN72 ($2.51 in chips) 
Seat 7: Golsuorsi ($2.53 in chips) 
Seat 8: TRUBACH ($3.76 in chips) 
Seat 9: Dinostzi ($4.69 in chips) 
hiker1201: posts small blind $0.01
bicalho88 has timed out while disconnected
bicalho88: is sitting out 
SMUTJAN72: posts big blind $0.02
*** HOLE CARDS ***
Dealt to Dorex2007 [5d 5s]
Golsuorsi: folds 
TRUBACH: raises $0.02 to $0.04
Dinostzi: folds 
joelong: calls $0.04
Dorex2007: calls $0.04
hiker1201: folds 
SMUTJAN72: calls $0.02
*** FLOP *** [Qs 2h Qh]
SMUTJAN72: checks 
TRUBACH: checks 
joelong: bets $0.02
Dorex2007: calls $0.02
SMUTJAN72: folds 
TRUBACH: folds 
*** TURN *** [Qs 2h Qh] [Ac]
joelong: bets $0.02
Dorex2007: raises $0.12 to $0.14
joelong: calls $0.12
*** RIVER *** [Qs 2h Qh Ac] [4c]
joelong: checks 
Dorex2007: checks 
*** SHOW DOWN ***
joelong: shows [Kc Ah] (two pair, Aces and Queens)
Dorex2007: mucks hand 
joelong collected $0.47 from pot
*** SUMMARY ***
Total pot $0.49 | Rake $0.02 
Board [Qs 2h Qh Ac 4c]
Seat 2: joelong showed [Kc Ah] and won ($0.47) with two pair, Aces and Queens
Seat 3: Dorex2007 (button) mucked [5d 5s]
Seat 4: hiker1201 (small blind) folded before Flop
Seat 6: SMUTJAN72 (big blind) folded on the Flop
Seat 7: Golsuorsi folded before Flop (didn't bet)
Seat 8: TRUBACH folded on the Flop
Seat 9: Dinostzi folded before Flop (didn't bet)



PokerStars Hand #223663527687:  Hold'em No Limit ($0.01/$0.02 USD) - 2021/02/10 15:05:57 PT [2021/02/10 18:05:57 ET]
Table 'Semphyra II' 9-max Seat #4 is the button
Seat 1: Widomina ($2 in chips) 
Seat 2: joelong ($1.66 in chips) 
Seat 3: Dorex2007 ($1.64 in chips) 
Seat 4: hiker1201 ($3.21 in chips) 
Seat 6: SMUTJAN72 ($2.47 in chips) 
Seat 7: Golsuorsi ($2.53 in chips) 
Seat 8: TRUBACH ($3.72 in chips) 
Seat 9: Dinostzi ($4.69 in chips) 
SMUTJAN72: posts small blind $0.01
Golsuorsi: posts big blind $0.02
*** HOLE CARDS ***
Dealt to Dorex2007 [6h 3s]
TRUBACH: folds 
Dinostzi: raises $0.04 to $0.06
Widomina: calls $0.06
joelong: calls $0.06
Dorex2007: folds 
hiker1201: folds 
SMUTJAN72: folds 
Golsuorsi: folds 
*** FLOP *** [Js Qd Ad]
Dinostzi: checks 
Widomina: checks 
joelong: bets $0.06
Dinostzi: calls $0.06
Widomina: folds 
*** TURN *** [Js Qd Ad] [4h]
Dinostzi: checks 
joelong: bets $0.06
Dinostzi: calls $0.06
*** RIVER *** [Js Qd Ad 4h] [7c]
Dinostzi: checks 
joelong: bets $0.43
Dinostzi: folds 
Uncalled bet ($0.43) returned to joelong
joelong collected $0.43 from pot
joelong: doesn't show hand 
*** SUMMARY ***
Total pot $0.45 | Rake $0.02 
Board [Js Qd Ad 4h 7c]
Seat 1: Widomina folded on the Flop
Seat 2: joelong collected ($0.43)
Seat 3: Dorex2007 folded before Flop (didn't bet)
Seat 4: hiker1201 (button) folded before Flop (didn't bet)
Seat 6: SMUTJAN72 (small blind) folded before Flop
Seat 7: Golsuorsi (big blind) folded before Flop
Seat 8: TRUBACH folded before Flop (didn't bet)
Seat 9: Dinostzi folded on the River



PokerStars Hand #223663574788:  Hold'em No Limit ($0.01/$0.02 USD) - 2021/02/10 15:07:15 PT [2021/02/10 18:07:15 ET]
Table 'Semphyra II' 9-max Seat #6 is the button
Seat 1: Widomina ($1.94 in chips) 
Seat 2: joelong ($1.91 in chips) 
Seat 3: Dorex2007 ($1.64 in chips) 
Seat 4: hiker1201 ($3.21 in chips) 
Seat 6: SMUTJAN72 ($2.46 in chips) 
Seat 7: Golsuorsi ($2.51 in chips) 
Seat 8: TRUBACH ($3.72 in chips) 
Seat 9: Dinostzi ($4.51 in chips) 
Golsuorsi: posts small blind $0.01
TRUBACH: posts big blind $0.02
bicalho88: sits out 
*** HOLE CARDS ***
Dealt to Dorex2007 [As Th]
Dinostzi: folds 
Widomina: calls $0.02
joelong: calls $0.02
Dorex2007: calls $0.02
hiker1201: folds 
SMUTJAN72: folds 
Golsuorsi: folds 
TRUBACH: checks 
*** FLOP *** [6s 2d 8s]
TRUBACH: checks 
Widomina: bets $0.04
joelong: calls $0.04
Dorex2007: folds 
TRUBACH: folds 
*** TURN *** [6s 2d 8s] [Jh]
Widomina: bets $0.08
joelong: folds 
Uncalled bet ($0.08) returned to Widomina
Widomina collected $0.16 from pot
Widomina: doesn't show hand 
*** SUMMARY ***
Total pot $0.17 | Rake $0.01 
Board [6s 2d 8s Jh]
Seat 1: Widomina collected ($0.16)
Seat 2: joelong folded on the Turn
Seat 3: Dorex2007 folded on the Flop
Seat 4: hiker1201 folded before Flop (didn't bet)
Seat 6: SMUTJAN72 (button) folded before Flop (didn't bet)
Seat 7: Golsuorsi (small blind) folded before Flop
Seat 8: TRUBACH (big blind) folded on the Flop
Seat 9: Dinostzi folded before Flop (didn't bet)



PokerStars Hand #223663605468:  Hold'em No Limit ($0.01/$0.02 USD) - 2021/02/10 15:08:09 PT [2021/02/10 18:08:09 ET]
Table 'Semphyra II' 9-max Seat #7 is the button
Seat 1: Widomina ($2.04 in chips) 
Seat 2: joelong ($1.85 in chips) 
Seat 3: Dorex2007 ($1.62 in chips) 
Seat 4: hiker1201 ($3.21 in chips) 
Seat 6: SMUTJAN72 ($2.46 in chips) 
Seat 7: Golsuorsi ($2.50 in chips) 
Seat 8: TRUBACH ($3.70 in chips) 
Seat 9: Dinostzi ($4.51 in chips) 
TRUBACH: posts small blind $0.01
Dinostzi: posts big blind $0.02
bicalho88: sits out 
*** HOLE CARDS ***
Dealt to Dorex2007 [8c 4c]
Widomina: raises $0.06 to $0.08
joelong: folds 
Dorex2007: folds 
hiker1201 has timed out
hiker1201: folds 
SMUTJAN72: folds 
Golsuorsi: folds 
TRUBACH: folds 
Dinostzi: folds 
Uncalled bet ($0.06) returned to Widomina
Widomina collected $0.05 from pot
Widomina: doesn't show hand 
*** SUMMARY ***
Total pot $0.05 | Rake $0 
Seat 1: Widomina collected ($0.05)
Seat 2: joelong folded before Flop (didn't bet)
Seat 3: Dorex2007 folded before Flop (didn't bet)
Seat 4: hiker1201 folded before Flop (didn't bet)
Seat 6: SMUTJAN72 folded before Flop (didn't bet)
Seat 7: Golsuorsi (button) folded before Flop (didn't bet)
Seat 8: TRUBACH (small blind) folded before Flop
Seat 9: Dinostzi (big blind) folded before Flop



PokerStars Hand #223663624724:  Hold'em No Limit ($0.01/$0.02 USD) - 2021/02/10 15:08:43 PT [2021/02/10 18:08:43 ET]
Table 'Semphyra II' 9-max Seat #8 is the button
Seat 1: Widomina ($2.07 in chips) 
Seat 2: joelong ($1.85 in chips) 
Seat 3: Dorex2007 ($1.62 in chips) 
Seat 4: hiker1201 ($3.21 in chips) 
Seat 6: SMUTJAN72 ($2.46 in chips) 
Seat 7: Golsuorsi ($2.50 in chips) 
Seat 8: TRUBACH ($3.69 in chips) 
Seat 9: Dinostzi ($4.49 in chips) 
Dinostzi: posts small blind $0.01
Widomina: posts big blind $0.02
bicalho88: sits out 
*** HOLE CARDS ***
Dealt to Dorex2007 [2h 4h]
joelong: folds 
Dorex2007: calls $0.02
hiker1201: folds 
SMUTJAN72: folds 
Golsuorsi: folds 
TRUBACH: calls $0.02
Dinostzi: folds 
Widomina: raises $0.04 to $0.06
Dorex2007: calls $0.04
TRUBACH: calls $0.04
*** FLOP *** [5d 9s Kh]
Widomina: bets $0.08
Dorex2007: folds 
TRUBACH: folds 
Uncalled bet ($0.08) returned to Widomina
Widomina collected $0.18 from pot
Widomina: doesn't show hand 
*** SUMMARY ***
Total pot $0.19 | Rake $0.01 
Board [5d 9s Kh]
Seat 1: Widomina (big blind) collected ($0.18)
Seat 2: joelong folded before Flop (didn't bet)
Seat 3: Dorex2007 folded on the Flop
Seat 4: hiker1201 folded before Flop (didn't bet)
Seat 6: SMUTJAN72 folded before Flop (didn't bet)
Seat 7: Golsuorsi folded before Flop (didn't bet)
Seat 8: TRUBACH (button) folded on the Flop
Seat 9: Dinostzi (small blind) folded before Flop



PokerStars Hand #223663652638:  Hold'em No Limit ($0.01/$0.02 USD) - 2021/02/10 15:09:26 PT [2021/02/10 18:09:26 ET]
Table 'Semphyra II' 9-max Seat #9 is the button
Seat 1: Widomina ($2.19 in chips) 
Seat 2: joelong ($1.85 in chips) 
Seat 3: Dorex2007 ($1.56 in chips) 
Seat 4: hiker1201 ($3.21 in chips) 
Seat 6: SMUTJAN72 ($2.46 in chips) 
Seat 7: Golsuorsi ($2.50 in chips) 
Seat 8: TRUBACH ($3.63 in chips) 
Seat 9: Dinostzi ($4.48 in chips) 
Widomina: posts small blind $0.01
joelong: posts big blind $0.02
bicalho88: sits out 
*** HOLE CARDS ***
Dealt to Dorex2007 [Qc 5c]
Dorex2007: folds 
hiker1201: calls $0.02
SMUTJAN72: folds 
Golsuorsi: folds 
TRUBACH: calls $0.02
Dinostzi: folds 
Widomina: calls $0.01
joelong: checks 
*** FLOP *** [2s 7h Kh]
Widomina: checks 
joelong: checks 
hiker1201: bets $0.04
TRUBACH: folds 
Widomina: calls $0.04
joelong: folds 
*** TURN *** [2s 7h Kh] [4d]
Widomina: checks 
hiker1201: bets $0.06
Widomina: calls $0.06
*** RIVER *** [2s 7h Kh 4d] [8c]
Widomina: checks 
hiker1201: bets $0.06
Widomina: calls $0.06
*** SHOW DOWN ***
hiker1201: shows [Jc Kc] (a pair of Kings)
Widomina: mucks hand 
hiker1201 collected $0.39 from pot
*** SUMMARY ***
Total pot $0.40 | Rake $0.01 
Board [2s 7h Kh 4d 8c]
Seat 1: Widomina (small blind) mucked [3h 4c]
Seat 2: joelong (big blind) folded on the Flop
Seat 3: Dorex2007 folded before Flop (didn't bet)
Seat 4: hiker1201 showed [Jc Kc] and won ($0.39) with a pair of Kings
Seat 6: SMUTJAN72 folded before Flop (didn't bet)
Seat 7: Golsuorsi folded before Flop (didn't bet)
Seat 8: TRUBACH folded on the Flop
Seat 9: Dinostzi (button) folded before Flop (didn't bet)



PokerStars Hand #223663689976:  Hold'em No Limit ($0.01/$0.02 USD) - 2021/02/10 15:10:32 PT [2021/02/10 18:10:32 ET]
Table 'Semphyra II' 9-max Seat #1 is the button
Seat 1: Widomina ($2.01 in chips) 
Seat 2: joelong ($1.83 in chips) 
Seat 3: Dorex2007 ($1.56 in chips) 
Seat 4: hiker1201 ($3.42 in chips) 
Seat 6: SMUTJAN72 ($2.46 in chips) 
Seat 7: Golsuorsi ($2.50 in chips) 
Seat 8: TRUBACH ($3.61 in chips) 
Seat 9: Dinostzi ($4.48 in chips) 
joelong: posts small blind $0.01
Dorex2007: posts big blind $0.02
bicalho88: sits out 
*** HOLE CARDS ***
Dealt to Dorex2007 [5h 6d]
hiker1201: folds 
SMUTJAN72: folds 
Golsuorsi: folds 
TRUBACH: folds 
Dinostzi: raises $0.04 to $0.06
Widomina: folds 
joelong: folds 
Dorex2007: folds 
Uncalled bet ($0.04) returned to Dinostzi
Dinostzi collected $0.05 from pot
Dinostzi: doesn't show hand 
*** SUMMARY ***
Total pot $0.05 | Rake $0 
Seat 1: Widomina (button) folded before Flop (didn't bet)
Seat 2: joelong (small blind) folded before Flop
Seat 3: Dorex2007 (big blind) folded before Flop
Seat 4: hiker1201 folded before Flop (didn't bet)
Seat 6: SMUTJAN72 folded before Flop (didn't bet)
Seat 7: Golsuorsi folded before Flop (didn't bet)
Seat 8: TRUBACH folded before Flop (didn't bet)
Seat 9: Dinostzi collected ($0.05)



PokerStars Hand #223663701419:  Hold'em No Limit ($0.01/$0.02 USD) - 2021/02/10 15:10:53 PT [2021/02/10 18:10:53 ET]
Table 'Semphyra II' 9-max Seat #2 is the button
Seat 1: Widomina ($2.01 in chips) 
Seat 2: joelong ($1.82 in chips) 
Seat 3: Dorex2007 ($1.54 in chips) 
Seat 4: hiker1201 ($3.42 in chips) 
Seat 6: SMUTJAN72 ($2.46 in chips) 
Seat 7: Golsuorsi ($2.50 in chips) 
Seat 8: TRUBACH ($3.61 in chips) 
Seat 9: Dinostzi ($4.51 in chips) 
Dorex2007: posts small blind $0.01
hiker1201: posts big blind $0.02
bicalho88: sits out 
*** HOLE CARDS ***
Dealt to Dorex2007 [3c 5s]
SMUTJAN72: folds 
Golsuorsi: raises $0.04 to $0.06
TRUBACH: calls $0.06
Dinostzi: folds 
Widomina: calls $0.06
joelong: folds 
Dorex2007: folds 
hiker1201: folds 
*** FLOP *** [Ks Kc Jc]
Golsuorsi: checks 
TRUBACH: checks 
Widomina: checks 
*** TURN *** [Ks Kc Jc] [As]
Golsuorsi: checks 
TRUBACH: checks 
Widomina: checks 
*** RIVER *** [Ks Kc Jc As] [2s]
Golsuorsi: checks 
TRUBACH: bets $0.02
Widomina: folds 
Golsuorsi: calls $0.02
*** SHOW DOWN ***
TRUBACH: shows [6h 6s] (two pair, Kings and Sixes)
Golsuorsi: shows [Ah 8h] (two pair, Aces and Kings)
Golsuorsi collected $0.24 from pot
*** SUMMARY ***
Total pot $0.25 | Rake $0.01 
Board [Ks Kc Jc As 2s]
Seat 1: Widomina folded on the River
Seat 2: joelong (button) folded before Flop (didn't bet)
Seat 3: Dorex2007 (small blind) folded before Flop
Seat 4: hiker1201 (big blind) folded before Flop
Seat 6: SMUTJAN72 folded before Flop (didn't bet)
Seat 7: Golsuorsi showed [Ah 8h] and won ($0.24) with two pair, Aces and Kings
Seat 8: TRUBACH showed [6h 6s] and lost with two pair, Kings and Sixes
Seat 9: Dinostzi folded before Flop (didn't bet)



PokerStars Hand #223663734518:  Hold'em No Limit ($0.01/$0.02 USD) - 2021/02/10 15:11:52 PT [2021/02/10 18:11:52 ET]
Table 'Semphyra II' 9-max Seat #3 is the button
Seat 1: Widomina ($1.95 in chips) 
Seat 2: joelong ($1.82 in chips) 
Seat 3: Dorex2007 ($1.53 in chips) 
Seat 4: hiker1201 ($3.40 in chips) 
Seat 5: bicalho88 ($1 in chips) 
Seat 6: SMUTJAN72 ($2.46 in chips) 
Seat 7: Golsuorsi ($2.66 in chips) 
Seat 8: TRUBACH ($3.53 in chips) 
Seat 9: Dinostzi ($4.51 in chips) 
hiker1201: posts small blind $0.01
bicalho88: posts big blind $0.02
*** HOLE CARDS ***
Dealt to Dorex2007 [Ah Js]
SMUTJAN72: calls $0.02
Golsuorsi: folds 
TRUBACH: folds 
Dinostzi: folds 
Widomina: calls $0.02
joelong: calls $0.02
Dorex2007: calls $0.02
hiker1201: calls $0.01
bicalho88: checks 
*** FLOP *** [8d 8h Jh]
hiker1201: checks 
bicalho88: bets $0.06
SMUTJAN72: folds 
Widomina: folds 
joelong: folds 
Dorex2007: raises $0.24 to $0.30
hiker1201: calls $0.30
bicalho88: calls $0.24
*** TURN *** [8d 8h Jh] [6c]
hiker1201: checks 
bicalho88: checks 
Dorex2007: bets $0.98
hiker1201: calls $0.98
bicalho88: folds 
*** RIVER *** [8d 8h Jh 6c] [Tc]
hiker1201: checks 
Dorex2007: checks 
*** SHOW DOWN ***
hiker1201: shows [3s 8c] (three of a kind, Eights)
Dorex2007: mucks hand 
hiker1201 collected $2.88 from pot
*** SUMMARY ***
Total pot $2.98 | Rake $0.10 
Board [8d 8h Jh 6c Tc]
Seat 1: Widomina folded on the Flop
Seat 2: joelong folded on the Flop
Seat 3: Dorex2007 (button) mucked [Ah Js]
Seat 4: hiker1201 (small blind) showed [3s 8c] and won ($2.88) with three of a kind, Eights
Seat 5: bicalho88 (big blind) folded on the Turn
Seat 6: SMUTJAN72 folded on the Flop
Seat 7: Golsuorsi folded before Flop (didn't bet)
Seat 8: TRUBACH folded before Flop (didn't bet)
Seat 9: Dinostzi folded before Flop (didn't bet)



PokerStars Hand #223663797999:  Hold'em No Limit ($0.01/$0.02 USD) - 2021/02/10 15:13:47 PT [2021/02/10 18:13:47 ET]
Table 'Semphyra II' 9-max Seat #4 is the button
Seat 1: Widomina ($1.93 in chips) 
Seat 2: joelong ($1.80 in chips) 
Seat 3: Dorex2007 ($0.23 in chips) 
Seat 4: hiker1201 ($4.98 in chips) 
Seat 5: bicalho88 ($0.68 in chips) 
Seat 6: SMUTJAN72 ($2.44 in chips) 
Seat 7: Golsuorsi ($2.66 in chips) 
Seat 8: TRUBACH ($3.53 in chips) 
Seat 9: Dinostzi ($4.51 in chips) 
bicalho88: posts small blind $0.01
SMUTJAN72: posts big blind $0.02
*** HOLE CARDS ***
Dealt to Dorex2007 [Qh Td]
Golsuorsi: folds 
TRUBACH: calls $0.02
Dinostzi: folds 
Widomina: raises $0.04 to $0.06
joelong: folds 
Dorex2007: calls $0.06
hiker1201: folds 
bicalho88: folds 
SMUTJAN72: folds 
TRUBACH: calls $0.04
*** FLOP *** [4d 5d 6d]
TRUBACH: checks 
Widomina: bets $0.10
Dorex2007: raises $0.07 to $0.17 and is all-in
bicalho88 leaves the table
TRUBACH: calls $0.17
Widomina: calls $0.07
*** TURN *** [4d 5d 6d] [Qc]
TRUBACH: checks 
Widomina: bets $0.24
TRUBACH: calls $0.24
*** RIVER *** [4d 5d 6d Qc] [Th]
TRUBACH: checks 
Widomina: bets $0.34
TRUBACH: folds 
Uncalled bet ($0.34) returned to Widomina
*** SHOW DOWN ***
Widomina: shows [Kd Qs] (a pair of Queens)
Widomina collected $0.47 from side pot
Dorex2007: shows [Qh Td] (two pair, Queens and Tens)
Dorex2007 collected $0.69 from main pot
*** SUMMARY ***
Total pot $1.20 Main pot $0.69. Side pot $0.47. | Rake $0.04 
Board [4d 5d 6d Qc Th]
Seat 1: Widomina showed [Kd Qs] and won ($0.47) with a pair of Queens
Seat 2: joelong folded before Flop (didn't bet)
Seat 3: Dorex2007 showed [Qh Td] and won ($0.69) with two pair, Queens and Tens
Seat 4: hiker1201 (button) folded before Flop (didn't bet)
Seat 5: bicalho88 (small blind) folded before Flop
Seat 6: SMUTJAN72 (big blind) folded before Flop
Seat 7: Golsuorsi folded before Flop (didn't bet)
Seat 8: TRUBACH folded on the River
Seat 9: Dinostzi folded before Flop (didn't bet)



PokerStars Hand #223663855674:  Hold'em No Limit ($0.01/$0.02 USD) - 2021/02/10 15:15:32 PT [2021/02/10 18:15:32 ET]
Table 'Semphyra II' 9-max Seat #6 is the button
Seat 1: Widomina ($1.93 in chips) 
Seat 2: joelong ($1.80 in chips) 
Seat 3: Dorex2007 ($1.96 in chips) 
Seat 4: hiker1201 ($4.98 in chips) 
Seat 6: SMUTJAN72 ($2.42 in chips) 
Seat 7: Golsuorsi ($2.66 in chips) 
Seat 8: TRUBACH ($3.06 in chips) 
Seat 9: Dinostzi ($4.51 in chips) 
Golsuorsi: posts small blind $0.01
TRUBACH: posts big blind $0.02
*** HOLE CARDS ***
Dealt to Dorex2007 [8h Ac]
Dinostzi: folds 
Widomina: calls $0.02
joelong: folds 
Dorex2007: folds 
hiker1201: folds 
SMUTJAN72: folds 
Golsuorsi: calls $0.01
TRUBACH: checks 
*** FLOP *** [Kh 9c 4h]
Golsuorsi: checks 
TRUBACH: checks 
Widomina: bets $0.02
Golsuorsi: folds 
Piloto41 joins the table at seat #5 
TRUBACH: raises $0.02 to $0.04
Widomina: calls $0.02
*** TURN *** [Kh 9c 4h] [8s]
TRUBACH: checks 
Widomina: bets $0.04
TRUBACH: calls $0.04
*** RIVER *** [Kh 9c 4h 8s] [Tc]
TRUBACH: checks 
Widomina: bets $0.08
TRUBACH: folds 
Uncalled bet ($0.08) returned to Widomina
Widomina collected $0.21 from pot
Widomina: doesn't show hand 
*** SUMMARY ***
Total pot $0.22 | Rake $0.01 
Board [Kh 9c 4h 8s Tc]
Seat 1: Widomina collected ($0.21)
Seat 2: joelong folded before Flop (didn't bet)
Seat 3: Dorex2007 folded before Flop (didn't bet)
Seat 4: hiker1201 folded before Flop (didn't bet)
Seat 6: SMUTJAN72 (button) folded before Flop (didn't bet)
Seat 7: Golsuorsi (small blind) folded on the Flop
Seat 8: TRUBACH (big blind) folded on the River
Seat 9: Dinostzi folded before Flop (didn't bet)



PokerStars Hand #223663897388:  Hold'em No Limit ($0.01/$0.02 USD) - 2021/02/10 15:16:44 PT [2021/02/10 18:16:44 ET]
Table 'Semphyra II' 9-max Seat #7 is the button
Seat 1: Widomina ($2.04 in chips) 
Seat 2: joelong ($1.80 in chips) 
Seat 3: Dorex2007 ($1.96 in chips) 
Seat 4: hiker1201 ($4.98 in chips) 
Seat 5: Piloto41 ($2 in chips) 
Seat 6: SMUTJAN72 ($2.42 in chips) 
Seat 7: Golsuorsi ($2.64 in chips) 
Seat 8: TRUBACH ($2.96 in chips) 
Seat 9: Dinostzi ($4.51 in chips) 
TRUBACH: posts small blind $0.01
Dinostzi: posts big blind $0.02
Piloto41: posts big blind $0.02
*** HOLE CARDS ***
Dealt to Dorex2007 [2s Kd]
Widomina: calls $0.02
joelong: calls $0.02
Dorex2007: folds 
hiker1201: folds 
Piloto41: raises $0.16 to $0.18
SMUTJAN72: folds 
Golsuorsi: folds 
TRUBACH: folds 
Dinostzi: folds 
Widomina: folds 
joelong: calls $0.16
*** FLOP *** [Jd Ad 6h]
joelong: checks 
Piloto41: bets $0.13
joelong: calls $0.13
*** TURN *** [Jd Ad 6h] [Ac]
joelong: checks 
Piloto41: bets $0.43
joelong: folds 
Uncalled bet ($0.43) returned to Piloto41
Piloto41 collected $0.65 from pot
Piloto41: doesn't show hand 
*** SUMMARY ***
Total pot $0.67 | Rake $0.02 
Board [Jd Ad 6h Ac]
Seat 1: Widomina folded before Flop
Seat 2: joelong folded on the Turn
Seat 3: Dorex2007 folded before Flop (didn't bet)
Seat 4: hiker1201 folded before Flop (didn't bet)
Seat 5: Piloto41 collected ($0.65)
Seat 6: SMUTJAN72 folded before Flop (didn't bet)
Seat 7: Golsuorsi (button) folded before Flop (didn't bet)
Seat 8: TRUBACH (small blind) folded before Flop
Seat 9: Dinostzi (big blind) folded before Flop



PokerStars Hand #223663937511:  Hold'em No Limit ($0.01/$0.02 USD) - 2021/02/10 15:17:47 PT [2021/02/10 18:17:47 ET]
Table 'Semphyra II' 9-max Seat #8 is the button
Seat 1: Widomina ($2.02 in chips) 
Seat 2: joelong ($1.49 in chips) 
Seat 3: Dorex2007 ($1.96 in chips) 
Seat 4: hiker1201 ($4.98 in chips) 
Seat 5: Piloto41 ($2.34 in chips) 
Seat 6: SMUTJAN72 ($2.42 in chips) 
Seat 7: Golsuorsi ($2.64 in chips) 
Seat 8: TRUBACH ($2.95 in chips) 
Seat 9: Dinostzi ($4.49 in chips) 
Dinostzi: posts small blind $0.01
Widomina: posts big blind $0.02
*** HOLE CARDS ***
Dealt to Dorex2007 [7s 9s]
joelong: folds 
Dorex2007: folds 
hiker1201: folds 
joelong leaves the table
Piloto41: raises $0.04 to $0.06
SMUTJAN72: folds 
Golsuorsi: folds 
TRUBACH: folds 
Dinostzi: folds 
Widomina: calls $0.04
*** FLOP *** [4h Qc 5c]
Widomina: checks 
Piloto41: bets $0.13
Widomina: calls $0.13
*** TURN *** [4h Qc 5c] [5s]
Widomina: checks 
Piloto41: checks 
*** RIVER *** [4h Qc 5c 5s] [Kh]
Widomina: checks 
Piloto41: bets $0.38
ORotiv77 joins the table at seat #2 
Widomina: folds 
Uncalled bet ($0.38) returned to Piloto41
Piloto41 collected $0.38 from pot
Piloto41: doesn't show hand 
*** SUMMARY ***
Total pot $0.39 | Rake $0.01 
Board [4h Qc 5c 5s Kh]
Seat 1: Widomina (big blind) folded on the River
Seat 2: joelong folded before Flop (didn't bet)
Seat 3: Dorex2007 folded before Flop (didn't bet)
Seat 4: hiker1201 folded before Flop (didn't bet)
Seat 5: Piloto41 collected ($0.38)
Seat 6: SMUTJAN72 folded before Flop (didn't bet)
Seat 7: Golsuorsi folded before Flop (didn't bet)
Seat 8: TRUBACH (button) folded before Flop (didn't bet)
Seat 9: Dinostzi (small blind) folded before Flop



PokerStars Hand #223663966545:  Hold'em No Limit ($0.01/$0.02 USD) - 2021/02/10 15:18:40 PT [2021/02/10 18:18:40 ET]
Table 'Semphyra II' 9-max Seat #9 is the button
Seat 1: Widomina ($1.83 in chips) 
Seat 2: ORotiv77 ($1.60 in chips) 
Seat 3: Dorex2007 ($1.96 in chips) 
Seat 4: hiker1201 ($4.98 in chips) 
Seat 5: Piloto41 ($2.53 in chips) 
Seat 6: SMUTJAN72 ($2.42 in chips) 
Seat 7: Golsuorsi ($2.64 in chips) 
Seat 8: TRUBACH ($2.95 in chips) 
Seat 9: Dinostzi ($4.48 in chips) 
Widomina: posts small blind $0.01
ORotiv77: posts big blind $0.02
*** HOLE CARDS ***
Dealt to Dorex2007 [Ts Kd]
Dorex2007: folds 
hiker1201: folds 
Piloto41: raises $0.10 to $0.12
SMUTJAN72: folds 
Golsuorsi: folds 
TRUBACH: folds 
Dinostzi: folds 
Widomina: calls $0.11
ORotiv77: folds 
*** FLOP *** [9d 9s 6s]
Widomina: checks 
Piloto41: checks 
*** TURN *** [9d 9s 6s] [Tc]
Widomina: checks 
Piloto41: bets $0.17
Widomina: folds 
Uncalled bet ($0.17) returned to Piloto41
Piloto41 collected $0.25 from pot
Piloto41: doesn't show hand 
*** SUMMARY ***
Total pot $0.26 | Rake $0.01 
Board [9d 9s 6s Tc]
Seat 1: Widomina (small blind) folded on the Turn
Seat 2: ORotiv77 (big blind) folded before Flop
Seat 3: Dorex2007 folded before Flop (didn't bet)
Seat 4: hiker1201 folded before Flop (didn't bet)
Seat 5: Piloto41 collected ($0.25)
Seat 6: SMUTJAN72 folded before Flop (didn't bet)
Seat 7: Golsuorsi folded before Flop (didn't bet)
Seat 8: TRUBACH folded before Flop (didn't bet)
Seat 9: Dinostzi (button) folded before Flop (didn't bet)



PokerStars Hand #223663986288:  Hold'em No Limit ($0.01/$0.02 USD) - 2021/02/10 15:19:16 PT [2021/02/10 18:19:16 ET]
Table 'Semphyra II' 9-max Seat #1 is the button
Seat 1: Widomina ($1.71 in chips) 
Seat 3: Dorex2007 ($1.96 in chips) 
Seat 4: hiker1201 ($4.98 in chips) 
Seat 5: Piloto41 ($2.66 in chips) 
Seat 6: SMUTJAN72 ($2.42 in chips) 
Seat 7: Golsuorsi ($2.64 in chips) 
Seat 8: TRUBACH ($2.95 in chips) 
Seat 9: Dinostzi ($4.48 in chips) 
Dorex2007: posts small blind $0.01
hiker1201: posts big blind $0.02
*** HOLE CARDS ***
Dealt to Dorex2007 [9c 7d]
Piloto41: raises $0.10 to $0.12
SMUTJAN72: calls $0.12
Golsuorsi: folds 
TRUBACH: folds 
Dinostzi: folds 
Widomina: folds 
Dorex2007: folds 
hiker1201: folds 
*** FLOP *** [5h 8d 3c]
Piloto41: checks 
SMUTJAN72: bets $0.18
Piloto41: folds 
Uncalled bet ($0.18) returned to SMUTJAN72
SMUTJAN72 collected $0.26 from pot
*** SUMMARY ***
Total pot $0.27 | Rake $0.01 
Board [5h 8d 3c]
Seat 1: Widomina (button) folded before Flop (didn't bet)
Seat 3: Dorex2007 (small blind) folded before Flop
Seat 4: hiker1201 (big blind) folded before Flop
Seat 5: Piloto41 folded on the Flop
Seat 6: SMUTJAN72 collected ($0.26)
Seat 7: Golsuorsi folded before Flop (didn't bet)
Seat 8: TRUBACH folded before Flop (didn't bet)
Seat 9: Dinostzi folded before Flop (didn't bet)



PokerStars Hand #223664005352:  Hold'em No Limit ($0.01/$0.02 USD) - 2021/02/10 15:19:51 PT [2021/02/10 18:19:51 ET]
Table 'Semphyra II' 9-max Seat #3 is the button
Seat 1: Widomina ($1.71 in chips) 
Seat 3: Dorex2007 ($1.95 in chips) 
Seat 4: hiker1201 ($4.96 in chips) 
Seat 5: Piloto41 ($2.54 in chips) 
Seat 6: SMUTJAN72 ($2.56 in chips) 
Seat 7: Golsuorsi ($2.64 in chips) 
Seat 8: TRUBACH ($2.95 in chips) 
Seat 9: Dinostzi ($4.48 in chips) 
hiker1201: posts small blind $0.01
Piloto41: posts big blind $0.02
*** HOLE CARDS ***
Dealt to Dorex2007 [5s 8c]
SMUTJAN72: folds 
Golsuorsi: folds 
TRUBACH: folds 
Dinostzi: folds 
Widomina: calls $0.02
Dorex2007: folds 
hiker1201: folds 
Piloto41: raises $0.32 to $0.34
Widomina: folds 
Uncalled bet ($0.32) returned to Piloto41
Piloto41 collected $0.05 from pot
Piloto41: doesn't show hand 
*** SUMMARY ***
Total pot $0.05 | Rake $0 
Seat 1: Widomina folded before Flop
Seat 3: Dorex2007 (button) folded before Flop (didn't bet)
Seat 4: hiker1201 (small blind) folded before Flop
Seat 5: Piloto41 (big blind) collected ($0.05)
Seat 6: SMUTJAN72 folded before Flop (didn't bet)
Seat 7: Golsuorsi folded before Flop (didn't bet)
Seat 8: TRUBACH folded before Flop (didn't bet)
Seat 9: Dinostzi folded before Flop (didn't bet)



PokerStars Hand #223664032874:  Hold'em No Limit ($0.01/$0.02 USD) - 2021/02/10 15:20:36 PT [2021/02/10 18:20:36 ET]
Table 'Semphyra II' 9-max Seat #4 is the button
Seat 1: Widomina ($1.69 in chips) 
Seat 3: Dorex2007 ($1.95 in chips) 
Seat 4: hiker1201 ($4.95 in chips) 
Seat 5: Piloto41 ($2.57 in chips) 
Seat 6: SMUTJAN72 ($2.56 in chips) 
Seat 7: Golsuorsi ($2.64 in chips) 
Seat 8: TRUBACH ($2.95 in chips) 
Seat 9: Dinostzi ($4.48 in chips) 
Piloto41: posts small blind $0.01
SMUTJAN72: posts big blind $0.02
*** HOLE CARDS ***
Dealt to Dorex2007 [9h 9c]
Golsuorsi: folds 
TRUBACH: folds 
Dinostzi: folds 
Widomina: folds 
Dorex2007: raises $0.04 to $0.06
hiker1201: folds 
Piloto41: raises $0.04 to $0.10
SMUTJAN72: folds 
Dorex2007: calls $0.04
*** FLOP *** [Td Tc 6c]
Piloto41: checks 
Dorex2007: bets $0.21
Piloto41: folds 
Uncalled bet ($0.21) returned to Dorex2007
Dorex2007 collected $0.21 from pot
Dorex2007: doesn't show hand 
*** SUMMARY ***
Total pot $0.22 | Rake $0.01 
Board [Td Tc 6c]
Seat 1: Widomina folded before Flop (didn't bet)
Seat 3: Dorex2007 collected ($0.21)
Seat 4: hiker1201 (button) folded before Flop (didn't bet)
Seat 5: Piloto41 (small blind) folded on the Flop
Seat 6: SMUTJAN72 (big blind) folded before Flop
Seat 7: Golsuorsi folded before Flop (didn't bet)
Seat 8: TRUBACH folded before Flop (didn't bet)
Seat 9: Dinostzi folded before Flop (didn't bet)



PokerStars Hand #223664046415:  Hold'em No Limit ($0.01/$0.02 USD) - 2021/02/10 15:21:01 PT [2021/02/10 18:21:01 ET]
Table 'Semphyra II' 9-max Seat #5 is the button
Seat 1: Widomina ($1.69 in chips) 
Seat 3: Dorex2007 ($2.06 in chips) 
Seat 4: hiker1201 ($4.95 in chips) 
Seat 5: Piloto41 ($2.47 in chips) 
Seat 6: SMUTJAN72 ($2.54 in chips) 
Seat 8: TRUBACH ($2.95 in chips) 
Seat 9: Dinostzi ($4.48 in chips) 
SMUTJAN72: posts small blind $0.01
Golsuorsi: is sitting out 
TRUBACH: posts big blind $0.02
*** HOLE CARDS ***
Dealt to Dorex2007 [8h Qs]
Dinostzi: raises $0.04 to $0.06
Widomina: folds 
Dorex2007: folds 
hiker1201: folds 
Piloto41: raises $0.04 to $0.10
SMUTJAN72: folds 
TRUBACH: folds 
Dinostzi: calls $0.04
*** FLOP *** [2d Jh 6c]
Dinostzi: checks 
Piloto41: checks 
*** TURN *** [2d Jh 6c] [5s]
Dinostzi: bets $0.11
Piloto41: calls $0.11
*** RIVER *** [2d Jh 6c 5s] [Kd]
Golsuorsi leaves the table
Dinostzi: bets $0.22
Piloto41: folds 
Uncalled bet ($0.22) returned to Dinostzi
Dinostzi collected $0.43 from pot
Dinostzi: doesn't show hand 
*** SUMMARY ***
Total pot $0.45 | Rake $0.02 
Board [2d Jh 6c 5s Kd]
Seat 1: Widomina folded before Flop (didn't bet)
Seat 3: Dorex2007 folded before Flop (didn't bet)
Seat 4: hiker1201 folded before Flop (didn't bet)
Seat 5: Piloto41 (button) folded on the River
Seat 6: SMUTJAN72 (small blind) folded before Flop
Seat 8: TRUBACH (big blind) folded before Flop
Seat 9: Dinostzi collected ($0.43)



PokerStars Hand #223664069322:  Hold'em No Limit ($0.01/$0.02 USD) - 2021/02/10 15:21:43 PT [2021/02/10 18:21:43 ET]
Table 'Semphyra II' 9-max Seat #6 is the button
Seat 1: Widomina ($1.69 in chips) 
Seat 3: Dorex2007 ($2.06 in chips) 
Seat 4: hiker1201 ($4.95 in chips) 
Seat 5: Piloto41 ($2.26 in chips) 
Seat 6: SMUTJAN72 ($2.53 in chips) 
Seat 8: TRUBACH ($2.93 in chips) 
Seat 9: Dinostzi ($4.70 in chips) 
TRUBACH: posts small blind $0.01
Dinostzi: posts big blind $0.02
*** HOLE CARDS ***
Dealt to Dorex2007 [6s 8c]
Widomina: folds 
Dorex2007: folds 
hiker1201: folds 
Piloto41: raises $0.10 to $0.12
SMUTJAN72: folds 
TRUBACH: folds 
Dinostzi: folds 
Uncalled bet ($0.10) returned to Piloto41
Piloto41 collected $0.05 from pot
Piloto41: doesn't show hand 
*** SUMMARY ***
Total pot $0.05 | Rake $0 
Seat 1: Widomina folded before Flop (didn't bet)
Seat 3: Dorex2007 folded before Flop (didn't bet)
Seat 4: hiker1201 folded before Flop (didn't bet)
Seat 5: Piloto41 collected ($0.05)
Seat 6: SMUTJAN72 (button) folded before Flop (didn't bet)
Seat 8: TRUBACH (small blind) folded before Flop
Seat 9: Dinostzi (big blind) folded before Flop



