PokerStars Hand #223815251121:  Hold'em No Limit ($0.01/$0.02 USD) - 2021/02/14 11:54:51 PT [2021/02/14 14:54:51 ET]
Table 'Yarilo IV' 9-max Seat #2 is the button
Seat 1: Crappz ($2.07 in chips) 
Seat 2: ClintmanJJ ($1.51 in chips) 
Seat 3: FaraonRamzez ($2.10 in chips) 
Seat 4: CptnAhab777 ($2.42 in chips) 
Seat 5: budetsvadba ($2.58 in chips) 
Seat 6: Dorex2007 ($1.50 in chips) 
Seat 7: JanikF ($3.39 in chips) 
Seat 8: BoogerChimp ($2.36 in chips) 
Seat 9: Dre-Zed ($1.33 in chips) 
FaraonRamzez: posts small blind $0.01
CptnAhab777: posts big blind $0.02
Dorex2007: posts big blind $0.02
*** HOLE CARDS ***
Dealt to Dorex2007 [Ks 3c]
budetsvadba: folds 
Dorex2007: checks 
JanikF: folds 
BoogerChimp: calls $0.02
Dre-Zed: calls $0.02
Crappz: folds 
JanikF leaves the table
ClintmanJJ: folds 
FaraonRamzez: calls $0.01
CptnAhab777: checks 
*** FLOP *** [Jc 3d 5d]
ClintmanJJ leaves the table
FaraonRamzez: checks 
CptnAhab777: checks 
Dorex2007: checks 
BoogerChimp: checks 
Dre-Zed: checks 
*** TURN *** [Jc 3d 5d] [9s]
FaraonRamzez: checks 
CptnAhab777: bets $0.06
Dorex2007: folds 
BoogerChimp: calls $0.06
Dre-Zed: folds 
zuantewith80 joins the table at seat #2 
FaraonRamzez: folds 
*** RIVER *** [Jc 3d 5d 9s] [Kh]
CptnAhab777: checks 
BoogerChimp: bets $0.13
CptnAhab777: folds 
Uncalled bet ($0.13) returned to BoogerChimp
BoogerChimp collected $0.21 from pot
BoogerChimp: doesn't show hand 
*** SUMMARY ***
Total pot $0.22 | Rake $0.01 
Board [Jc 3d 5d 9s Kh]
Seat 1: Crappz folded before Flop (didn't bet)
Seat 2: ClintmanJJ (button) folded before Flop (didn't bet)
Seat 3: FaraonRamzez (small blind) folded on the Turn
Seat 4: CptnAhab777 (big blind) folded on the River
Seat 5: budetsvadba folded before Flop (didn't bet)
Seat 6: Dorex2007 folded on the Turn (didn't bet)
Seat 7: JanikF folded before Flop (didn't bet)
Seat 8: BoogerChimp collected ($0.21)
Seat 9: Dre-Zed folded on the Turn



PokerStars Hand #223815290113:  Hold'em No Limit ($0.01/$0.02 USD) - 2021/02/14 11:55:57 PT [2021/02/14 14:55:57 ET]
Table 'Yarilo IV' 9-max Seat #3 is the button
Seat 1: Crappz ($2.07 in chips) 
Seat 3: FaraonRamzez ($2.08 in chips) 
Seat 4: CptnAhab777 ($2.34 in chips) 
Seat 5: budetsvadba ($2.58 in chips) 
Seat 6: Dorex2007 ($1.48 in chips) 
Seat 8: BoogerChimp ($2.49 in chips) 
Seat 9: Dre-Zed ($1.31 in chips) 
CptnAhab777: posts small blind $0.01
budetsvadba: posts big blind $0.02
zuantewith80: sits out 
*** HOLE CARDS ***
Dealt to Dorex2007 [Kh Qs]
Dorex2007: calls $0.02
BoogerChimp: folds 
Dre-Zed: folds 
Crappz: folds 
FaraonRamzez: raises $0.10 to $0.12
CptnAhab777: folds 
Maicon_bjj_1 joins the table at seat #7 
budetsvadba: folds 
Dorex2007: calls $0.10
*** FLOP *** [Jh Qh 6d]
Dorex2007: bets $0.13
FaraonRamzez: folds 
Uncalled bet ($0.13) returned to Dorex2007
Dorex2007 collected $0.26 from pot
Dorex2007: doesn't show hand 
*** SUMMARY ***
Total pot $0.27 | Rake $0.01 
Board [Jh Qh 6d]
Seat 1: Crappz folded before Flop (didn't bet)
Seat 3: FaraonRamzez (button) folded on the Flop
Seat 4: CptnAhab777 (small blind) folded before Flop
Seat 5: budetsvadba (big blind) folded before Flop
Seat 6: Dorex2007 collected ($0.26)
Seat 8: BoogerChimp folded before Flop (didn't bet)
Seat 9: Dre-Zed folded before Flop (didn't bet)



PokerStars Hand #223815320976:  Hold'em No Limit ($0.01/$0.02 USD) - 2021/02/14 11:56:41 PT [2021/02/14 14:56:41 ET]
Table 'Yarilo IV' 9-max Seat #4 is the button
Seat 1: Crappz ($2.07 in chips) 
Seat 3: FaraonRamzez ($1.96 in chips) 
Seat 4: CptnAhab777 ($2.33 in chips) 
Seat 5: budetsvadba ($2.56 in chips) 
Seat 6: Dorex2007 ($1.62 in chips) 
Seat 8: BoogerChimp ($2.49 in chips) 
Seat 9: Dre-Zed ($1.31 in chips) 
budetsvadba: posts small blind $0.01
Dorex2007: posts big blind $0.02
Maicon_bjj_1: sits out 
zuantewith80: sits out 
*** HOLE CARDS ***
Dealt to Dorex2007 [Ac 7h]
BoogerChimp: calls $0.02
Dre-Zed: raises $0.02 to $0.04
Crappz: folds 
FaraonRamzez: folds 
CptnAhab777: folds 
budetsvadba: folds 
Dorex2007: folds 
BoogerChimp: calls $0.02
*** FLOP *** [5c 6h Js]
BoogerChimp: checks 
Dre-Zed: checks 
*** TURN *** [5c 6h Js] [3s]
BoogerChimp: bets $0.07
Dre-Zed: folds 
Uncalled bet ($0.07) returned to BoogerChimp
BoogerChimp collected $0.11 from pot
BoogerChimp: doesn't show hand 
*** SUMMARY ***
Total pot $0.11 | Rake $0 
Board [5c 6h Js 3s]
Seat 1: Crappz folded before Flop (didn't bet)
Seat 3: FaraonRamzez folded before Flop (didn't bet)
Seat 4: CptnAhab777 (button) folded before Flop (didn't bet)
Seat 5: budetsvadba (small blind) folded before Flop
Seat 6: Dorex2007 (big blind) folded before Flop
Seat 8: BoogerChimp collected ($0.11)
Seat 9: Dre-Zed folded on the Turn



PokerStars Hand #223815342334:  Hold'em No Limit ($0.01/$0.02 USD) - 2021/02/14 11:57:21 PT [2021/02/14 14:57:21 ET]
Table 'Yarilo IV' 9-max Seat #5 is the button
Seat 1: Crappz ($2.07 in chips) 
Seat 3: FaraonRamzez ($1.96 in chips) 
Seat 4: CptnAhab777 ($2.33 in chips) 
Seat 5: budetsvadba ($2.55 in chips) 
Seat 6: Dorex2007 ($1.60 in chips) 
Seat 8: BoogerChimp ($2.56 in chips) 
Seat 9: Dre-Zed ($1.27 in chips) 
Dorex2007: posts small blind $0.01
BoogerChimp: posts big blind $0.02
zuantewith80: sits out 
*** HOLE CARDS ***
Dealt to Dorex2007 [7s 9c]
Dre-Zed: calls $0.02
Crappz: folds 
FaraonRamzez: folds 
CptnAhab777: raises $0.06 to $0.08
budetsvadba: folds 
Dorex2007: folds 
BoogerChimp: folds 
Dre-Zed: calls $0.06
*** FLOP *** [5h 7h 2c]
Dre-Zed: checks 
CptnAhab777: bets $0.08
Dre-Zed: folds 
Uncalled bet ($0.08) returned to CptnAhab777
CptnAhab777 collected $0.18 from pot
*** SUMMARY ***
Total pot $0.19 | Rake $0.01 
Board [5h 7h 2c]
Seat 1: Crappz folded before Flop (didn't bet)
Seat 3: FaraonRamzez folded before Flop (didn't bet)
Seat 4: CptnAhab777 collected ($0.18)
Seat 5: budetsvadba (button) folded before Flop (didn't bet)
Seat 6: Dorex2007 (small blind) folded before Flop
Seat 8: BoogerChimp (big blind) folded before Flop
Seat 9: Dre-Zed folded on the Flop



PokerStars Hand #223815358084:  Hold'em No Limit ($0.01/$0.02 USD) - 2021/02/14 11:57:51 PT [2021/02/14 14:57:51 ET]
Table 'Yarilo IV' 9-max Seat #6 is the button
Seat 1: Crappz ($2.07 in chips) 
Seat 3: FaraonRamzez ($1.96 in chips) 
Seat 4: CptnAhab777 ($2.43 in chips) 
Seat 5: budetsvadba ($2.55 in chips) 
Seat 6: Dorex2007 ($1.59 in chips) 
Seat 8: BoogerChimp ($2.54 in chips) 
Seat 9: Dre-Zed ($1.19 in chips) 
BoogerChimp: posts small blind $0.01
Dre-Zed: posts big blind $0.02
zuantewith80: sits out 
*** HOLE CARDS ***
Dealt to Dorex2007 [Qs 4h]
Crappz: folds 
FaraonRamzez: folds 
CptnAhab777: raises $0.04 to $0.06
budetsvadba: folds 
Dorex2007: folds 
BoogerChimp: folds 
Dre-Zed: folds 
Uncalled bet ($0.04) returned to CptnAhab777
CptnAhab777 collected $0.05 from pot
*** SUMMARY ***
Total pot $0.05 | Rake $0 
Seat 1: Crappz folded before Flop (didn't bet)
Seat 3: FaraonRamzez folded before Flop (didn't bet)
Seat 4: CptnAhab777 collected ($0.05)
Seat 5: budetsvadba folded before Flop (didn't bet)
Seat 6: Dorex2007 (button) folded before Flop (didn't bet)
Seat 8: BoogerChimp (small blind) folded before Flop
Seat 9: Dre-Zed (big blind) folded before Flop



PokerStars Hand #223815366411:  Hold'em No Limit ($0.01/$0.02 USD) - 2021/02/14 11:58:07 PT [2021/02/14 14:58:07 ET]
Table 'Yarilo IV' 9-max Seat #8 is the button
Seat 1: Crappz ($2.07 in chips) 
Seat 3: FaraonRamzez ($1.96 in chips) 
Seat 4: CptnAhab777 ($2.46 in chips) 
Seat 5: budetsvadba ($2.55 in chips) 
Seat 6: Dorex2007 ($1.59 in chips) 
Seat 8: BoogerChimp ($2.53 in chips) 
Seat 9: Dre-Zed ($1.17 in chips) 
Dre-Zed: posts small blind $0.01
Crappz: posts big blind $0.02
zuantewith80: sits out 
*** HOLE CARDS ***
Dealt to Dorex2007 [2s Ah]
FaraonRamzez: folds 
CptnAhab777: folds 
budetsvadba: raises $0.04 to $0.06
Dorex2007: folds 
BoogerChimp: folds 
Dre-Zed: folds 
Crappz: folds 
Uncalled bet ($0.04) returned to budetsvadba
budetsvadba collected $0.05 from pot
budetsvadba: doesn't show hand 
*** SUMMARY ***
Total pot $0.05 | Rake $0 
Seat 1: Crappz (big blind) folded before Flop
Seat 3: FaraonRamzez folded before Flop (didn't bet)
Seat 4: CptnAhab777 folded before Flop (didn't bet)
Seat 5: budetsvadba collected ($0.05)
Seat 6: Dorex2007 folded before Flop (didn't bet)
Seat 8: BoogerChimp (button) folded before Flop (didn't bet)
Seat 9: Dre-Zed (small blind) folded before Flop



PokerStars Hand #223815380326:  Hold'em No Limit ($0.01/$0.02 USD) - 2021/02/14 11:58:33 PT [2021/02/14 14:58:33 ET]
Table 'Yarilo IV' 9-max Seat #9 is the button
Seat 1: Crappz ($2.05 in chips) 
Seat 2: zuantewith80 ($1.71 in chips) 
Seat 3: FaraonRamzez ($1.96 in chips) 
Seat 4: CptnAhab777 ($2.46 in chips) 
Seat 5: budetsvadba ($2.58 in chips) 
Seat 6: Dorex2007 ($1.59 in chips) 
Seat 8: BoogerChimp ($2.53 in chips) 
Seat 9: Dre-Zed ($1.16 in chips) 
Crappz: posts small blind $0.01
zuantewith80: posts big blind $0.02
*** HOLE CARDS ***
Dealt to Dorex2007 [2s 3h]
FaraonRamzez: folds 
CptnAhab777: folds 
budetsvadba: folds 
Dorex2007: calls $0.02
BoogerChimp: folds 
Dre-Zed: calls $0.02
Crappz: raises $0.06 to $0.08
zuantewith80: folds 
Dorex2007: folds 
Dre-Zed: folds 
Uncalled bet ($0.06) returned to Crappz
Crappz collected $0.08 from pot
Crappz: doesn't show hand 
*** SUMMARY ***
Total pot $0.08 | Rake $0 
Seat 1: Crappz (small blind) collected ($0.08)
Seat 2: zuantewith80 (big blind) folded before Flop
Seat 3: FaraonRamzez folded before Flop (didn't bet)
Seat 4: CptnAhab777 folded before Flop (didn't bet)
Seat 5: budetsvadba folded before Flop (didn't bet)
Seat 6: Dorex2007 folded before Flop
Seat 8: BoogerChimp folded before Flop (didn't bet)
Seat 9: Dre-Zed (button) folded before Flop



PokerStars Hand #223815391906:  Hold'em No Limit ($0.01/$0.02 USD) - 2021/02/14 11:58:55 PT [2021/02/14 14:58:55 ET]
Table 'Yarilo IV' 9-max Seat #1 is the button
Seat 1: Crappz ($2.11 in chips) 
Seat 2: zuantewith80 ($1.69 in chips) 
Seat 3: FaraonRamzez ($1.96 in chips) 
Seat 4: CptnAhab777 ($2.46 in chips) 
Seat 5: budetsvadba ($2.58 in chips) 
Seat 6: Dorex2007 ($1.57 in chips) 
Seat 8: BoogerChimp ($2.53 in chips) 
Seat 9: Dre-Zed ($1.14 in chips) 
zuantewith80: posts small blind $0.01
FaraonRamzez: posts big blind $0.02
*** HOLE CARDS ***
Dealt to Dorex2007 [3c Kd]
CptnAhab777: folds 
budetsvadba: folds 
Dorex2007: folds 
BoogerChimp: calls $0.02
Dre-Zed: folds 
Crappz: folds 
zuantewith80: calls $0.01
FaraonRamzez: checks 
*** FLOP *** [3h 2d 7s]
zuantewith80: checks 
FaraonRamzez: checks 
BoogerChimp: bets $0.07
zuantewith80: folds 
FaraonRamzez: folds 
Uncalled bet ($0.07) returned to BoogerChimp
BoogerChimp collected $0.06 from pot
BoogerChimp: doesn't show hand 
*** SUMMARY ***
Total pot $0.06 | Rake $0 
Board [3h 2d 7s]
Seat 1: Crappz (button) folded before Flop (didn't bet)
Seat 2: zuantewith80 (small blind) folded on the Flop
Seat 3: FaraonRamzez (big blind) folded on the Flop
Seat 4: CptnAhab777 folded before Flop (didn't bet)
Seat 5: budetsvadba folded before Flop (didn't bet)
Seat 6: Dorex2007 folded before Flop (didn't bet)
Seat 8: BoogerChimp collected ($0.06)
Seat 9: Dre-Zed folded before Flop (didn't bet)



PokerStars Hand #223815420763:  Hold'em No Limit ($0.01/$0.02 USD) - 2021/02/14 11:59:49 PT [2021/02/14 14:59:49 ET]
Table 'Yarilo IV' 9-max Seat #2 is the button
Seat 1: Crappz ($2.11 in chips) 
Seat 2: zuantewith80 ($1.67 in chips) 
Seat 3: FaraonRamzez ($1.94 in chips) 
Seat 4: CptnAhab777 ($2.46 in chips) 
Seat 5: budetsvadba ($2.58 in chips) 
Seat 6: Dorex2007 ($1.57 in chips) 
Seat 8: BoogerChimp ($2.57 in chips) 
Seat 9: Dre-Zed ($1.14 in chips) 
FaraonRamzez: posts small blind $0.01
CptnAhab777: posts big blind $0.02
*** HOLE CARDS ***
Dealt to Dorex2007 [7c 5d]
budetsvadba: folds 
Dorex2007: folds 
BoogerChimp: folds 
Dre-Zed: folds 
Crappz: raises $0.02 to $0.04
zuantewith80: folds 
FaraonRamzez: folds 
CptnAhab777: calls $0.02
*** FLOP *** [Ts 7h 9h]
CptnAhab777: checks 
Crappz: bets $0.06
CptnAhab777: calls $0.06
*** TURN *** [Ts 7h 9h] [9d]
CptnAhab777: checks 
Crappz: bets $0.10
CptnAhab777: raises $0.22 to $0.32
Crappz: folds 
Uncalled bet ($0.22) returned to CptnAhab777
CptnAhab777 collected $0.40 from pot
*** SUMMARY ***
Total pot $0.41 | Rake $0.01 
Board [Ts 7h 9h 9d]
Seat 1: Crappz folded on the Turn
Seat 2: zuantewith80 (button) folded before Flop (didn't bet)
Seat 3: FaraonRamzez (small blind) folded before Flop
Seat 4: CptnAhab777 (big blind) collected ($0.40)
Seat 5: budetsvadba folded before Flop (didn't bet)
Seat 6: Dorex2007 folded before Flop (didn't bet)
Seat 8: BoogerChimp folded before Flop (didn't bet)
Seat 9: Dre-Zed folded before Flop (didn't bet)



PokerStars Hand #223815458507:  Hold'em No Limit ($0.01/$0.02 USD) - 2021/02/14 12:00:55 PT [2021/02/14 15:00:55 ET]
Table 'Yarilo IV' 9-max Seat #3 is the button
Seat 1: Crappz ($2 in chips) 
Seat 2: zuantewith80 ($1.67 in chips) 
Seat 3: FaraonRamzez ($1.93 in chips) 
Seat 4: CptnAhab777 ($2.66 in chips) 
Seat 6: Dorex2007 ($1.57 in chips) 
Seat 8: BoogerChimp ($2.57 in chips) 
Seat 9: Dre-Zed ($1.14 in chips) 
CptnAhab777: posts small blind $0.01
budetsvadba: is sitting out 
Dorex2007: posts big blind $0.02
*** HOLE CARDS ***
Dealt to Dorex2007 [8h Kh]
BoogerChimp: folds 
Dre-Zed: folds 
Crappz: folds 
zuantewith80: folds 
FaraonRamzez: raises $0.04 to $0.06
CptnAhab777: folds 
budetsvadba leaves the table
Dorex2007: calls $0.04
*** FLOP *** [7d 6d 8d]
ZL2M973FQ joins the table at seat #5 
Dorex2007: bets $0.07
FaraonRamzez: raises $0.27 to $0.34
Dorex2007: folds 
Uncalled bet ($0.27) returned to FaraonRamzez
FaraonRamzez collected $0.26 from pot
FaraonRamzez: doesn't show hand 
*** SUMMARY ***
Total pot $0.27 | Rake $0.01 
Board [7d 6d 8d]
Seat 1: Crappz folded before Flop (didn't bet)
Seat 2: zuantewith80 folded before Flop (didn't bet)
Seat 3: FaraonRamzez (button) collected ($0.26)
Seat 4: CptnAhab777 (small blind) folded before Flop
Seat 6: Dorex2007 (big blind) folded on the Flop
Seat 8: BoogerChimp folded before Flop (didn't bet)
Seat 9: Dre-Zed folded before Flop (didn't bet)



PokerStars Hand #223815491448:  Hold'em No Limit ($0.01/$0.02 USD) - 2021/02/14 12:01:46 PT [2021/02/14 15:01:46 ET]
Table 'Yarilo IV' 9-max Seat #4 is the button
Seat 1: Crappz ($2 in chips) 
Seat 2: zuantewith80 ($1.67 in chips) 
Seat 3: FaraonRamzez ($2.06 in chips) 
Seat 4: CptnAhab777 ($2.65 in chips) 
Seat 6: Dorex2007 ($1.44 in chips) 
Seat 8: BoogerChimp ($2.57 in chips) 
Seat 9: Dre-Zed ($1.14 in chips) 
Dorex2007: posts small blind $0.01
BoogerChimp: posts big blind $0.02
*** HOLE CARDS ***
Dealt to Dorex2007 [3c 5c]
Dre-Zed: folds 
Crappz: folds 
zuantewith80: folds 
FaraonRamzez: folds 
CptnAhab777: folds 
Dorex2007: folds 
Uncalled bet ($0.01) returned to BoogerChimp
BoogerChimp collected $0.02 from pot
BoogerChimp: doesn't show hand 
*** SUMMARY ***
Total pot $0.02 | Rake $0 
Seat 1: Crappz folded before Flop (didn't bet)
Seat 2: zuantewith80 folded before Flop (didn't bet)
Seat 3: FaraonRamzez folded before Flop (didn't bet)
Seat 4: CptnAhab777 (button) folded before Flop (didn't bet)
Seat 6: Dorex2007 (small blind) folded before Flop
Seat 8: BoogerChimp (big blind) collected ($0.02)
Seat 9: Dre-Zed folded before Flop (didn't bet)



PokerStars Hand #223815499674:  Hold'em No Limit ($0.01/$0.02 USD) - 2021/02/14 12:01:58 PT [2021/02/14 15:01:58 ET]
Table 'Yarilo IV' 9-max Seat #6 is the button
Seat 1: Crappz ($2 in chips) 
Seat 2: zuantewith80 ($1.67 in chips) 
Seat 3: FaraonRamzez ($2.06 in chips) 
Seat 4: CptnAhab777 ($2.65 in chips) 
Seat 6: Dorex2007 ($1.43 in chips) 
Seat 8: BoogerChimp ($2.58 in chips) 
Seat 9: Dre-Zed ($1.14 in chips) 
BoogerChimp: posts small blind $0.01
Dre-Zed: posts big blind $0.02
ZL2M973FQ: sits out 
*** HOLE CARDS ***
Dealt to Dorex2007 [7s Jh]
Crappz: folds 
zuantewith80: folds 
FaraonRamzez: folds 
CptnAhab777: folds 
Dorex2007: folds 
BoogerChimp: folds 
Uncalled bet ($0.01) returned to Dre-Zed
Dre-Zed collected $0.02 from pot
Dre-Zed: doesn't show hand 
*** SUMMARY ***
Total pot $0.02 | Rake $0 
Seat 1: Crappz folded before Flop (didn't bet)
Seat 2: zuantewith80 folded before Flop (didn't bet)
Seat 3: FaraonRamzez folded before Flop (didn't bet)
Seat 4: CptnAhab777 folded before Flop (didn't bet)
Seat 6: Dorex2007 (button) folded before Flop (didn't bet)
Seat 8: BoogerChimp (small blind) folded before Flop
Seat 9: Dre-Zed (big blind) collected ($0.02)



PokerStars Hand #223815508385:  Hold'em No Limit ($0.01/$0.02 USD) - 2021/02/14 12:02:11 PT [2021/02/14 15:02:11 ET]
Table 'Yarilo IV' 9-max Seat #8 is the button
Seat 1: Crappz ($2 in chips) 
Seat 2: zuantewith80 ($1.67 in chips) 
Seat 3: FaraonRamzez ($2.06 in chips) 
Seat 4: CptnAhab777 ($2.65 in chips) 
Seat 6: Dorex2007 ($1.43 in chips) 
Seat 8: BoogerChimp ($2.57 in chips) 
Seat 9: Dre-Zed ($1.15 in chips) 
Dre-Zed: posts small blind $0.01
Crappz: posts big blind $0.02
ZL2M973FQ: sits out 
*** HOLE CARDS ***
Dealt to Dorex2007 [7s 8d]
zuantewith80: folds 
FaraonRamzez: folds 
CptnAhab777: folds 
Dorex2007: folds 
BoogerChimp: folds 
Dre-Zed: folds 
Uncalled bet ($0.01) returned to Crappz
Crappz collected $0.02 from pot
Crappz: doesn't show hand 
*** SUMMARY ***
Total pot $0.02 | Rake $0 
Seat 1: Crappz (big blind) collected ($0.02)
Seat 2: zuantewith80 folded before Flop (didn't bet)
Seat 3: FaraonRamzez folded before Flop (didn't bet)
Seat 4: CptnAhab777 folded before Flop (didn't bet)
Seat 6: Dorex2007 folded before Flop (didn't bet)
Seat 8: BoogerChimp (button) folded before Flop (didn't bet)
Seat 9: Dre-Zed (small blind) folded before Flop



PokerStars Hand #223815517382:  Hold'em No Limit ($0.01/$0.02 USD) - 2021/02/14 12:02:22 PT [2021/02/14 15:02:22 ET]
Table 'Yarilo IV' 9-max Seat #9 is the button
Seat 1: Crappz ($2.01 in chips) 
Seat 2: zuantewith80 ($1.67 in chips) 
Seat 3: FaraonRamzez ($2.06 in chips) 
Seat 4: CptnAhab777 ($2.65 in chips) 
Seat 6: Dorex2007 ($1.43 in chips) 
Seat 8: BoogerChimp ($2.57 in chips) 
Seat 9: Dre-Zed ($1.14 in chips) 
Crappz: posts small blind $0.01
zuantewith80: posts big blind $0.02
ZL2M973FQ: sits out 
*** HOLE CARDS ***
Dealt to Dorex2007 [Th Kh]
FaraonRamzez: folds 
CptnAhab777: folds 
Dorex2007: calls $0.02
BoogerChimp: raises $0.08 to $0.10
Dre-Zed: folds 
Crappz: folds 
zuantewith80: folds 
Dorex2007: calls $0.08
*** FLOP *** [9c Js 2c]
Dorex2007: checks 
BoogerChimp: checks 
*** TURN *** [9c Js 2c] [2h]
Dorex2007: checks 
BoogerChimp: checks 
*** RIVER *** [9c Js 2c 2h] [7c]
Dorex2007: bets $0.11
BoogerChimp: folds 
Uncalled bet ($0.11) returned to Dorex2007
Dorex2007 collected $0.22 from pot
Dorex2007: doesn't show hand 
*** SUMMARY ***
Total pot $0.23 | Rake $0.01 
Board [9c Js 2c 2h 7c]
Seat 1: Crappz (small blind) folded before Flop
Seat 2: zuantewith80 (big blind) folded before Flop
Seat 3: FaraonRamzez folded before Flop (didn't bet)
Seat 4: CptnAhab777 folded before Flop (didn't bet)
Seat 6: Dorex2007 collected ($0.22)
Seat 8: BoogerChimp folded on the River
Seat 9: Dre-Zed (button) folded before Flop (didn't bet)



PokerStars Hand #223815545372:  Hold'em No Limit ($0.01/$0.02 USD) - 2021/02/14 12:02:59 PT [2021/02/14 15:02:59 ET]
Table 'Yarilo IV' 9-max Seat #1 is the button
Seat 1: Crappz ($2 in chips) 
Seat 2: zuantewith80 ($1.65 in chips) 
Seat 3: FaraonRamzez ($2.06 in chips) 
Seat 4: CptnAhab777 ($2.65 in chips) 
Seat 6: Dorex2007 ($1.55 in chips) 
Seat 8: BoogerChimp ($2.47 in chips) 
Seat 9: Dre-Zed ($1.14 in chips) 
zuantewith80: posts small blind $0.01
FaraonRamzez: posts big blind $0.02
ZL2M973FQ: sits out 
*** HOLE CARDS ***
Dealt to Dorex2007 [Td Qd]
CptnAhab777: folds 
Dorex2007: calls $0.02
BoogerChimp: folds 
Dre-Zed: calls $0.02
Crappz: calls $0.02
zuantewith80: raises $0.16 to $0.18
FaraonRamzez: folds 
Dorex2007: folds 
Dre-Zed: raises $0.96 to $1.14 and is all-in
Crappz: folds 
zuantewith80: calls $0.96
*** FLOP *** [6s 3h 7h]
*** TURN *** [6s 3h 7h] [5c]
*** RIVER *** [6s 3h 7h 5c] [9d]
*** SHOW DOWN ***
zuantewith80: shows [Ac Ad] (a pair of Aces)
Dre-Zed: shows [Kd Jc] (high card King)
zuantewith80 cashed out the hand for $1.96 | Cash Out Fee $0.02
*** SUMMARY ***
Total pot $2.34 | Rake $0.08 
Board [6s 3h 7h 5c 9d]
Seat 1: Crappz (button) folded before Flop
Seat 2: zuantewith80 (small blind) showed [Ac Ad] and won ($2.26) with a pair of Aces (pot not awarded as player cashed out)
Seat 3: FaraonRamzez (big blind) folded before Flop
Seat 4: CptnAhab777 folded before Flop (didn't bet)
Seat 6: Dorex2007 folded before Flop
Seat 8: BoogerChimp folded before Flop (didn't bet)
Seat 9: Dre-Zed showed [Kd Jc] and lost with high card King



PokerStars Hand #223815585985:  Hold'em No Limit ($0.01/$0.02 USD) - 2021/02/14 12:03:46 PT [2021/02/14 15:03:46 ET]
Table 'Yarilo IV' 9-max Seat #2 is the button
Seat 1: Crappz ($2 in chips) 
Seat 2: zuantewith80 ($2.47 in chips) 
Seat 3: FaraonRamzez ($2.04 in chips) 
Seat 4: CptnAhab777 ($2.65 in chips) 
Seat 6: Dorex2007 ($1.53 in chips) 
Seat 8: BoogerChimp ($2.47 in chips) 
FaraonRamzez: posts small blind $0.01
CptnAhab777: posts big blind $0.02
ZL2M973FQ: sits out 
*** HOLE CARDS ***
Dealt to Dorex2007 [Ts 5c]
Dorex2007: folds 
BoogerChimp: folds 
Crappz: folds 
zuantewith80: folds 
FaraonRamzez: raises $0.04 to $0.06
CptnAhab777: folds 
Uncalled bet ($0.04) returned to FaraonRamzez
FaraonRamzez collected $0.04 from pot
FaraonRamzez: doesn't show hand 
*** SUMMARY ***
Total pot $0.04 | Rake $0 
Seat 1: Crappz folded before Flop (didn't bet)
Seat 2: zuantewith80 (button) folded before Flop (didn't bet)
Seat 3: FaraonRamzez (small blind) collected ($0.04)
Seat 4: CptnAhab777 (big blind) folded before Flop
Seat 6: Dorex2007 folded before Flop (didn't bet)
Seat 8: BoogerChimp folded before Flop (didn't bet)



PokerStars Hand #223815600179:  Hold'em No Limit ($0.01/$0.02 USD) - 2021/02/14 12:04:02 PT [2021/02/14 15:04:02 ET]
Table 'Yarilo IV' 9-max Seat #3 is the button
Seat 1: Crappz ($2 in chips) 
Seat 2: zuantewith80 ($2.47 in chips) 
Seat 3: FaraonRamzez ($2.06 in chips) 
Seat 4: CptnAhab777 ($2.63 in chips) 
Seat 5: ZL2M973FQ ($2 in chips) 
Seat 6: Dorex2007 ($1.53 in chips) 
Seat 8: BoogerChimp ($2.47 in chips) 
Seat 9: Dre-Zed ($2 in chips) 
CptnAhab777: posts small blind $0.01
ZL2M973FQ: posts big blind $0.02
*** HOLE CARDS ***
Dealt to Dorex2007 [Ac Qd]
Dorex2007 said, "That was odd"
Dorex2007: raises $0.02 to $0.04
BoogerChimp: folds 
Dre-Zed: folds 
Crappz: folds 
zuantewith80: calls $0.04
FaraonRamzez: folds 
CptnAhab777: calls $0.03
ZL2M973FQ: folds 
*** FLOP *** [5d Ad 9s]
CptnAhab777: checks 
Dre-Zed said, "lol cashes out"
Dorex2007: checks 
zuantewith80: checks 
*** TURN *** [5d Ad 9s] [6s]
CptnAhab777: bets $0.10
Dorex2007: calls $0.10
zuantewith80: calls $0.10
*** RIVER *** [5d Ad 9s 6s] [7h]
CptnAhab777: checks 
Dorex2007: bets $0.21
Dre-Zed said, "good game "
zuantewith80: folds 
CptnAhab777: folds 
Uncalled bet ($0.21) returned to Dorex2007
Dorex2007 collected $0.42 from pot
Dorex2007: doesn't show hand 
*** SUMMARY ***
Total pot $0.44 | Rake $0.02 
Board [5d Ad 9s 6s 7h]
Seat 1: Crappz folded before Flop (didn't bet)
Seat 2: zuantewith80 folded on the River
Seat 3: FaraonRamzez (button) folded before Flop (didn't bet)
Seat 4: CptnAhab777 (small blind) folded on the River
Seat 5: ZL2M973FQ (big blind) folded before Flop
Seat 6: Dorex2007 collected ($0.42)
Seat 8: BoogerChimp folded before Flop (didn't bet)
Seat 9: Dre-Zed folded before Flop (didn't bet)



PokerStars Hand #223815658714:  Hold'em No Limit ($0.01/$0.02 USD) - 2021/02/14 12:05:11 PT [2021/02/14 15:05:11 ET]
Table 'Yarilo IV' 9-max Seat #4 is the button
Seat 1: Crappz ($2 in chips) 
Seat 2: zuantewith80 ($2.33 in chips) 
Seat 3: FaraonRamzez ($2.06 in chips) 
Seat 4: CptnAhab777 ($2.49 in chips) 
Seat 5: ZL2M973FQ ($1.98 in chips) 
Seat 6: Dorex2007 ($1.81 in chips) 
Seat 8: BoogerChimp ($2.47 in chips) 
Seat 9: Dre-Zed ($2 in chips) 
ZL2M973FQ: posts small blind $0.01
Dorex2007: posts big blind $0.02
*** HOLE CARDS ***
Dealt to Dorex2007 [4c 6c]
BoogerChimp: folds 
Dre-Zed: folds 
Dre-Zed leaves the table
Crappz: raises $0.06 to $0.08
zuantewith80: folds 
FaraonRamzez: calls $0.08
CptnAhab777: folds 
ZL2M973FQ: folds 
Dorex2007: folds 
*** FLOP *** [6d 2s 5c]
TanjeffRz joins the table at seat #9 
Crappz: bets $0.09
FaraonRamzez: folds 
Uncalled bet ($0.09) returned to Crappz
Crappz collected $0.18 from pot
Crappz: doesn't show hand 
*** SUMMARY ***
Total pot $0.19 | Rake $0.01 
Board [6d 2s 5c]
Seat 1: Crappz collected ($0.18)
Seat 2: zuantewith80 folded before Flop (didn't bet)
Seat 3: FaraonRamzez folded on the Flop
Seat 4: CptnAhab777 (button) folded before Flop (didn't bet)
Seat 5: ZL2M973FQ (small blind) folded before Flop
Seat 6: Dorex2007 (big blind) folded before Flop
Seat 8: BoogerChimp folded before Flop (didn't bet)
Seat 9: Dre-Zed folded before Flop (didn't bet)



PokerStars Hand #223815698624:  Hold'em No Limit ($0.01/$0.02 USD) - 2021/02/14 12:05:56 PT [2021/02/14 15:05:56 ET]
Table 'Yarilo IV' 9-max Seat #5 is the button
Seat 1: Crappz ($2.10 in chips) 
Seat 2: zuantewith80 ($2.33 in chips) 
Seat 3: FaraonRamzez ($1.98 in chips) 
Seat 4: CptnAhab777 ($2.49 in chips) 
Seat 5: ZL2M973FQ ($1.97 in chips) 
Seat 6: Dorex2007 ($1.79 in chips) 
Seat 7: Maicon_bjj_1 ($0.80 in chips) 
Seat 8: BoogerChimp ($2.47 in chips) 
Dorex2007: posts small blind $0.01
Maicon_bjj_1: posts big blind $0.02
TanjeffRz: sits out 
*** HOLE CARDS ***
Dealt to Dorex2007 [9c 4s]
BoogerChimp: folds 
Crappz: folds 
zuantewith80: raises $0.04 to $0.06
FaraonRamzez: folds 
CptnAhab777: folds 
ZL2M973FQ: folds 
Dorex2007: folds 
Maicon_bjj_1: folds 
Uncalled bet ($0.04) returned to zuantewith80
zuantewith80 collected $0.05 from pot
zuantewith80: doesn't show hand 
*** SUMMARY ***
Total pot $0.05 | Rake $0 
Seat 1: Crappz folded before Flop (didn't bet)
Seat 2: zuantewith80 collected ($0.05)
Seat 3: FaraonRamzez folded before Flop (didn't bet)
Seat 4: CptnAhab777 folded before Flop (didn't bet)
Seat 5: ZL2M973FQ (button) folded before Flop (didn't bet)
Seat 6: Dorex2007 (small blind) folded before Flop
Seat 7: Maicon_bjj_1 (big blind) folded before Flop
Seat 8: BoogerChimp folded before Flop (didn't bet)



PokerStars Hand #223815714945:  Hold'em No Limit ($0.01/$0.02 USD) - 2021/02/14 12:06:15 PT [2021/02/14 15:06:15 ET]
Table 'Yarilo IV' 9-max Seat #6 is the button
Seat 1: Crappz ($2.10 in chips) 
Seat 2: zuantewith80 ($2.36 in chips) 
Seat 3: FaraonRamzez ($1.98 in chips) 
Seat 4: CptnAhab777 ($2.49 in chips) 
Seat 5: ZL2M973FQ ($1.97 in chips) 
Seat 6: Dorex2007 ($1.78 in chips) 
Seat 7: Maicon_bjj_1 ($0.78 in chips) 
Seat 8: BoogerChimp ($2.47 in chips) 
Maicon_bjj_1: posts small blind $0.01
BoogerChimp: posts big blind $0.02
TanjeffRz: sits out 
*** HOLE CARDS ***
Dealt to Dorex2007 [Ah Td]
Crappz: folds 
zuantewith80: folds 
FaraonRamzez: raises $0.04 to $0.06
CptnAhab777: folds 
ZL2M973FQ: calls $0.06
Dorex2007: calls $0.06
Maicon_bjj_1: calls $0.05
BoogerChimp: raises $0.36 to $0.42
FaraonRamzez: folds 
ZL2M973FQ: folds 
Dorex2007 said, "lol"
Dorex2007: folds 
Maicon_bjj_1: folds 
Uncalled bet ($0.36) returned to BoogerChimp
BoogerChimp collected $0.30 from pot
BoogerChimp: doesn't show hand 
*** SUMMARY ***
Total pot $0.30 | Rake $0 
Seat 1: Crappz folded before Flop (didn't bet)
Seat 2: zuantewith80 folded before Flop (didn't bet)
Seat 3: FaraonRamzez folded before Flop
Seat 4: CptnAhab777 folded before Flop (didn't bet)
Seat 5: ZL2M973FQ folded before Flop
Seat 6: Dorex2007 (button) folded before Flop
Seat 7: Maicon_bjj_1 (small blind) folded before Flop
Seat 8: BoogerChimp (big blind) collected ($0.30)



PokerStars Hand #223815792420:  Hold'em No Limit ($0.01/$0.02 USD) - 2021/02/14 12:07:39 PT [2021/02/14 15:07:39 ET]
Table 'Yarilo IV' 9-max Seat #7 is the button
Seat 1: Crappz ($2.10 in chips) 
Seat 2: zuantewith80 ($2.36 in chips) 
Seat 3: FaraonRamzez ($1.92 in chips) 
Seat 4: CptnAhab777 ($2.49 in chips) 
Seat 5: ZL2M973FQ ($1.91 in chips) 
Seat 6: Dorex2007 ($1.72 in chips) 
Seat 7: Maicon_bjj_1 ($0.72 in chips) 
Seat 8: BoogerChimp ($2.71 in chips) 
Seat 9: TanjeffRz ($2 in chips) 
BoogerChimp: posts small blind $0.01
TanjeffRz: posts big blind $0.02
*** HOLE CARDS ***
Dealt to Dorex2007 [9c Jh]
Crappz: folds 
zuantewith80: folds 
FaraonRamzez: folds 
CptnAhab777: folds 
ZL2M973FQ: folds 
Dorex2007: folds 
Maicon_bjj_1: folds 
BoogerChimp: folds 
Uncalled bet ($0.01) returned to TanjeffRz
TanjeffRz collected $0.02 from pot
TanjeffRz: doesn't show hand 
*** SUMMARY ***
Total pot $0.02 | Rake $0 
Seat 1: Crappz folded before Flop (didn't bet)
Seat 2: zuantewith80 folded before Flop (didn't bet)
Seat 3: FaraonRamzez folded before Flop (didn't bet)
Seat 4: CptnAhab777 folded before Flop (didn't bet)
Seat 5: ZL2M973FQ folded before Flop (didn't bet)
Seat 6: Dorex2007 folded before Flop (didn't bet)
Seat 7: Maicon_bjj_1 (button) folded before Flop (didn't bet)
Seat 8: BoogerChimp (small blind) folded before Flop
Seat 9: TanjeffRz (big blind) collected ($0.02)



PokerStars Hand #223815803604:  Hold'em No Limit ($0.01/$0.02 USD) - 2021/02/14 12:07:51 PT [2021/02/14 15:07:51 ET]
Table 'Yarilo IV' 9-max Seat #8 is the button
Seat 1: Crappz ($2.10 in chips) 
Seat 2: zuantewith80 ($2.36 in chips) 
Seat 3: FaraonRamzez ($1.92 in chips) 
Seat 4: CptnAhab777 ($2.49 in chips) 
Seat 5: ZL2M973FQ ($1.91 in chips) 
Seat 6: Dorex2007 ($1.72 in chips) 
Seat 7: Maicon_bjj_1 ($0.72 in chips) 
Seat 8: BoogerChimp ($2.70 in chips) 
Seat 9: TanjeffRz ($2.01 in chips) 
TanjeffRz: posts small blind $0.01
Crappz: posts big blind $0.02
*** HOLE CARDS ***
Dealt to Dorex2007 [7h Jh]
zuantewith80: raises $0.04 to $0.06
Dorex2007 said, "you owe me 6 chips :)"
FaraonRamzez: folds 
CptnAhab777: folds 
ZL2M973FQ: folds 
Dorex2007: folds 
Maicon_bjj_1 has timed out
Maicon_bjj_1: folds 
BoogerChimp: calls $0.06
TanjeffRz: folds 
Crappz: folds 
*** FLOP *** [6c Ks Qs]
zuantewith80: checks 
BoogerChimp: checks 
*** TURN *** [6c Ks Qs] [As]
zuantewith80: bets $0.10
BoogerChimp: calls $0.10
*** RIVER *** [6c Ks Qs As] [Ah]
zuantewith80: bets $0.27
BoogerChimp: folds 
Uncalled bet ($0.27) returned to zuantewith80
zuantewith80 collected $0.34 from pot
zuantewith80: doesn't show hand 
*** SUMMARY ***
Total pot $0.35 | Rake $0.01 
Board [6c Ks Qs As Ah]
Seat 1: Crappz (big blind) folded before Flop
Seat 2: zuantewith80 collected ($0.34)
Seat 3: FaraonRamzez folded before Flop (didn't bet)
Seat 4: CptnAhab777 folded before Flop (didn't bet)
Seat 5: ZL2M973FQ folded before Flop (didn't bet)
Seat 6: Dorex2007 folded before Flop (didn't bet)
Seat 7: Maicon_bjj_1 folded before Flop (didn't bet)
Seat 8: BoogerChimp (button) folded on the River
Seat 9: TanjeffRz (small blind) folded before Flop



PokerStars Hand #223815860926:  Hold'em No Limit ($0.01/$0.02 USD) - 2021/02/14 12:08:57 PT [2021/02/14 15:08:57 ET]
Table 'Yarilo IV' 9-max Seat #9 is the button
Seat 1: Crappz ($2.08 in chips) 
Seat 2: zuantewith80 ($2.54 in chips) 
Seat 3: FaraonRamzez ($1.92 in chips) 
Seat 4: CptnAhab777 ($2.49 in chips) 
Seat 5: ZL2M973FQ ($1.91 in chips) 
Seat 6: Dorex2007 ($1.72 in chips) 
Seat 8: BoogerChimp ($2.54 in chips) 
Seat 9: TanjeffRz ($2 in chips) 
Crappz: posts small blind $0.01
zuantewith80: posts big blind $0.02
*** HOLE CARDS ***
Dealt to Dorex2007 [4s As]
FaraonRamzez: raises $0.04 to $0.06
CptnAhab777: folds 
ZL2M973FQ: calls $0.06
Dorex2007: calls $0.06
BoogerChimp: folds 
TanjeffRz: calls $0.06
Crappz: folds 
zuantewith80: folds 
*** FLOP *** [4d 2c Qd]
FaraonRamzez: bets $0.13
ZL2M973FQ: folds 
Dorex2007: folds 
TanjeffRz: folds 
Uncalled bet ($0.13) returned to FaraonRamzez
FaraonRamzez collected $0.26 from pot
FaraonRamzez: doesn't show hand 
*** SUMMARY ***
Total pot $0.27 | Rake $0.01 
Board [4d 2c Qd]
Seat 1: Crappz (small blind) folded before Flop
Seat 2: zuantewith80 (big blind) folded before Flop
Seat 3: FaraonRamzez collected ($0.26)
Seat 4: CptnAhab777 folded before Flop (didn't bet)
Seat 5: ZL2M973FQ folded on the Flop
Seat 6: Dorex2007 folded on the Flop
Seat 8: BoogerChimp folded before Flop (didn't bet)
Seat 9: TanjeffRz (button) folded on the Flop



PokerStars Hand #223815885072:  Hold'em No Limit ($0.01/$0.02 USD) - 2021/02/14 12:09:24 PT [2021/02/14 15:09:24 ET]
Table 'Yarilo IV' 9-max Seat #1 is the button
Seat 1: Crappz ($2.07 in chips) 
Seat 2: zuantewith80 ($2.52 in chips) 
Seat 3: FaraonRamzez ($2.12 in chips) 
Seat 4: CptnAhab777 ($2.49 in chips) 
Seat 5: ZL2M973FQ ($1.85 in chips) 
Seat 6: Dorex2007 ($1.66 in chips) 
Seat 8: BoogerChimp ($2.54 in chips) 
Seat 9: TanjeffRz ($2 in chips) 
zuantewith80: posts small blind $0.01
FaraonRamzez: posts big blind $0.02
*** HOLE CARDS ***
Dealt to Dorex2007 [4d Ts]
CptnAhab777: folds 
ZL2M973FQ: folds 
Dorex2007: folds 
BoogerChimp: raises $0.02 to $0.04
TanjeffRz: calls $0.04
Crappz: folds 
zuantewith80: folds 
FaraonRamzez: calls $0.02
*** FLOP *** [Qc Jd Ac]
FaraonRamzez: checks 
BoogerChimp: bets $0.08
TanjeffRz: folds 
FaraonRamzez: folds 
Uncalled bet ($0.08) returned to BoogerChimp
BoogerChimp collected $0.13 from pot
BoogerChimp: doesn't show hand 
*** SUMMARY ***
Total pot $0.13 | Rake $0 
Board [Qc Jd Ac]
Seat 1: Crappz (button) folded before Flop (didn't bet)
Seat 2: zuantewith80 (small blind) folded before Flop
Seat 3: FaraonRamzez (big blind) folded on the Flop
Seat 4: CptnAhab777 folded before Flop (didn't bet)
Seat 5: ZL2M973FQ folded before Flop (didn't bet)
Seat 6: Dorex2007 folded before Flop (didn't bet)
Seat 8: BoogerChimp collected ($0.13)
Seat 9: TanjeffRz folded on the Flop



PokerStars Hand #223815929888:  Hold'em No Limit ($0.01/$0.02 USD) - 2021/02/14 12:10:15 PT [2021/02/14 15:10:15 ET]
Table 'Yarilo IV' 9-max Seat #2 is the button
Seat 1: Crappz ($2.07 in chips) 
Seat 2: zuantewith80 ($2.51 in chips) 
Seat 3: FaraonRamzez ($2.08 in chips) 
Seat 4: CptnAhab777 ($2.49 in chips) 
Seat 5: ZL2M973FQ ($1.85 in chips) 
Seat 6: Dorex2007 ($1.66 in chips) 
Seat 8: BoogerChimp ($2.63 in chips) 
Seat 9: TanjeffRz ($2 in chips) 
FaraonRamzez: posts small blind $0.01
CptnAhab777: posts big blind $0.02
*** HOLE CARDS ***
Dealt to Dorex2007 [9h 8h]
ZL2M973FQ: folds 
Dorex2007: calls $0.02
BoogerChimp: raises $0.09 to $0.11
TanjeffRz: folds 
Crappz: folds 
zuantewith80: folds 
FaraonRamzez: folds 
CptnAhab777: folds 
Dorex2007: folds 
Uncalled bet ($0.09) returned to BoogerChimp
BoogerChimp collected $0.07 from pot
BoogerChimp: doesn't show hand 
*** SUMMARY ***
Total pot $0.07 | Rake $0 
Seat 1: Crappz folded before Flop (didn't bet)
Seat 2: zuantewith80 (button) folded before Flop (didn't bet)
Seat 3: FaraonRamzez (small blind) folded before Flop
Seat 4: CptnAhab777 (big blind) folded before Flop
Seat 5: ZL2M973FQ folded before Flop (didn't bet)
Seat 6: Dorex2007 folded before Flop
Seat 8: BoogerChimp collected ($0.07)
Seat 9: TanjeffRz folded before Flop (didn't bet)



PokerStars Hand #223815947355:  Hold'em No Limit ($0.01/$0.02 USD) - 2021/02/14 12:10:35 PT [2021/02/14 15:10:35 ET]
Table 'Yarilo IV' 9-max Seat #3 is the button
Seat 1: Crappz ($2.07 in chips) 
Seat 2: zuantewith80 ($2.51 in chips) 
Seat 3: FaraonRamzez ($2.07 in chips) 
Seat 4: CptnAhab777 ($2.47 in chips) 
Seat 6: Dorex2007 ($1.64 in chips) 
Seat 8: BoogerChimp ($2.68 in chips) 
Seat 9: TanjeffRz ($2 in chips) 
CptnAhab777: posts small blind $0.01
Dorex2007: posts big blind $0.02
*** HOLE CARDS ***
Dealt to Dorex2007 [3d 6s]
BoogerChimp: folds 
TanjeffRz: folds 
Crappz: raises $0.02 to $0.04
zuantewith80: folds 
FaraonRamzez: folds 
CptnAhab777: folds 
Dorex2007: folds 
Uncalled bet ($0.02) returned to Crappz
Crappz collected $0.05 from pot
Crappz: doesn't show hand 
*** SUMMARY ***
Total pot $0.05 | Rake $0 
Seat 1: Crappz collected ($0.05)
Seat 2: zuantewith80 folded before Flop (didn't bet)
Seat 3: FaraonRamzez (button) folded before Flop (didn't bet)
Seat 4: CptnAhab777 (small blind) folded before Flop
Seat 6: Dorex2007 (big blind) folded before Flop
Seat 8: BoogerChimp folded before Flop (didn't bet)
Seat 9: TanjeffRz folded before Flop (didn't bet)



