PokerStars Hand #231282775354:  Hold'em No Limit ($0.01/$0.02 USD) - 2021/11/09 21:38:08 PT [2021/11/10 0:38:08 ET]
Table 'Dziban' 9-max Seat #4 is the button
Seat 1: sofaking1973 ($1.85 in chips) 
Seat 2: Dorex2007 ($2 in chips) 
Seat 3: alexander1952 ($1.40 in chips) 
Seat 4: leocam tattoo ($0.73 in chips) 
Seat 5: soaresro13 ($2.98 in chips) 
Seat 6: infiniti888 ($2.09 in chips) 
Seat 7: fisic720 ($1.88 in chips) 
Seat 8: Tobiz89 ($2 in chips) 
Seat 9: bloody55hawk ($0.95 in chips) 
soaresro13: posts small blind $0.01
infiniti888: posts big blind $0.02
Dorex2007: posts big blind $0.02
*** HOLE CARDS ***
Dealt to Dorex2007 [Ah Qc]
fisic720: raises $0.04 to $0.06
Tobiz89: folds 
bloody55hawk: folds 
sofaking1973: folds 
Dorex2007: raises $0.12 to $0.18
alexander1952: folds 
leocam tattoo: calls $0.18
soaresro13: folds 
infiniti888: folds 
fisic720: calls $0.12
*** FLOP *** [4d Jh 9s]
fisic720: checks 
Dorex2007: bets $1.82 and is all-in
leocam tattoo: calls $0.55 and is all-in
fisic720: folds 
Uncalled bet ($1.27) returned to Dorex2007
*** TURN *** [4d Jh 9s] [6s]
*** RIVER *** [4d Jh 9s 6s] [6c]
*** SHOW DOWN ***
Dorex2007: shows [Ah Qc] (a pair of Sixes)
leocam tattoo: shows [Qs Ks] (a pair of Sixes - lower kicker)
Dorex2007 cashed out the hand for $1.11 | Cash Out Fee $0.01
*** SUMMARY ***
Total pot $1.67 | Rake $0.06 
Board [4d Jh 9s 6s 6c]
Seat 1: sofaking1973 folded before Flop (didn't bet)
Seat 2: Dorex2007 showed [Ah Qc] and won ($1.61) with a pair of Sixes (pot not awarded as player cashed out)
Seat 3: alexander1952 folded before Flop (didn't bet)
Seat 4: leocam tattoo (button) showed [Qs Ks] and lost with a pair of Sixes
Seat 5: soaresro13 (small blind) folded before Flop
Seat 6: infiniti888 (big blind) folded before Flop
Seat 7: fisic720 folded on the Flop
Seat 8: Tobiz89 folded before Flop (didn't bet)
Seat 9: bloody55hawk folded before Flop (didn't bet)



PokerStars Hand #231282783829:  Hold'em No Limit ($0.01/$0.02 USD) - 2021/11/09 21:39:09 PT [2021/11/10 0:39:09 ET]
Table 'Dziban' 9-max Seat #5 is the button
Seat 1: sofaking1973 ($1.85 in chips) 
Seat 2: Dorex2007 ($2.38 in chips) 
Seat 3: alexander1952 ($1.40 in chips) 
Seat 5: soaresro13 ($2.97 in chips) 
Seat 6: infiniti888 ($2.07 in chips) 
Seat 7: fisic720 ($1.70 in chips) 
Seat 8: Tobiz89 ($2 in chips) 
Seat 9: bloody55hawk ($0.95 in chips) 
infiniti888: posts small blind $0.01
fisic720: posts big blind $0.02
*** HOLE CARDS ***
Dealt to Dorex2007 [Qh 3d]
leocam tattoo leaves the table
Tobiz89: folds 
bloody55hawk: folds 
sofaking1973 has timed out
sofaking1973: folds 
Dorex2007: folds 
alexander1952: calls $0.02
soaresro13: folds 
infiniti888: folds 
fisic720: checks 
*** FLOP *** [Kd 7d Ks]
fisic720: checks 
alexander1952: bets $0.05
fisic720: folds 
Uncalled bet ($0.05) returned to alexander1952
alexander1952 collected $0.05 from pot
alexander1952: doesn't show hand 
*** SUMMARY ***
Total pot $0.05 | Rake $0 
Board [Kd 7d Ks]
Seat 1: sofaking1973 folded before Flop (didn't bet)
Seat 2: Dorex2007 folded before Flop (didn't bet)
Seat 3: alexander1952 collected ($0.05)
Seat 5: soaresro13 (button) folded before Flop (didn't bet)
Seat 6: infiniti888 (small blind) folded before Flop
Seat 7: fisic720 (big blind) folded on the Flop
Seat 8: Tobiz89 folded before Flop (didn't bet)
Seat 9: bloody55hawk folded before Flop (didn't bet)



PokerStars Hand #231282790951:  Hold'em No Limit ($0.01/$0.02 USD) - 2021/11/09 21:40:02 PT [2021/11/10 0:40:02 ET]
Table 'Dziban' 9-max Seat #6 is the button
Seat 1: sofaking1973 ($1.85 in chips) 
Seat 2: Dorex2007 ($2.38 in chips) 
Seat 3: alexander1952 ($1.43 in chips) 
Seat 5: soaresro13 ($2.97 in chips) 
Seat 6: infiniti888 ($2.06 in chips) 
Seat 7: fisic720 ($1.68 in chips) 
Seat 9: bloody55hawk ($0.95 in chips) 
fisic720: posts small blind $0.01
Tobiz89: is sitting out 
bloody55hawk: posts big blind $0.02
*** HOLE CARDS ***
Dealt to Dorex2007 [Ks 5h]
Tobiz89 leaves the table
sofaking1973: folds 
Dorex2007: folds 
alexander1952: folds 
soaresro13: folds 
soaresro13 leaves the table
infiniti888: folds 
fisic720: calls $0.01
bloody55hawk: raises $0.04 to $0.06
fisic720: calls $0.04
*** FLOP *** [3c Qc Qd]
fisic720: checks 
bloody55hawk: bets $0.06
fisic720: folds 
Uncalled bet ($0.06) returned to bloody55hawk
bloody55hawk collected $0.12 from pot
bloody55hawk: doesn't show hand 
*** SUMMARY ***
Total pot $0.12 | Rake $0 
Board [3c Qc Qd]
Seat 1: sofaking1973 folded before Flop (didn't bet)
Seat 2: Dorex2007 folded before Flop (didn't bet)
Seat 3: alexander1952 folded before Flop (didn't bet)
Seat 5: soaresro13 folded before Flop (didn't bet)
Seat 6: infiniti888 (button) folded before Flop (didn't bet)
Seat 7: fisic720 (small blind) folded on the Flop
Seat 9: bloody55hawk (big blind) collected ($0.12)



PokerStars Hand #231282795635:  Hold'em No Limit ($0.01/$0.02 USD) - 2021/11/09 21:40:36 PT [2021/11/10 0:40:36 ET]
Table 'Dziban' 9-max Seat #7 is the button
Seat 1: sofaking1973 ($1.85 in chips) 
Seat 2: Dorex2007 ($2.38 in chips) 
Seat 3: alexander1952 ($1.43 in chips) 
Seat 6: infiniti888 ($2.06 in chips) 
Seat 7: fisic720 ($1.62 in chips) 
Seat 9: bloody55hawk ($1.01 in chips) 
bloody55hawk: posts small blind $0.01
sofaking1973: posts big blind $0.02
*** HOLE CARDS ***
Dealt to Dorex2007 [8d Ac]
Dorex2007: folds 
alexander1952: calls $0.02
infiniti888: folds 
fisic720: folds 
fisic720 leaves the table
bloody55hawk: folds 
sofaking1973: checks 
*** FLOP *** [6s 9d 7d]
sofaking1973: checks 
alexander1952: bets $0.05
sofaking1973: folds 
Uncalled bet ($0.05) returned to alexander1952
alexander1952 collected $0.05 from pot
alexander1952: doesn't show hand 
*** SUMMARY ***
Total pot $0.05 | Rake $0 
Board [6s 9d 7d]
Seat 1: sofaking1973 (big blind) folded on the Flop
Seat 2: Dorex2007 folded before Flop (didn't bet)
Seat 3: alexander1952 collected ($0.05)
Seat 6: infiniti888 folded before Flop (didn't bet)
Seat 7: fisic720 (button) folded before Flop (didn't bet)
Seat 9: bloody55hawk (small blind) folded before Flop



