PokerStars Hand #237169079580:  Hold'em No Limit ($0.01/$0.02 USD) - 2022/07/04 21:00:27 PT [2022/07/05 0:00:27 ET]
Table 'Jetta II' 9-max Seat #7 is the button
Seat 1: Dorex2007 ($6.70 in chips) 
Seat 2: mihaelnate ($2.27 in chips) 
Seat 3: marcobosap ($2.63 in chips) 
Seat 4: laurinWEST ($0.67 in chips) 
Seat 5: RS_Mount20 ($2.40 in chips) 
Seat 6: Stefan111161 ($0.88 in chips) 
Seat 7: fr3shlyb4ked ($1.51 in chips) 
Seat 8: Tronkiwo ($1.29 in chips) 
Seat 9: maggiebrasil ($2.45 in chips) 
Tronkiwo: posts small blind $0.01
maggiebrasil: posts big blind $0.02
*** HOLE CARDS ***
Dealt to Dorex2007 [Qh Kc]
Dorex2007: raises $0.06 to $0.08
mihaelnate: folds 
marcobosap: folds 
laurinWEST: raises $0.59 to $0.67 and is all-in
RS_Mount20: folds 
Stefan111161: folds 
fr3shlyb4ked: folds 
Tronkiwo: folds 
maggiebrasil: folds 
Dorex2007: folds 
Uncalled bet ($0.59) returned to laurinWEST
laurinWEST collected $0.19 from pot
*** SUMMARY ***
Total pot $0.19 | Rake $0 
Seat 1: Dorex2007 folded before Flop
Seat 2: mihaelnate folded before Flop (didn't bet)
Seat 3: marcobosap folded before Flop (didn't bet)
Seat 4: laurinWEST collected ($0.19)
Seat 5: RS_Mount20 folded before Flop (didn't bet)
Seat 6: Stefan111161 folded before Flop (didn't bet)
Seat 7: fr3shlyb4ked (button) folded before Flop (didn't bet)
Seat 8: Tronkiwo (small blind) folded before Flop
Seat 9: maggiebrasil (big blind) folded before Flop



PokerStars Hand #237169090029:  Hold'em No Limit ($0.01/$0.02 USD) - 2022/07/04 21:01:06 PT [2022/07/05 0:01:06 ET]
Table 'Jetta II' 9-max Seat #8 is the button
Seat 1: Dorex2007 ($6.62 in chips) 
Seat 2: mihaelnate ($2.27 in chips) 
Seat 3: marcobosap ($2.63 in chips) 
Seat 4: laurinWEST ($0.78 in chips) 
Seat 5: RS_Mount20 ($2.40 in chips) 
Seat 6: Stefan111161 ($0.88 in chips) 
Seat 7: fr3shlyb4ked ($1.51 in chips) 
Seat 8: Tronkiwo ($1.28 in chips) 
Seat 9: maggiebrasil ($2.43 in chips) 
maggiebrasil: posts small blind $0.01
Dorex2007: posts big blind $0.02
*** HOLE CARDS ***
Dealt to Dorex2007 [7c 8h]
mihaelnate: folds 
marcobosap: folds 
laurinWEST: folds 
RS_Mount20: folds 
Stefan111161: raises $0.04 to $0.06
fr3shlyb4ked: folds 
Tronkiwo: calls $0.06
maggiebrasil: folds 
Dorex2007: folds 
*** FLOP *** [Tc Jc 7s]
Stefan111161: checks 
Tronkiwo: checks 
*** TURN *** [Tc Jc 7s] [4d]
Stefan111161: bets $0.07
Tronkiwo: folds 
Uncalled bet ($0.07) returned to Stefan111161
Stefan111161 collected $0.14 from pot
*** SUMMARY ***
Total pot $0.15 | Rake $0.01 
Board [Tc Jc 7s 4d]
Seat 1: Dorex2007 (big blind) folded before Flop
Seat 2: mihaelnate folded before Flop (didn't bet)
Seat 3: marcobosap folded before Flop (didn't bet)
Seat 4: laurinWEST folded before Flop (didn't bet)
Seat 5: RS_Mount20 folded before Flop (didn't bet)
Seat 6: Stefan111161 collected ($0.14)
Seat 7: fr3shlyb4ked folded before Flop (didn't bet)
Seat 8: Tronkiwo (button) folded on the Turn
Seat 9: maggiebrasil (small blind) folded before Flop



PokerStars Hand #237169094709:  Hold'em No Limit ($0.01/$0.02 USD) - 2022/07/04 21:01:44 PT [2022/07/05 0:01:44 ET]
Table 'Jetta II' 9-max Seat #9 is the button
Seat 1: Dorex2007 ($6.60 in chips) 
Seat 2: mihaelnate ($2.27 in chips) 
Seat 3: marcobosap ($2.63 in chips) 
Seat 4: laurinWEST ($0.78 in chips) 
Seat 5: RS_Mount20 ($2.40 in chips) 
Seat 6: Stefan111161 ($0.96 in chips) 
Seat 7: fr3shlyb4ked ($1.51 in chips) 
Seat 8: Tronkiwo ($1.22 in chips) 
Seat 9: maggiebrasil ($2.42 in chips) 
Dorex2007: posts small blind $0.01
mihaelnate: posts big blind $0.02
*** HOLE CARDS ***
Dealt to Dorex2007 [Qh 8d]
marcobosap: folds 
laurinWEST: folds 
RS_Mount20: folds 
Stefan111161: raises $0.04 to $0.06
fr3shlyb4ked: folds 
Tronkiwo: folds 
maggiebrasil: folds 
Dorex2007: folds 
mihaelnate: folds 
Uncalled bet ($0.04) returned to Stefan111161
Stefan111161 collected $0.05 from pot
*** SUMMARY ***
Total pot $0.05 | Rake $0 
Seat 1: Dorex2007 (small blind) folded before Flop
Seat 2: mihaelnate (big blind) folded before Flop
Seat 3: marcobosap folded before Flop (didn't bet)
Seat 4: laurinWEST folded before Flop (didn't bet)
Seat 5: RS_Mount20 folded before Flop (didn't bet)
Seat 6: Stefan111161 collected ($0.05)
Seat 7: fr3shlyb4ked folded before Flop (didn't bet)
Seat 8: Tronkiwo folded before Flop (didn't bet)
Seat 9: maggiebrasil (button) folded before Flop (didn't bet)



PokerStars Hand #237169098519:  Hold'em No Limit ($0.01/$0.02 USD) - 2022/07/04 21:02:16 PT [2022/07/05 0:02:16 ET]
Table 'Jetta II' 9-max Seat #1 is the button
Seat 1: Dorex2007 ($6.59 in chips) 
Seat 2: mihaelnate ($2.25 in chips) 
Seat 3: marcobosap ($2.63 in chips) 
Seat 4: laurinWEST ($0.78 in chips) 
Seat 5: RS_Mount20 ($2.40 in chips) 
Seat 6: Stefan111161 ($0.99 in chips) 
Seat 7: fr3shlyb4ked ($1.51 in chips) 
Seat 8: Tronkiwo ($1.22 in chips) 
Seat 9: maggiebrasil ($2.42 in chips) 
mihaelnate: posts small blind $0.01
marcobosap: posts big blind $0.02
*** HOLE CARDS ***
Dealt to Dorex2007 [Tc 7d]
laurinWEST has timed out
laurinWEST: folds 
RS_Mount20: calls $0.02
Stefan111161: folds 
fr3shlyb4ked: calls $0.02
Tronkiwo: folds 
maggiebrasil has timed out
maggiebrasil: folds 
Dorex2007: folds 
mihaelnate: calls $0.01
marcobosap: checks 
*** FLOP *** [Th 4h 9s]
mihaelnate: checks 
marcobosap: checks 
RS_Mount20: checks 
fr3shlyb4ked: bets $0.04
mihaelnate: raises $0.04 to $0.08
marcobosap: folds 
RS_Mount20: folds 
fr3shlyb4ked: calls $0.04
*** TURN *** [Th 4h 9s] [Qh]
mihaelnate: checks 
fr3shlyb4ked: checks 
*** RIVER *** [Th 4h 9s Qh] [2h]
mihaelnate: checks 
fr3shlyb4ked: checks 
*** SHOW DOWN ***
mihaelnate: shows [9d Td] (two pair, Tens and Nines)
fr3shlyb4ked: shows [4d 4c] (three of a kind, Fours)
fr3shlyb4ked collected $0.23 from pot
*** SUMMARY ***
Total pot $0.24 | Rake $0.01 
Board [Th 4h 9s Qh 2h]
Seat 1: Dorex2007 (button) folded before Flop (didn't bet)
Seat 2: mihaelnate (small blind) showed [9d Td] and lost with two pair, Tens and Nines
Seat 3: marcobosap (big blind) folded on the Flop
Seat 4: laurinWEST folded before Flop (didn't bet)
Seat 5: RS_Mount20 folded on the Flop
Seat 6: Stefan111161 folded before Flop (didn't bet)
Seat 7: fr3shlyb4ked showed [4d 4c] and won ($0.23) with three of a kind, Fours
Seat 8: Tronkiwo folded before Flop (didn't bet)
Seat 9: maggiebrasil folded before Flop (didn't bet)



PokerStars Hand #237169108654:  Hold'em No Limit ($0.01/$0.02 USD) - 2022/07/04 21:03:39 PT [2022/07/05 0:03:39 ET]
Table 'Jetta II' 9-max Seat #2 is the button
Seat 1: Dorex2007 ($6.59 in chips) 
Seat 2: mihaelnate ($2.15 in chips) 
Seat 3: marcobosap ($2.61 in chips) 
Seat 4: laurinWEST ($0.78 in chips) 
Seat 5: RS_Mount20 ($2.38 in chips) 
Seat 6: Stefan111161 ($0.99 in chips) 
Seat 7: fr3shlyb4ked ($1.64 in chips) 
Seat 8: Tronkiwo ($1.22 in chips) 
marcobosap: posts small blind $0.01
laurinWEST: posts big blind $0.02
*** HOLE CARDS ***
Dealt to Dorex2007 [Js Qd]
RS_Mount20: folds 
Stefan111161: raises $0.04 to $0.06
fr3shlyb4ked: calls $0.06
Tronkiwo: folds 
Dorex2007: calls $0.06
mihaelnate: folds 
marcobosap: folds 
maggiebrasil leaves the table
laurinWEST has timed out
laurinWEST: folds 
*** FLOP *** [3c 5d 2c]
Stefan111161: checks 
fr3shlyb4ked: checks 
Dorex2007: checks 
*** TURN *** [3c 5d 2c] [8c]
Stefan111161: checks 
fr3shlyb4ked: checks 
Dorex2007: checks 
*** RIVER *** [3c 5d 2c 8c] [3d]
Stefan111161: checks 
fr3shlyb4ked: checks 
Dorex2007: checks 
*** SHOW DOWN ***
Stefan111161: shows [Jd Qs] (a pair of Threes)
fr3shlyb4ked: shows [Jh Kh] (a pair of Threes - King kicker)
Dorex2007: mucks hand 
fr3shlyb4ked collected $0.20 from pot
*** SUMMARY ***
Total pot $0.21 | Rake $0.01 
Board [3c 5d 2c 8c 3d]
Seat 1: Dorex2007 mucked [Js Qd]
Seat 2: mihaelnate (button) folded before Flop (didn't bet)
Seat 3: marcobosap (small blind) folded before Flop
Seat 4: laurinWEST (big blind) folded before Flop
Seat 5: RS_Mount20 folded before Flop (didn't bet)
Seat 6: Stefan111161 showed [Jd Qs] and lost with a pair of Threes
Seat 7: fr3shlyb4ked showed [Jh Kh] and won ($0.20) with a pair of Threes
Seat 8: Tronkiwo folded before Flop (didn't bet)



PokerStars Hand #237169121792:  Hold'em No Limit ($0.01/$0.02 USD) - 2022/07/04 21:05:28 PT [2022/07/05 0:05:28 ET]
Table 'Jetta II' 9-max Seat #3 is the button
Seat 1: Dorex2007 ($6.53 in chips) 
Seat 2: mihaelnate ($2.15 in chips) 
Seat 3: marcobosap ($2.60 in chips) 
Seat 5: RS_Mount20 ($2.38 in chips) 
Seat 6: Stefan111161 ($0.93 in chips) 
Seat 7: fr3shlyb4ked ($1.78 in chips) 
Seat 8: Tronkiwo ($1.22 in chips) 
RS_Mount20: posts small blind $0.01
Stefan111161: posts big blind $0.02
*** HOLE CARDS ***
Dealt to Dorex2007 [8d 8h]
fr3shlyb4ked: folds 
Tronkiwo: calls $0.02
Dorex2007: raises $0.02 to $0.04
mihaelnate: folds 
marcobosap: folds 
RS_Mount20: calls $0.03
Stefan111161: calls $0.02
Tronkiwo: calls $0.02
*** FLOP *** [2s 3d Tc]
RS_Mount20: checks 
Stefan111161: checks 
Tronkiwo: checks 
Dorex2007: checks 
*** TURN *** [2s 3d Tc] [6d]
RS_Mount20: checks 
Stefan111161: checks 
Tronkiwo: bets $0.02
Dorex2007: raises $0.10 to $0.12
RS_Mount20: folds 
Stefan111161: folds 
Tronkiwo: calls $0.10
*** RIVER *** [2s 3d Tc 6d] [Js]
Tronkiwo: checks 
Dorex2007: checks 
*** SHOW DOWN ***
Tronkiwo: shows [Ac 6h] (a pair of Sixes)
Dorex2007: shows [8d 8h] (a pair of Eights)
Dorex2007 collected $0.39 from pot
*** SUMMARY ***
Total pot $0.40 | Rake $0.01 
Board [2s 3d Tc 6d Js]
Seat 1: Dorex2007 showed [8d 8h] and won ($0.39) with a pair of Eights
Seat 2: mihaelnate folded before Flop (didn't bet)
Seat 3: marcobosap (button) folded before Flop (didn't bet)
Seat 5: RS_Mount20 (small blind) folded on the Turn
Seat 6: Stefan111161 (big blind) folded on the Turn
Seat 7: fr3shlyb4ked folded before Flop (didn't bet)
Seat 8: Tronkiwo showed [Ac 6h] and lost with a pair of Sixes



PokerStars Hand #237169130040:  Hold'em No Limit ($0.01/$0.02 USD) - 2022/07/04 21:06:37 PT [2022/07/05 0:06:37 ET]
Table 'Jetta II' 9-max Seat #5 is the button
Seat 1: Dorex2007 ($6.76 in chips) 
Seat 2: mihaelnate ($2.15 in chips) 
Seat 3: marcobosap ($2.60 in chips) 
Seat 5: RS_Mount20 ($2.34 in chips) 
Seat 6: Stefan111161 ($0.89 in chips) 
Seat 7: fr3shlyb4ked ($1.78 in chips) 
Seat 8: Tronkiwo ($1.06 in chips) 
Stefan111161: posts small blind $0.01
fr3shlyb4ked: posts big blind $0.02
*** HOLE CARDS ***
Dealt to Dorex2007 [8d Ac]
xavierstyle joins the table at seat #9 
Tronkiwo: calls $0.02
Dorex2007: folds 
mihaelnate: calls $0.02
marcobosap: raises $0.02 to $0.04
RS_Mount20: raises $0.08 to $0.12
Stefan111161: folds 
fr3shlyb4ked: folds 
Tronkiwo: folds 
mihaelnate: calls $0.10
marcobosap: calls $0.08
*** FLOP *** [Ad 9c Kc]
mihaelnate: checks 
marcobosap: checks 
RS_Mount20: bets $0.30
mihaelnate: folds 
marcobosap: folds 
Uncalled bet ($0.30) returned to RS_Mount20
RS_Mount20 collected $0.40 from pot
*** SUMMARY ***
Total pot $0.41 | Rake $0.01 
Board [Ad 9c Kc]
Seat 1: Dorex2007 folded before Flop (didn't bet)
Seat 2: mihaelnate folded on the Flop
Seat 3: marcobosap folded on the Flop
Seat 5: RS_Mount20 (button) collected ($0.40)
Seat 6: Stefan111161 (small blind) folded before Flop
Seat 7: fr3shlyb4ked (big blind) folded before Flop
Seat 8: Tronkiwo folded before Flop



PokerStars Hand #237169138085:  Hold'em No Limit ($0.01/$0.02 USD) - 2022/07/04 21:07:44 PT [2022/07/05 0:07:44 ET]
Table 'Jetta II' 9-max Seat #6 is the button
Seat 1: Dorex2007 ($6.76 in chips) 
Seat 2: mihaelnate ($2.03 in chips) 
Seat 3: marcobosap ($2.48 in chips) 
Seat 5: RS_Mount20 ($2.62 in chips) 
Seat 6: Stefan111161 ($0.88 in chips) 
Seat 7: fr3shlyb4ked ($1.76 in chips) 
Seat 8: Tronkiwo ($1.04 in chips) 
Seat 9: xavierstyle ($1.69 in chips) 
fr3shlyb4ked: posts small blind $0.01
Tronkiwo: posts big blind $0.02
xavierstyle: posts big blind $0.02
*** HOLE CARDS ***
Dealt to Dorex2007 [5h 8h]
xavierstyle: raises $1.67 to $1.69 and is all-in
Dorex2007: folds 
mihaelnate: folds 
marcobosap: folds 
RS_Mount20: folds 
RS_Mount20 leaves the table
Stefan111161: folds 
fr3shlyb4ked: folds 
Tronkiwo: folds 
Uncalled bet ($1.67) returned to xavierstyle
xavierstyle collected $0.05 from pot
*** SUMMARY ***
Total pot $0.05 | Rake $0 
Seat 1: Dorex2007 folded before Flop (didn't bet)
Seat 2: mihaelnate folded before Flop (didn't bet)
Seat 3: marcobosap folded before Flop (didn't bet)
Seat 5: RS_Mount20 folded before Flop (didn't bet)
Seat 6: Stefan111161 (button) folded before Flop (didn't bet)
Seat 7: fr3shlyb4ked (small blind) folded before Flop
Seat 8: Tronkiwo (big blind) folded before Flop
Seat 9: xavierstyle collected ($0.05)



PokerStars Hand #237169140518:  Hold'em No Limit ($0.01/$0.02 USD) - 2022/07/04 21:08:04 PT [2022/07/05 0:08:04 ET]
Table 'Jetta II' 9-max Seat #7 is the button
Seat 1: Dorex2007 ($6.76 in chips) 
Seat 2: mihaelnate ($2.03 in chips) 
Seat 3: marcobosap ($2.48 in chips) 
Seat 6: Stefan111161 ($0.88 in chips) 
Seat 7: fr3shlyb4ked ($1.75 in chips) 
Seat 8: Tronkiwo ($1.02 in chips) 
Seat 9: xavierstyle ($1.72 in chips) 
Tronkiwo: posts small blind $0.01
xavierstyle: posts big blind $0.02
*** HOLE CARDS ***
Dealt to Dorex2007 [2c 4h]
Dorex2007: folds 
mihaelnate: folds 
marcobosap: folds 
Stefan111161: folds 
fr3shlyb4ked: folds 
Tronkiwo: calls $0.01
xavierstyle: raises $1.70 to $1.72 and is all-in
frosa9397 joins the table at seat #5 
Tronkiwo: folds 
Uncalled bet ($1.70) returned to xavierstyle
xavierstyle collected $0.04 from pot
*** SUMMARY ***
Total pot $0.04 | Rake $0 
Seat 1: Dorex2007 folded before Flop (didn't bet)
Seat 2: mihaelnate folded before Flop (didn't bet)
Seat 3: marcobosap folded before Flop (didn't bet)
Seat 6: Stefan111161 folded before Flop (didn't bet)
Seat 7: fr3shlyb4ked (button) folded before Flop (didn't bet)
Seat 8: Tronkiwo (small blind) folded before Flop
Seat 9: xavierstyle (big blind) collected ($0.04)



PokerStars Hand #237169143653:  Hold'em No Limit ($0.01/$0.02 USD) - 2022/07/04 21:08:30 PT [2022/07/05 0:08:30 ET]
Table 'Jetta II' 9-max Seat #8 is the button
Seat 1: Dorex2007 ($6.76 in chips) 
Seat 2: mihaelnate ($2.03 in chips) 
Seat 3: marcobosap ($2.48 in chips) 
Seat 6: Stefan111161 ($0.88 in chips) 
Seat 7: fr3shlyb4ked ($1.75 in chips) 
Seat 8: Tronkiwo ($1 in chips) 
Seat 9: xavierstyle ($1.74 in chips) 
xavierstyle: posts small blind $0.01
Dorex2007: posts big blind $0.02
frosa9397: sits out 
*** HOLE CARDS ***
Dealt to Dorex2007 [Jd 8c]
mihaelnate: calls $0.02
marcobosap: calls $0.02
Stefan111161: folds 
fr3shlyb4ked: folds 
Tronkiwo: folds 
xavierstyle: folds 
Dorex2007: checks 
*** FLOP *** [9d Ac Qd]
Dorex2007: checks 
mihaelnate: checks 
marcobosap: bets $0.03
Dorex2007: calls $0.03
mihaelnate: calls $0.03
*** TURN *** [9d Ac Qd] [Jh]
xavierstyle leaves the table
Dorex2007: checks 
mihaelnate: checks 
marcobosap: bets $0.15
Dorex2007: folds 
mihaelnate: calls $0.15
*** RIVER *** [9d Ac Qd Jh] [6h]
mihaelnate: checks 
marcobosap: bets $0.64
mihaelnate: folds 
Uncalled bet ($0.64) returned to marcobosap
marcobosap collected $0.44 from pot
*** SUMMARY ***
Total pot $0.46 | Rake $0.02 
Board [9d Ac Qd Jh 6h]
Seat 1: Dorex2007 (big blind) folded on the Turn
Seat 2: mihaelnate folded on the River
Seat 3: marcobosap collected ($0.44)
Seat 6: Stefan111161 folded before Flop (didn't bet)
Seat 7: fr3shlyb4ked folded before Flop (didn't bet)
Seat 8: Tronkiwo (button) folded before Flop (didn't bet)
Seat 9: xavierstyle (small blind) folded before Flop



PokerStars Hand #237169156918:  Hold'em No Limit ($0.01/$0.02 USD) - 2022/07/04 21:10:20 PT [2022/07/05 0:10:20 ET]
Table 'Jetta II' 9-max Seat #1 is the button
Seat 1: Dorex2007 ($6.71 in chips) 
Seat 2: mihaelnate ($1.83 in chips) 
Seat 3: marcobosap ($2.72 in chips) 
Seat 6: Stefan111161 ($0.88 in chips) 
Seat 7: fr3shlyb4ked ($1.75 in chips) 
Seat 8: Tronkiwo ($1 in chips) 
mihaelnate: posts small blind $0.01
marcobosap: posts big blind $0.02
laurinWEST: sits out 
frosa9397: sits out 
*** HOLE CARDS ***
Dealt to Dorex2007 [Th 9c]
Stefan111161: raises $0.04 to $0.06
fr3shlyb4ked: folds 
Tronkiwo: folds 
Dorex2007: folds 
mihaelnate: folds 
marcobosap: calls $0.04
*** FLOP *** [Jc Ah 8c]
marcobosap: checks 
Stefan111161: bets $0.07
marcobosap: folds 
Uncalled bet ($0.07) returned to Stefan111161
Stefan111161 collected $0.13 from pot
*** SUMMARY ***
Total pot $0.13 | Rake $0 
Board [Jc Ah 8c]
Seat 1: Dorex2007 (button) folded before Flop (didn't bet)
Seat 2: mihaelnate (small blind) folded before Flop
Seat 3: marcobosap (big blind) folded on the Flop
Seat 6: Stefan111161 collected ($0.13)
Seat 7: fr3shlyb4ked folded before Flop (didn't bet)
Seat 8: Tronkiwo folded before Flop (didn't bet)



PokerStars Hand #237169161019:  Hold'em No Limit ($0.01/$0.02 USD) - 2022/07/04 21:10:54 PT [2022/07/05 0:10:54 ET]
Table 'Jetta II' 9-max Seat #2 is the button
Seat 1: Dorex2007 ($6.71 in chips) 
Seat 2: mihaelnate ($1.82 in chips) 
Seat 3: marcobosap ($2.66 in chips) 
Seat 4: laurinWEST ($0.76 in chips) 
Seat 6: Stefan111161 ($0.95 in chips) 
Seat 7: fr3shlyb4ked ($1.75 in chips) 
Seat 8: Tronkiwo ($1 in chips) 
marcobosap: posts small blind $0.01
laurinWEST: posts big blind $0.02
frosa9397: sits out 
*** HOLE CARDS ***
Dealt to Dorex2007 [2c 4d]
Stefan111161: raises $0.02 to $0.04
fr3shlyb4ked: calls $0.04
Tronkiwo: folds 
Dorex2007: folds 
mihaelnate: folds 
marcobosap: folds 
laurinWEST: calls $0.02
*** FLOP *** [7d Th 9h]
laurinWEST: checks 
Stefan111161: checks 
fr3shlyb4ked: checks 
*** TURN *** [7d Th 9h] [2d]
Tweedy620 joins the table at seat #9 
laurinWEST: bets $0.04
Stefan111161: calls $0.04
fr3shlyb4ked: folds 
*** RIVER *** [7d Th 9h 2d] [Jh]
laurinWEST: bets $0.06
Stefan111161: calls $0.06
*** SHOW DOWN ***
laurinWEST: shows [6h 5d] (high card Jack)
Stefan111161: shows [Qh Ts] (a pair of Tens)
Stefan111161 collected $0.32 from pot
*** SUMMARY ***
Total pot $0.33 | Rake $0.01 
Board [7d Th 9h 2d Jh]
Seat 1: Dorex2007 folded before Flop (didn't bet)
Seat 2: mihaelnate (button) folded before Flop (didn't bet)
Seat 3: marcobosap (small blind) folded before Flop
Seat 4: laurinWEST (big blind) showed [6h 5d] and lost with high card Jack
Seat 6: Stefan111161 showed [Qh Ts] and won ($0.32) with a pair of Tens
Seat 7: fr3shlyb4ked folded on the Turn
Seat 8: Tronkiwo folded before Flop (didn't bet)



PokerStars Hand #237169168883:  Hold'em No Limit ($0.01/$0.02 USD) - 2022/07/04 21:11:59 PT [2022/07/05 0:11:59 ET]
Table 'Jetta II' 9-max Seat #3 is the button
Seat 1: Dorex2007 ($6.71 in chips) 
Seat 2: mihaelnate ($1.82 in chips) 
Seat 3: marcobosap ($2.65 in chips) 
Seat 4: laurinWEST ($0.62 in chips) 
Seat 5: frosa9397 ($2 in chips) 
Seat 6: Stefan111161 ($1.13 in chips) 
Seat 7: fr3shlyb4ked ($1.71 in chips) 
Seat 8: Tronkiwo ($1 in chips) 
laurinWEST: posts small blind $0.01
frosa9397: posts big blind $0.02
Tweedy620: sits out 
*** HOLE CARDS ***
Dealt to Dorex2007 [9s Jd]
Stefan111161: raises $0.02 to $0.04
fr3shlyb4ked: folds 
Tronkiwo: folds 
Dorex2007: folds 
mihaelnate: folds 
marcobosap: calls $0.04
laurinWEST: raises $0.58 to $0.62 and is all-in
frosa9397: folds 
Stefan111161: folds 
marcobosap: folds 
Uncalled bet ($0.58) returned to laurinWEST
laurinWEST collected $0.14 from pot
*** SUMMARY ***
Total pot $0.14 | Rake $0 
Seat 1: Dorex2007 folded before Flop (didn't bet)
Seat 2: mihaelnate folded before Flop (didn't bet)
Seat 3: marcobosap (button) folded before Flop
Seat 4: laurinWEST (small blind) collected ($0.14)
Seat 5: frosa9397 (big blind) folded before Flop
Seat 6: Stefan111161 folded before Flop
Seat 7: fr3shlyb4ked folded before Flop (didn't bet)
Seat 8: Tronkiwo folded before Flop (didn't bet)



PokerStars Hand #237169175012:  Hold'em No Limit ($0.01/$0.02 USD) - 2022/07/04 21:12:50 PT [2022/07/05 0:12:50 ET]
Table 'Jetta II' 9-max Seat #4 is the button
Seat 1: Dorex2007 ($6.71 in chips) 
Seat 2: mihaelnate ($1.82 in chips) 
Seat 3: marcobosap ($2.61 in chips) 
Seat 4: laurinWEST ($0.72 in chips) 
Seat 5: frosa9397 ($1.98 in chips) 
Seat 6: Stefan111161 ($1.09 in chips) 
Seat 7: fr3shlyb4ked ($1.71 in chips) 
Seat 8: Tronkiwo ($1 in chips) 
frosa9397: posts small blind $0.01
Stefan111161: posts big blind $0.02
Tweedy620: sits out 
*** HOLE CARDS ***
Dealt to Dorex2007 [Ks Ac]
fr3shlyb4ked: folds 
Tronkiwo: folds 
Dorex2007: raises $0.04 to $0.06
mihaelnate: folds 
marcobosap: folds 
laurinWEST: folds 
frosa9397: folds 
Stefan111161: folds 
Uncalled bet ($0.04) returned to Dorex2007
Dorex2007 collected $0.05 from pot
*** SUMMARY ***
Total pot $0.05 | Rake $0 
Seat 1: Dorex2007 collected ($0.05)
Seat 2: mihaelnate folded before Flop (didn't bet)
Seat 3: marcobosap folded before Flop (didn't bet)
Seat 4: laurinWEST (button) folded before Flop (didn't bet)
Seat 5: frosa9397 (small blind) folded before Flop
Seat 6: Stefan111161 (big blind) folded before Flop
Seat 7: fr3shlyb4ked folded before Flop (didn't bet)
Seat 8: Tronkiwo folded before Flop (didn't bet)



PokerStars Hand #237169177245:  Hold'em No Limit ($0.01/$0.02 USD) - 2022/07/04 21:13:09 PT [2022/07/05 0:13:09 ET]
Table 'Jetta II' 9-max Seat #5 is the button
Seat 1: Dorex2007 ($6.74 in chips) 
Seat 2: mihaelnate ($1.82 in chips) 
Seat 3: marcobosap ($2.61 in chips) 
Seat 4: laurinWEST ($0.72 in chips) 
Seat 5: frosa9397 ($1.97 in chips) 
Seat 6: Stefan111161 ($1.07 in chips) 
Seat 7: fr3shlyb4ked ($1.71 in chips) 
Seat 8: Tronkiwo ($1 in chips) 
Stefan111161: posts small blind $0.01
fr3shlyb4ked: posts big blind $0.02
Tweedy620: sits out 
*** HOLE CARDS ***
Dealt to Dorex2007 [Jc 7h]
Tronkiwo: calls $0.02
Dorex2007: folds 
mihaelnate: calls $0.02
marcobosap: folds 
laurinWEST: calls $0.02
frosa9397: folds 
Stefan111161: folds 
fr3shlyb4ked: checks 
*** FLOP *** [6d 7d As]
fr3shlyb4ked: bets $0.04
Tronkiwo: folds 
mihaelnate: calls $0.04
laurinWEST: folds 
*** TURN *** [6d 7d As] [4d]
fr3shlyb4ked: checks 
mihaelnate: bets $0.08
fr3shlyb4ked: calls $0.08
*** RIVER *** [6d 7d As 4d] [Qh]
fr3shlyb4ked: checks 
mihaelnate: bets $0.08
fr3shlyb4ked: folds 
Uncalled bet ($0.08) returned to mihaelnate
mihaelnate collected $0.32 from pot
*** SUMMARY ***
Total pot $0.33 | Rake $0.01 
Board [6d 7d As 4d Qh]
Seat 1: Dorex2007 folded before Flop (didn't bet)
Seat 2: mihaelnate collected ($0.32)
Seat 3: marcobosap folded before Flop (didn't bet)
Seat 4: laurinWEST folded on the Flop
Seat 5: frosa9397 (button) folded before Flop (didn't bet)
Seat 6: Stefan111161 (small blind) folded before Flop
Seat 7: fr3shlyb4ked (big blind) folded on the River
Seat 8: Tronkiwo folded on the Flop



PokerStars Hand #237169186582:  Hold'em No Limit ($0.01/$0.02 USD) - 2022/07/04 21:14:27 PT [2022/07/05 0:14:27 ET]
Table 'Jetta II' 9-max Seat #6 is the button
Seat 1: Dorex2007 ($6.74 in chips) 
Seat 2: mihaelnate ($2 in chips) 
Seat 3: marcobosap ($2.61 in chips) 
Seat 4: laurinWEST ($0.70 in chips) 
Seat 5: frosa9397 ($1.97 in chips) 
Seat 6: Stefan111161 ($1.06 in chips) 
Seat 7: fr3shlyb4ked ($1.57 in chips) 
Seat 8: Tronkiwo ($0.98 in chips) 
fr3shlyb4ked: posts small blind $0.01
Tronkiwo: posts big blind $0.02
Tweedy620: sits out 
*** HOLE CARDS ***
Dealt to Dorex2007 [8h 2d]
Dorex2007: folds 
mihaelnate: calls $0.02
marcobosap has timed out
marcobosap: folds 
laurinWEST: raises $0.07 to $0.09
frosa9397: folds 
Stefan111161: folds 
fr3shlyb4ked: folds 
Tronkiwo: calls $0.07
mihaelnate: calls $0.07
*** FLOP *** [Tc 7d 8d]
fr3shlyb4ked leaves the table
Tronkiwo: checks 
mihaelnate: checks 
laurinWEST: bets $0.15
Tronkiwo: folds 
mihaelnate: folds 
Uncalled bet ($0.15) returned to laurinWEST
laurinWEST collected $0.27 from pot
*** SUMMARY ***
Total pot $0.28 | Rake $0.01 
Board [Tc 7d 8d]
Seat 1: Dorex2007 folded before Flop (didn't bet)
Seat 2: mihaelnate folded on the Flop
Seat 3: marcobosap folded before Flop (didn't bet)
Seat 4: laurinWEST collected ($0.27)
Seat 5: frosa9397 folded before Flop (didn't bet)
Seat 6: Stefan111161 (button) folded before Flop (didn't bet)
Seat 7: fr3shlyb4ked (small blind) folded before Flop
Seat 8: Tronkiwo (big blind) folded on the Flop



PokerStars Hand #237169194293:  Hold'em No Limit ($0.01/$0.02 USD) - 2022/07/04 21:15:30 PT [2022/07/05 0:15:30 ET]
Table 'Jetta II' 9-max Seat #8 is the button
Seat 1: Dorex2007 ($6.74 in chips) 
Seat 2: mihaelnate ($1.91 in chips) 
Seat 3: marcobosap ($2.61 in chips) 
Seat 4: laurinWEST ($0.88 in chips) 
Seat 5: frosa9397 ($1.97 in chips) 
Seat 6: Stefan111161 ($1.06 in chips) 
Seat 8: Tronkiwo ($0.89 in chips) 
Dorex2007: posts small blind $0.01
mihaelnate: posts big blind $0.02
*** HOLE CARDS ***
Dealt to Dorex2007 [6s Jc]
marcobosap: folds 
laurinWEST: folds 
frosa9397: folds 
Stefan111161: raises $0.02 to $0.04
Tronkiwo: folds 
Dorex2007: folds 
mihaelnate: calls $0.02
*** FLOP *** [Kc Qh Ah]
mihaelnate: bets $0.10
Stefan111161: folds 
Uncalled bet ($0.10) returned to mihaelnate
mihaelnate collected $0.09 from pot
*** SUMMARY ***
Total pot $0.09 | Rake $0 
Board [Kc Qh Ah]
Seat 1: Dorex2007 (small blind) folded before Flop
Seat 2: mihaelnate (big blind) collected ($0.09)
Seat 3: marcobosap folded before Flop (didn't bet)
Seat 4: laurinWEST folded before Flop (didn't bet)
Seat 5: frosa9397 folded before Flop (didn't bet)
Seat 6: Stefan111161 folded on the Flop
Seat 8: Tronkiwo (button) folded before Flop (didn't bet)



PokerStars Hand #237169199371:  Hold'em No Limit ($0.01/$0.02 USD) - 2022/07/04 21:16:13 PT [2022/07/05 0:16:13 ET]
Table 'Jetta II' 9-max Seat #1 is the button
Seat 1: Dorex2007 ($6.73 in chips) 
Seat 2: mihaelnate ($1.96 in chips) 
Seat 3: marcobosap ($2.61 in chips) 
Seat 4: laurinWEST ($0.88 in chips) 
Seat 5: frosa9397 ($1.97 in chips) 
Seat 6: Stefan111161 ($1.02 in chips) 
Seat 8: Tronkiwo ($0.89 in chips) 
Seat 9: Tweedy620 ($2 in chips) 
mihaelnate: posts small blind $0.01
marcobosap: posts big blind $0.02
Tweedy620: posts big blind $0.02
*** HOLE CARDS ***
Dealt to Dorex2007 [Qc 4s]
bradva79 joins the table at seat #7 
laurinWEST: raises $0.02 to $0.04
frosa9397: folds 
Stefan111161: folds 
Tronkiwo: folds 
Tweedy620: folds 
Dorex2007: folds 
mihaelnate: folds 
marcobosap: calls $0.02
*** FLOP *** [5s Qs Js]
marcobosap: checks 
laurinWEST: bets $0.06
marcobosap: folds 
Uncalled bet ($0.06) returned to laurinWEST
laurinWEST collected $0.11 from pot
*** SUMMARY ***
Total pot $0.11 | Rake $0 
Board [5s Qs Js]
Seat 1: Dorex2007 (button) folded before Flop (didn't bet)
Seat 2: mihaelnate (small blind) folded before Flop
Seat 3: marcobosap (big blind) folded on the Flop
Seat 4: laurinWEST collected ($0.11)
Seat 5: frosa9397 folded before Flop (didn't bet)
Seat 6: Stefan111161 folded before Flop (didn't bet)
Seat 8: Tronkiwo folded before Flop (didn't bet)
Seat 9: Tweedy620 folded before Flop (didn't bet)



PokerStars Hand #237169204177:  Hold'em No Limit ($0.01/$0.02 USD) - 2022/07/04 21:16:53 PT [2022/07/05 0:16:53 ET]
Table 'Jetta II' 9-max Seat #2 is the button
Seat 1: Dorex2007 ($6.73 in chips) 
Seat 2: mihaelnate ($1.95 in chips) 
Seat 3: marcobosap ($2.57 in chips) 
Seat 4: laurinWEST ($0.95 in chips) 
Seat 5: frosa9397 ($1.97 in chips) 
Seat 6: Stefan111161 ($1.02 in chips) 
Seat 8: Tronkiwo ($0.89 in chips) 
Seat 9: Tweedy620 ($1.98 in chips) 
marcobosap: posts small blind $0.01
laurinWEST: posts big blind $0.02
bradva79: sits out 
*** HOLE CARDS ***
Dealt to Dorex2007 [3h 3d]
frosa9397: folds 
Stefan111161: folds 
Tronkiwo: calls $0.02
Tweedy620: calls $0.02
Dorex2007: calls $0.02
mihaelnate: folds 
marcobosap: calls $0.01
laurinWEST: checks 
*** FLOP *** [5s 6d 5d]
marcobosap: checks 
laurinWEST: checks 
Tronkiwo: checks 
Tweedy620: checks 
Dorex2007: checks 
*** TURN *** [5s 6d 5d] [7h]
marcobosap: checks 
laurinWEST: checks 
Tronkiwo: checks 
Tweedy620: checks 
Dorex2007: checks 
*** RIVER *** [5s 6d 5d 7h] [Jc]
marcobosap: checks 
laurinWEST: checks 
Tronkiwo: checks 
Tweedy620: checks 
Dorex2007: checks 
*** SHOW DOWN ***
marcobosap: shows [4h Qc] (a pair of Fives)
laurinWEST: shows [Kd 2c] (a pair of Fives - King kicker)
Tronkiwo: mucks hand 
Tweedy620: shows [2h As] (a pair of Fives - Ace kicker)
Dorex2007: shows [3h 3d] (two pair, Fives and Threes)
Dorex2007 collected $0.10 from pot
*** SUMMARY ***
Total pot $0.10 | Rake $0 
Board [5s 6d 5d 7h Jc]
Seat 1: Dorex2007 showed [3h 3d] and won ($0.10) with two pair, Fives and Threes
Seat 2: mihaelnate (button) folded before Flop (didn't bet)
Seat 3: marcobosap (small blind) showed [4h Qc] and lost with a pair of Fives
Seat 4: laurinWEST (big blind) showed [Kd 2c] and lost with a pair of Fives
Seat 5: frosa9397 folded before Flop (didn't bet)
Seat 6: Stefan111161 folded before Flop (didn't bet)
Seat 8: Tronkiwo mucked [Td 9d]
Seat 9: Tweedy620 showed [2h As] and lost with a pair of Fives



PokerStars Hand #237169213838:  Hold'em No Limit ($0.01/$0.02 USD) - 2022/07/04 21:18:16 PT [2022/07/05 0:18:16 ET]
Table 'Jetta II' 9-max Seat #3 is the button
Seat 1: Dorex2007 ($6.81 in chips) 
Seat 2: mihaelnate ($1.95 in chips) 
Seat 3: marcobosap ($2.55 in chips) 
Seat 4: laurinWEST ($0.93 in chips) 
Seat 5: frosa9397 ($1.97 in chips) 
Seat 6: Stefan111161 ($1.02 in chips) 
Seat 7: bradva79 ($2 in chips) 
Seat 8: Tronkiwo ($0.87 in chips) 
Seat 9: Tweedy620 ($1.96 in chips) 
laurinWEST: posts small blind $0.01
frosa9397: posts big blind $0.02
bradva79: posts big blind $0.02
*** HOLE CARDS ***
Dealt to Dorex2007 [Qs 8c]
Stefan111161: folds 
bradva79: checks 
Tronkiwo: folds 
Tweedy620: calls $0.02
Dorex2007: folds 
mihaelnate: folds 
marcobosap: folds 
laurinWEST: folds 
frosa9397: checks 
*** FLOP *** [As 4d Ad]
frosa9397: checks 
bradva79: checks 
Tweedy620: bets $0.08
frosa9397: calls $0.08
bradva79: folds 
*** TURN *** [As 4d Ad] [Js]
frosa9397: checks 
Tweedy620: bets $0.26
frosa9397: folds 
Uncalled bet ($0.26) returned to Tweedy620
Tweedy620 collected $0.22 from pot
*** SUMMARY ***
Total pot $0.23 | Rake $0.01 
Board [As 4d Ad Js]
Seat 1: Dorex2007 folded before Flop (didn't bet)
Seat 2: mihaelnate folded before Flop (didn't bet)
Seat 3: marcobosap (button) folded before Flop (didn't bet)
Seat 4: laurinWEST (small blind) folded before Flop
Seat 5: frosa9397 (big blind) folded on the Turn
Seat 6: Stefan111161 folded before Flop (didn't bet)
Seat 7: bradva79 folded on the Flop (didn't bet)
Seat 8: Tronkiwo folded before Flop (didn't bet)
Seat 9: Tweedy620 collected ($0.22)



PokerStars Hand #237169225431:  Hold'em No Limit ($0.01/$0.02 USD) - 2022/07/04 21:19:57 PT [2022/07/05 0:19:57 ET]
Table 'Jetta II' 9-max Seat #4 is the button
Seat 1: Dorex2007 ($6.81 in chips) 
Seat 2: mihaelnate ($1.95 in chips) 
Seat 3: marcobosap ($2.55 in chips) 
Seat 4: laurinWEST ($0.92 in chips) 
Seat 5: frosa9397 ($1.87 in chips) 
Seat 6: Stefan111161 ($1.02 in chips) 
Seat 7: bradva79 ($1.98 in chips) 
Seat 8: Tronkiwo ($0.87 in chips) 
Seat 9: Tweedy620 ($2.08 in chips) 
frosa9397: posts small blind $0.01
Stefan111161: posts big blind $0.02
*** HOLE CARDS ***
Dealt to Dorex2007 [4c As]
bradva79: folds 
Tronkiwo: folds 
Tweedy620: calls $0.02
Dorex2007: folds 
mihaelnate: folds 
marcobosap: folds 
laurinWEST has timed out
laurinWEST: folds 
frosa9397: calls $0.01
Stefan111161: checks 
*** FLOP *** [2c Kc Qd]
frosa9397 is disconnected 
frosa9397 has timed out while disconnected
frosa9397: checks 
Stefan111161: checks 
Tweedy620: checks 
*** TURN *** [2c Kc Qd] [8s]
frosa9397 has timed out while disconnected
frosa9397: checks 
Stefan111161: checks 
Tweedy620: checks 
*** RIVER *** [2c Kc Qd 8s] [6d]
frosa9397 has timed out while disconnected
frosa9397: checks 
Stefan111161: checks 
Tweedy620: checks 
*** SHOW DOWN ***
frosa9397: shows [4d 3d] (high card King)
Stefan111161: shows [Qc Td] (a pair of Queens)
Tweedy620: mucks hand 
Stefan111161 collected $0.06 from pot
*** SUMMARY ***
Total pot $0.06 | Rake $0 
Board [2c Kc Qd 8s 6d]
Seat 1: Dorex2007 folded before Flop (didn't bet)
Seat 2: mihaelnate folded before Flop (didn't bet)
Seat 3: marcobosap folded before Flop (didn't bet)
Seat 4: laurinWEST (button) folded before Flop (didn't bet)
Seat 5: frosa9397 (small blind) showed [4d 3d] and lost with high card King
Seat 6: Stefan111161 (big blind) showed [Qc Td] and won ($0.06) with a pair of Queens
Seat 7: bradva79 folded before Flop (didn't bet)
Seat 8: Tronkiwo folded before Flop (didn't bet)
Seat 9: Tweedy620 mucked [Ad Jc]



PokerStars Hand #237169239558:  Hold'em No Limit ($0.01/$0.02 USD) - 2022/07/04 21:21:58 PT [2022/07/05 0:21:58 ET]
Table 'Jetta II' 9-max Seat #5 is the button
Seat 1: Dorex2007 ($6.81 in chips) 
Seat 2: mihaelnate ($1.95 in chips) 
Seat 3: marcobosap ($2.55 in chips) 
Seat 5: frosa9397 ($1.85 in chips) 
Seat 6: Stefan111161 ($1.06 in chips) 
Seat 7: bradva79 ($1.98 in chips) 
Seat 8: Tronkiwo ($0.87 in chips) 
Seat 9: Tweedy620 ($2.06 in chips) 
Stefan111161: posts small blind $0.01
bradva79: posts big blind $0.02
*** HOLE CARDS ***
Dealt to Dorex2007 [6s 9c]
Tronkiwo: calls $0.02
Tweedy620: calls $0.02
Dorex2007: folds 
mihaelnate: folds 
marcobosap: folds 
frosa9397 has timed out while disconnected
frosa9397: folds 
Stefan111161: folds 
bradva79: checks 
*** FLOP *** [8d 4h 7c]
bradva79: checks 
Tronkiwo: checks 
laurinWEST leaves the table
Tweedy620: checks 
*** TURN *** [8d 4h 7c] [6d]
bradva79: checks 
Tronkiwo: checks 
Tweedy620: checks 
*** RIVER *** [8d 4h 7c 6d] [Ad]
bradva79: checks 
Tronkiwo: checks 
Tweedy620: checks 
*** SHOW DOWN ***
bradva79: shows [4c Qs] (a pair of Fours)
Tronkiwo: mucks hand 
Tweedy620: shows [6h As] (two pair, Aces and Sixes)
Tweedy620 collected $0.07 from pot
*** SUMMARY ***
Total pot $0.07 | Rake $0 
Board [8d 4h 7c 6d Ad]
Seat 1: Dorex2007 folded before Flop (didn't bet)
Seat 2: mihaelnate folded before Flop (didn't bet)
Seat 3: marcobosap folded before Flop (didn't bet)
Seat 5: frosa9397 (button) folded before Flop (didn't bet)
Seat 6: Stefan111161 (small blind) folded before Flop
Seat 7: bradva79 (big blind) showed [4c Qs] and lost with a pair of Fours
Seat 8: Tronkiwo mucked [Jc Ts]
Seat 9: Tweedy620 showed [6h As] and won ($0.07) with two pair, Aces and Sixes



PokerStars Hand #237169248680:  Hold'em No Limit ($0.01/$0.02 USD) - 2022/07/04 21:23:15 PT [2022/07/05 0:23:15 ET]
Table 'Jetta II' 9-max Seat #6 is the button
Seat 1: Dorex2007 ($6.81 in chips) 
Seat 2: mihaelnate ($1.95 in chips) 
Seat 3: marcobosap ($2.55 in chips) 
Seat 6: Stefan111161 ($1.05 in chips) 
Seat 7: bradva79 ($1.96 in chips) 
Seat 8: Tronkiwo ($0.85 in chips) 
Seat 9: Tweedy620 ($2.11 in chips) 
bradva79: posts small blind $0.01
Tronkiwo: posts big blind $0.02
*** HOLE CARDS ***
Dealt to Dorex2007 [Qc Tc]
Tweedy620: folds 
Dorex2007: calls $0.02
mihaelnate: calls $0.02
marcobosap: folds 
Stefan111161 has timed out
Stefan111161: folds 
bradva79: raises $0.04 to $0.06
Stefan111161 leaves the table
Tronkiwo: folds 
Dorex2007: calls $0.04
mihaelnate: calls $0.04
*** FLOP *** [4s Ks 2d]
pppinclipppe joins the table at seat #4 
bradva79: checks 
Dorex2007: checks 
mihaelnate: checks 
*** TURN *** [4s Ks 2d] [Td]
bradva79: checks 
Dorex2007: bets $0.09
mihaelnate: folds 
bradva79: calls $0.09
*** RIVER *** [4s Ks 2d Td] [Ts]
bradva79: checks 
Dorex2007: bets $0.18
bradva79: folds 
Uncalled bet ($0.18) returned to Dorex2007
bradva79 leaves the table
Dorex2007 collected $0.37 from pot
*** SUMMARY ***
Total pot $0.38 | Rake $0.01 
Board [4s Ks 2d Td Ts]
Seat 1: Dorex2007 collected ($0.37)
Seat 2: mihaelnate folded on the Turn
Seat 3: marcobosap folded before Flop (didn't bet)
Seat 6: Stefan111161 (button) folded before Flop (didn't bet)
Seat 7: bradva79 (small blind) folded on the River
Seat 8: Tronkiwo (big blind) folded before Flop
Seat 9: Tweedy620 folded before Flop (didn't bet)



PokerStars Hand #237169257316:  Hold'em No Limit ($0.01/$0.02 USD) - 2022/07/04 21:24:29 PT [2022/07/05 0:24:29 ET]
Table 'Jetta II' 9-max Seat #8 is the button
Seat 1: Dorex2007 ($7.03 in chips) 
Seat 2: mihaelnate ($1.89 in chips) 
Seat 3: marcobosap ($2.55 in chips) 
Seat 4: pppinclipppe ($1.60 in chips) 
Seat 8: Tronkiwo ($2 in chips) 
Seat 9: Tweedy620 ($2.11 in chips) 
Tweedy620: posts small blind $0.01
Dorex2007: posts big blind $0.02
pppinclipppe: posts big blind $0.02
*** HOLE CARDS ***
Dealt to Dorex2007 [8s Tc]
mihaelnate: folds 
marcobosap: raises $0.02 to $0.04
pppinclipppe: calls $0.02
Tronkiwo: folds 
Tweedy620: folds 
Dorex2007: folds 
*** FLOP *** [8h 6s Ah]
marcobosap: checks 
BortolatoPoker joins the table at seat #6 
pppinclipppe: checks 
*** TURN *** [8h 6s Ah] [Ks]
marcobosap: checks 
pppinclipppe: checks 
*** RIVER *** [8h 6s Ah Ks] [7s]
marcobosap: checks 
pppinclipppe: checks 
*** SHOW DOWN ***
marcobosap: shows [9h 9d] (a pair of Nines)
pppinclipppe: mucks hand 
marcobosap collected $0.11 from pot
*** SUMMARY ***
Total pot $0.11 | Rake $0 
Board [8h 6s Ah Ks 7s]
Seat 1: Dorex2007 (big blind) folded before Flop
Seat 2: mihaelnate folded before Flop (didn't bet)
Seat 3: marcobosap showed [9h 9d] and won ($0.11) with a pair of Nines
Seat 4: pppinclipppe mucked [9c Qh]
Seat 8: Tronkiwo (button) folded before Flop (didn't bet)
Seat 9: Tweedy620 (small blind) folded before Flop



PokerStars Hand #237169272264:  Hold'em No Limit ($0.01/$0.02 USD) - 2022/07/04 21:25:30 PT [2022/07/05 0:25:30 ET]
Table 'Jetta II' 9-max Seat #9 is the button
Seat 1: Dorex2007 ($7.01 in chips) 
Seat 2: mihaelnate ($1.89 in chips) 
Seat 3: marcobosap ($2.62 in chips) 
Seat 4: pppinclipppe ($1.56 in chips) 
Seat 8: Tronkiwo ($2 in chips) 
Seat 9: Tweedy620 ($2.10 in chips) 
Dartrow1 joins the table at seat #7 
Dorex2007: posts small blind $0.01
mihaelnate: posts big blind $0.02
BortolatoPoker: sits out 
*** HOLE CARDS ***
Dealt to Dorex2007 [Ks Ac]
marcobosap: folds 
pppinclipppe: folds 
Tronkiwo: calls $0.02
Tweedy620: folds 
Dorex2007: raises $0.06 to $0.08
mihaelnate: calls $0.06
Tronkiwo: folds 
*** FLOP *** [5c 6c Td]
Dorex2007: bets $0.08
mihaelnate: calls $0.08
*** TURN *** [5c 6c Td] [9s]
Dorex2007: checks 
mihaelnate: checks 
*** RIVER *** [5c 6c Td 9s] [6d]
Dorex2007: bets $0.10
mihaelnate: raises $0.10 to $0.20
Dorex2007: calls $0.10
*** SHOW DOWN ***
mihaelnate: shows [Tc Qh] (two pair, Tens and Sixes)
Dorex2007: mucks hand 
mihaelnate collected $0.71 from pot
*** SUMMARY ***
Total pot $0.74 | Rake $0.03 
Board [5c 6c Td 9s 6d]
Seat 1: Dorex2007 (small blind) mucked [Ks Ac]
Seat 2: mihaelnate (big blind) showed [Tc Qh] and won ($0.71) with two pair, Tens and Sixes
Seat 3: marcobosap folded before Flop (didn't bet)
Seat 4: pppinclipppe folded before Flop (didn't bet)
Seat 8: Tronkiwo folded before Flop
Seat 9: Tweedy620 (button) folded before Flop (didn't bet)



PokerStars Hand #237169279449:  Hold'em No Limit ($0.01/$0.02 USD) - 2022/07/04 21:26:33 PT [2022/07/05 0:26:33 ET]
Table 'Jetta II' 9-max Seat #1 is the button
Seat 1: Dorex2007 ($6.65 in chips) 
Seat 2: mihaelnate ($2.24 in chips) 
Seat 3: marcobosap ($2.62 in chips) 
Seat 4: pppinclipppe ($1.56 in chips) 
Seat 7: Dartrow1 ($1.60 in chips) 
Seat 8: Tronkiwo ($1.98 in chips) 
Seat 9: Tweedy620 ($2.10 in chips) 
mihaelnate: posts small blind $0.01
marcobosap: posts big blind $0.02
BortolatoPoker: sits out 
Dartrow1: posts big blind $0.02
*** HOLE CARDS ***
Dealt to Dorex2007 [5c 7c]
pppinclipppe has timed out
pppinclipppe: folds 
Dartrow1: checks 
Tronkiwo: calls $0.02
Tweedy620: folds 
Dorex2007: folds 
mihaelnate: calls $0.01
marcobosap: raises $0.06 to $0.08
Dartrow1: calls $0.06
Tronkiwo: raises $0.08 to $0.16
mihaelnate: folds 
marcobosap: calls $0.08
Dartrow1: calls $0.08
*** FLOP *** [Qh 5h 9c]
marcobosap: checks 
Dartrow1: checks 
Tronkiwo: bets $1.82 and is all-in
marcobosap: calls $1.82
Dartrow1: folds 
*** TURN *** [Qh 5h 9c] [8d]
*** RIVER *** [Qh 5h 9c 8d] [9s]
*** SHOW DOWN ***
marcobosap: shows [Kh Qc] (two pair, Queens and Nines)
Tronkiwo: shows [Ad Ac] (two pair, Aces and Nines)
marcobosap cashed out the hand for $0.97 | Cash Out Fee $0.01
Tronkiwo cashed out the hand for $2.99 | Cash Out Fee $0.03
*** SUMMARY ***
Total pot $4.14 | Rake $0.14 
Board [Qh 5h 9c 8d 9s]
Seat 1: Dorex2007 (button) folded before Flop (didn't bet)
Seat 2: mihaelnate (small blind) folded before Flop
Seat 3: marcobosap (big blind) showed [Kh Qc] and lost with two pair, Queens and Nines (cashed out).
Seat 4: pppinclipppe folded before Flop (didn't bet)
Seat 7: Dartrow1 folded on the Flop
Seat 8: Tronkiwo showed [Ad Ac] and won ($4) with two pair, Aces and Nines (pot not awarded as player cashed out)
Seat 9: Tweedy620 folded before Flop (didn't bet)



PokerStars Hand #237169288915:  Hold'em No Limit ($0.01/$0.02 USD) - 2022/07/04 21:27:54 PT [2022/07/05 0:27:54 ET]
Table 'Jetta II' 9-max Seat #2 is the button
Seat 1: Dorex2007 ($6.65 in chips) 
Seat 2: mihaelnate ($2.22 in chips) 
Seat 3: marcobosap ($1.61 in chips) 
Seat 4: pppinclipppe ($1.56 in chips) 
Seat 7: Dartrow1 ($1.44 in chips) 
Seat 8: Tronkiwo ($2.99 in chips) 
Seat 9: Tweedy620 ($2.10 in chips) 
marcobosap: posts small blind $0.01
pppinclipppe: posts big blind $0.02
BortolatoPoker: sits out 
*** HOLE CARDS ***
Dealt to Dorex2007 [3d Kc]
Dartrow1: folds 
Tronkiwo: folds 
Tweedy620: folds 
Dorex2007: folds 
mihaelnate: calls $0.02
marcobosap: folds 
pppinclipppe: checks 
*** FLOP *** [Td 2h 3h]
pppinclipppe: checks 
mihaelnate: bets $0.12
pppinclipppe: folds 
Uncalled bet ($0.12) returned to mihaelnate
mihaelnate collected $0.05 from pot
*** SUMMARY ***
Total pot $0.05 | Rake $0 
Board [Td 2h 3h]
Seat 1: Dorex2007 folded before Flop (didn't bet)
Seat 2: mihaelnate (button) collected ($0.05)
Seat 3: marcobosap (small blind) folded before Flop
Seat 4: pppinclipppe (big blind) folded on the Flop
Seat 7: Dartrow1 folded before Flop (didn't bet)
Seat 8: Tronkiwo folded before Flop (didn't bet)
Seat 9: Tweedy620 folded before Flop (didn't bet)



PokerStars Hand #237169293192:  Hold'em No Limit ($0.01/$0.02 USD) - 2022/07/04 21:28:31 PT [2022/07/05 0:28:31 ET]
Table 'Jetta II' 9-max Seat #3 is the button
Seat 1: Dorex2007 ($6.65 in chips) 
Seat 2: mihaelnate ($2.25 in chips) 
Seat 3: marcobosap ($1.60 in chips) 
Seat 4: pppinclipppe ($1.54 in chips) 
Seat 6: BortolatoPoker ($0.86 in chips) 
Seat 7: Dartrow1 ($1.44 in chips) 
Seat 8: Tronkiwo ($2.99 in chips) 
Seat 9: Tweedy620 ($2.10 in chips) 
pppinclipppe: posts small blind $0.01
BortolatoPoker: posts big blind $0.02
*** HOLE CARDS ***
Dealt to Dorex2007 [2c 2s]
Dartrow1: folds 
Tronkiwo: folds 
Tweedy620: folds 
Dorex2007: calls $0.02
mihaelnate: folds 
marcobosap: folds 
marcobosap leaves the table
pppinclipppe: folds 
BortolatoPoker: raises $0.04 to $0.06
Dorex2007: calls $0.04
*** FLOP *** [As 7c Qc]
BortolatoPoker: bets $0.08
Dorex2007: folds 
Uncalled bet ($0.08) returned to BortolatoPoker
BortolatoPoker collected $0.13 from pot
*** SUMMARY ***
Total pot $0.13 | Rake $0 
Board [As 7c Qc]
Seat 1: Dorex2007 folded on the Flop
Seat 2: mihaelnate folded before Flop (didn't bet)
Seat 3: marcobosap (button) folded before Flop (didn't bet)
Seat 4: pppinclipppe (small blind) folded before Flop
Seat 6: BortolatoPoker (big blind) collected ($0.13)
Seat 7: Dartrow1 folded before Flop (didn't bet)
Seat 8: Tronkiwo folded before Flop (didn't bet)
Seat 9: Tweedy620 folded before Flop (didn't bet)



PokerStars Hand #237169296845:  Hold'em No Limit ($0.01/$0.02 USD) - 2022/07/04 21:29:02 PT [2022/07/05 0:29:02 ET]
Table 'Jetta II' 9-max Seat #4 is the button
Seat 1: Dorex2007 ($6.59 in chips) 
Seat 2: mihaelnate ($2.25 in chips) 
Seat 4: pppinclipppe ($1.53 in chips) 
Seat 6: BortolatoPoker ($0.93 in chips) 
Seat 7: Dartrow1 ($1.44 in chips) 
Seat 8: Tronkiwo ($2.99 in chips) 
Seat 9: Tweedy620 ($2.10 in chips) 
BortolatoPoker: posts small blind $0.01
Dartrow1: posts big blind $0.02
*** HOLE CARDS ***
Dealt to Dorex2007 [7s Kh]
Tronkiwo: folds 
Tweedy620: calls $0.02
Dorex2007: folds 
mihaelnate has timed out
mihaelnate: folds 
pppinclipppe: folds 
BortolatoPoker: calls $0.01
Dartrow1: checks 
*** FLOP *** [Jh 4c 8d]
BortolatoPoker: checks 
Dartrow1: checks 
Tweedy620: checks 
*** TURN *** [Jh 4c 8d] [2s]
BortolatoPoker: checks 
Dartrow1: checks 
Tweedy620: checks 
*** RIVER *** [Jh 4c 8d 2s] [3d]
BortolatoPoker: checks 
Dartrow1: checks 
Tweedy620: checks 
*** SHOW DOWN ***
BortolatoPoker: shows [5h Td] (high card Jack)
Dartrow1: mucks hand 
Tweedy620: shows [Ad 7d] (high card Ace)
Tweedy620 collected $0.06 from pot
*** SUMMARY ***
Total pot $0.06 | Rake $0 
Board [Jh 4c 8d 2s 3d]
Seat 1: Dorex2007 folded before Flop (didn't bet)
Seat 2: mihaelnate folded before Flop (didn't bet)
Seat 4: pppinclipppe (button) folded before Flop (didn't bet)
Seat 6: BortolatoPoker (small blind) showed [5h Td] and lost with high card Jack
Seat 7: Dartrow1 (big blind) mucked [7h 6c]
Seat 8: Tronkiwo folded before Flop (didn't bet)
Seat 9: Tweedy620 showed [Ad 7d] and won ($0.06) with high card Ace



PokerStars Hand #237169301608:  Hold'em No Limit ($0.01/$0.02 USD) - 2022/07/04 21:29:43 PT [2022/07/05 0:29:43 ET]
Table 'Jetta II' 9-max Seat #6 is the button
Seat 1: Dorex2007 ($6.59 in chips) 
Seat 2: mihaelnate ($2.25 in chips) 
Seat 4: pppinclipppe ($1.53 in chips) 
Seat 6: BortolatoPoker ($0.91 in chips) 
Seat 7: Dartrow1 ($1.42 in chips) 
Seat 8: Tronkiwo ($2.99 in chips) 
Seat 9: Tweedy620 ($2.14 in chips) 
Dartrow1: posts small blind $0.01
Tronkiwo: posts big blind $0.02
*** HOLE CARDS ***
Dealt to Dorex2007 [4h 3d]
Tweedy620: folds 
Dorex2007: folds 
mihaelnate: calls $0.02
pppinclipppe: folds 
BortolatoPoker: folds 
Dartrow1: raises $0.04 to $0.06
Tronkiwo: folds 
mihaelnate: calls $0.04
*** FLOP *** [Ac 8s 5h]
Dartrow1: bets $0.10
mihaelnate: folds 
Uncalled bet ($0.10) returned to Dartrow1
Dartrow1 collected $0.14 from pot
*** SUMMARY ***
Total pot $0.14 | Rake $0 
Board [Ac 8s 5h]
Seat 1: Dorex2007 folded before Flop (didn't bet)
Seat 2: mihaelnate folded on the Flop
Seat 4: pppinclipppe folded before Flop (didn't bet)
Seat 6: BortolatoPoker (button) folded before Flop (didn't bet)
Seat 7: Dartrow1 (small blind) collected ($0.14)
Seat 8: Tronkiwo (big blind) folded before Flop
Seat 9: Tweedy620 folded before Flop (didn't bet)



PokerStars Hand #237169305452:  Hold'em No Limit ($0.01/$0.02 USD) - 2022/07/04 21:30:16 PT [2022/07/05 0:30:16 ET]
Table 'Jetta II' 9-max Seat #7 is the button
Seat 1: Dorex2007 ($6.59 in chips) 
Seat 2: mihaelnate ($2.19 in chips) 
Seat 4: pppinclipppe ($1.53 in chips) 
Seat 6: BortolatoPoker ($0.91 in chips) 
Seat 7: Dartrow1 ($1.50 in chips) 
Seat 8: Tronkiwo ($2.97 in chips) 
Tronkiwo: posts small blind $0.01
Tweedy620: is sitting out 
Dorex2007: posts big blind $0.02
*** HOLE CARDS ***
Dealt to Dorex2007 [2d Th]
mihaelnate: folds 
pppinclipppe has timed out
pppinclipppe: folds 
BortolatoPoker: calls $0.02
Dartrow1: calls $0.02
Tronkiwo: calls $0.01
Dorex2007: checks 
*** FLOP *** [Qc Jc 5c]
Tronkiwo: checks 
Dorex2007: checks 
BortolatoPoker: checks 
Dartrow1: bets $0.04
Tronkiwo: raises $2.91 to $2.95 and is all-in
Dorex2007: folds 
BortolatoPoker: folds 
Dartrow1: folds 
Uncalled bet ($2.91) returned to Tronkiwo
Tronkiwo collected $0.15 from pot
*** SUMMARY ***
Total pot $0.16 | Rake $0.01 
Board [Qc Jc 5c]
Seat 1: Dorex2007 (big blind) folded on the Flop
Seat 2: mihaelnate folded before Flop (didn't bet)
Seat 4: pppinclipppe folded before Flop (didn't bet)
Seat 6: BortolatoPoker folded on the Flop
Seat 7: Dartrow1 (button) folded on the Flop
Seat 8: Tronkiwo (small blind) collected ($0.15)



PokerStars Hand #237169310556:  Hold'em No Limit ($0.01/$0.02 USD) - 2022/07/04 21:30:59 PT [2022/07/05 0:30:59 ET]
Table 'Jetta II' 9-max Seat #8 is the button
Seat 1: Dorex2007 ($6.57 in chips) 
Seat 2: mihaelnate ($2.19 in chips) 
Seat 6: BortolatoPoker ($0.89 in chips) 
Seat 7: Dartrow1 ($1.44 in chips) 
Seat 8: Tronkiwo ($3.06 in chips) 
Dorex2007: posts small blind $0.01
mihaelnate: posts big blind $0.02
*** HOLE CARDS ***
Dealt to Dorex2007 [6d 6h]
WARLOKCH joins the table at seat #3 
BortolatoPoker: calls $0.02
Dartrow1: folds 
Tronkiwo: folds 
Dorex2007: calls $0.01
mihaelnate: checks 
*** FLOP *** [5c 8s Tc]
Dorex2007: checks 
mihaelnate: checks 
BortolatoPoker: bets $0.16
Dorex2007: folds 
mihaelnate: folds 
Uncalled bet ($0.16) returned to BortolatoPoker
BortolatoPoker collected $0.06 from pot
*** SUMMARY ***
Total pot $0.06 | Rake $0 
Board [5c 8s Tc]
Seat 1: Dorex2007 (small blind) folded on the Flop
Seat 2: mihaelnate (big blind) folded on the Flop
Seat 6: BortolatoPoker collected ($0.06)
Seat 7: Dartrow1 folded before Flop (didn't bet)
Seat 8: Tronkiwo (button) folded before Flop (didn't bet)



PokerStars Hand #237169320187:  Hold'em No Limit ($0.01/$0.02 USD) - 2022/07/04 21:31:28 PT [2022/07/05 0:31:28 ET]
Table 'Jetta II' 9-max Seat #1 is the button
Seat 1: Dorex2007 ($6.55 in chips) 
Seat 2: mihaelnate ($2.17 in chips) 
Seat 3: WARLOKCH ($2 in chips) 
Seat 4: pppinclipppe ($1.53 in chips) 
Seat 6: BortolatoPoker ($0.93 in chips) 
Seat 7: Dartrow1 ($1.44 in chips) 
Seat 8: Tronkiwo ($3.06 in chips) 
mihaelnate: posts small blind $0.01
WARLOKCH: posts big blind $0.02
*** HOLE CARDS ***
Dealt to Dorex2007 [9h Qh]
pppinclipppe: folds 
BortolatoPoker: calls $0.02
Dartrow1: calls $0.02
Tronkiwo: folds 
Dorex2007: raises $0.06 to $0.08
mihaelnate: folds 
WARLOKCH: folds 
BortolatoPoker: calls $0.06
Dartrow1: calls $0.06
*** FLOP *** [Js 2d 2s]
BortolatoPoker: checks 
Dartrow1: bets $0.06
Dorex2007: folds 
BortolatoPoker: folds 
Uncalled bet ($0.06) returned to Dartrow1
Dartrow1 collected $0.26 from pot
*** SUMMARY ***
Total pot $0.27 | Rake $0.01 
Board [Js 2d 2s]
Seat 1: Dorex2007 (button) folded on the Flop
Seat 2: mihaelnate (small blind) folded before Flop
Seat 3: WARLOKCH (big blind) folded before Flop
Seat 4: pppinclipppe folded before Flop (didn't bet)
Seat 6: BortolatoPoker folded on the Flop
Seat 7: Dartrow1 collected ($0.26)
Seat 8: Tronkiwo folded before Flop (didn't bet)



PokerStars Hand #237169323154:  Hold'em No Limit ($0.01/$0.02 USD) - 2022/07/04 21:31:54 PT [2022/07/05 0:31:54 ET]
Table 'Jetta II' 9-max Seat #2 is the button
Seat 1: Dorex2007 ($6.47 in chips) 
Seat 2: mihaelnate ($2.16 in chips) 
Seat 3: WARLOKCH ($1.98 in chips) 
Seat 4: pppinclipppe ($1.53 in chips) 
Seat 6: BortolatoPoker ($0.85 in chips) 
Seat 7: Dartrow1 ($1.62 in chips) 
Seat 8: Tronkiwo ($3.06 in chips) 
WARLOKCH: posts small blind $0.01
pppinclipppe: posts big blind $0.02
*** HOLE CARDS ***
Dealt to Dorex2007 [8c 3d]
BortolatoPoker: folds 
BortolatoPoker leaves the table
frosa9397 leaves the table
Dartrow1: raises $0.08 to $0.10
Tronkiwo: folds 
Dorex2007: folds 
mihaelnate: folds 
WARLOKCH: folds 
pppinclipppe: folds 
Uncalled bet ($0.08) returned to Dartrow1
Dartrow1 collected $0.05 from pot
*** SUMMARY ***
Total pot $0.05 | Rake $0 
Seat 1: Dorex2007 folded before Flop (didn't bet)
Seat 2: mihaelnate (button) folded before Flop (didn't bet)
Seat 3: WARLOKCH (small blind) folded before Flop
Seat 4: pppinclipppe (big blind) folded before Flop
Seat 6: BortolatoPoker folded before Flop (didn't bet)
Seat 7: Dartrow1 collected ($0.05)
Seat 8: Tronkiwo folded before Flop (didn't bet)



PokerStars Hand #237169324761:  Hold'em No Limit ($0.01/$0.02 USD) - 2022/07/04 21:32:09 PT [2022/07/05 0:32:09 ET]
Table 'Jetta II' 9-max Seat #3 is the button
Seat 1: Dorex2007 ($6.47 in chips) 
Seat 2: mihaelnate ($2.16 in chips) 
Seat 3: WARLOKCH ($1.97 in chips) 
Seat 4: pppinclipppe ($1.51 in chips) 
Seat 7: Dartrow1 ($1.65 in chips) 
Seat 8: Tronkiwo ($3.06 in chips) 
pppinclipppe: posts small blind $0.01
Dartrow1: posts big blind $0.02
*** HOLE CARDS ***
Dealt to Dorex2007 [2d Jh]
Tronkiwo: folds 
Dorex2007: folds 
mihaelnate: calls $0.02
WARLOKCH: folds 
pppinclipppe: calls $0.01
Dartrow1: checks 
*** FLOP *** [8c 4h Jc]
pppinclipppe: checks 
Dartrow1: bets $0.06
mihaelnate: folds 
pppinclipppe: folds 
Uncalled bet ($0.06) returned to Dartrow1
Dartrow1 collected $0.06 from pot
*** SUMMARY ***
Total pot $0.06 | Rake $0 
Board [8c 4h Jc]
Seat 1: Dorex2007 folded before Flop (didn't bet)
Seat 2: mihaelnate folded on the Flop
Seat 3: WARLOKCH (button) folded before Flop (didn't bet)
Seat 4: pppinclipppe (small blind) folded on the Flop
Seat 7: Dartrow1 (big blind) collected ($0.06)
Seat 8: Tronkiwo folded before Flop (didn't bet)



PokerStars Hand #237169327709:  Hold'em No Limit ($0.01/$0.02 USD) - 2022/07/04 21:32:34 PT [2022/07/05 0:32:34 ET]
Table 'Jetta II' 9-max Seat #4 is the button
Seat 1: Dorex2007 ($6.47 in chips) 
Seat 2: mihaelnate ($2.14 in chips) 
Seat 3: WARLOKCH ($1.97 in chips) 
Seat 4: pppinclipppe ($1.49 in chips) 
Seat 7: Dartrow1 ($1.69 in chips) 
Seat 8: Tronkiwo ($3.06 in chips) 
Dartrow1: posts small blind $0.01
Tronkiwo: posts big blind $0.02
*** HOLE CARDS ***
Dealt to Dorex2007 [9h Ah]
Dorex2007: raises $0.02 to $0.04
mihaelnate: folds 
WARLOKCH: calls $0.04
pppinclipppe: folds 
10 blueberry 10 joins the table at seat #5 
0RB BR0 joins the table at seat #6 
Dartrow1: calls $0.03
Tronkiwo: folds 
*** FLOP *** [5d 2c As]
Dartrow1: bets $0.08
Dorex2007: calls $0.08
WARLOKCH: calls $0.08
*** TURN *** [5d 2c As] [4c]
Dartrow1: bets $0.54
Dorex2007: folds 
WARLOKCH: folds 
Uncalled bet ($0.54) returned to Dartrow1
Dartrow1 collected $0.37 from pot
*** SUMMARY ***
Total pot $0.38 | Rake $0.01 
Board [5d 2c As 4c]
Seat 1: Dorex2007 folded on the Turn
Seat 2: mihaelnate folded before Flop (didn't bet)
Seat 3: WARLOKCH folded on the Turn
Seat 4: pppinclipppe (button) folded before Flop (didn't bet)
Seat 7: Dartrow1 (small blind) collected ($0.37)
Seat 8: Tronkiwo (big blind) folded before Flop



PokerStars Hand #237169333044:  Hold'em No Limit ($0.01/$0.02 USD) - 2022/07/04 21:33:21 PT [2022/07/05 0:33:21 ET]
Table 'Jetta II' 9-max Seat #7 is the button
Seat 1: Dorex2007 ($6.35 in chips) 
Seat 2: mihaelnate ($2.14 in chips) 
Seat 3: WARLOKCH ($1.85 in chips) 
Seat 4: pppinclipppe ($1.49 in chips) 
Seat 6: 0RB BR0 ($1.42 in chips) 
Seat 7: Dartrow1 ($1.94 in chips) 
Seat 8: Tronkiwo ($3.04 in chips) 
Tronkiwo: posts small blind $0.01
Dorex2007: posts big blind $0.02
10 blueberry 10: sits out 
0RB BR0: posts big blind $0.02
*** HOLE CARDS ***
Dealt to Dorex2007 [Qh 5d]
mihaelnate: folds 
WARLOKCH: raises $0.04 to $0.06
pppinclipppe: calls $0.06
0RB BR0: folds 
Dartrow1: calls $0.06
Tronkiwo: folds 
Dorex2007: folds 
*** FLOP *** [6c 5c 4c]
WARLOKCH: bets $0.12
pppinclipppe: calls $0.12
Dartrow1: folds 
*** TURN *** [6c 5c 4c] [Ah]
WARLOKCH: checks 
pppinclipppe: bets $0.12
WARLOKCH: folds 
Uncalled bet ($0.12) returned to pppinclipppe
pppinclipppe collected $0.45 from pot
*** SUMMARY ***
Total pot $0.47 | Rake $0.02 
Board [6c 5c 4c Ah]
Seat 1: Dorex2007 (big blind) folded before Flop
Seat 2: mihaelnate folded before Flop (didn't bet)
Seat 3: WARLOKCH folded on the Turn
Seat 4: pppinclipppe collected ($0.45)
Seat 6: 0RB BR0 folded before Flop (didn't bet)
Seat 7: Dartrow1 (button) folded on the Flop
Seat 8: Tronkiwo (small blind) folded before Flop



PokerStars Hand #237169336766:  Hold'em No Limit ($0.01/$0.02 USD) - 2022/07/04 21:33:54 PT [2022/07/05 0:33:54 ET]
Table 'Jetta II' 9-max Seat #8 is the button
Seat 1: Dorex2007 ($6.33 in chips) 
Seat 2: mihaelnate ($2.14 in chips) 
Seat 3: WARLOKCH ($1.67 in chips) 
Seat 4: pppinclipppe ($1.76 in chips) 
Seat 6: 0RB BR0 ($1.40 in chips) 
Seat 7: Dartrow1 ($1.88 in chips) 
Seat 8: Tronkiwo ($3.03 in chips) 
Dorex2007: posts small blind $0.01
mihaelnate: posts big blind $0.02
10 blueberry 10: sits out 
*** HOLE CARDS ***
Dealt to Dorex2007 [Jd 6d]
WARLOKCH: folds 
pppinclipppe: folds 
0RB BR0: folds 
Dartrow1: calls $0.02
Tronkiwo: calls $0.02
Dorex2007: calls $0.01
mihaelnate: checks 
*** FLOP *** [2h Td 2d]
Dorex2007: bets $0.08
mihaelnate: folds 
Dartrow1: calls $0.08
Tronkiwo: folds 
*** TURN *** [2h Td 2d] [2c]
Dorex2007: bets $0.11
Dartrow1: calls $0.11
*** RIVER *** [2h Td 2d 2c] [4h]
Dorex2007: bets $0.02
Dartrow1: calls $0.02
*** SHOW DOWN ***
Dorex2007: shows [Jd 6d] (three of a kind, Deuces)
Dartrow1: shows [Ah 4d] (a full house, Deuces full of Fours)
Dartrow1 collected $0.48 from pot
*** SUMMARY ***
Total pot $0.50 | Rake $0.02 
Board [2h Td 2d 2c 4h]
Seat 1: Dorex2007 (small blind) showed [Jd 6d] and lost with three of a kind, Deuces
Seat 2: mihaelnate (big blind) folded on the Flop
Seat 3: WARLOKCH folded before Flop (didn't bet)
Seat 4: pppinclipppe folded before Flop (didn't bet)
Seat 6: 0RB BR0 folded before Flop (didn't bet)
Seat 7: Dartrow1 showed [Ah 4d] and won ($0.48) with a full house, Deuces full of Fours
Seat 8: Tronkiwo (button) folded on the Flop



PokerStars Hand #237169342176:  Hold'em No Limit ($0.01/$0.02 USD) - 2022/07/04 21:34:40 PT [2022/07/05 0:34:40 ET]
Table 'Jetta II' 9-max Seat #1 is the button
Seat 1: Dorex2007 ($6.10 in chips) 
Seat 2: mihaelnate ($2.12 in chips) 
Seat 3: WARLOKCH ($2 in chips) 
Seat 4: pppinclipppe ($1.76 in chips) 
Seat 6: 0RB BR0 ($1.40 in chips) 
Seat 7: Dartrow1 ($2.13 in chips) 
Seat 8: Tronkiwo ($3.01 in chips) 
mihaelnate: posts small blind $0.01
WARLOKCH: posts big blind $0.02
10 blueberry 10: sits out 
*** HOLE CARDS ***
Dealt to Dorex2007 [2c 6h]
pppinclipppe: folds 
0RB BR0: folds 
Dartrow1: calls $0.02
Tronkiwo: folds 
Dorex2007: folds 
mihaelnate: calls $0.01
WARLOKCH: checks 
*** FLOP *** [2d Ac 5h]
mihaelnate: checks 
WARLOKCH: checks 
Dartrow1: checks 
*** TURN *** [2d Ac 5h] [Qc]
mihaelnate: checks 
WARLOKCH: checks 
Dartrow1: checks 
*** RIVER *** [2d Ac 5h Qc] [Kc]
mihaelnate: checks 
WARLOKCH: checks 
Dartrow1: checks 
*** SHOW DOWN ***
mihaelnate: shows [Td Kh] (a pair of Kings)
WARLOKCH: mucks hand 
Dartrow1: mucks hand 
mihaelnate collected $0.06 from pot
*** SUMMARY ***
Total pot $0.06 | Rake $0 
Board [2d Ac 5h Qc Kc]
Seat 1: Dorex2007 (button) folded before Flop (didn't bet)
Seat 2: mihaelnate (small blind) showed [Td Kh] and won ($0.06) with a pair of Kings
Seat 3: WARLOKCH (big blind) mucked [5d Tc]
Seat 4: pppinclipppe folded before Flop (didn't bet)
Seat 6: 0RB BR0 folded before Flop (didn't bet)
Seat 7: Dartrow1 mucked [9s 8s]
Seat 8: Tronkiwo folded before Flop (didn't bet)



PokerStars Hand #237169350818:  Hold'em No Limit ($0.01/$0.02 USD) - 2022/07/04 21:35:40 PT [2022/07/05 0:35:40 ET]
Table 'Jetta II' 9-max Seat #2 is the button
Seat 1: Dorex2007 ($6.10 in chips) 
Seat 2: mihaelnate ($2.16 in chips) 
Seat 3: WARLOKCH ($1.98 in chips) 
Seat 4: pppinclipppe ($1.76 in chips) 
Seat 6: 0RB BR0 ($1.40 in chips) 
Seat 7: Dartrow1 ($2.11 in chips) 
Seat 8: Tronkiwo ($3.01 in chips) 
WARLOKCH: posts small blind $0.01
pppinclipppe: posts big blind $0.02
10 blueberry 10: sits out 
Tweedy620: sits out 
*** HOLE CARDS ***
Dealt to Dorex2007 [4h 2d]
0RB BR0: folds 
Dartrow1: folds 
Tronkiwo: calls $0.02
Dorex2007: folds 
mihaelnate: folds 
WARLOKCH: raises $0.04 to $0.06
pppinclipppe: folds 
Tronkiwo: calls $0.04
*** FLOP *** [4d 8d 4c]
WARLOKCH: bets $0.08
Tronkiwo: raises $0.08 to $0.16
WARLOKCH: calls $0.08
*** TURN *** [4d 8d 4c] [Kd]
WARLOKCH: checks 
Tronkiwo: bets $0.10
WARLOKCH: calls $0.10
*** RIVER *** [4d 8d 4c Kd] [7c]
WARLOKCH: checks 
Tronkiwo: bets $0.10
WARLOKCH: calls $0.10
*** SHOW DOWN ***
Tronkiwo: shows [Ah 4s] (three of a kind, Fours)
WARLOKCH: mucks hand 
Tronkiwo collected $0.83 from pot
*** SUMMARY ***
Total pot $0.86 | Rake $0.03 
Board [4d 8d 4c Kd 7c]
Seat 1: Dorex2007 folded before Flop (didn't bet)
Seat 2: mihaelnate (button) folded before Flop (didn't bet)
Seat 3: WARLOKCH (small blind) mucked [Kc Jc]
Seat 4: pppinclipppe (big blind) folded before Flop
Seat 6: 0RB BR0 folded before Flop (didn't bet)
Seat 7: Dartrow1 folded before Flop (didn't bet)
Seat 8: Tronkiwo showed [Ah 4s] and won ($0.83) with three of a kind, Fours



PokerStars Hand #237169358210:  Hold'em No Limit ($0.01/$0.02 USD) - 2022/07/04 21:36:45 PT [2022/07/05 0:36:45 ET]
Table 'Jetta II' 9-max Seat #3 is the button
Seat 1: Dorex2007 ($6.10 in chips) 
Seat 2: mihaelnate ($2.16 in chips) 
Seat 3: WARLOKCH ($1.56 in chips) 
Seat 4: pppinclipppe ($1.74 in chips) 
Seat 5: 10 blueberry 10 ($1.60 in chips) 
Seat 6: 0RB BR0 ($1.40 in chips) 
Seat 7: Dartrow1 ($2.11 in chips) 
Seat 8: Tronkiwo ($3.42 in chips) 
pppinclipppe: posts small blind $0.01
10 blueberry 10: posts big blind $0.02
Tweedy620: sits out 
*** HOLE CARDS ***
Dealt to Dorex2007 [Th 8h]
0RB BR0: raises $0.02 to $0.04
Dartrow1: raises $0.02 to $0.06
Tronkiwo: folds 
Dorex2007: folds 
mihaelnate: folds 
WARLOKCH: folds 
pppinclipppe: folds 
10 blueberry 10: calls $0.04
0RB BR0: calls $0.02
*** FLOP *** [5c 7d 9h]
10 blueberry 10: checks 
0RB BR0: checks 
Dartrow1: bets $0.08
10 blueberry 10: calls $0.08
0RB BR0: folds 
*** TURN *** [5c 7d 9h] [Kc]
10 blueberry 10: checks 
Dartrow1: bets $0.16
10 blueberry 10: folds 
Uncalled bet ($0.16) returned to Dartrow1
Dartrow1 collected $0.34 from pot
*** SUMMARY ***
Total pot $0.35 | Rake $0.01 
Board [5c 7d 9h Kc]
Seat 1: Dorex2007 folded before Flop (didn't bet)
Seat 2: mihaelnate folded before Flop (didn't bet)
Seat 3: WARLOKCH (button) folded before Flop (didn't bet)
Seat 4: pppinclipppe (small blind) folded before Flop
Seat 5: 10 blueberry 10 (big blind) folded on the Turn
Seat 6: 0RB BR0 folded on the Flop
Seat 7: Dartrow1 collected ($0.34)
Seat 8: Tronkiwo folded before Flop (didn't bet)



PokerStars Hand #237169363673:  Hold'em No Limit ($0.01/$0.02 USD) - 2022/07/04 21:37:32 PT [2022/07/05 0:37:32 ET]
Table 'Jetta II' 9-max Seat #4 is the button
Seat 1: Dorex2007 ($6.10 in chips) 
Seat 2: mihaelnate ($2.16 in chips) 
Seat 3: WARLOKCH ($2 in chips) 
Seat 4: pppinclipppe ($1.73 in chips) 
Seat 5: 10 blueberry 10 ($1.46 in chips) 
Seat 6: 0RB BR0 ($1.34 in chips) 
Seat 7: Dartrow1 ($2.31 in chips) 
Seat 8: Tronkiwo ($3.42 in chips) 
10 blueberry 10: posts small blind $0.01
0RB BR0: posts big blind $0.02
Tweedy620: sits out 
*** HOLE CARDS ***
Dealt to Dorex2007 [Ts Jh]
Dartrow1: folds 
Tronkiwo: folds 
Dartrow1 leaves the table
Dorex2007: folds 
mihaelnate: folds 
WARLOKCH: folds 
pppinclipppe: folds 
10 blueberry 10: raises $0.04 to $0.06
0RB BR0: folds 
Uncalled bet ($0.04) returned to 10 blueberry 10
10 blueberry 10 collected $0.04 from pot
*** SUMMARY ***
Total pot $0.04 | Rake $0 
Seat 1: Dorex2007 folded before Flop (didn't bet)
Seat 2: mihaelnate folded before Flop (didn't bet)
Seat 3: WARLOKCH folded before Flop (didn't bet)
Seat 4: pppinclipppe (button) folded before Flop (didn't bet)
Seat 5: 10 blueberry 10 (small blind) collected ($0.04)
Seat 6: 0RB BR0 (big blind) folded before Flop
Seat 7: Dartrow1 folded before Flop (didn't bet)
Seat 8: Tronkiwo folded before Flop (didn't bet)



PokerStars Hand #237169365766:  Hold'em No Limit ($0.01/$0.02 USD) - 2022/07/04 21:37:50 PT [2022/07/05 0:37:50 ET]
Table 'Jetta II' 9-max Seat #5 is the button
Seat 1: Dorex2007 ($6.10 in chips) 
Seat 2: mihaelnate ($2.16 in chips) 
Seat 3: WARLOKCH ($2 in chips) 
Seat 4: pppinclipppe ($1.73 in chips) 
Seat 5: 10 blueberry 10 ($1.48 in chips) 
Seat 6: 0RB BR0 ($1.32 in chips) 
Seat 8: Tronkiwo ($3.42 in chips) 
MaXiDe05 joins the table at seat #7 
0RB BR0: posts small blind $0.01
Tronkiwo: posts big blind $0.02
Tweedy620: sits out 
*** HOLE CARDS ***
Dealt to Dorex2007 [Qd 5h]
Dorex2007: folds 
mihaelnate: calls $0.02
WARLOKCH: raises $0.06 to $0.08
pppinclipppe: calls $0.08
10 blueberry 10: calls $0.08
0RB BR0: folds 
Tronkiwo: folds 
mihaelnate: calls $0.06
*** FLOP *** [7s Ts Jc]
mihaelnate: checks 
WARLOKCH: bets $0.17
pppinclipppe: folds 
10 blueberry 10: folds 
mihaelnate: calls $0.17
*** TURN *** [7s Ts Jc] [2c]
mihaelnate: checks 
WARLOKCH: bets $0.33
mihaelnate: calls $0.33
*** RIVER *** [7s Ts Jc 2c] [Kc]
mihaelnate: bets $1.58 and is all-in
WARLOKCH: folds 
Uncalled bet ($1.58) returned to mihaelnate
mihaelnate collected $1.30 from pot
*** SUMMARY ***
Total pot $1.35 | Rake $0.05 
Board [7s Ts Jc 2c Kc]
Seat 1: Dorex2007 folded before Flop (didn't bet)
Seat 2: mihaelnate collected ($1.30)
Seat 3: WARLOKCH folded on the River
Seat 4: pppinclipppe folded on the Flop
Seat 5: 10 blueberry 10 (button) folded on the Flop
Seat 6: 0RB BR0 (small blind) folded before Flop
Seat 8: Tronkiwo (big blind) folded before Flop



PokerStars Hand #237169376681:  Hold'em No Limit ($0.01/$0.02 USD) - 2022/07/04 21:39:26 PT [2022/07/05 0:39:26 ET]
Table 'Jetta II' 9-max Seat #6 is the button
Seat 1: Dorex2007 ($6.10 in chips) 
Seat 2: mihaelnate ($2.88 in chips) 
Seat 3: WARLOKCH ($1.42 in chips) 
Seat 4: pppinclipppe ($1.65 in chips) 
Seat 5: 10 blueberry 10 ($1.40 in chips) 
Seat 6: 0RB BR0 ($1.31 in chips) 
Seat 8: Tronkiwo ($3.40 in chips) 
Seat 9: Tweedy620 ($2.14 in chips) 
Tronkiwo: posts small blind $0.01
Tweedy620: posts big blind $0.02
*** HOLE CARDS ***
Dealt to Dorex2007 [Ts Td]
Dorex2007: raises $0.02 to $0.04
mihaelnate: folds 
WARLOKCH: folds 
pppinclipppe: folds 
10 blueberry 10: raises $0.11 to $0.15
0RB BR0: folds 
Tronkiwo: folds 
Tweedy620: folds 
Dorex2007: folds 
Uncalled bet ($0.11) returned to 10 blueberry 10
10 blueberry 10 collected $0.11 from pot
*** SUMMARY ***
Total pot $0.11 | Rake $0 
Seat 1: Dorex2007 folded before Flop
Seat 2: mihaelnate folded before Flop (didn't bet)
Seat 3: WARLOKCH folded before Flop (didn't bet)
Seat 4: pppinclipppe folded before Flop (didn't bet)
Seat 5: 10 blueberry 10 collected ($0.11)
Seat 6: 0RB BR0 (button) folded before Flop (didn't bet)
Seat 8: Tronkiwo (small blind) folded before Flop
Seat 9: Tweedy620 (big blind) folded before Flop



PokerStars Hand #237169380814:  Hold'em No Limit ($0.01/$0.02 USD) - 2022/07/04 21:40:02 PT [2022/07/05 0:40:02 ET]
Table 'Jetta II' 9-max Seat #8 is the button
Seat 1: Dorex2007 ($6.06 in chips) 
Seat 2: mihaelnate ($2.88 in chips) 
Seat 3: WARLOKCH ($2 in chips) 
Seat 4: pppinclipppe ($1.65 in chips) 
Seat 5: 10 blueberry 10 ($1.47 in chips) 
Seat 6: 0RB BR0 ($1.31 in chips) 
Seat 7: MaXiDe05 ($2 in chips) 
Seat 8: Tronkiwo ($3.39 in chips) 
Seat 9: Tweedy620 ($2.12 in chips) 
Tweedy620: posts small blind $0.01
Dorex2007: posts big blind $0.02
MaXiDe05: posts big blind $0.02
*** HOLE CARDS ***
Dealt to Dorex2007 [8c 5c]
mihaelnate: folds 
WARLOKCH: calls $0.02
pppinclipppe: raises $0.02 to $0.04
10 blueberry 10: folds 
0RB BR0: folds 
MaXiDe05: folds 
Tronkiwo: folds 
Tweedy620: calls $0.03
Dorex2007: folds 
WARLOKCH: calls $0.02
*** FLOP *** [Td 9c Ks]
Tweedy620: checks 
WARLOKCH: checks 
pppinclipppe: checks 
*** TURN *** [Td 9c Ks] [9s]
Tweedy620: bets $0.08
WARLOKCH: calls $0.08
pppinclipppe: folds 
*** RIVER *** [Td 9c Ks 9s] [8h]
Tweedy620: bets $0.08
WARLOKCH: folds 
Uncalled bet ($0.08) returned to Tweedy620
Tweedy620 collected $0.31 from pot
*** SUMMARY ***
Total pot $0.32 | Rake $0.01 
Board [Td 9c Ks 9s 8h]
Seat 1: Dorex2007 (big blind) folded before Flop
Seat 2: mihaelnate folded before Flop (didn't bet)
Seat 3: WARLOKCH folded on the River
Seat 4: pppinclipppe folded on the Turn
Seat 5: 10 blueberry 10 folded before Flop (didn't bet)
Seat 6: 0RB BR0 folded before Flop (didn't bet)
Seat 7: MaXiDe05 folded before Flop (didn't bet)
Seat 8: Tronkiwo (button) folded before Flop (didn't bet)
Seat 9: Tweedy620 (small blind) collected ($0.31)



PokerStars Hand #237169389269:  Hold'em No Limit ($0.01/$0.02 USD) - 2022/07/04 21:41:16 PT [2022/07/05 0:41:16 ET]
Table 'Jetta II' 9-max Seat #9 is the button
Seat 1: Dorex2007 ($6.04 in chips) 
Seat 2: mihaelnate ($2.88 in chips) 
Seat 3: WARLOKCH ($1.88 in chips) 
Seat 4: pppinclipppe ($1.61 in chips) 
Seat 5: 10 blueberry 10 ($1.47 in chips) 
Seat 6: 0RB BR0 ($1.31 in chips) 
Seat 7: MaXiDe05 ($1.98 in chips) 
Seat 8: Tronkiwo ($3.39 in chips) 
Seat 9: Tweedy620 ($2.31 in chips) 
Dorex2007: posts small blind $0.01
mihaelnate: posts big blind $0.02
*** HOLE CARDS ***
Dealt to Dorex2007 [Kc Ad]
WARLOKCH: folds 
pppinclipppe: raises $0.02 to $0.04
10 blueberry 10: calls $0.04
0RB BR0: folds 
MaXiDe05: folds 
Tronkiwo: folds 
Tweedy620: folds 
Dorex2007: raises $0.12 to $0.16
mihaelnate: folds 
pppinclipppe: calls $0.12
10 blueberry 10: folds 
*** FLOP *** [Td 8c Js]
Dorex2007: bets $0.10
pppinclipppe: calls $0.10
*** TURN *** [Td 8c Js] [4h]
Dorex2007: checks 
pppinclipppe: bets $0.18
Dorex2007: folds 
Uncalled bet ($0.18) returned to pppinclipppe
pppinclipppe collected $0.56 from pot
*** SUMMARY ***
Total pot $0.58 | Rake $0.02 
Board [Td 8c Js 4h]
Seat 1: Dorex2007 (small blind) folded on the Turn
Seat 2: mihaelnate (big blind) folded before Flop
Seat 3: WARLOKCH folded before Flop (didn't bet)
Seat 4: pppinclipppe collected ($0.56)
Seat 5: 10 blueberry 10 folded before Flop
Seat 6: 0RB BR0 folded before Flop (didn't bet)
Seat 7: MaXiDe05 folded before Flop (didn't bet)
Seat 8: Tronkiwo folded before Flop (didn't bet)
Seat 9: Tweedy620 (button) folded before Flop (didn't bet)



PokerStars Hand #237169396481:  Hold'em No Limit ($0.01/$0.02 USD) - 2022/07/04 21:42:19 PT [2022/07/05 0:42:19 ET]
Table 'Jetta II' 9-max Seat #1 is the button
Seat 1: Dorex2007 ($5.78 in chips) 
Seat 2: mihaelnate ($2.86 in chips) 
Seat 3: WARLOKCH ($1.88 in chips) 
Seat 4: pppinclipppe ($1.91 in chips) 
Seat 5: 10 blueberry 10 ($1.43 in chips) 
Seat 6: 0RB BR0 ($1.31 in chips) 
Seat 7: MaXiDe05 ($1.98 in chips) 
Seat 8: Tronkiwo ($3.39 in chips) 
Seat 9: Tweedy620 ($2.31 in chips) 
mihaelnate: posts small blind $0.01
WARLOKCH: posts big blind $0.02
*** HOLE CARDS ***
Dealt to Dorex2007 [5h Ks]
pppinclipppe: folds 
10 blueberry 10: folds 
0RB BR0: calls $0.02
MaXiDe05: calls $0.02
Tronkiwo: folds 
Tweedy620: calls $0.02
Dorex2007: folds 
mihaelnate: folds 
WARLOKCH: checks 
*** FLOP *** [6h Qs Ts]
WARLOKCH: checks 
0RB BR0: bets $0.02
MaXiDe05: folds 
Tweedy620: raises $0.08 to $0.10
WARLOKCH: folds 
0RB BR0: folds 
Uncalled bet ($0.08) returned to Tweedy620
Tweedy620 collected $0.13 from pot
*** SUMMARY ***
Total pot $0.13 | Rake $0 
Board [6h Qs Ts]
Seat 1: Dorex2007 (button) folded before Flop (didn't bet)
Seat 2: mihaelnate (small blind) folded before Flop
Seat 3: WARLOKCH (big blind) folded on the Flop
Seat 4: pppinclipppe folded before Flop (didn't bet)
Seat 5: 10 blueberry 10 folded before Flop (didn't bet)
Seat 6: 0RB BR0 folded on the Flop
Seat 7: MaXiDe05 folded on the Flop
Seat 8: Tronkiwo folded before Flop (didn't bet)
Seat 9: Tweedy620 collected ($0.13)



PokerStars Hand #237169402322:  Hold'em No Limit ($0.01/$0.02 USD) - 2022/07/04 21:43:12 PT [2022/07/05 0:43:12 ET]
Table 'Jetta II' 9-max Seat #2 is the button
Seat 1: Dorex2007 ($5.78 in chips) 
Seat 2: mihaelnate ($2.85 in chips) 
Seat 3: WARLOKCH ($1.86 in chips) 
Seat 4: pppinclipppe ($1.91 in chips) 
Seat 5: 10 blueberry 10 ($1.43 in chips) 
Seat 6: 0RB BR0 ($1.27 in chips) 
Seat 7: MaXiDe05 ($1.96 in chips) 
Seat 8: Tronkiwo ($3.39 in chips) 
Seat 9: Tweedy620 ($2.40 in chips) 
WARLOKCH: posts small blind $0.01
pppinclipppe: posts big blind $0.02
*** HOLE CARDS ***
Dealt to Dorex2007 [2c 4h]
10 blueberry 10: raises $0.05 to $0.07
0RB BR0: folds 
MaXiDe05: folds 
Tronkiwo: folds 
Tweedy620: folds 
Dorex2007: folds 
mihaelnate: folds 
WARLOKCH: folds 
pppinclipppe: folds 
Uncalled bet ($0.05) returned to 10 blueberry 10
10 blueberry 10 collected $0.05 from pot
*** SUMMARY ***
Total pot $0.05 | Rake $0 
Seat 1: Dorex2007 folded before Flop (didn't bet)
Seat 2: mihaelnate (button) folded before Flop (didn't bet)
Seat 3: WARLOKCH (small blind) folded before Flop
Seat 4: pppinclipppe (big blind) folded before Flop
Seat 5: 10 blueberry 10 collected ($0.05)
Seat 6: 0RB BR0 folded before Flop (didn't bet)
Seat 7: MaXiDe05 folded before Flop (didn't bet)
Seat 8: Tronkiwo folded before Flop (didn't bet)
Seat 9: Tweedy620 folded before Flop (didn't bet)



PokerStars Hand #237169404706:  Hold'em No Limit ($0.01/$0.02 USD) - 2022/07/04 21:43:33 PT [2022/07/05 0:43:33 ET]
Table 'Jetta II' 9-max Seat #3 is the button
Seat 1: Dorex2007 ($5.78 in chips) 
Seat 2: mihaelnate ($2.85 in chips) 
Seat 3: WARLOKCH ($1.85 in chips) 
Seat 4: pppinclipppe ($1.89 in chips) 
Seat 5: 10 blueberry 10 ($1.46 in chips) 
Seat 6: 0RB BR0 ($1.27 in chips) 
Seat 7: MaXiDe05 ($1.96 in chips) 
Seat 8: Tronkiwo ($3.39 in chips) 
Seat 9: Tweedy620 ($2.40 in chips) 
pppinclipppe: posts small blind $0.01
10 blueberry 10: posts big blind $0.02
*** HOLE CARDS ***
Dealt to Dorex2007 [8c Qh]
0RB BR0: folds 
MaXiDe05: folds 
Tronkiwo: calls $0.02
Tweedy620: folds 
Dorex2007: folds 
mihaelnate: calls $0.02
WARLOKCH: raises $0.08 to $0.10
pppinclipppe: folds 
10 blueberry 10: folds 
Tronkiwo: folds 
mihaelnate: calls $0.08
*** FLOP *** [7d Td Qs]
mihaelnate: checks 
WARLOKCH: bets $0.16
mihaelnate: folds 
Uncalled bet ($0.16) returned to WARLOKCH
WARLOKCH collected $0.24 from pot
*** SUMMARY ***
Total pot $0.25 | Rake $0.01 
Board [7d Td Qs]
Seat 1: Dorex2007 folded before Flop (didn't bet)
Seat 2: mihaelnate folded on the Flop
Seat 3: WARLOKCH (button) collected ($0.24)
Seat 4: pppinclipppe (small blind) folded before Flop
Seat 5: 10 blueberry 10 (big blind) folded before Flop
Seat 6: 0RB BR0 folded before Flop (didn't bet)
Seat 7: MaXiDe05 folded before Flop (didn't bet)
Seat 8: Tronkiwo folded before Flop
Seat 9: Tweedy620 folded before Flop (didn't bet)



PokerStars Hand #237169409717:  Hold'em No Limit ($0.01/$0.02 USD) - 2022/07/04 21:44:18 PT [2022/07/05 0:44:18 ET]
Table 'Jetta II' 9-max Seat #4 is the button
Seat 1: Dorex2007 ($5.78 in chips) 
Seat 2: mihaelnate ($2.75 in chips) 
Seat 3: WARLOKCH ($1.99 in chips) 
Seat 4: pppinclipppe ($1.88 in chips) 
Seat 5: 10 blueberry 10 ($1.44 in chips) 
Seat 6: 0RB BR0 ($1.27 in chips) 
Seat 7: MaXiDe05 ($1.96 in chips) 
Seat 8: Tronkiwo ($3.37 in chips) 
Seat 9: Tweedy620 ($2.40 in chips) 
10 blueberry 10: posts small blind $0.01
0RB BR0: posts big blind $0.02
*** HOLE CARDS ***
Dealt to Dorex2007 [Jc 7c]
MaXiDe05: raises $0.02 to $0.04
Tronkiwo: folds 
Tweedy620: calls $0.04
Dorex2007: folds 
mihaelnate: folds 
WARLOKCH: calls $0.04
pppinclipppe: folds 
10 blueberry 10: folds 
0RB BR0: calls $0.02
*** FLOP *** [Qh Ac 8h]
0RB BR0: checks 
MaXiDe05: checks 
Tweedy620: checks 
WARLOKCH: checks 
*** TURN *** [Qh Ac 8h] [8d]
0RB BR0: checks 
MaXiDe05: checks 
Tweedy620: checks 
WARLOKCH: checks 
*** RIVER *** [Qh Ac 8h 8d] [Qc]
0RB BR0: checks 
MaXiDe05: checks 
Tweedy620: checks 
WARLOKCH: checks 
*** SHOW DOWN ***
0RB BR0: shows [2d Kc] (two pair, Queens and Eights)
MaXiDe05: shows [4d 4h] (two pair, Queens and Eights)
Tweedy620: shows [3c 3s] (two pair, Queens and Eights)
WARLOKCH: shows [Th Js] (two pair, Queens and Eights)
0RB BR0 collected $0.04 from pot
MaXiDe05 collected $0.04 from pot
Tweedy620 collected $0.04 from pot
WARLOKCH collected $0.04 from pot
*** SUMMARY ***
Total pot $0.17 | Rake $0.01 
Board [Qh Ac 8h 8d Qc]
Seat 1: Dorex2007 folded before Flop (didn't bet)
Seat 2: mihaelnate folded before Flop (didn't bet)
Seat 3: WARLOKCH showed [Th Js] and won ($0.04) with two pair, Queens and Eights
Seat 4: pppinclipppe (button) folded before Flop (didn't bet)
Seat 5: 10 blueberry 10 (small blind) folded before Flop
Seat 6: 0RB BR0 (big blind) showed [2d Kc] and won ($0.04) with two pair, Queens and Eights
Seat 7: MaXiDe05 showed [4d 4h] and won ($0.04) with two pair, Queens and Eights
Seat 8: Tronkiwo folded before Flop (didn't bet)
Seat 9: Tweedy620 showed [3c 3s] and won ($0.04) with two pair, Queens and Eights



PokerStars Hand #237169418103:  Hold'em No Limit ($0.01/$0.02 USD) - 2022/07/04 21:45:31 PT [2022/07/05 0:45:31 ET]
Table 'Jetta II' 9-max Seat #5 is the button
Seat 1: Dorex2007 ($5.78 in chips) 
Seat 2: mihaelnate ($2.75 in chips) 
Seat 3: WARLOKCH ($1.99 in chips) 
Seat 4: pppinclipppe ($1.88 in chips) 
Seat 5: 10 blueberry 10 ($1.43 in chips) 
Seat 6: 0RB BR0 ($1.27 in chips) 
Seat 7: MaXiDe05 ($1.96 in chips) 
Seat 8: Tronkiwo ($3.37 in chips) 
Seat 9: Tweedy620 ($2.40 in chips) 
0RB BR0: posts small blind $0.01
MaXiDe05: posts big blind $0.02
*** HOLE CARDS ***
Dealt to Dorex2007 [6h 7d]
Tronkiwo: raises $0.02 to $0.04
Tweedy620: folds 
Dorex2007: folds 
mihaelnate: calls $0.04
WARLOKCH: calls $0.04
pppinclipppe: calls $0.04
10 blueberry 10: folds 
0RB BR0: folds 
MaXiDe05: calls $0.02
*** FLOP *** [Ts Qs Qh]
MaXiDe05: checks 
Tronkiwo: checks 
mihaelnate: checks 
WARLOKCH: checks 
pppinclipppe: checks 
*** TURN *** [Ts Qs Qh] [5d]
MaXiDe05: bets $0.10
Tronkiwo: folds 
mihaelnate: folds 
WARLOKCH: folds 
pppinclipppe: calls $0.10
*** RIVER *** [Ts Qs Qh 5d] [6s]
MaXiDe05: bets $0.40
pppinclipppe: calls $0.40
*** SHOW DOWN ***
MaXiDe05: shows [Td 9h] (two pair, Queens and Tens)
pppinclipppe: shows [As Qc] (three of a kind, Queens)
pppinclipppe collected $1.17 from pot
*** SUMMARY ***
Total pot $1.21 | Rake $0.04 
Board [Ts Qs Qh 5d 6s]
Seat 1: Dorex2007 folded before Flop (didn't bet)
Seat 2: mihaelnate folded on the Turn
Seat 3: WARLOKCH folded on the Turn
Seat 4: pppinclipppe showed [As Qc] and won ($1.17) with three of a kind, Queens
Seat 5: 10 blueberry 10 (button) folded before Flop (didn't bet)
Seat 6: 0RB BR0 (small blind) folded before Flop
Seat 7: MaXiDe05 (big blind) showed [Td 9h] and lost with two pair, Queens and Tens
Seat 8: Tronkiwo folded on the Turn
Seat 9: Tweedy620 folded before Flop (didn't bet)



PokerStars Hand #237169428184:  Hold'em No Limit ($0.01/$0.02 USD) - 2022/07/04 21:46:46 PT [2022/07/05 0:46:46 ET]
Table 'Jetta II' 9-max Seat #6 is the button
Seat 1: Dorex2007 ($5.78 in chips) 
Seat 2: mihaelnate ($2.71 in chips) 
Seat 3: WARLOKCH ($1.95 in chips) 
Seat 4: pppinclipppe ($2.51 in chips) 
Seat 5: 10 blueberry 10 ($1.43 in chips) 
Seat 6: 0RB BR0 ($1.26 in chips) 
Seat 7: MaXiDe05 ($1.42 in chips) 
Seat 8: Tronkiwo ($3.33 in chips) 
Seat 9: Tweedy620 ($2.40 in chips) 
MaXiDe05: posts small blind $0.01
Tronkiwo: posts big blind $0.02
*** HOLE CARDS ***
Dealt to Dorex2007 [5d 8d]
Tweedy620: folds 
Dorex2007: folds 
mihaelnate: folds 
WARLOKCH: calls $0.02
pppinclipppe: folds 
10 blueberry 10: calls $0.02
0RB BR0: folds 
MaXiDe05: calls $0.01
Tronkiwo: checks 
*** FLOP *** [6s 9h Jc]
MaXiDe05: checks 
Tronkiwo: checks 
WARLOKCH: bets $0.06
10 blueberry 10: calls $0.06
MaXiDe05: folds 
Tronkiwo: folds 
*** TURN *** [6s 9h Jc] [Ac]
WARLOKCH: checks 
10 blueberry 10: bets $0.19
WARLOKCH: folds 
Uncalled bet ($0.19) returned to 10 blueberry 10
10 blueberry 10 collected $0.19 from pot
*** SUMMARY ***
Total pot $0.20 | Rake $0.01 
Board [6s 9h Jc Ac]
Seat 1: Dorex2007 folded before Flop (didn't bet)
Seat 2: mihaelnate folded before Flop (didn't bet)
Seat 3: WARLOKCH folded on the Turn
Seat 4: pppinclipppe folded before Flop (didn't bet)
Seat 5: 10 blueberry 10 collected ($0.19)
Seat 6: 0RB BR0 (button) folded before Flop (didn't bet)
Seat 7: MaXiDe05 (small blind) folded on the Flop
Seat 8: Tronkiwo (big blind) folded on the Flop
Seat 9: Tweedy620 folded before Flop (didn't bet)



PokerStars Hand #237169434303:  Hold'em No Limit ($0.01/$0.02 USD) - 2022/07/04 21:47:40 PT [2022/07/05 0:47:40 ET]
Table 'Jetta II' 9-max Seat #7 is the button
Seat 1: Dorex2007 ($5.78 in chips) 
Seat 2: mihaelnate ($2.71 in chips) 
Seat 3: WARLOKCH ($1.87 in chips) 
Seat 4: pppinclipppe ($2.51 in chips) 
Seat 5: 10 blueberry 10 ($1.54 in chips) 
Seat 6: 0RB BR0 ($1.26 in chips) 
Seat 7: MaXiDe05 ($2 in chips) 
Seat 8: Tronkiwo ($3.31 in chips) 
Tronkiwo: posts small blind $0.01
Dorex2007: posts big blind $0.02
*** HOLE CARDS ***
Dealt to Dorex2007 [7s Th]
mihaelnate: folds 
WARLOKCH: folds 
pppinclipppe: raises $0.02 to $0.04
10 blueberry 10: folds 
0RB BR0: folds 
MaXiDe05: calls $0.04
Tronkiwo: folds 
Dorex2007: folds 
*** FLOP *** [9c Qc 7c]
pppinclipppe: checks 
MaXiDe05: checks 
*** TURN *** [9c Qc 7c] [4c]
pppinclipppe: bets $0.04
MaXiDe05: folds 
Uncalled bet ($0.04) returned to pppinclipppe
pppinclipppe collected $0.11 from pot
*** SUMMARY ***
Total pot $0.11 | Rake $0 
Board [9c Qc 7c 4c]
Seat 1: Dorex2007 (big blind) folded before Flop
Seat 2: mihaelnate folded before Flop (didn't bet)
Seat 3: WARLOKCH folded before Flop (didn't bet)
Seat 4: pppinclipppe collected ($0.11)
Seat 5: 10 blueberry 10 folded before Flop (didn't bet)
Seat 6: 0RB BR0 folded before Flop (didn't bet)
Seat 7: MaXiDe05 (button) folded on the Turn
Seat 8: Tronkiwo (small blind) folded before Flop



PokerStars Hand #237169440223:  Hold'em No Limit ($0.01/$0.02 USD) - 2022/07/04 21:48:32 PT [2022/07/05 0:48:32 ET]
Table 'Jetta II' 9-max Seat #8 is the button
Seat 1: Dorex2007 ($5.76 in chips) 
Seat 2: mihaelnate ($2.71 in chips) 
Seat 3: WARLOKCH ($1.87 in chips) 
Seat 4: pppinclipppe ($2.58 in chips) 
Seat 5: 10 blueberry 10 ($1.54 in chips) 
Seat 6: 0RB BR0 ($1.26 in chips) 
Seat 7: MaXiDe05 ($1.96 in chips) 
Seat 8: Tronkiwo ($3.30 in chips) 
Dorex2007: posts small blind $0.01
mihaelnate: posts big blind $0.02
*** HOLE CARDS ***
Dealt to Dorex2007 [3c 2d]
WARLOKCH: folds 
pppinclipppe: folds 
10 blueberry 10: folds 
0RB BR0: folds 
MaXiDe05: folds 
Tronkiwo: calls $0.02
Dorex2007: folds 
mihaelnate: checks 
*** FLOP *** [9h 4d 3h]
mihaelnate: bets $0.04
Tronkiwo: calls $0.04
*** TURN *** [9h 4d 3h] [8h]
mihaelnate: bets $0.04
Tronkiwo: calls $0.04
*** RIVER *** [9h 4d 3h 8h] [9s]
mihaelnate: bets $0.06
Tronkiwo: raises $0.06 to $0.12
mihaelnate: folds [6d 6h]
Uncalled bet ($0.06) returned to Tronkiwo
Tronkiwo collected $0.32 from pot
*** SUMMARY ***
Total pot $0.33 | Rake $0.01 
Board [9h 4d 3h 8h 9s]
Seat 1: Dorex2007 (small blind) folded before Flop
Seat 2: mihaelnate (big blind) folded on the River
Seat 3: WARLOKCH folded before Flop (didn't bet)
Seat 4: pppinclipppe folded before Flop (didn't bet)
Seat 5: 10 blueberry 10 folded before Flop (didn't bet)
Seat 6: 0RB BR0 folded before Flop (didn't bet)
Seat 7: MaXiDe05 folded before Flop (didn't bet)
Seat 8: Tronkiwo (button) collected ($0.32)



PokerStars Hand #237169451597:  Hold'em No Limit ($0.01/$0.02 USD) - 2022/07/04 21:50:10 PT [2022/07/05 0:50:10 ET]
Table 'Jetta II' 9-max Seat #1 is the button
Seat 1: Dorex2007 ($5.75 in chips) 
Seat 2: mihaelnate ($2.55 in chips) 
Seat 3: WARLOKCH ($2 in chips) 
Seat 4: pppinclipppe ($2.58 in chips) 
Seat 5: 10 blueberry 10 ($1.54 in chips) 
Seat 6: 0RB BR0 ($1.26 in chips) 
Seat 7: MaXiDe05 ($1.96 in chips) 
Seat 8: Tronkiwo ($3.46 in chips) 
mihaelnate: posts small blind $0.01
WARLOKCH: posts big blind $0.02
*** HOLE CARDS ***
Dealt to Dorex2007 [7h Tc]
pppinclipppe: raises $0.02 to $0.04
10 blueberry 10: raises $0.11 to $0.15
0RB BR0: folds 
MaXiDe05: folds 
Tronkiwo: folds 
Dorex2007: folds 
mihaelnate: folds 
WARLOKCH: folds 
pppinclipppe: calls $0.11
*** FLOP *** [8h 7s 4c]
pppinclipppe: checks 
10 blueberry 10: checks 
*** TURN *** [8h 7s 4c] [3d]
pppinclipppe: checks 
10 blueberry 10: checks 
*** RIVER *** [8h 7s 4c 3d] [Ac]
pppinclipppe: bets $0.16
10 blueberry 10: calls $0.16
*** SHOW DOWN ***
pppinclipppe: shows [5d Ad] (a pair of Aces)
10 blueberry 10: shows [Qc As] (a pair of Aces - Queen kicker)
10 blueberry 10 collected $0.63 from pot
*** SUMMARY ***
Total pot $0.65 | Rake $0.02 
Board [8h 7s 4c 3d Ac]
Seat 1: Dorex2007 (button) folded before Flop (didn't bet)
Seat 2: mihaelnate (small blind) folded before Flop
Seat 3: WARLOKCH (big blind) folded before Flop
Seat 4: pppinclipppe showed [5d Ad] and lost with a pair of Aces
Seat 5: 10 blueberry 10 showed [Qc As] and won ($0.63) with a pair of Aces
Seat 6: 0RB BR0 folded before Flop (didn't bet)
Seat 7: MaXiDe05 folded before Flop (didn't bet)
Seat 8: Tronkiwo folded before Flop (didn't bet)



PokerStars Hand #237169456265:  Hold'em No Limit ($0.01/$0.02 USD) - 2022/07/04 21:50:51 PT [2022/07/05 0:50:51 ET]
Table 'Jetta II' 9-max Seat #2 is the button
Seat 1: Dorex2007 ($5.75 in chips) 
Seat 2: mihaelnate ($2.54 in chips) 
Seat 3: WARLOKCH ($1.98 in chips) 
Seat 4: pppinclipppe ($2.27 in chips) 
Seat 5: 10 blueberry 10 ($1.86 in chips) 
Seat 6: 0RB BR0 ($1.26 in chips) 
Seat 7: MaXiDe05 ($1.96 in chips) 
Seat 8: Tronkiwo ($3.46 in chips) 
WARLOKCH: posts small blind $0.01
pppinclipppe: posts big blind $0.02
*** HOLE CARDS ***
Dealt to Dorex2007 [5s Qh]
10 blueberry 10: folds 
0RB BR0: folds 
MaXiDe05: calls $0.02
Tronkiwo: folds 
Dorex2007: folds 
mihaelnate: folds 
WARLOKCH: raises $0.06 to $0.08
pppinclipppe: folds 
MaXiDe05: calls $0.06
*** FLOP *** [8h 2h Kh]
WARLOKCH: bets $0.10
MaXiDe05: folds 
Uncalled bet ($0.10) returned to WARLOKCH
WARLOKCH collected $0.17 from pot
*** SUMMARY ***
Total pot $0.18 | Rake $0.01 
Board [8h 2h Kh]
Seat 1: Dorex2007 folded before Flop (didn't bet)
Seat 2: mihaelnate (button) folded before Flop (didn't bet)
Seat 3: WARLOKCH (small blind) collected ($0.17)
Seat 4: pppinclipppe (big blind) folded before Flop
Seat 5: 10 blueberry 10 folded before Flop (didn't bet)
Seat 6: 0RB BR0 folded before Flop (didn't bet)
Seat 7: MaXiDe05 folded on the Flop
Seat 8: Tronkiwo folded before Flop (didn't bet)



PokerStars Hand #237169459572:  Hold'em No Limit ($0.01/$0.02 USD) - 2022/07/04 21:51:20 PT [2022/07/05 0:51:20 ET]
Table 'Jetta II' 9-max Seat #3 is the button
Seat 1: Dorex2007 ($5.75 in chips) 
Seat 2: mihaelnate ($2.54 in chips) 
Seat 3: WARLOKCH ($2.07 in chips) 
Seat 4: pppinclipppe ($2.25 in chips) 
Seat 5: 10 blueberry 10 ($1.86 in chips) 
Seat 6: 0RB BR0 ($1.26 in chips) 
Seat 7: MaXiDe05 ($1.88 in chips) 
Seat 8: Tronkiwo ($3.46 in chips) 
pppinclipppe: posts small blind $0.01
10 blueberry 10: posts big blind $0.02
*** HOLE CARDS ***
Dealt to Dorex2007 [6s Jc]
0RB BR0: folds 
MaXiDe05: folds 
Tronkiwo: folds 
Dorex2007: folds 
mihaelnate: calls $0.02
WARLOKCH: folds 
pppinclipppe: folds 
10 blueberry 10: checks 
*** FLOP *** [8d 5d 5s]
10 blueberry 10: checks 
mihaelnate: bets $0.06
10 blueberry 10: folds 
Uncalled bet ($0.06) returned to mihaelnate
mihaelnate collected $0.05 from pot
*** SUMMARY ***
Total pot $0.05 | Rake $0 
Board [8d 5d 5s]
Seat 1: Dorex2007 folded before Flop (didn't bet)
Seat 2: mihaelnate collected ($0.05)
Seat 3: WARLOKCH (button) folded before Flop (didn't bet)
Seat 4: pppinclipppe (small blind) folded before Flop
Seat 5: 10 blueberry 10 (big blind) folded on the Flop
Seat 6: 0RB BR0 folded before Flop (didn't bet)
Seat 7: MaXiDe05 folded before Flop (didn't bet)
Seat 8: Tronkiwo folded before Flop (didn't bet)



PokerStars Hand #237169463570:  Hold'em No Limit ($0.01/$0.02 USD) - 2022/07/04 21:51:55 PT [2022/07/05 0:51:55 ET]
Table 'Jetta II' 9-max Seat #4 is the button
Seat 1: Dorex2007 ($5.75 in chips) 
Seat 2: mihaelnate ($2.57 in chips) 
Seat 3: WARLOKCH ($2.07 in chips) 
Seat 4: pppinclipppe ($2.24 in chips) 
Seat 5: 10 blueberry 10 ($1.84 in chips) 
Seat 6: 0RB BR0 ($1.26 in chips) 
Seat 7: MaXiDe05 ($2 in chips) 
Seat 8: Tronkiwo ($3.46 in chips) 
10 blueberry 10: posts small blind $0.01
0RB BR0: posts big blind $0.02
*** HOLE CARDS ***
Dealt to Dorex2007 [Ad Qs]
MaXiDe05: folds 
Tronkiwo: calls $0.02
Dorex2007: raises $0.04 to $0.06
mihaelnate: folds 
WARLOKCH: folds 
pppinclipppe: folds 
10 blueberry 10: calls $0.05
0RB BR0: folds 
Tronkiwo: folds 
*** FLOP *** [3d 8c 3h]
10 blueberry 10: checks 
Dorex2007: checks 
*** TURN *** [3d 8c 3h] [Jd]
10 blueberry 10: checks 
Dorex2007: bets $0.07
10 blueberry 10: calls $0.07
*** RIVER *** [3d 8c 3h Jd] [Tc]
10 blueberry 10: bets $0.14
Dorex2007: folds 
Uncalled bet ($0.14) returned to 10 blueberry 10
10 blueberry 10 collected $0.29 from pot
*** SUMMARY ***
Total pot $0.30 | Rake $0.01 
Board [3d 8c 3h Jd Tc]
Seat 1: Dorex2007 folded on the River
Seat 2: mihaelnate folded before Flop (didn't bet)
Seat 3: WARLOKCH folded before Flop (didn't bet)
Seat 4: pppinclipppe (button) folded before Flop (didn't bet)
Seat 5: 10 blueberry 10 (small blind) collected ($0.29)
Seat 6: 0RB BR0 (big blind) folded before Flop
Seat 7: MaXiDe05 folded before Flop (didn't bet)
Seat 8: Tronkiwo folded before Flop



