PokerStars Hand #237239122104:  Hold'em No Limit ($0.01/$0.02 USD) - 2022/07/08 12:32:42 PT [2022/07/08 15:32:42 ET]
Table 'Amor III' 9-max Seat #4 is the button
Seat 1: klaus37 ($1.65 in chips) 
Seat 2: skater2000 ($2.06 in chips) 
Seat 3: Dorex2007 ($2 in chips) 
Seat 4: troyano422 ($0.82 in chips) 
Seat 5: NRM-1981 ($3.49 in chips) 
Seat 6: paco0077 ($1.12 in chips) 
Seat 8: cgreek ($2.47 in chips) 
Seat 9: Br0wnCheese ($3.30 in chips) 
NRM-1981: posts small blind $0.01
paco0077: posts big blind $0.02
Il0vebear: sits out 
Dorex2007: posts big blind $0.02
*** HOLE CARDS ***
Dealt to Dorex2007 [Qh Qs]
cgreek: folds 
Br0wnCheese: folds 
klaus37: folds 
skater2000: raises $0.07 to $0.09
Dorex2007: raises $0.11 to $0.20
troyano422: folds 
NRM-1981: folds 
paco0077: folds 
skater2000: calls $0.11
*** FLOP *** [4c 8c 9c]
skater2000: checks 
Dorex2007: bets $0.41
skater2000: raises $0.41 to $0.82
Dorex2007: raises $0.98 to $1.80 and is all-in
skater2000: folds 
Uncalled bet ($0.98) returned to Dorex2007
Dorex2007 collected $2 from pot
*** SUMMARY ***
Total pot $2.07 | Rake $0.07 
Board [4c 8c 9c]
Seat 1: klaus37 folded before Flop (didn't bet)
Seat 2: skater2000 folded on the Flop
Seat 3: Dorex2007 collected ($2)
Seat 4: troyano422 (button) folded before Flop (didn't bet)
Seat 5: NRM-1981 (small blind) folded before Flop
Seat 6: paco0077 (big blind) folded before Flop
Seat 8: cgreek folded before Flop (didn't bet)
Seat 9: Br0wnCheese folded before Flop (didn't bet)



PokerStars Hand #237239143536:  Hold'em No Limit ($0.01/$0.02 USD) - 2022/07/08 12:33:42 PT [2022/07/08 15:33:42 ET]
Table 'Amor III' 9-max Seat #5 is the button
Seat 1: klaus37 ($1.65 in chips) 
Seat 2: skater2000 ($1.04 in chips) 
Seat 3: Dorex2007 ($2.98 in chips) 
Seat 4: troyano422 ($0.82 in chips) 
Seat 5: NRM-1981 ($3.48 in chips) 
Seat 6: paco0077 ($1.10 in chips) 
Seat 7: Il0vebear ($2 in chips) 
Seat 8: cgreek ($2.47 in chips) 
Seat 9: Br0wnCheese ($3.30 in chips) 
paco0077: posts small blind $0.01
Il0vebear: posts big blind $0.02
*** HOLE CARDS ***
Dealt to Dorex2007 [6h 4d]
cgreek: folds 
Br0wnCheese: raises $0.03 to $0.05
klaus37: folds 
skater2000: folds 
Dorex2007: folds 
troyano422: folds 
NRM-1981: folds 
paco0077: folds 
Il0vebear: folds 
Uncalled bet ($0.03) returned to Br0wnCheese
Br0wnCheese collected $0.05 from pot
*** SUMMARY ***
Total pot $0.05 | Rake $0 
Seat 1: klaus37 folded before Flop (didn't bet)
Seat 2: skater2000 folded before Flop (didn't bet)
Seat 3: Dorex2007 folded before Flop (didn't bet)
Seat 4: troyano422 folded before Flop (didn't bet)
Seat 5: NRM-1981 (button) folded before Flop (didn't bet)
Seat 6: paco0077 (small blind) folded before Flop
Seat 7: Il0vebear (big blind) folded before Flop
Seat 8: cgreek folded before Flop (didn't bet)
Seat 9: Br0wnCheese collected ($0.05)



PokerStars Hand #237239151505:  Hold'em No Limit ($0.01/$0.02 USD) - 2022/07/08 12:34:04 PT [2022/07/08 15:34:04 ET]
Table 'Amor III' 9-max Seat #6 is the button
Seat 1: klaus37 ($1.65 in chips) 
Seat 2: skater2000 ($1.84 in chips) 
Seat 3: Dorex2007 ($2.98 in chips) 
Seat 4: troyano422 ($0.82 in chips) 
Seat 5: NRM-1981 ($3.48 in chips) 
Seat 6: paco0077 ($1.09 in chips) 
Seat 7: Il0vebear ($2 in chips) 
Seat 8: cgreek ($2.47 in chips) 
Seat 9: Br0wnCheese ($3.33 in chips) 
Il0vebear: posts small blind $0.01
cgreek: posts big blind $0.02
*** HOLE CARDS ***
Dealt to Dorex2007 [Jh 3c]
Br0wnCheese: folds 
klaus37: folds 
skater2000: folds 
Dorex2007: folds 
troyano422: folds 
NRM-1981: calls $0.02
paco0077: folds 
Il0vebear: calls $0.01
cgreek: checks 
*** FLOP *** [2c 4d 9s]
Il0vebear: checks 
cgreek: bets $0.06
NRM-1981: folds 
Il0vebear: folds 
Uncalled bet ($0.06) returned to cgreek
cgreek collected $0.06 from pot
*** SUMMARY ***
Total pot $0.06 | Rake $0 
Board [2c 4d 9s]
Seat 1: klaus37 folded before Flop (didn't bet)
Seat 2: skater2000 folded before Flop (didn't bet)
Seat 3: Dorex2007 folded before Flop (didn't bet)
Seat 4: troyano422 folded before Flop (didn't bet)
Seat 5: NRM-1981 folded on the Flop
Seat 6: paco0077 (button) folded before Flop (didn't bet)
Seat 7: Il0vebear (small blind) folded on the Flop
Seat 8: cgreek (big blind) collected ($0.06)
Seat 9: Br0wnCheese folded before Flop (didn't bet)



PokerStars Hand #237239168379:  Hold'em No Limit ($0.01/$0.02 USD) - 2022/07/08 12:34:52 PT [2022/07/08 15:34:52 ET]
Table 'Amor III' 9-max Seat #7 is the button
Seat 1: klaus37 ($1.65 in chips) 
Seat 2: skater2000 ($2 in chips) 
Seat 3: Dorex2007 ($2.98 in chips) 
Seat 4: troyano422 ($0.82 in chips) 
Seat 5: NRM-1981 ($3.46 in chips) 
Seat 6: paco0077 ($1.09 in chips) 
Seat 7: Il0vebear ($2 in chips) 
Seat 8: cgreek ($2.51 in chips) 
Seat 9: Br0wnCheese ($3.33 in chips) 
cgreek: posts small blind $0.01
Br0wnCheese: posts big blind $0.02
*** HOLE CARDS ***
Dealt to Dorex2007 [Th 2s]
klaus37: folds 
skater2000: folds 
Dorex2007: folds 
troyano422: folds 
NRM-1981: folds 
paco0077: calls $0.02
Il0vebear: raises $0.06 to $0.08
cgreek: folds 
Br0wnCheese: folds 
paco0077: folds 
Uncalled bet ($0.06) returned to Il0vebear
Il0vebear collected $0.07 from pot
*** SUMMARY ***
Total pot $0.07 | Rake $0 
Seat 1: klaus37 folded before Flop (didn't bet)
Seat 2: skater2000 folded before Flop (didn't bet)
Seat 3: Dorex2007 folded before Flop (didn't bet)
Seat 4: troyano422 folded before Flop (didn't bet)
Seat 5: NRM-1981 folded before Flop (didn't bet)
Seat 6: paco0077 folded before Flop
Seat 7: Il0vebear (button) collected ($0.07)
Seat 8: cgreek (small blind) folded before Flop
Seat 9: Br0wnCheese (big blind) folded before Flop



PokerStars Hand #237239182174:  Hold'em No Limit ($0.01/$0.02 USD) - 2022/07/08 12:35:30 PT [2022/07/08 15:35:30 ET]
Table 'Amor III' 9-max Seat #8 is the button
Seat 1: klaus37 ($1.65 in chips) 
Seat 2: skater2000 ($2 in chips) 
Seat 3: Dorex2007 ($2.98 in chips) 
Seat 4: troyano422 ($0.82 in chips) 
Seat 5: NRM-1981 ($3.46 in chips) 
Seat 6: paco0077 ($1.07 in chips) 
Seat 7: Il0vebear ($2.05 in chips) 
Seat 8: cgreek ($2.50 in chips) 
Seat 9: Br0wnCheese ($3.31 in chips) 
Br0wnCheese: posts small blind $0.01
klaus37: posts big blind $0.02
*** HOLE CARDS ***
Dealt to Dorex2007 [As Kh]
skater2000: folds 
Dorex2007: raises $0.04 to $0.06
troyano422: folds 
NRM-1981: folds 
paco0077: folds 
Il0vebear: folds 
cgreek: folds 
Br0wnCheese: folds 
klaus37: folds 
Uncalled bet ($0.04) returned to Dorex2007
Dorex2007 collected $0.05 from pot
*** SUMMARY ***
Total pot $0.05 | Rake $0 
Seat 1: klaus37 (big blind) folded before Flop
Seat 2: skater2000 folded before Flop (didn't bet)
Seat 3: Dorex2007 collected ($0.05)
Seat 4: troyano422 folded before Flop (didn't bet)
Seat 5: NRM-1981 folded before Flop (didn't bet)
Seat 6: paco0077 folded before Flop (didn't bet)
Seat 7: Il0vebear folded before Flop (didn't bet)
Seat 8: cgreek (button) folded before Flop (didn't bet)
Seat 9: Br0wnCheese (small blind) folded before Flop



PokerStars Hand #237239187168:  Hold'em No Limit ($0.01/$0.02 USD) - 2022/07/08 12:35:44 PT [2022/07/08 15:35:44 ET]
Table 'Amor III' 9-max Seat #9 is the button
Seat 1: klaus37 ($1.63 in chips) 
Seat 2: skater2000 ($2 in chips) 
Seat 3: Dorex2007 ($3.01 in chips) 
Seat 4: troyano422 ($0.82 in chips) 
Seat 5: NRM-1981 ($3.46 in chips) 
Seat 6: paco0077 ($1.07 in chips) 
Seat 7: Il0vebear ($2.05 in chips) 
Seat 8: cgreek ($2.50 in chips) 
Seat 9: Br0wnCheese ($3.30 in chips) 
klaus37: posts small blind $0.01
skater2000: posts big blind $0.02
*** HOLE CARDS ***
Dealt to Dorex2007 [As 2d]
Dorex2007: folds 
troyano422: calls $0.02
NRM-1981: calls $0.02
paco0077: calls $0.02
Il0vebear: folds 
cgreek: calls $0.02
Br0wnCheese: folds 
klaus37: folds 
skater2000: checks 
*** FLOP *** [9c 6h 9h]
skater2000: checks 
troyano422: bets $0.04
NRM-1981: folds 
paco0077: calls $0.04
cgreek: calls $0.04
skater2000: calls $0.04
*** TURN *** [9c 6h 9h] [Ts]
skater2000: checks 
troyano422: checks 
paco0077 is disconnected 
paco0077 has timed out while disconnected
paco0077: checks 
cgreek: checks 
*** RIVER *** [9c 6h 9h Ts] [Kd]
skater2000: bets $0.13
troyano422: calls $0.13
paco0077 has timed out while disconnected
paco0077: folds 
cgreek: folds 
*** SHOW DOWN ***
skater2000: shows [Th 6c] (two pair, Tens and Nines)
troyano422: shows [Kh Jc] (two pair, Kings and Nines)
troyano422 collected $0.51 from pot
*** SUMMARY ***
Total pot $0.53 | Rake $0.02 
Board [9c 6h 9h Ts Kd]
Seat 1: klaus37 (small blind) folded before Flop
Seat 2: skater2000 (big blind) showed [Th 6c] and lost with two pair, Tens and Nines
Seat 3: Dorex2007 folded before Flop (didn't bet)
Seat 4: troyano422 showed [Kh Jc] and won ($0.51) with two pair, Kings and Nines
Seat 5: NRM-1981 folded on the Flop
Seat 6: paco0077 folded on the River
Seat 7: Il0vebear folded before Flop (didn't bet)
Seat 8: cgreek folded on the River
Seat 9: Br0wnCheese (button) folded before Flop (didn't bet)



PokerStars Hand #237239264445:  Hold'em No Limit ($0.01/$0.02 USD) - 2022/07/08 12:39:17 PT [2022/07/08 15:39:17 ET]
Table 'Amor III' 9-max Seat #1 is the button
Seat 1: klaus37 ($1.62 in chips) 
Seat 2: skater2000 ($1.81 in chips) 
Seat 3: Dorex2007 ($3.01 in chips) 
Seat 4: troyano422 ($1.14 in chips) 
Seat 5: NRM-1981 ($3.44 in chips) 
Seat 7: Il0vebear ($2.05 in chips) 
Seat 8: cgreek ($2.44 in chips) 
Seat 9: Br0wnCheese ($3.30 in chips) 
skater2000: posts small blind $0.01
Dorex2007: posts big blind $0.02
*** HOLE CARDS ***
Dealt to Dorex2007 [2d 9d]
troyano422: folds 
NRM-1981: calls $0.02
Il0vebear: folds 
cgreek: folds 
Br0wnCheese: folds 
klaus37: folds 
skater2000: raises $0.04 to $0.06
Dorex2007: folds 
NRM-1981: calls $0.04
*** FLOP *** [As Kd 3s]
skater2000: bets $0.07
NRM-1981: folds 
Uncalled bet ($0.07) returned to skater2000
skater2000 collected $0.14 from pot
*** SUMMARY ***
Total pot $0.14 | Rake $0 
Board [As Kd 3s]
Seat 1: klaus37 (button) folded before Flop (didn't bet)
Seat 2: skater2000 (small blind) collected ($0.14)
Seat 3: Dorex2007 (big blind) folded before Flop
Seat 4: troyano422 folded before Flop (didn't bet)
Seat 5: NRM-1981 folded on the Flop
Seat 7: Il0vebear folded before Flop (didn't bet)
Seat 8: cgreek folded before Flop (didn't bet)
Seat 9: Br0wnCheese folded before Flop (didn't bet)



PokerStars Hand #237239272926:  Hold'em No Limit ($0.01/$0.02 USD) - 2022/07/08 12:39:40 PT [2022/07/08 15:39:40 ET]
Table 'Amor III' 9-max Seat #2 is the button
Seat 1: klaus37 ($1.62 in chips) 
Seat 2: skater2000 ($1.89 in chips) 
Seat 3: Dorex2007 ($2.99 in chips) 
Seat 4: troyano422 ($1.14 in chips) 
Seat 5: NRM-1981 ($3.38 in chips) 
Seat 7: Il0vebear ($2.05 in chips) 
Seat 8: cgreek ($2.44 in chips) 
Seat 9: Br0wnCheese ($3.30 in chips) 
Dorex2007: posts small blind $0.01
troyano422: posts big blind $0.02
*** HOLE CARDS ***
Dealt to Dorex2007 [Ah 9h]
NRM-1981: calls $0.02
Il0vebear: folds 
cgreek: folds 
Br0wnCheese: calls $0.02
klaus37: folds 
skater2000: calls $0.02
Dorex2007: calls $0.01
troyano422: checks 
*** FLOP *** [7c 8s Jd]
Dorex2007: checks 
troyano422: checks 
NRM-1981: checks 
Br0wnCheese: checks 
skater2000: checks 
*** TURN *** [7c 8s Jd] [5s]
Dorex2007: checks 
troyano422: checks 
NRM-1981: checks 
Br0wnCheese: checks 
skater2000: bets $0.05
Dorex2007: folds 
troyano422: folds 
NRM-1981: calls $0.05
Br0wnCheese: calls $0.05
*** RIVER *** [7c 8s Jd 5s] [2c]
NRM-1981: checks 
Br0wnCheese: checks 
skater2000: bets $0.16
NRM-1981: folds 
Br0wnCheese: folds 
Uncalled bet ($0.16) returned to skater2000
skater2000 collected $0.24 from pot
*** SUMMARY ***
Total pot $0.25 | Rake $0.01 
Board [7c 8s Jd 5s 2c]
Seat 1: klaus37 folded before Flop (didn't bet)
Seat 2: skater2000 (button) collected ($0.24)
Seat 3: Dorex2007 (small blind) folded on the Turn
Seat 4: troyano422 (big blind) folded on the Turn
Seat 5: NRM-1981 folded on the River
Seat 7: Il0vebear folded before Flop (didn't bet)
Seat 8: cgreek folded before Flop (didn't bet)
Seat 9: Br0wnCheese folded on the River



PokerStars Hand #237239311905:  Hold'em No Limit ($0.01/$0.02 USD) - 2022/07/08 12:41:29 PT [2022/07/08 15:41:29 ET]
Table 'Amor III' 9-max Seat #3 is the button
Seat 1: klaus37 ($1.62 in chips) 
Seat 2: skater2000 ($2.06 in chips) 
Seat 3: Dorex2007 ($2.97 in chips) 
Seat 4: troyano422 ($1.12 in chips) 
Seat 5: NRM-1981 ($3.31 in chips) 
Seat 6: paco0077 ($1.01 in chips) 
Seat 7: Il0vebear ($2.05 in chips) 
Seat 8: cgreek ($2.44 in chips) 
Seat 9: Br0wnCheese ($3.23 in chips) 
troyano422: posts small blind $0.01
NRM-1981: posts big blind $0.02
*** HOLE CARDS ***
Dealt to Dorex2007 [Jc 8h]
paco0077: calls $0.02
Il0vebear: calls $0.02
cgreek: folds 
Br0wnCheese: folds 
klaus37: folds 
skater2000: folds 
Dorex2007: folds 
troyano422: calls $0.01
NRM-1981: checks 
*** FLOP *** [Jd Ac Ah]
troyano422: checks 
NRM-1981: checks 
paco0077: checks 
Il0vebear: checks 
*** TURN *** [Jd Ac Ah] [Th]
troyano422: checks 
NRM-1981: checks 
paco0077: checks 
Il0vebear: checks 
*** RIVER *** [Jd Ac Ah Th] [2h]
troyano422: checks 
NRM-1981: checks 
paco0077: checks 
Il0vebear: checks 
*** SHOW DOWN ***
troyano422: shows [8s 5h] (a pair of Aces)
NRM-1981: shows [Tc 8d] (two pair, Aces and Tens)
paco0077: mucks hand 
Il0vebear: mucks hand 
NRM-1981 collected $0.08 from pot
*** SUMMARY ***
Total pot $0.08 | Rake $0 
Board [Jd Ac Ah Th 2h]
Seat 1: klaus37 folded before Flop (didn't bet)
Seat 2: skater2000 folded before Flop (didn't bet)
Seat 3: Dorex2007 (button) folded before Flop (didn't bet)
Seat 4: troyano422 (small blind) showed [8s 5h] and lost with a pair of Aces
Seat 5: NRM-1981 (big blind) showed [Tc 8d] and won ($0.08) with two pair, Aces and Tens
Seat 6: paco0077 mucked [9d Qc]
Seat 7: Il0vebear mucked [3s 3d]
Seat 8: cgreek folded before Flop (didn't bet)
Seat 9: Br0wnCheese folded before Flop (didn't bet)



PokerStars Hand #237239332065:  Hold'em No Limit ($0.01/$0.02 USD) - 2022/07/08 12:42:25 PT [2022/07/08 15:42:25 ET]
Table 'Amor III' 9-max Seat #4 is the button
Seat 1: klaus37 ($1.62 in chips) 
Seat 3: Dorex2007 ($2.97 in chips) 
Seat 4: troyano422 ($1.10 in chips) 
Seat 5: NRM-1981 ($3.37 in chips) 
Seat 6: paco0077 ($0.99 in chips) 
Seat 7: Il0vebear ($2.03 in chips) 
Seat 8: cgreek ($2.44 in chips) 
Seat 9: Br0wnCheese ($3.23 in chips) 
NRM-1981: posts small blind $0.01
paco0077: posts big blind $0.02
*** HOLE CARDS ***
Dealt to Dorex2007 [7s Js]
Il0vebear: folds 
cgreek: folds 
Br0wnCheese: folds 
klaus37: calls $0.02
Dorex2007: folds 
troyano422: folds 
NRM-1981: calls $0.01
paco0077: checks 
*** FLOP *** [5h 7d Tc]
NRM-1981: checks 
paco0077: bets $0.02
klaus37: calls $0.02
NRM-1981: calls $0.02
*** TURN *** [5h 7d Tc] [Qd]
NRM-1981: checks 
paco0077: bets $0.02
klaus37: calls $0.02
NRM-1981: folds 
*** RIVER *** [5h 7d Tc Qd] [9d]
paco0077: bets $0.06
klaus37: folds 
Uncalled bet ($0.06) returned to paco0077
paco0077 collected $0.15 from pot
*** SUMMARY ***
Total pot $0.16 | Rake $0.01 
Board [5h 7d Tc Qd 9d]
Seat 1: klaus37 folded on the River
Seat 3: Dorex2007 folded before Flop (didn't bet)
Seat 4: troyano422 (button) folded before Flop (didn't bet)
Seat 5: NRM-1981 (small blind) folded on the Turn
Seat 6: paco0077 (big blind) collected ($0.15)
Seat 7: Il0vebear folded before Flop (didn't bet)
Seat 8: cgreek folded before Flop (didn't bet)
Seat 9: Br0wnCheese folded before Flop (didn't bet)



PokerStars Hand #237239352881:  Hold'em No Limit ($0.01/$0.02 USD) - 2022/07/08 12:43:23 PT [2022/07/08 15:43:23 ET]
Table 'Amor III' 9-max Seat #5 is the button
Seat 1: klaus37 ($1.56 in chips) 
Seat 3: Dorex2007 ($2.97 in chips) 
Seat 4: troyano422 ($1.10 in chips) 
Seat 5: NRM-1981 ($3.33 in chips) 
Seat 6: paco0077 ($1.08 in chips) 
Seat 7: Il0vebear ($2.03 in chips) 
Seat 8: cgreek ($2.44 in chips) 
Seat 9: Br0wnCheese ($3.23 in chips) 
paco0077: posts small blind $0.01
Il0vebear: posts big blind $0.02
*** HOLE CARDS ***
Dealt to Dorex2007 [5s 7d]
cgreek: folds 
Br0wnCheese: folds 
klaus37: calls $0.02
Dorex2007: folds 
troyano422: folds 
NRM-1981: calls $0.02
paco0077: calls $0.01
Il0vebear: checks 
*** FLOP *** [Tc 2d Qd]
paco0077: checks 
Il0vebear: checks 
klaus37: checks 
NRM-1981: checks 
*** TURN *** [Tc 2d Qd] [Jd]
paco0077: checks 
Il0vebear: checks 
klaus37: bets $0.08
NRM-1981: calls $0.08
paco0077: folds 
Il0vebear: folds 
*** RIVER *** [Tc 2d Qd Jd] [Qc]
klaus37: checks 
NRM-1981: checks 
*** SHOW DOWN ***
klaus37: shows [Td Jh] (two pair, Queens and Jacks)
NRM-1981: mucks hand 
klaus37 collected $0.23 from pot
*** SUMMARY ***
Total pot $0.24 | Rake $0.01 
Board [Tc 2d Qd Jd Qc]
Seat 1: klaus37 showed [Td Jh] and won ($0.23) with two pair, Queens and Jacks
Seat 3: Dorex2007 folded before Flop (didn't bet)
Seat 4: troyano422 folded before Flop (didn't bet)
Seat 5: NRM-1981 (button) mucked [Ad 9c]
Seat 6: paco0077 (small blind) folded on the Turn
Seat 7: Il0vebear (big blind) folded on the Turn
Seat 8: cgreek folded before Flop (didn't bet)
Seat 9: Br0wnCheese folded before Flop (didn't bet)



PokerStars Hand #237239380954:  Hold'em No Limit ($0.01/$0.02 USD) - 2022/07/08 12:44:26 PT [2022/07/08 15:44:26 ET]
Table 'Amor III' 9-max Seat #6 is the button
Seat 1: klaus37 ($1.69 in chips) 
Seat 3: Dorex2007 ($2.97 in chips) 
Seat 4: troyano422 ($1.10 in chips) 
Seat 5: NRM-1981 ($3.23 in chips) 
Seat 6: paco0077 ($1.06 in chips) 
Seat 7: Il0vebear ($2.01 in chips) 
Seat 8: cgreek ($2.44 in chips) 
Seat 9: Br0wnCheese ($3.23 in chips) 
Il0vebear: posts small blind $0.01
cgreek: posts big blind $0.02
*** HOLE CARDS ***
Dealt to Dorex2007 [5s 7d]
Br0wnCheese: folds 
klaus37: folds 
Dorex2007: folds 
troyano422: raises $0.06 to $0.08
NRM-1981: folds 
paco0077: folds 
Il0vebear: raises $1.93 to $2.01 and is all-in
cgreek: folds 
troyano422: calls $1.02 and is all-in
Uncalled bet ($0.91) returned to Il0vebear
*** FLOP *** [5h Jd 6h]
*** TURN *** [5h Jd 6h] [2c]
*** RIVER *** [5h Jd 6h 2c] [Tc]
*** SHOW DOWN ***
Il0vebear: shows [Kd Ah] (high card Ace)
troyano422: shows [Ad As] (a pair of Aces)
troyano422 cashed out the hand for $1.98 | Cash Out Fee $0.02
*** SUMMARY ***
Total pot $2.22 | Rake $0.08 
Board [5h Jd 6h 2c Tc]
Seat 1: klaus37 folded before Flop (didn't bet)
Seat 3: Dorex2007 folded before Flop (didn't bet)
Seat 4: troyano422 showed [Ad As] and won ($2.14) with a pair of Aces (pot not awarded as player cashed out)
Seat 5: NRM-1981 folded before Flop (didn't bet)
Seat 6: paco0077 (button) folded before Flop (didn't bet)
Seat 7: Il0vebear (small blind) showed [Kd Ah] and lost with high card Ace
Seat 8: cgreek (big blind) folded before Flop
Seat 9: Br0wnCheese folded before Flop (didn't bet)



PokerStars Hand #237239396126:  Hold'em No Limit ($0.01/$0.02 USD) - 2022/07/08 12:45:08 PT [2022/07/08 15:45:08 ET]
Table 'Amor III' 9-max Seat #7 is the button
Seat 1: klaus37 ($1.69 in chips) 
Seat 3: Dorex2007 ($2.97 in chips) 
Seat 4: troyano422 ($1.98 in chips) 
Seat 5: NRM-1981 ($3.23 in chips) 
Seat 6: paco0077 ($1.06 in chips) 
Seat 7: Il0vebear ($2 in chips) 
Seat 8: cgreek ($2.42 in chips) 
Seat 9: Br0wnCheese ($3.23 in chips) 
cgreek: posts small blind $0.01
Br0wnCheese: posts big blind $0.02
*** HOLE CARDS ***
Dealt to Dorex2007 [8c 2d]
klaus37: raises $0.04 to $0.06
Dorex2007: folds 
troyano422: folds 
NRM-1981: folds 
paco0077: folds 
Il0vebear: folds 
cgreek: folds 
Br0wnCheese: folds 
Uncalled bet ($0.04) returned to klaus37
klaus37 collected $0.05 from pot
*** SUMMARY ***
Total pot $0.05 | Rake $0 
Seat 1: klaus37 collected ($0.05)
Seat 3: Dorex2007 folded before Flop (didn't bet)
Seat 4: troyano422 folded before Flop (didn't bet)
Seat 5: NRM-1981 folded before Flop (didn't bet)
Seat 6: paco0077 folded before Flop (didn't bet)
Seat 7: Il0vebear (button) folded before Flop (didn't bet)
Seat 8: cgreek (small blind) folded before Flop
Seat 9: Br0wnCheese (big blind) folded before Flop



PokerStars Hand #237239401748:  Hold'em No Limit ($0.01/$0.02 USD) - 2022/07/08 12:45:24 PT [2022/07/08 15:45:24 ET]
Table 'Amor III' 9-max Seat #8 is the button
Seat 1: klaus37 ($1.72 in chips) 
Seat 3: Dorex2007 ($2.97 in chips) 
Seat 4: troyano422 ($1.98 in chips) 
Seat 5: NRM-1981 ($3.23 in chips) 
Seat 6: paco0077 ($1.06 in chips) 
Seat 7: Il0vebear ($2 in chips) 
Seat 8: cgreek ($2.41 in chips) 
Seat 9: Br0wnCheese ($3.21 in chips) 
Br0wnCheese: posts small blind $0.01
klaus37: posts big blind $0.02
*** HOLE CARDS ***
Dealt to Dorex2007 [Ks Qc]
Dorex2007 has timed out
Dorex2007: folds 
troyano422: folds 
NRM-1981: calls $0.02
paco0077: calls $0.02
Il0vebear: folds 
cgreek has timed out
cgreek: folds 
Br0wnCheese: folds 
klaus37: checks 
*** FLOP *** [9s Ad 7c]
klaus37: checks 
NRM-1981: bets $0.04
paco0077: folds 
klaus37: folds 
Uncalled bet ($0.04) returned to NRM-1981
NRM-1981 collected $0.07 from pot
*** SUMMARY ***
Total pot $0.07 | Rake $0 
Board [9s Ad 7c]
Seat 1: klaus37 (big blind) folded on the Flop
Seat 3: Dorex2007 folded before Flop (didn't bet)
Seat 4: troyano422 folded before Flop (didn't bet)
Seat 5: NRM-1981 collected ($0.07)
Seat 6: paco0077 folded on the Flop
Seat 7: Il0vebear folded before Flop (didn't bet)
Seat 8: cgreek (button) folded before Flop (didn't bet)
Seat 9: Br0wnCheese (small blind) folded before Flop



PokerStars Hand #237239415679:  Hold'em No Limit ($0.01/$0.02 USD) - 2022/07/08 12:46:03 PT [2022/07/08 15:46:03 ET]
Table 'Amor III' 9-max Seat #9 is the button
Seat 1: klaus37 ($1.70 in chips) 
Seat 3: Dorex2007 ($2.97 in chips) 
Seat 4: troyano422 ($1.98 in chips) 
Seat 5: NRM-1981 ($3.28 in chips) 
Seat 6: paco0077 ($1.04 in chips) 
Seat 7: Il0vebear ($2 in chips) 
Seat 9: Br0wnCheese ($3.20 in chips) 
klaus37: posts small blind $0.01
Dorex2007: posts big blind $0.02
*** HOLE CARDS ***
Dealt to Dorex2007 [Ah 2c]
troyano422: folds 
NRM-1981: folds 
paco0077: folds 
Il0vebear: folds 
Br0wnCheese: raises $0.03 to $0.05
klaus37: folds 
Dorex2007: folds 
Uncalled bet ($0.03) returned to Br0wnCheese
Br0wnCheese collected $0.05 from pot
*** SUMMARY ***
Total pot $0.05 | Rake $0 
Seat 1: klaus37 (small blind) folded before Flop
Seat 3: Dorex2007 (big blind) folded before Flop
Seat 4: troyano422 folded before Flop (didn't bet)
Seat 5: NRM-1981 folded before Flop (didn't bet)
Seat 6: paco0077 folded before Flop (didn't bet)
Seat 7: Il0vebear folded before Flop (didn't bet)
Seat 9: Br0wnCheese (button) collected ($0.05)



PokerStars Hand #237239421286:  Hold'em No Limit ($0.01/$0.02 USD) - 2022/07/08 12:46:19 PT [2022/07/08 15:46:19 ET]
Table 'Amor III' 9-max Seat #1 is the button
Seat 1: klaus37 ($1.69 in chips) 
Seat 3: Dorex2007 ($2.95 in chips) 
Seat 4: troyano422 ($1.98 in chips) 
Seat 5: NRM-1981 ($3.28 in chips) 
Seat 6: paco0077 ($1.04 in chips) 
Seat 7: Il0vebear ($2 in chips) 
Seat 9: Br0wnCheese ($3.23 in chips) 
Dorex2007: posts small blind $0.01
troyano422: posts big blind $0.02
*** HOLE CARDS ***
Dealt to Dorex2007 [7s 3d]
NRM-1981: calls $0.02
paco0077: folds 
Il0vebear: folds 
Br0wnCheese: folds 
klaus37: folds 
Dorex2007: folds 
troyano422: checks 
*** FLOP *** [6s 3h 6c]
troyano422: checks 
NRM-1981: checks 
*** TURN *** [6s 3h 6c] [5s]
troyano422: checks 
NRM-1981: checks 
*** RIVER *** [6s 3h 6c 5s] [Kh]
troyano422: checks 
NRM-1981: bets $0.02
troyano422: folds 
Uncalled bet ($0.02) returned to NRM-1981
NRM-1981 collected $0.05 from pot
*** SUMMARY ***
Total pot $0.05 | Rake $0 
Board [6s 3h 6c 5s Kh]
Seat 1: klaus37 (button) folded before Flop (didn't bet)
Seat 3: Dorex2007 (small blind) folded before Flop
Seat 4: troyano422 (big blind) folded on the River
Seat 5: NRM-1981 collected ($0.05)
Seat 6: paco0077 folded before Flop (didn't bet)
Seat 7: Il0vebear folded before Flop (didn't bet)
Seat 9: Br0wnCheese folded before Flop (didn't bet)



PokerStars Hand #237239431187:  Hold'em No Limit ($0.01/$0.02 USD) - 2022/07/08 12:46:46 PT [2022/07/08 15:46:46 ET]
Table 'Amor III' 9-max Seat #3 is the button
Seat 1: klaus37 ($1.69 in chips) 
Seat 3: Dorex2007 ($2.94 in chips) 
Seat 4: troyano422 ($1.96 in chips) 
Seat 5: NRM-1981 ($3.31 in chips) 
Seat 6: paco0077 ($1.04 in chips) 
Seat 7: Il0vebear ($2 in chips) 
Seat 9: Br0wnCheese ($3.23 in chips) 
troyano422: posts small blind $0.01
NRM-1981: posts big blind $0.02
*** HOLE CARDS ***
Dealt to Dorex2007 [Qc Jh]
paco0077: folds 
Il0vebear: folds 
Br0wnCheese: folds 
klaus37: raises $0.04 to $0.06
Dorex2007: folds 
troyano422: folds 
NRM-1981: calls $0.04
*** FLOP *** [9d 9h 3c]
NRM-1981: checks 
klaus37: checks 
*** TURN *** [9d 9h 3c] [8h]
NRM-1981: checks 
klaus37: checks 
*** RIVER *** [9d 9h 3c 8h] [6d]
NRM-1981: bets $0.04
klaus37: folds 
Uncalled bet ($0.04) returned to NRM-1981
NRM-1981 collected $0.13 from pot
*** SUMMARY ***
Total pot $0.13 | Rake $0 
Board [9d 9h 3c 8h 6d]
Seat 1: klaus37 folded on the River
Seat 3: Dorex2007 (button) folded before Flop (didn't bet)
Seat 4: troyano422 (small blind) folded before Flop
Seat 5: NRM-1981 (big blind) collected ($0.13)
Seat 6: paco0077 folded before Flop (didn't bet)
Seat 7: Il0vebear folded before Flop (didn't bet)
Seat 9: Br0wnCheese folded before Flop (didn't bet)



PokerStars Hand #237239449522:  Hold'em No Limit ($0.01/$0.02 USD) - 2022/07/08 12:47:38 PT [2022/07/08 15:47:38 ET]
Table 'Amor III' 9-max Seat #4 is the button
Seat 1: klaus37 ($1.63 in chips) 
Seat 2: skater2000 ($2.06 in chips) 
Seat 3: Dorex2007 ($2.94 in chips) 
Seat 4: troyano422 ($1.95 in chips) 
Seat 5: NRM-1981 ($3.38 in chips) 
Seat 6: paco0077 ($1.04 in chips) 
Seat 7: Il0vebear ($2 in chips) 
Seat 8: cgreek ($2.41 in chips) 
Seat 9: Br0wnCheese ($3.23 in chips) 
NRM-1981: posts small blind $0.01
paco0077: posts big blind $0.02
skater2000: posts small & big blinds $0.03
*** HOLE CARDS ***
Dealt to Dorex2007 [5d 6s]
Il0vebear: folds 
cgreek: folds 
Br0wnCheese: raises $0.04 to $0.06
klaus37: calls $0.06
skater2000: folds 
Dorex2007: folds 
troyano422: folds 
NRM-1981: folds 
paco0077: folds 
*** FLOP *** [Ts 6d Kh]
Br0wnCheese: bets $0.06
klaus37: folds 
Uncalled bet ($0.06) returned to Br0wnCheese
Br0wnCheese collected $0.17 from pot
*** SUMMARY ***
Total pot $0.18 | Rake $0.01 
Board [Ts 6d Kh]
Seat 1: klaus37 folded on the Flop
Seat 2: skater2000 folded before Flop (didn't bet)
Seat 3: Dorex2007 folded before Flop (didn't bet)
Seat 4: troyano422 (button) folded before Flop (didn't bet)
Seat 5: NRM-1981 (small blind) folded before Flop
Seat 6: paco0077 (big blind) folded before Flop
Seat 7: Il0vebear folded before Flop (didn't bet)
Seat 8: cgreek folded before Flop (didn't bet)
Seat 9: Br0wnCheese collected ($0.17)



PokerStars Hand #237239459274:  Hold'em No Limit ($0.01/$0.02 USD) - 2022/07/08 12:48:05 PT [2022/07/08 15:48:05 ET]
Table 'Amor III' 9-max Seat #5 is the button
Seat 1: klaus37 ($1.57 in chips) 
Seat 2: skater2000 ($2.03 in chips) 
Seat 3: Dorex2007 ($2.94 in chips) 
Seat 4: troyano422 ($1.95 in chips) 
Seat 5: NRM-1981 ($3.37 in chips) 
Seat 6: paco0077 ($1.02 in chips) 
Seat 8: cgreek ($2.41 in chips) 
Seat 9: Br0wnCheese ($3.34 in chips) 
paco0077: posts small blind $0.01
Il0vebear: is sitting out 
cgreek: posts big blind $0.02
*** HOLE CARDS ***
Dealt to Dorex2007 [3d 4c]
Br0wnCheese: folds 
klaus37: folds 
skater2000: folds 
Dorex2007: folds 
troyano422: calls $0.02
NRM-1981: folds 
paco0077: calls $0.01
cgreek: checks 
*** FLOP *** [Jc 2h 2d]
paco0077: checks 
cgreek: checks 
Il0vebear leaves the table
troyano422: checks 
*** TURN *** [Jc 2h 2d] [3c]
paco0077: checks 
cgreek: checks 
troyano422: checks 
*** RIVER *** [Jc 2h 2d 3c] [4d]
paco0077: checks 
cgreek: checks 
troyano422: checks 
*** SHOW DOWN ***
paco0077: shows [8d Ac] (a pair of Deuces)
cgreek: mucks hand 
troyano422: shows [7c 7d] (two pair, Sevens and Deuces)
troyano422 collected $0.06 from pot
*** SUMMARY ***
Total pot $0.06 | Rake $0 
Board [Jc 2h 2d 3c 4d]
Seat 1: klaus37 folded before Flop (didn't bet)
Seat 2: skater2000 folded before Flop (didn't bet)
Seat 3: Dorex2007 folded before Flop (didn't bet)
Seat 4: troyano422 showed [7c 7d] and won ($0.06) with two pair, Sevens and Deuces
Seat 5: NRM-1981 (button) folded before Flop (didn't bet)
Seat 6: paco0077 (small blind) showed [8d Ac] and lost with a pair of Deuces
Seat 8: cgreek (big blind) mucked [Ks 5s]
Seat 9: Br0wnCheese folded before Flop (didn't bet)



PokerStars Hand #237239477877:  Hold'em No Limit ($0.01/$0.02 USD) - 2022/07/08 12:48:57 PT [2022/07/08 15:48:57 ET]
Table 'Amor III' 9-max Seat #6 is the button
Seat 1: klaus37 ($1.57 in chips) 
Seat 2: skater2000 ($2.03 in chips) 
Seat 3: Dorex2007 ($2.94 in chips) 
Seat 4: troyano422 ($1.99 in chips) 
Seat 5: NRM-1981 ($3.37 in chips) 
Seat 6: paco0077 ($1 in chips) 
Seat 8: cgreek ($2.39 in chips) 
Seat 9: Br0wnCheese ($3.34 in chips) 
cgreek: posts small blind $0.01
Br0wnCheese: posts big blind $0.02
*** HOLE CARDS ***
Dealt to Dorex2007 [7s 9c]
klaus37: folds 
skater2000: folds 
Dorex2007: folds 
troyano422: folds 
NRM-1981: folds 
paco0077: raises $0.02 to $0.04
cgreek: folds 
CarlBrutalewski joins the table at seat #7 
Br0wnCheese: calls $0.02
*** FLOP *** [8h 2h As]
Br0wnCheese: checks 
paco0077: bets $0.06
Br0wnCheese: folds 
Uncalled bet ($0.06) returned to paco0077
paco0077 collected $0.09 from pot
*** SUMMARY ***
Total pot $0.09 | Rake $0 
Board [8h 2h As]
Seat 1: klaus37 folded before Flop (didn't bet)
Seat 2: skater2000 folded before Flop (didn't bet)
Seat 3: Dorex2007 folded before Flop (didn't bet)
Seat 4: troyano422 folded before Flop (didn't bet)
Seat 5: NRM-1981 folded before Flop (didn't bet)
Seat 6: paco0077 (button) collected ($0.09)
Seat 8: cgreek (small blind) folded before Flop
Seat 9: Br0wnCheese (big blind) folded on the Flop



PokerStars Hand #237239492815:  Hold'em No Limit ($0.01/$0.02 USD) - 2022/07/08 12:49:38 PT [2022/07/08 15:49:38 ET]
Table 'Amor III' 9-max Seat #8 is the button
Seat 1: klaus37 ($1.57 in chips) 
Seat 2: skater2000 ($2.03 in chips) 
Seat 3: Dorex2007 ($2.94 in chips) 
Seat 4: troyano422 ($1.99 in chips) 
Seat 5: NRM-1981 ($3.37 in chips) 
Seat 6: paco0077 ($1.05 in chips) 
Seat 8: cgreek ($2.38 in chips) 
Seat 9: Br0wnCheese ($3.30 in chips) 
Br0wnCheese: posts small blind $0.01
klaus37: posts big blind $0.02
CarlBrutalewski: sits out 
*** HOLE CARDS ***
Dealt to Dorex2007 [9h 8s]
skater2000: raises $0.04 to $0.06
Dorex2007: folds 
troyano422: folds 
NRM-1981: folds 
paco0077: folds 
cgreek: folds 
Br0wnCheese: folds 
klaus37: calls $0.04
*** FLOP *** [3c Ah 2d]
klaus37: checks 
skater2000: bets $0.06
klaus37: folds 
Uncalled bet ($0.06) returned to skater2000
skater2000 collected $0.13 from pot
*** SUMMARY ***
Total pot $0.13 | Rake $0 
Board [3c Ah 2d]
Seat 1: klaus37 (big blind) folded on the Flop
Seat 2: skater2000 collected ($0.13)
Seat 3: Dorex2007 folded before Flop (didn't bet)
Seat 4: troyano422 folded before Flop (didn't bet)
Seat 5: NRM-1981 folded before Flop (didn't bet)
Seat 6: paco0077 folded before Flop (didn't bet)
Seat 8: cgreek (button) folded before Flop (didn't bet)
Seat 9: Br0wnCheese (small blind) folded before Flop



PokerStars Hand #237239505524:  Hold'em No Limit ($0.01/$0.02 USD) - 2022/07/08 12:50:15 PT [2022/07/08 15:50:15 ET]
Table 'Amor III' 9-max Seat #9 is the button
Seat 1: klaus37 ($1.51 in chips) 
Seat 2: skater2000 ($2.10 in chips) 
Seat 3: Dorex2007 ($2.94 in chips) 
Seat 4: troyano422 ($1.99 in chips) 
Seat 5: NRM-1981 ($3.37 in chips) 
Seat 6: paco0077 ($1.05 in chips) 
Seat 7: CarlBrutalewski ($1.60 in chips) 
Seat 8: cgreek ($2.38 in chips) 
Seat 9: Br0wnCheese ($3.29 in chips) 
klaus37: posts small blind $0.01
skater2000: posts big blind $0.02
CarlBrutalewski: posts big blind $0.02
*** HOLE CARDS ***
Dealt to Dorex2007 [4h Ks]
Dorex2007: folds 
troyano422: folds 
NRM-1981: folds 
paco0077: calls $0.02
CarlBrutalewski: checks 
cgreek: folds 
Br0wnCheese: folds 
klaus37: folds 
skater2000: checks 
*** FLOP *** [4d 8d Kc]
skater2000: checks 
paco0077: checks 
CarlBrutalewski: checks 
*** TURN *** [4d 8d Kc] [5c]
skater2000: checks 
paco0077: checks 
CarlBrutalewski: checks 
*** RIVER *** [4d 8d Kc 5c] [8h]
skater2000: bets $0.03
paco0077: folds 
CarlBrutalewski: calls $0.03
*** SHOW DOWN ***
skater2000: shows [4c Qh] (two pair, Eights and Fours)
CarlBrutalewski: mucks hand 
skater2000 collected $0.13 from pot
*** SUMMARY ***
Total pot $0.13 | Rake $0 
Board [4d 8d Kc 5c 8h]
Seat 1: klaus37 (small blind) folded before Flop
Seat 2: skater2000 (big blind) showed [4c Qh] and won ($0.13) with two pair, Eights and Fours
Seat 3: Dorex2007 folded before Flop (didn't bet)
Seat 4: troyano422 folded before Flop (didn't bet)
Seat 5: NRM-1981 folded before Flop (didn't bet)
Seat 6: paco0077 folded on the River
Seat 7: CarlBrutalewski mucked [Ac Js]
Seat 8: cgreek folded before Flop (didn't bet)
Seat 9: Br0wnCheese (button) folded before Flop (didn't bet)



PokerStars Hand #237239530310:  Hold'em No Limit ($0.01/$0.02 USD) - 2022/07/08 12:51:23 PT [2022/07/08 15:51:23 ET]
Table 'Amor III' 9-max Seat #1 is the button
Seat 1: klaus37 ($1.50 in chips) 
Seat 2: skater2000 ($2.18 in chips) 
Seat 3: Dorex2007 ($2.94 in chips) 
Seat 4: troyano422 ($1.99 in chips) 
Seat 5: NRM-1981 ($3.37 in chips) 
Seat 6: paco0077 ($1.03 in chips) 
Seat 7: CarlBrutalewski ($1.55 in chips) 
Seat 8: cgreek ($2.38 in chips) 
Seat 9: Br0wnCheese ($3.29 in chips) 
skater2000: posts small blind $0.01
Dorex2007: posts big blind $0.02
*** HOLE CARDS ***
Dealt to Dorex2007 [7h 7d]
troyano422: folds 
NRM-1981: folds 
paco0077: raises $0.02 to $0.04
CarlBrutalewski: calls $0.04
cgreek: folds 
Br0wnCheese: folds 
klaus37: calls $0.04
skater2000: folds 
Dorex2007: calls $0.02
*** FLOP *** [2s 8h Ac]
Dorex2007: checks 
paco0077: bets $0.02
CarlBrutalewski: calls $0.02
klaus37: calls $0.02
Dorex2007: folds 
*** TURN *** [2s 8h Ac] [Kh]
paco0077: bets $0.02
CarlBrutalewski: calls $0.02
klaus37: calls $0.02
*** RIVER *** [2s 8h Ac Kh] [6h]
paco0077: bets $0.02
CarlBrutalewski: folds 
klaus37: folds 
Uncalled bet ($0.02) returned to paco0077
paco0077 collected $0.28 from pot
*** SUMMARY ***
Total pot $0.29 | Rake $0.01 
Board [2s 8h Ac Kh 6h]
Seat 1: klaus37 (button) folded on the River
Seat 2: skater2000 (small blind) folded before Flop
Seat 3: Dorex2007 (big blind) folded on the Flop
Seat 4: troyano422 folded before Flop (didn't bet)
Seat 5: NRM-1981 folded before Flop (didn't bet)
Seat 6: paco0077 collected ($0.28)
Seat 7: CarlBrutalewski folded on the River
Seat 8: cgreek folded before Flop (didn't bet)
Seat 9: Br0wnCheese folded before Flop (didn't bet)



PokerStars Hand #237239552924:  Hold'em No Limit ($0.01/$0.02 USD) - 2022/07/08 12:52:27 PT [2022/07/08 15:52:27 ET]
Table 'Amor III' 9-max Seat #2 is the button
Seat 1: klaus37 ($1.42 in chips) 
Seat 2: skater2000 ($2.17 in chips) 
Seat 3: Dorex2007 ($2.90 in chips) 
Seat 4: troyano422 ($1.99 in chips) 
Seat 5: NRM-1981 ($3.37 in chips) 
Seat 6: paco0077 ($1.23 in chips) 
Seat 7: CarlBrutalewski ($1.47 in chips) 
Seat 8: cgreek ($2.38 in chips) 
Seat 9: Br0wnCheese ($3.29 in chips) 
Dorex2007: posts small blind $0.01
troyano422: posts big blind $0.02
*** HOLE CARDS ***
Dealt to Dorex2007 [4h As]
NRM-1981: calls $0.02
paco0077: folds 
CarlBrutalewski: folds 
cgreek: raises $0.02 to $0.04
Br0wnCheese: folds 
klaus37: folds 
skater2000: folds 
Dorex2007: folds 
troyano422: folds 
NRM-1981: calls $0.02
*** FLOP *** [9h Qs Kd]
NRM-1981: bets $0.04
cgreek: calls $0.04
*** TURN *** [9h Qs Kd] [7h]
NRM-1981: checks 
cgreek: bets $0.09
NRM-1981: calls $0.09
*** RIVER *** [9h Qs Kd 7h] [Js]
NRM-1981: checks 
cgreek: checks 
*** SHOW DOWN ***
NRM-1981: shows [Qh 2h] (a pair of Queens)
cgreek: shows [Ks 6s] (a pair of Kings)
cgreek collected $0.36 from pot
*** SUMMARY ***
Total pot $0.37 | Rake $0.01 
Board [9h Qs Kd 7h Js]
Seat 1: klaus37 folded before Flop (didn't bet)
Seat 2: skater2000 (button) folded before Flop (didn't bet)
Seat 3: Dorex2007 (small blind) folded before Flop
Seat 4: troyano422 (big blind) folded before Flop
Seat 5: NRM-1981 showed [Qh 2h] and lost with a pair of Queens
Seat 6: paco0077 folded before Flop (didn't bet)
Seat 7: CarlBrutalewski folded before Flop (didn't bet)
Seat 8: cgreek showed [Ks 6s] and won ($0.36) with a pair of Kings
Seat 9: Br0wnCheese folded before Flop (didn't bet)



PokerStars Hand #237239572756:  Hold'em No Limit ($0.01/$0.02 USD) - 2022/07/08 12:53:23 PT [2022/07/08 15:53:23 ET]
Table 'Amor III' 9-max Seat #3 is the button
Seat 1: klaus37 ($1.42 in chips) 
Seat 2: skater2000 ($2.17 in chips) 
Seat 3: Dorex2007 ($2.89 in chips) 
Seat 4: troyano422 ($1.97 in chips) 
Seat 5: NRM-1981 ($3.20 in chips) 
Seat 6: paco0077 ($1.23 in chips) 
Seat 7: CarlBrutalewski ($1.47 in chips) 
Seat 8: cgreek ($2.57 in chips) 
Seat 9: Br0wnCheese ($3.29 in chips) 
troyano422: posts small blind $0.01
NRM-1981: posts big blind $0.02
*** HOLE CARDS ***
Dealt to Dorex2007 [Jd Qc]
paco0077: folds 
CarlBrutalewski: folds 
cgreek: folds 
Br0wnCheese: folds 
klaus37: folds 
skater2000: folds 
Dorex2007: raises $0.02 to $0.04
troyano422: calls $0.03
NRM-1981: folds 
*** FLOP *** [4h 6c Qd]
troyano422: checks 
Dorex2007: bets $0.10
troyano422: folds 
Uncalled bet ($0.10) returned to Dorex2007
Dorex2007 collected $0.10 from pot
*** SUMMARY ***
Total pot $0.10 | Rake $0 
Board [4h 6c Qd]
Seat 1: klaus37 folded before Flop (didn't bet)
Seat 2: skater2000 folded before Flop (didn't bet)
Seat 3: Dorex2007 (button) collected ($0.10)
Seat 4: troyano422 (small blind) folded on the Flop
Seat 5: NRM-1981 (big blind) folded before Flop
Seat 6: paco0077 folded before Flop (didn't bet)
Seat 7: CarlBrutalewski folded before Flop (didn't bet)
Seat 8: cgreek folded before Flop (didn't bet)
Seat 9: Br0wnCheese folded before Flop (didn't bet)



PokerStars Hand #237239590541:  Hold'em No Limit ($0.01/$0.02 USD) - 2022/07/08 12:53:53 PT [2022/07/08 15:53:53 ET]
Table 'Amor III' 9-max Seat #4 is the button
Seat 1: klaus37 ($1.42 in chips) 
Seat 2: skater2000 ($2.17 in chips) 
Seat 3: Dorex2007 ($2.95 in chips) 
Seat 4: troyano422 ($1.93 in chips) 
Seat 6: paco0077 ($1.23 in chips) 
Seat 7: CarlBrutalewski ($1.47 in chips) 
Seat 8: cgreek ($2.57 in chips) 
Seat 9: Br0wnCheese ($3.29 in chips) 
paco0077: posts small blind $0.01
CarlBrutalewski: posts big blind $0.02
*** HOLE CARDS ***
Dealt to Dorex2007 [Ks 2s]
cgreek: folds 
Br0wnCheese: folds 
klaus37: folds 
skater2000: raises $0.04 to $0.06
Dorex2007: folds 
troyano422: folds 
troyano422 leaves the table
Mc0611 joins the table at seat #4 
paco0077: folds 
CarlBrutalewski: calls $0.04
*** FLOP *** [Th 3h 9c]
CarlBrutalewski: checks 
skater2000: bets $0.08
CarlBrutalewski: folds 
Uncalled bet ($0.08) returned to skater2000
skater2000 collected $0.13 from pot
*** SUMMARY ***
Total pot $0.13 | Rake $0 
Board [Th 3h 9c]
Seat 1: klaus37 folded before Flop (didn't bet)
Seat 2: skater2000 collected ($0.13)
Seat 3: Dorex2007 folded before Flop (didn't bet)
Seat 4: troyano422 (button) folded before Flop (didn't bet)
Seat 6: paco0077 (small blind) folded before Flop
Seat 7: CarlBrutalewski (big blind) folded on the Flop
Seat 8: cgreek folded before Flop (didn't bet)
Seat 9: Br0wnCheese folded before Flop (didn't bet)



PokerStars Hand #237239610009:  Hold'em No Limit ($0.01/$0.02 USD) - 2022/07/08 12:54:48 PT [2022/07/08 15:54:48 ET]
Table 'Amor III' 9-max Seat #6 is the button
Seat 1: klaus37 ($1.42 in chips) 
Seat 2: skater2000 ($2.24 in chips) 
Seat 3: Dorex2007 ($2.95 in chips) 
Seat 4: Mc0611 ($0.87 in chips) 
Seat 6: paco0077 ($1.22 in chips) 
Seat 7: CarlBrutalewski ($1.41 in chips) 
Seat 8: cgreek ($2.57 in chips) 
Seat 9: Br0wnCheese ($3.29 in chips) 
CarlBrutalewski: posts small blind $0.01
cgreek: posts big blind $0.02
Mc0611: posts big blind $0.02
*** HOLE CARDS ***
Dealt to Dorex2007 [7s 2c]
Br0wnCheese: folds 
klaus37: folds 
skater2000: raises $0.04 to $0.06
Dorex2007: folds 
Mc0611: calls $0.04
paco0077: folds 
CarlBrutalewski: calls $0.05
cgreek: folds 
*** FLOP *** [9c 7d Qd]
CarlBrutalewski: checks 
skater2000: bets $0.09
Mc0611: calls $0.09
CarlBrutalewski: folds 
*** TURN *** [9c 7d Qd] [Ks]
skater2000: bets $0.22
Mc0611: calls $0.22
*** RIVER *** [9c 7d Qd Ks] [7c]
skater2000: bets $0.42
Mc0611: calls $0.42
*** SHOW DOWN ***
skater2000: shows [Ac Kd] (two pair, Kings and Sevens)
Mc0611: mucks hand 
skater2000 collected $1.58 from pot
*** SUMMARY ***
Total pot $1.66 | Rake $0.08 
Board [9c 7d Qd Ks 7c]
Seat 1: klaus37 folded before Flop (didn't bet)
Seat 2: skater2000 showed [Ac Kd] and won ($1.58) with two pair, Kings and Sevens
Seat 3: Dorex2007 folded before Flop (didn't bet)
Seat 4: Mc0611 mucked [Jh 9h]
Seat 6: paco0077 (button) folded before Flop (didn't bet)
Seat 7: CarlBrutalewski (small blind) folded on the Flop
Seat 8: cgreek (big blind) folded before Flop
Seat 9: Br0wnCheese folded before Flop (didn't bet)



PokerStars Hand #237239633309:  Hold'em No Limit ($0.01/$0.02 USD) - 2022/07/08 12:56:07 PT [2022/07/08 15:56:07 ET]
Table 'Amor III' 9-max Seat #7 is the button
Seat 1: klaus37 ($1.42 in chips) 
Seat 2: skater2000 ($3.03 in chips) 
Seat 3: Dorex2007 ($2.95 in chips) 
Seat 4: Mc0611 ($0.08 in chips) 
Seat 6: paco0077 ($1.22 in chips) 
Seat 7: CarlBrutalewski ($1.35 in chips) 
Seat 8: cgreek ($2.55 in chips) 
Seat 9: Br0wnCheese ($3.29 in chips) 
cgreek: posts small blind $0.01
Br0wnCheese: posts big blind $0.02
*** HOLE CARDS ***
Dealt to Dorex2007 [4d Th]
klaus37: folds 
skater2000: folds 
Dorex2007: folds 
Mc0611: folds 
paco0077: folds 
CarlBrutalewski: calls $0.02
cgreek: calls $0.01
Br0wnCheese: checks 
*** FLOP *** [3s 8c Ad]
cgreek: checks 
Br0wnCheese: checks 
CarlBrutalewski: checks 
*** TURN *** [3s 8c Ad] [Jc]
cgreek: checks 
Br0wnCheese: checks 
CarlBrutalewski: checks 
*** RIVER *** [3s 8c Ad Jc] [8h]
cgreek: checks 
Br0wnCheese: checks 
CarlBrutalewski: bets $0.12
cgreek: folds 
Br0wnCheese: folds 
Uncalled bet ($0.12) returned to CarlBrutalewski
CarlBrutalewski collected $0.06 from pot
*** SUMMARY ***
Total pot $0.06 | Rake $0 
Board [3s 8c Ad Jc 8h]
Seat 1: klaus37 folded before Flop (didn't bet)
Seat 2: skater2000 folded before Flop (didn't bet)
Seat 3: Dorex2007 folded before Flop (didn't bet)
Seat 4: Mc0611 folded before Flop (didn't bet)
Seat 6: paco0077 folded before Flop (didn't bet)
Seat 7: CarlBrutalewski (button) collected ($0.06)
Seat 8: cgreek (small blind) folded on the River
Seat 9: Br0wnCheese (big blind) folded on the River



PokerStars Hand #237239647988:  Hold'em No Limit ($0.01/$0.02 USD) - 2022/07/08 12:57:03 PT [2022/07/08 15:57:03 ET]
Table 'Amor III' 9-max Seat #8 is the button
Seat 1: klaus37 ($1.42 in chips) 
Seat 2: skater2000 ($3.03 in chips) 
Seat 3: Dorex2007 ($2.95 in chips) 
Seat 4: Mc0611 ($0.08 in chips) 
Seat 6: paco0077 ($1.22 in chips) 
Seat 7: CarlBrutalewski ($1.39 in chips) 
Seat 8: cgreek ($2.53 in chips) 
Seat 9: Br0wnCheese ($3.27 in chips) 
Br0wnCheese: posts small blind $0.01
klaus37: posts big blind $0.02
*** HOLE CARDS ***
Dealt to Dorex2007 [Qc 3h]
skater2000: folds 
Dorex2007: folds 
Mc0611: folds 
paco0077: folds 
CarlBrutalewski: calls $0.02
cgreek: folds 
Br0wnCheese: folds 
klaus37: raises $0.04 to $0.06
CarlBrutalewski: calls $0.04
*** FLOP *** [9h 2s 5s]
klaus37: checks 
CarlBrutalewski: checks 
*** TURN *** [9h 2s 5s] [5c]
klaus37: checks 
CarlBrutalewski: checks 
*** RIVER *** [9h 2s 5s 5c] [Jd]
klaus37: checks 
CarlBrutalewski: checks 
*** SHOW DOWN ***
klaus37: shows [Ah Kd] (a pair of Fives)
CarlBrutalewski: mucks hand 
klaus37 collected $0.13 from pot
*** SUMMARY ***
Total pot $0.13 | Rake $0 
Board [9h 2s 5s 5c Jd]
Seat 1: klaus37 (big blind) showed [Ah Kd] and won ($0.13) with a pair of Fives
Seat 2: skater2000 folded before Flop (didn't bet)
Seat 3: Dorex2007 folded before Flop (didn't bet)
Seat 4: Mc0611 folded before Flop (didn't bet)
Seat 6: paco0077 folded before Flop (didn't bet)
Seat 7: CarlBrutalewski mucked [Tc Ad]
Seat 8: cgreek (button) folded before Flop (didn't bet)
Seat 9: Br0wnCheese (small blind) folded before Flop



PokerStars Hand #237239661121:  Hold'em No Limit ($0.01/$0.02 USD) - 2022/07/08 12:57:52 PT [2022/07/08 15:57:52 ET]
Table 'Amor III' 9-max Seat #9 is the button
Seat 1: klaus37 ($1.49 in chips) 
Seat 2: skater2000 ($3.03 in chips) 
Seat 3: Dorex2007 ($2.95 in chips) 
Seat 4: Mc0611 ($0.08 in chips) 
Seat 6: paco0077 ($1.22 in chips) 
Seat 7: CarlBrutalewski ($1.33 in chips) 
Seat 8: cgreek ($2.53 in chips) 
Seat 9: Br0wnCheese ($3.26 in chips) 
klaus37: posts small blind $0.01
skater2000: posts big blind $0.02
*** HOLE CARDS ***
Dealt to Dorex2007 [As Td]
Dorex2007: folds 
Mc0611: calls $0.02
paco0077 has timed out
paco0077: folds 
CarlBrutalewski: calls $0.02
cgreek: folds 
Br0wnCheese: folds 
klaus37: folds 
skater2000: checks 
*** FLOP *** [Th Ad 5d]
paco0077 is disconnected 
skater2000: checks 
Mc0611: checks 
CarlBrutalewski: checks 
*** TURN *** [Th Ad 5d] [4s]
skater2000: bets $0.03
Mc0611: calls $0.03
CarlBrutalewski: calls $0.03
*** RIVER *** [Th Ad 5d 4s] [9s]
skater2000: bets $0.07
Mc0611: calls $0.03 and is all-in
CarlBrutalewski: folds 
Uncalled bet ($0.04) returned to skater2000
*** SHOW DOWN ***
skater2000: shows [4c 3c] (a pair of Fours)
Mc0611: shows [6h Ah] (a pair of Aces)
Mc0611 collected $0.21 from pot
*** SUMMARY ***
Total pot $0.22 | Rake $0.01 
Board [Th Ad 5d 4s 9s]
Seat 1: klaus37 (small blind) folded before Flop
Seat 2: skater2000 (big blind) showed [4c 3c] and lost with a pair of Fours
Seat 3: Dorex2007 folded before Flop (didn't bet)
Seat 4: Mc0611 showed [6h Ah] and won ($0.21) with a pair of Aces
Seat 6: paco0077 folded before Flop (didn't bet)
Seat 7: CarlBrutalewski folded on the River
Seat 8: cgreek folded before Flop (didn't bet)
Seat 9: Br0wnCheese (button) folded before Flop (didn't bet)



PokerStars Hand #237239677884:  Hold'em No Limit ($0.01/$0.02 USD) - 2022/07/08 12:58:56 PT [2022/07/08 15:58:56 ET]
Table 'Amor III' 9-max Seat #1 is the button
Seat 1: klaus37 ($1.48 in chips) 
Seat 2: skater2000 ($2.95 in chips) 
Seat 3: Dorex2007 ($2.95 in chips) 
Seat 4: Mc0611 ($0.21 in chips) 
Seat 7: CarlBrutalewski ($1.28 in chips) 
Seat 8: cgreek ($2.53 in chips) 
Seat 9: Br0wnCheese ($3.26 in chips) 
skater2000: posts small blind $0.01
Dorex2007: posts big blind $0.02
*** HOLE CARDS ***
Dealt to Dorex2007 [Ah Js]
Mc0611: folds 
CarlBrutalewski: raises $0.02 to $0.04
cgreek: folds 
Br0wnCheese: folds 
klaus37: calls $0.04
skater2000: calls $0.03
Dorex2007: calls $0.02
*** FLOP *** [4c 4d 6c]
skater2000: checks 
Dorex2007: bets $0.10
CarlBrutalewski: calls $0.10
klaus37: folds 
skater2000: folds 
*** TURN *** [4c 4d 6c] [5h]
Dorex2007: checks 
CarlBrutalewski: checks 
*** RIVER *** [4c 4d 6c 5h] [7d]
Dorex2007: bets $0.17
CarlBrutalewski: calls $0.17
*** SHOW DOWN ***
Dorex2007: shows [Ah Js] (a pair of Fours)
CarlBrutalewski: shows [Td Tc] (two pair, Tens and Fours)
CarlBrutalewski collected $0.68 from pot
*** SUMMARY ***
Total pot $0.70 | Rake $0.02 
Board [4c 4d 6c 5h 7d]
Seat 1: klaus37 (button) folded on the Flop
Seat 2: skater2000 (small blind) folded on the Flop
Seat 3: Dorex2007 (big blind) showed [Ah Js] and lost with a pair of Fours
Seat 4: Mc0611 folded before Flop (didn't bet)
Seat 7: CarlBrutalewski showed [Td Tc] and won ($0.68) with two pair, Tens and Fours
Seat 8: cgreek folded before Flop (didn't bet)
Seat 9: Br0wnCheese folded before Flop (didn't bet)



PokerStars Hand #237239692612:  Hold'em No Limit ($0.01/$0.02 USD) - 2022/07/08 12:59:52 PT [2022/07/08 15:59:52 ET]
Table 'Amor III' 9-max Seat #2 is the button
Seat 1: klaus37 ($1.44 in chips) 
Seat 2: skater2000 ($2.91 in chips) 
Seat 3: Dorex2007 ($2.64 in chips) 
Seat 4: Mc0611 ($0.21 in chips) 
Seat 7: CarlBrutalewski ($1.65 in chips) 
Seat 8: cgreek ($2.53 in chips) 
Seat 9: Br0wnCheese ($3.26 in chips) 
Dorex2007: posts small blind $0.01
Mc0611: posts big blind $0.02
*** HOLE CARDS ***
Dealt to Dorex2007 [Js 4d]
CarlBrutalewski: folds 
cgreek: raises $0.05 to $0.07
Br0wnCheese: folds 
klaus37: folds 
skater2000: calls $0.07
Dorex2007: folds 
Mc0611: calls $0.05
*** FLOP *** [6h Tc Qc]
Mc0611: checks 
cgreek: checks 
skater2000: bets $0.12
Mc0611: calls $0.12
cgreek: folds 
*** TURN *** [6h Tc Qc] [8h]
Mc0611: checks 
skater2000: checks 
*** RIVER *** [6h Tc Qc 8h] [6s]
Mc0611: bets $0.02 and is all-in
skater2000: calls $0.02
*** SHOW DOWN ***
Mc0611: shows [3d Qh] (two pair, Queens and Sixes)
skater2000: shows [2d 2h] (two pair, Sixes and Deuces)
Mc0611 collected $0.48 from pot
*** SUMMARY ***
Total pot $0.50 | Rake $0.02 
Board [6h Tc Qc 8h 6s]
Seat 1: klaus37 folded before Flop (didn't bet)
Seat 2: skater2000 (button) showed [2d 2h] and lost with two pair, Sixes and Deuces
Seat 3: Dorex2007 (small blind) folded before Flop
Seat 4: Mc0611 (big blind) showed [3d Qh] and won ($0.48) with two pair, Queens and Sixes
Seat 7: CarlBrutalewski folded before Flop (didn't bet)
Seat 8: cgreek folded on the Flop
Seat 9: Br0wnCheese folded before Flop (didn't bet)



PokerStars Hand #237239707443:  Hold'em No Limit ($0.01/$0.02 USD) - 2022/07/08 13:00:45 PT [2022/07/08 16:00:45 ET]
Table 'Amor III' 9-max Seat #3 is the button
Seat 1: klaus37 ($1.44 in chips) 
Seat 2: skater2000 ($2.70 in chips) 
Seat 3: Dorex2007 ($2.63 in chips) 
Seat 4: Mc0611 ($0.48 in chips) 
Seat 7: CarlBrutalewski ($1.65 in chips) 
Seat 8: cgreek ($2.46 in chips) 
Seat 9: Br0wnCheese ($3.26 in chips) 
Mc0611: posts small blind $0.01
CarlBrutalewski: posts big blind $0.02
*** HOLE CARDS ***
Dealt to Dorex2007 [Ks Ad]
cgreek: folds 
Br0wnCheese: folds 
klaus37: folds 
skater2000: raises $0.04 to $0.06
Dorex2007: calls $0.06
Mc0611: folds 
CarlBrutalewski: calls $0.04
*** FLOP *** [6h 8h 5d]
CarlBrutalewski: checks 
skater2000: bets $0.12
Dorex2007: folds 
CarlBrutalewski: folds 
Uncalled bet ($0.12) returned to skater2000
skater2000 collected $0.18 from pot
*** SUMMARY ***
Total pot $0.19 | Rake $0.01 
Board [6h 8h 5d]
Seat 1: klaus37 folded before Flop (didn't bet)
Seat 2: skater2000 collected ($0.18)
Seat 3: Dorex2007 (button) folded on the Flop
Seat 4: Mc0611 (small blind) folded before Flop
Seat 7: CarlBrutalewski (big blind) folded on the Flop
Seat 8: cgreek folded before Flop (didn't bet)
Seat 9: Br0wnCheese folded before Flop (didn't bet)



PokerStars Hand #237239731242:  Hold'em No Limit ($0.01/$0.02 USD) - 2022/07/08 13:01:58 PT [2022/07/08 16:01:58 ET]
Table 'Amor III' 9-max Seat #4 is the button
Seat 1: klaus37 ($1.44 in chips) 
Seat 2: skater2000 ($2.82 in chips) 
Seat 3: Dorex2007 ($2.57 in chips) 
Seat 4: Mc0611 ($0.47 in chips) 
Seat 7: CarlBrutalewski ($1.59 in chips) 
Seat 8: cgreek ($2.46 in chips) 
Seat 9: Br0wnCheese ($3.26 in chips) 
CarlBrutalewski: posts small blind $0.01
cgreek: posts big blind $0.02
*** HOLE CARDS ***
Dealt to Dorex2007 [8d 9h]
Br0wnCheese: folds 
klaus37: folds 
skater2000: folds 
Dorex2007: folds 
Mc0611: calls $0.02
CarlBrutalewski: calls $0.01
cgreek: checks 
*** FLOP *** [Jd Ac 4d]
CarlBrutalewski: bets $0.02
cgreek: folds 
Mc0611: calls $0.02
*** TURN *** [Jd Ac 4d] [As]
CarlBrutalewski: bets $0.08
Mc0611: folds 
Uncalled bet ($0.08) returned to CarlBrutalewski
CarlBrutalewski collected $0.10 from pot
*** SUMMARY ***
Total pot $0.10 | Rake $0 
Board [Jd Ac 4d As]
Seat 1: klaus37 folded before Flop (didn't bet)
Seat 2: skater2000 folded before Flop (didn't bet)
Seat 3: Dorex2007 folded before Flop (didn't bet)
Seat 4: Mc0611 (button) folded on the Turn
Seat 7: CarlBrutalewski (small blind) collected ($0.10)
Seat 8: cgreek (big blind) folded on the Flop
Seat 9: Br0wnCheese folded before Flop (didn't bet)



PokerStars Hand #237239744478:  Hold'em No Limit ($0.01/$0.02 USD) - 2022/07/08 13:02:37 PT [2022/07/08 16:02:37 ET]
Table 'Amor III' 9-max Seat #7 is the button
Seat 1: klaus37 ($1.44 in chips) 
Seat 2: skater2000 ($2.82 in chips) 
Seat 3: Dorex2007 ($2.57 in chips) 
Seat 4: Mc0611 ($0.43 in chips) 
Seat 7: CarlBrutalewski ($1.65 in chips) 
Seat 8: cgreek ($2.44 in chips) 
Seat 9: Br0wnCheese ($3.26 in chips) 
cgreek: posts small blind $0.01
Br0wnCheese: posts big blind $0.02
*** HOLE CARDS ***
Dealt to Dorex2007 [Ac Ts]
klaus37: raises $0.04 to $0.06
skater2000: folds 
Dorex2007: folds 
Mc0611: calls $0.06
CarlBrutalewski: calls $0.06
cgreek: folds 
Br0wnCheese: calls $0.04
*** FLOP *** [8c 4c Tc]
Br0wnCheese: checks 
klaus37: checks 
Mc0611: checks 
CarlBrutalewski: checks 
*** TURN *** [8c 4c Tc] [Td]
Br0wnCheese: checks 
klaus37: checks 
Mc0611: checks 
CarlBrutalewski: bets $0.12
Br0wnCheese: calls $0.12
klaus37: folds 
Mc0611: calls $0.12
*** RIVER *** [8c 4c Tc Td] [2s]
Br0wnCheese: checks 
Mc0611: checks 
CarlBrutalewski: checks 
*** SHOW DOWN ***
Br0wnCheese: shows [Kc 8h] (two pair, Tens and Eights)
Mc0611: mucks hand 
CarlBrutalewski: mucks hand 
Br0wnCheese collected $0.59 from pot
*** SUMMARY ***
Total pot $0.61 | Rake $0.02 
Board [8c 4c Tc Td 2s]
Seat 1: klaus37 folded on the Turn
Seat 2: skater2000 folded before Flop (didn't bet)
Seat 3: Dorex2007 folded before Flop (didn't bet)
Seat 4: Mc0611 mucked [8d 7d]
Seat 7: CarlBrutalewski (button) mucked [6s 8s]
Seat 8: cgreek (small blind) folded before Flop
Seat 9: Br0wnCheese (big blind) showed [Kc 8h] and won ($0.59) with two pair, Tens and Eights



PokerStars Hand #237239782088:  Hold'em No Limit ($0.01/$0.02 USD) - 2022/07/08 13:03:57 PT [2022/07/08 16:03:57 ET]
Table 'Amor III' 9-max Seat #8 is the button
Seat 1: klaus37 ($1.68 in chips) 
Seat 2: skater2000 ($2.82 in chips) 
Seat 3: Dorex2007 ($2.57 in chips) 
Seat 4: Mc0611 ($0.25 in chips) 
Seat 7: CarlBrutalewski ($1.47 in chips) 
Seat 8: cgreek ($2.43 in chips) 
Seat 9: Br0wnCheese ($3.67 in chips) 
Br0wnCheese: posts small blind $0.01
klaus37: posts big blind $0.02
*** HOLE CARDS ***
Dealt to Dorex2007 [Ah 8c]
skater2000: folds 
Dorex2007: folds 
Mc0611 has timed out
Mc0611: folds 
CarlBrutalewski: folds 
cgreek: folds 
Br0wnCheese: folds 
Uncalled bet ($0.01) returned to klaus37
klaus37 collected $0.02 from pot
*** SUMMARY ***
Total pot $0.02 | Rake $0 
Seat 1: klaus37 (big blind) collected ($0.02)
Seat 2: skater2000 folded before Flop (didn't bet)
Seat 3: Dorex2007 folded before Flop (didn't bet)
Seat 4: Mc0611 folded before Flop (didn't bet)
Seat 7: CarlBrutalewski folded before Flop (didn't bet)
Seat 8: cgreek (button) folded before Flop (didn't bet)
Seat 9: Br0wnCheese (small blind) folded before Flop



PokerStars Hand #237239788471:  Hold'em No Limit ($0.01/$0.02 USD) - 2022/07/08 13:04:15 PT [2022/07/08 16:04:15 ET]
Table 'Amor III' 9-max Seat #9 is the button
Seat 1: klaus37 ($1.69 in chips) 
Seat 2: skater2000 ($2.82 in chips) 
Seat 3: Dorex2007 ($2.57 in chips) 
Seat 7: CarlBrutalewski ($1.47 in chips) 
Seat 8: cgreek ($2.43 in chips) 
Seat 9: Br0wnCheese ($3.66 in chips) 
klaus37: posts small blind $0.01
skater2000: posts big blind $0.02
*** HOLE CARDS ***
Dealt to Dorex2007 [4c 2s]
Dorex2007: folds 
CarlBrutalewski: folds 
cgreek: raises $0.05 to $0.07
Br0wnCheese: calls $0.07
klaus37: folds 
skater2000: calls $0.05
*** FLOP *** [Ah Th 3h]
skater2000: checks 
cgreek: bets $0.10
Br0wnCheese: calls $0.10
skater2000: calls $0.10
*** TURN *** [Ah Th 3h] [3s]
skater2000: checks 
cgreek: checks 
Br0wnCheese: checks 
*** RIVER *** [Ah Th 3h 3s] [4s]
skater2000: bets $0.30
cgreek: folds 
Br0wnCheese: raises $0.30 to $0.60
skater2000: raises $1.70 to $2.30
Br0wnCheese: calls $1.70
*** SHOW DOWN ***
skater2000: shows [Ts Td] (a full house, Tens full of Threes)
Br0wnCheese: mucks hand 
skater2000 collected $4.90 from pot
*** SUMMARY ***
Total pot $5.12 | Rake $0.22 
Board [Ah Th 3h 3s 4s]
Seat 1: klaus37 (small blind) folded before Flop
Seat 2: skater2000 (big blind) showed [Ts Td] and won ($4.90) with a full house, Tens full of Threes
Seat 3: Dorex2007 folded before Flop (didn't bet)
Seat 7: CarlBrutalewski folded before Flop (didn't bet)
Seat 8: cgreek folded on the River
Seat 9: Br0wnCheese (button) mucked [Jh Kh]



PokerStars Hand #237239808480:  Hold'em No Limit ($0.01/$0.02 USD) - 2022/07/08 13:05:10 PT [2022/07/08 16:05:10 ET]
Table 'Amor III' 9-max Seat #1 is the button
Seat 1: klaus37 ($1.68 in chips) 
Seat 2: skater2000 ($5.25 in chips) 
Seat 3: Dorex2007 ($2.57 in chips) 
Seat 4: Mc0611 ($0.25 in chips) 
Seat 7: CarlBrutalewski ($1.47 in chips) 
Seat 8: cgreek ($2.26 in chips) 
Seat 9: Br0wnCheese ($2 in chips) 
skater2000: posts small blind $0.01
Dorex2007: posts big blind $0.02
*** HOLE CARDS ***
Dealt to Dorex2007 [3c Ac]
Mc0611: folds 
CarlBrutalewski: folds 
cgreek: folds 
Br0wnCheese: folds 
klaus37: folds 
skater2000: raises $0.04 to $0.06
Dorex2007: folds 
Uncalled bet ($0.04) returned to skater2000
skater2000 collected $0.04 from pot
*** SUMMARY ***
Total pot $0.04 | Rake $0 
Seat 1: klaus37 (button) folded before Flop (didn't bet)
Seat 2: skater2000 (small blind) collected ($0.04)
Seat 3: Dorex2007 (big blind) folded before Flop
Seat 4: Mc0611 folded before Flop (didn't bet)
Seat 7: CarlBrutalewski folded before Flop (didn't bet)
Seat 8: cgreek folded before Flop (didn't bet)
Seat 9: Br0wnCheese folded before Flop (didn't bet)



PokerStars Hand #237239813818:  Hold'em No Limit ($0.01/$0.02 USD) - 2022/07/08 13:05:25 PT [2022/07/08 16:05:25 ET]
Table 'Amor III' 9-max Seat #2 is the button
Seat 1: klaus37 ($1.68 in chips) 
Seat 2: skater2000 ($5.27 in chips) 
Seat 3: Dorex2007 ($2.55 in chips) 
Seat 4: Mc0611 ($0.25 in chips) 
Seat 7: CarlBrutalewski ($1.47 in chips) 
Seat 8: cgreek ($2.26 in chips) 
Seat 9: Br0wnCheese ($2 in chips) 
Dorex2007: posts small blind $0.01
Mc0611: posts big blind $0.02
*** HOLE CARDS ***
Dealt to Dorex2007 [5c 9s]
CarlBrutalewski: folds 
cgreek: raises $0.05 to $0.07
Br0wnCheese: folds 
klaus37: folds 
skater2000: folds 
Dorex2007: folds 
Mc0611: folds 
Uncalled bet ($0.05) returned to cgreek
cgreek collected $0.05 from pot
*** SUMMARY ***
Total pot $0.05 | Rake $0 
Seat 1: klaus37 folded before Flop (didn't bet)
Seat 2: skater2000 (button) folded before Flop (didn't bet)
Seat 3: Dorex2007 (small blind) folded before Flop
Seat 4: Mc0611 (big blind) folded before Flop
Seat 7: CarlBrutalewski folded before Flop (didn't bet)
Seat 8: cgreek collected ($0.05)
Seat 9: Br0wnCheese folded before Flop (didn't bet)



PokerStars Hand #237239821799:  Hold'em No Limit ($0.01/$0.02 USD) - 2022/07/08 13:05:47 PT [2022/07/08 16:05:47 ET]
Table 'Amor III' 9-max Seat #3 is the button
Seat 1: klaus37 ($1.68 in chips) 
Seat 2: skater2000 ($5.27 in chips) 
Seat 3: Dorex2007 ($2.54 in chips) 
Seat 4: Mc0611 ($0.23 in chips) 
Seat 7: CarlBrutalewski ($1.47 in chips) 
Seat 8: cgreek ($2.29 in chips) 
Seat 9: Br0wnCheese ($2 in chips) 
Mc0611: posts small blind $0.01
CarlBrutalewski: posts big blind $0.02
*** HOLE CARDS ***
Dealt to Dorex2007 [Tc 3c]
cgreek: raises $0.02 to $0.04
Br0wnCheese: folds 
klaus37: folds 
skater2000: folds 
Dorex2007: folds 
Mc0611: calls $0.03
CarlBrutalewski: folds 
*** FLOP *** [8c 4h 5c]
Mc0611: checks 
CarlBrutalewski leaves the table
cgreek: bets $0.10
Mc0611: calls $0.10
*** TURN *** [8c 4h 5c] [Ad]
fischkopp7O joins the table at seat #7 
Mc0611: bets $0.02
cgreek: calls $0.02
*** RIVER *** [8c 4h 5c Ad] [8h]
Mc0611: bets $0.07 and is all-in
cgreek: calls $0.07
*** SHOW DOWN ***
Mc0611: shows [Qh 5d] (two pair, Eights and Fives)
cgreek: shows [4d 6d] (two pair, Eights and Fours)
Mc0611 collected $0.46 from pot
*** SUMMARY ***
Total pot $0.48 | Rake $0.02 
Board [8c 4h 5c Ad 8h]
Seat 1: klaus37 folded before Flop (didn't bet)
Seat 2: skater2000 folded before Flop (didn't bet)
Seat 3: Dorex2007 (button) folded before Flop (didn't bet)
Seat 4: Mc0611 (small blind) showed [Qh 5d] and won ($0.46) with two pair, Eights and Fives
Seat 7: CarlBrutalewski (big blind) folded before Flop
Seat 8: cgreek showed [4d 6d] and lost with two pair, Eights and Fours
Seat 9: Br0wnCheese folded before Flop (didn't bet)



PokerStars Hand #237239834265:  Hold'em No Limit ($0.01/$0.02 USD) - 2022/07/08 13:06:21 PT [2022/07/08 16:06:21 ET]
Table 'Amor III' 9-max Seat #4 is the button
Seat 1: klaus37 ($1.68 in chips) 
Seat 2: skater2000 ($5.27 in chips) 
Seat 3: Dorex2007 ($2.54 in chips) 
Seat 4: Mc0611 ($0.46 in chips) 
Seat 8: cgreek ($2.06 in chips) 
Seat 9: Br0wnCheese ($2 in chips) 
cgreek: posts small blind $0.01
Br0wnCheese: posts big blind $0.02
*** HOLE CARDS ***
Dealt to Dorex2007 [6s 3h]
klaus37: folds 
skater2000: raises $0.04 to $0.06
Dorex2007: folds 
Mc0611: calls $0.06
cgreek: folds 
Br0wnCheese: folds 
*** FLOP *** [7d 3s Ac]
skater2000: bets $0.07
Mc0611: folds 
Uncalled bet ($0.07) returned to skater2000
skater2000 collected $0.14 from pot
*** SUMMARY ***
Total pot $0.15 | Rake $0.01 
Board [7d 3s Ac]
Seat 1: klaus37 folded before Flop (didn't bet)
Seat 2: skater2000 collected ($0.14)
Seat 3: Dorex2007 folded before Flop (didn't bet)
Seat 4: Mc0611 (button) folded on the Flop
Seat 8: cgreek (small blind) folded before Flop
Seat 9: Br0wnCheese (big blind) folded before Flop



PokerStars Hand #237239840853:  Hold'em No Limit ($0.01/$0.02 USD) - 2022/07/08 13:06:40 PT [2022/07/08 16:06:40 ET]
Table 'Amor III' 9-max Seat #8 is the button
Seat 1: klaus37 ($1.68 in chips) 
Seat 2: skater2000 ($5.35 in chips) 
Seat 3: Dorex2007 ($2.54 in chips) 
Seat 4: Mc0611 ($0.40 in chips) 
Seat 8: cgreek ($2.05 in chips) 
Seat 9: Br0wnCheese ($2 in chips) 
Br0wnCheese: posts small blind $0.01
klaus37: posts big blind $0.02
fischkopp7O: sits out 
*** HOLE CARDS ***
Dealt to Dorex2007 [Qh 6h]
skater2000: folds 
Dorex2007: folds 
Mc0611: folds 
cgreek: folds 
Br0wnCheese: raises $0.04 to $0.06
klaus37: folds 
Uncalled bet ($0.04) returned to Br0wnCheese
Br0wnCheese collected $0.04 from pot
*** SUMMARY ***
Total pot $0.04 | Rake $0 
Seat 1: klaus37 (big blind) folded before Flop
Seat 2: skater2000 folded before Flop (didn't bet)
Seat 3: Dorex2007 folded before Flop (didn't bet)
Seat 4: Mc0611 folded before Flop (didn't bet)
Seat 8: cgreek (button) folded before Flop (didn't bet)
Seat 9: Br0wnCheese (small blind) collected ($0.04)



PokerStars Hand #237239845027:  Hold'em No Limit ($0.01/$0.02 USD) - 2022/07/08 13:06:51 PT [2022/07/08 16:06:51 ET]
Table 'Amor III' 9-max Seat #9 is the button
Seat 1: klaus37 ($1.66 in chips) 
Seat 2: skater2000 ($5.35 in chips) 
Seat 3: Dorex2007 ($2.54 in chips) 
Seat 4: Mc0611 ($0.40 in chips) 
Seat 8: cgreek ($2.05 in chips) 
Seat 9: Br0wnCheese ($2.02 in chips) 
klaus37: posts small blind $0.01
skater2000: posts big blind $0.02
fischkopp7O: sits out 
*** HOLE CARDS ***
Dealt to Dorex2007 [Qs 7c]
Dorex2007: folds 
Mc0611: folds 
cgreek: folds 
Br0wnCheese: folds 
klaus37: raises $0.04 to $0.06
skater2000: calls $0.04
*** FLOP *** [Ad Th 9s]
klaus37: bets $0.06
skater2000: raises $0.10 to $0.16
klaus37: folds 
Uncalled bet ($0.10) returned to skater2000
skater2000 collected $0.23 from pot
*** SUMMARY ***
Total pot $0.24 | Rake $0.01 
Board [Ad Th 9s]
Seat 1: klaus37 (small blind) folded on the Flop
Seat 2: skater2000 (big blind) collected ($0.23)
Seat 3: Dorex2007 folded before Flop (didn't bet)
Seat 4: Mc0611 folded before Flop (didn't bet)
Seat 8: cgreek folded before Flop (didn't bet)
Seat 9: Br0wnCheese (button) folded before Flop (didn't bet)



PokerStars Hand #237239856844:  Hold'em No Limit ($0.01/$0.02 USD) - 2022/07/08 13:07:24 PT [2022/07/08 16:07:24 ET]
Table 'Amor III' 9-max Seat #1 is the button
Seat 1: klaus37 ($1.54 in chips) 
Seat 2: skater2000 ($5.46 in chips) 
Seat 3: Dorex2007 ($2.54 in chips) 
Seat 4: Mc0611 ($0.40 in chips) 
Seat 8: cgreek ($2.05 in chips) 
Seat 9: Br0wnCheese ($2.02 in chips) 
skater2000: posts small blind $0.01
Dorex2007: posts big blind $0.02
fischkopp7O: sits out 
*** HOLE CARDS ***
Dealt to Dorex2007 [3h 8s]
Mc0611: calls $0.02
cgreek: folds 
Br0wnCheese: folds 
klaus37: folds 
skater2000: folds 
Dorex2007: checks 
*** FLOP *** [4d 8d Kd]
Dorex2007: checks 
Mc0611: checks 
*** TURN *** [4d 8d Kd] [As]
fischkopp7O leaves the table
Dorex2007: checks 
Mc0611: checks 
*** RIVER *** [4d 8d Kd As] [7c]
Dorex2007: bets $0.02
Mc0611: folds 
Uncalled bet ($0.02) returned to Dorex2007
Dorex2007 collected $0.05 from pot
*** SUMMARY ***
Total pot $0.05 | Rake $0 
Board [4d 8d Kd As 7c]
Seat 1: klaus37 (button) folded before Flop (didn't bet)
Seat 2: skater2000 (small blind) folded before Flop
Seat 3: Dorex2007 (big blind) collected ($0.05)
Seat 4: Mc0611 folded on the River
Seat 8: cgreek folded before Flop (didn't bet)
Seat 9: Br0wnCheese folded before Flop (didn't bet)



PokerStars Hand #237239866801:  Hold'em No Limit ($0.01/$0.02 USD) - 2022/07/08 13:07:51 PT [2022/07/08 16:07:51 ET]
Table 'Amor III' 9-max Seat #2 is the button
Seat 1: klaus37 ($1.54 in chips) 
Seat 2: skater2000 ($5.45 in chips) 
Seat 3: Dorex2007 ($2.57 in chips) 
Seat 4: Mc0611 ($0.38 in chips) 
Seat 8: cgreek ($2.05 in chips) 
Seat 9: Br0wnCheese ($2.02 in chips) 
Dorex2007: posts small blind $0.01
Mc0611: posts big blind $0.02
*** HOLE CARDS ***
Dealt to Dorex2007 [3d 4d]
cgreek: folds 
Br0wnCheese has timed out
Br0wnCheese: folds 
klaus37: folds 
skater2000: raises $0.04 to $0.06
Dorex2007: folds 
Mc0611: calls $0.04
*** FLOP *** [2s 4c 4s]
Mc0611: checks 
skater2000: bets $0.06
Mc0611: folds 
Uncalled bet ($0.06) returned to skater2000
skater2000 collected $0.13 from pot
*** SUMMARY ***
Total pot $0.13 | Rake $0 
Board [2s 4c 4s]
Seat 1: klaus37 folded before Flop (didn't bet)
Seat 2: skater2000 (button) collected ($0.13)
Seat 3: Dorex2007 (small blind) folded before Flop
Seat 4: Mc0611 (big blind) folded on the Flop
Seat 8: cgreek folded before Flop (didn't bet)
Seat 9: Br0wnCheese folded before Flop (didn't bet)



PokerStars Hand #237239878152:  Hold'em No Limit ($0.01/$0.02 USD) - 2022/07/08 13:08:23 PT [2022/07/08 16:08:23 ET]
Table 'Amor III' 9-max Seat #3 is the button
Seat 1: klaus37 ($1.54 in chips) 
Seat 2: skater2000 ($5.52 in chips) 
Seat 3: Dorex2007 ($2.56 in chips) 
Seat 4: Mc0611 ($0.32 in chips) 
Seat 8: cgreek ($2.05 in chips) 
Mc0611: posts small blind $0.01
cgreek: posts big blind $0.02
*** HOLE CARDS ***
Dealt to Dorex2007 [6h 3c]
paco0077 leaves the table
klaus37: folds 
skater2000: folds 
Dorex2007: folds 
Mc0611: calls $0.01
cgreek: checks 
*** FLOP *** [Th Ad Ac]
Mc0611: checks 
cgreek: checks 
*** TURN *** [Th Ad Ac] [Kc]
Mc0611: checks 
cgreek: checks 
*** RIVER *** [Th Ad Ac Kc] [4s]
Mc0611: checks 
cgreek: checks 
*** SHOW DOWN ***
Mc0611: shows [7d 2s] (a pair of Aces)
cgreek: shows [Qh 8h] (a pair of Aces - King+Queen kicker)
cgreek collected $0.04 from pot
NRM-1981 leaves the table
*** SUMMARY ***
Total pot $0.04 | Rake $0 
Board [Th Ad Ac Kc 4s]
Seat 1: klaus37 folded before Flop (didn't bet)
Seat 2: skater2000 folded before Flop (didn't bet)
Seat 3: Dorex2007 (button) folded before Flop (didn't bet)
Seat 4: Mc0611 (small blind) showed [7d 2s] and lost with a pair of Aces
Seat 8: cgreek (big blind) showed [Qh 8h] and won ($0.04) with a pair of Aces



