PokerStars Hand #227442603092:  Hold'em No Limit ($0.01/$0.02 USD) - 2021/06/08 20:58:10 PT [2021/06/08 23:58:10 ET]
Table 'Menkab' 9-max Seat #2 is the button
Seat 1: Marrrrco ($2 in chips) 
Seat 2: jamiej36830 ($10.94 in chips) 
Seat 3: kiling1 ($1.74 in chips) 
Seat 4: Mithrandir2085 ($1.27 in chips) 
Seat 5: Dorex2007 ($2 in chips) 
Seat 7: PANA]ASS ($2.15 in chips) 
Seat 8: khz71 ($2 in chips) 
Seat 9: Para_dise77799 ($1.26 in chips) 
kiling1: posts small blind $0.01
Mithrandir2085: posts big blind $0.02
Dorex2007: posts big blind $0.02
*** HOLE CARDS ***
Dealt to Dorex2007 [6c Ts]
Dorex2007: checks 
PANA]ASS: folds 
khz71: calls $0.02
Para_dise77799: calls $0.02
Marrrrco: folds 
jamiej36830: calls $0.02
kiling1: calls $0.01
Mithrandir2085: checks 
*** FLOP *** [8h 3c 4s]
kiling1: checks 
Mithrandir2085: checks 
Dorex2007: checks 
khz71: checks 
Para_dise77799: checks 
jamiej36830: bets $0.02
kiling1: calls $0.02
Mithrandir2085: folds 
Dorex2007: folds 
khz71: folds 
Para_dise77799: calls $0.02
*** TURN *** [8h 3c 4s] [3h]
ChiguireJr joins the table at seat #6 
kiling1: checks 
Para_dise77799: bets $0.03
jamiej36830: folds 
kiling1: calls $0.03
*** RIVER *** [8h 3c 4s 3h] [2d]
kiling1: checks 
Para_dise77799: bets $0.10
kiling1: folds 
Uncalled bet ($0.10) returned to Para_dise77799
Para_dise77799 collected $0.23 from pot
Para_dise77799: doesn't show hand 
*** SUMMARY ***
Total pot $0.24 | Rake $0.01 
Board [8h 3c 4s 3h 2d]
Seat 1: Marrrrco folded before Flop (didn't bet)
Seat 2: jamiej36830 (button) folded on the Turn
Seat 3: kiling1 (small blind) folded on the River
Seat 4: Mithrandir2085 (big blind) folded on the Flop
Seat 5: Dorex2007 folded on the Flop (didn't bet)
Seat 7: PANA]ASS folded before Flop (didn't bet)
Seat 8: khz71 folded on the Flop
Seat 9: Para_dise77799 collected ($0.23)



PokerStars Hand #227442615460:  Hold'em No Limit ($0.01/$0.02 USD) - 2021/06/08 20:59:39 PT [2021/06/08 23:59:39 ET]
Table 'Menkab' 9-max Seat #3 is the button
Seat 1: Marrrrco ($2 in chips) 
Seat 2: jamiej36830 ($10.90 in chips) 
Seat 3: kiling1 ($1.67 in chips) 
Seat 4: Mithrandir2085 ($1.25 in chips) 
Seat 5: Dorex2007 ($1.98 in chips) 
Seat 7: PANA]ASS ($2.15 in chips) 
Seat 8: khz71 ($2 in chips) 
Seat 9: Para_dise77799 ($1.42 in chips) 
Mithrandir2085: posts small blind $0.01
Dorex2007: posts big blind $0.02
ChiguireJr: sits out 
*** HOLE CARDS ***
Dealt to Dorex2007 [6h Th]
PANA]ASS has timed out
PANA]ASS: folds 
khz71: folds 
Para_dise77799: calls $0.02
Marrrrco: folds 
jamiej36830: calls $0.02
kiling1: folds 
Mithrandir2085: calls $0.01
Dorex2007: checks 
*** FLOP *** [9h 3s 7d]
Mithrandir2085: checks 
Dorex2007: checks 
Para_dise77799: checks 
jamiej36830: checks 
*** TURN *** [9h 3s 7d] [Ad]
Mithrandir2085: checks 
Dorex2007: checks 
Para_dise77799: checks 
jamiej36830: checks 
*** RIVER *** [9h 3s 7d Ad] [8c]
Mithrandir2085: bets $0.02
Dorex2007: calls $0.02
Para_dise77799: folds 
jamiej36830: folds 
*** SHOW DOWN ***
Mithrandir2085: shows [2s As] (a pair of Aces)
Dorex2007: shows [6h Th] (a straight, Six to Ten)
Dorex2007 collected $0.12 from pot
*** SUMMARY ***
Total pot $0.12 | Rake $0 
Board [9h 3s 7d Ad 8c]
Seat 1: Marrrrco folded before Flop (didn't bet)
Seat 2: jamiej36830 folded on the River
Seat 3: kiling1 (button) folded before Flop (didn't bet)
Seat 4: Mithrandir2085 (small blind) showed [2s As] and lost with a pair of Aces
Seat 5: Dorex2007 (big blind) showed [6h Th] and won ($0.12) with a straight, Six to Ten
Seat 7: PANA]ASS folded before Flop (didn't bet)
Seat 8: khz71 folded before Flop (didn't bet)
Seat 9: Para_dise77799 folded on the River



