PokerStars Hand #227308641968:  Hold'em No Limit ($0.01/$0.02 USD) - 2021/06/03 21:00:22 PT [2021/06/04 0:00:22 ET]
Table 'Ibarruri' 9-max Seat #4 is the button
Seat 1: Dorex2007 ($4.74 in chips) 
Seat 3: agrielaios ($1.90 in chips) 
Seat 4: Roubyz ($2 in chips) 
Seat 5: kiling1 ($1.69 in chips) 
Seat 6: berger757 ($1.22 in chips) 
Seat 7: edvards92 ($4.99 in chips) 
Seat 8: asdabelle ($0.98 in chips) 
Seat 9: ZeD51ru ($0.78 in chips) 
kiling1: posts small blind $0.01
berger757: posts big blind $0.02
*** HOLE CARDS ***
Dealt to Dorex2007 [4d 6d]
edvards92: folds 
asdabelle has timed out
asdabelle: folds 
ZeD51ru: calls $0.02
Dorex2007: folds 
agrielaios: raises $0.08 to $0.10
Roubyz: folds 
kiling1: folds 
berger757: folds 
ZeD51ru: calls $0.08
*** FLOP *** [Ks 8c Jd]
ZeD51ru: bets $0.02
agrielaios: raises $0.04 to $0.06
ZeD51ru: calls $0.04
*** TURN *** [Ks 8c Jd] [9d]
ZeD51ru: checks 
agrielaios: bets $0.68
ZeD51ru: folds 
Uncalled bet ($0.68) returned to agrielaios
agrielaios collected $0.34 from pot
agrielaios: doesn't show hand 
*** SUMMARY ***
Total pot $0.35 | Rake $0.01 
Board [Ks 8c Jd 9d]
Seat 1: Dorex2007 folded before Flop (didn't bet)
Seat 3: agrielaios collected ($0.34)
Seat 4: Roubyz (button) folded before Flop (didn't bet)
Seat 5: kiling1 (small blind) folded before Flop
Seat 6: berger757 (big blind) folded before Flop
Seat 7: edvards92 folded before Flop (didn't bet)
Seat 8: asdabelle folded before Flop (didn't bet)
Seat 9: ZeD51ru folded on the Turn



PokerStars Hand #227308652572:  Hold'em No Limit ($0.01/$0.02 USD) - 2021/06/03 21:01:23 PT [2021/06/04 0:01:23 ET]
Table 'Ibarruri' 9-max Seat #5 is the button
Seat 1: Dorex2007 ($4.74 in chips) 
Seat 3: agrielaios ($2.08 in chips) 
Seat 4: Roubyz ($2 in chips) 
Seat 5: kiling1 ($1.68 in chips) 
Seat 6: berger757 ($1.20 in chips) 
Seat 7: edvards92 ($4.99 in chips) 
Seat 8: asdabelle ($0.98 in chips) 
Seat 9: ZeD51ru ($0.62 in chips) 
berger757: posts small blind $0.01
edvards92: posts big blind $0.02
*** HOLE CARDS ***
Dealt to Dorex2007 [9s Qc]
asdabelle: calls $0.02
ZeD51ru: calls $0.02
Dorex2007: folds 
agrielaios: raises $0.10 to $0.12
Roubyz: folds 
kiling1: folds 
berger757: folds 
edvards92: folds 
asdabelle: folds 
ZeD51ru: calls $0.10
*** FLOP *** [7s 7d 5c]
ZeD51ru: bets $0.28
agrielaios: raises $0.28 to $0.56
ZeD51ru: calls $0.22 and is all-in
Uncalled bet ($0.06) returned to agrielaios
*** TURN *** [7s 7d 5c] [3s]
*** RIVER *** [7s 7d 5c 3s] [Tc]
*** SHOW DOWN ***
ZeD51ru: shows [Th 6d] (two pair, Tens and Sevens)
agrielaios: shows [Ks Kh] (two pair, Kings and Sevens)
agrielaios cashed out the hand for $1.16 | Cash Out Fee $0.01
*** SUMMARY ***
Total pot $1.29 | Rake $0.05 
Board [7s 7d 5c 3s Tc]
Seat 1: Dorex2007 folded before Flop (didn't bet)
Seat 3: agrielaios showed [Ks Kh] and won ($1.24) with two pair, Kings and Sevens (pot not awarded as player cashed out)
Seat 4: Roubyz folded before Flop (didn't bet)
Seat 5: kiling1 (button) folded before Flop (didn't bet)
Seat 6: berger757 (small blind) folded before Flop
Seat 7: edvards92 (big blind) folded before Flop
Seat 8: asdabelle folded before Flop
Seat 9: ZeD51ru showed [Th 6d] and lost with two pair, Tens and Sevens



PokerStars Hand #227308679204:  Hold'em No Limit ($0.01/$0.02 USD) - 2021/06/03 21:03:52 PT [2021/06/04 0:03:52 ET]
Table 'Ibarruri' 9-max Seat #3 is the button
Seat 1: Dorex2007 ($4.74 in chips) 
Seat 3: agrielaios ($2.57 in chips) 
Seat 4: Roubyz ($2 in chips) 
Seat 5: kiling1 ($1.68 in chips) 
Seat 6: berger757 ($1.36 in chips) 
Seat 7: edvards92 ($4.96 in chips) 
Seat 8: asdabelle ($0.86 in chips) 
Roubyz: posts small blind $0.01
kiling1: posts big blind $0.02
tridmax: sits out 
Dorex2007: posts small & big blinds $0.03
*** HOLE CARDS ***
Dealt to Dorex2007 [8h Qc]
berger757: raises $0.02 to $0.04
edvards92: folds 
asdabelle: folds 
Dorex2007: folds 
agrielaios: folds 
Roubyz: folds 
kiling1: folds 
Uncalled bet ($0.02) returned to berger757
berger757 collected $0.08 from pot
berger757: doesn't show hand 
*** SUMMARY ***
Total pot $0.08 | Rake $0 
Seat 1: Dorex2007 folded before Flop (didn't bet)
Seat 3: agrielaios (button) folded before Flop (didn't bet)
Seat 4: Roubyz (small blind) folded before Flop
Seat 5: kiling1 (big blind) folded before Flop
Seat 6: berger757 collected ($0.08)
Seat 7: edvards92 folded before Flop (didn't bet)
Seat 8: asdabelle folded before Flop (didn't bet)



PokerStars Hand #227308682529:  Hold'em No Limit ($0.01/$0.02 USD) - 2021/06/03 21:04:11 PT [2021/06/04 0:04:11 ET]
Table 'Ibarruri' 9-max Seat #4 is the button
Seat 1: Dorex2007 ($4.71 in chips) 
Seat 3: agrielaios ($2.57 in chips) 
Seat 4: Roubyz ($2 in chips) 
Seat 5: kiling1 ($1.66 in chips) 
Seat 6: berger757 ($1.42 in chips) 
Seat 7: edvards92 ($4.96 in chips) 
Seat 8: asdabelle ($0.86 in chips) 
kiling1: posts small blind $0.01
berger757: posts big blind $0.02
tridmax: sits out 
*** HOLE CARDS ***
Dealt to Dorex2007 [7h 2d]
edvards92: folds 
asdabelle has timed out
asdabelle: folds 
Dorex2007: folds 
agrielaios: folds 
Roubyz: folds 
kiling1: raises $0.04 to $0.06
berger757: folds 
Uncalled bet ($0.04) returned to kiling1
kiling1 collected $0.04 from pot
kiling1: doesn't show hand 
*** SUMMARY ***
Total pot $0.04 | Rake $0 
Seat 1: Dorex2007 folded before Flop (didn't bet)
Seat 3: agrielaios folded before Flop (didn't bet)
Seat 4: Roubyz (button) folded before Flop (didn't bet)
Seat 5: kiling1 (small blind) collected ($0.04)
Seat 6: berger757 (big blind) folded before Flop
Seat 7: edvards92 folded before Flop (didn't bet)
Seat 8: asdabelle folded before Flop (didn't bet)



PokerStars Hand #227308690160:  Hold'em No Limit ($0.01/$0.02 USD) - 2021/06/03 21:04:53 PT [2021/06/04 0:04:53 ET]
Table 'Ibarruri' 9-max Seat #5 is the button
Seat 1: Dorex2007 ($4.71 in chips) 
Seat 3: agrielaios ($2.57 in chips) 
Seat 4: Roubyz ($2 in chips) 
Seat 5: kiling1 ($1.68 in chips) 
Seat 6: berger757 ($1.40 in chips) 
Seat 7: edvards92 ($4.96 in chips) 
berger757: posts small blind $0.01
edvards92: posts big blind $0.02
tridmax: sits out 
*** HOLE CARDS ***
Dealt to Dorex2007 [Ah 6s]
Dorex2007: folds 
agrielaios: raises $0.04 to $0.06
Roubyz: folds 
kiling1: folds 
berger757: folds 
edvards92: folds 
Uncalled bet ($0.04) returned to agrielaios
agrielaios collected $0.05 from pot
agrielaios: doesn't show hand 
*** SUMMARY ***
Total pot $0.05 | Rake $0 
Seat 1: Dorex2007 folded before Flop (didn't bet)
Seat 3: agrielaios collected ($0.05)
Seat 4: Roubyz folded before Flop (didn't bet)
Seat 5: kiling1 (button) folded before Flop (didn't bet)
Seat 6: berger757 (small blind) folded before Flop
Seat 7: edvards92 (big blind) folded before Flop



PokerStars Hand #227308694205:  Hold'em No Limit ($0.01/$0.02 USD) - 2021/06/03 21:05:16 PT [2021/06/04 0:05:16 ET]
Table 'Ibarruri' 9-max Seat #6 is the button
Seat 1: Dorex2007 ($4.71 in chips) 
Seat 3: agrielaios ($2.60 in chips) 
Seat 4: Roubyz ($2 in chips) 
Seat 5: kiling1 ($1.68 in chips) 
Seat 6: berger757 ($1.39 in chips) 
Seat 7: edvards92 ($4.94 in chips) 
Seat 9: tridmax ($2 in chips) 
edvards92: posts small blind $0.01
tridmax: posts big blind $0.02
*** HOLE CARDS ***
Dealt to Dorex2007 [7c 9d]
Dorex2007: folds 
agrielaios: calls $0.02
Roubyz: folds 
kiling1: calls $0.02
berger757: folds 
edvards92: raises $0.09 to $0.11
tridmax: folds 
agrielaios: calls $0.09
kiling1: folds 
*** FLOP *** [8c 3s 4d]
edvards92: bets $0.14
agrielaios: folds 
Uncalled bet ($0.14) returned to edvards92
edvards92 collected $0.25 from pot
edvards92: doesn't show hand 
*** SUMMARY ***
Total pot $0.26 | Rake $0.01 
Board [8c 3s 4d]
Seat 1: Dorex2007 folded before Flop (didn't bet)
Seat 3: agrielaios folded on the Flop
Seat 4: Roubyz folded before Flop (didn't bet)
Seat 5: kiling1 folded before Flop
Seat 6: berger757 (button) folded before Flop (didn't bet)
Seat 7: edvards92 (small blind) collected ($0.25)
Seat 9: tridmax (big blind) folded before Flop



PokerStars Hand #227308700852:  Hold'em No Limit ($0.01/$0.02 USD) - 2021/06/03 21:05:54 PT [2021/06/04 0:05:54 ET]
Table 'Ibarruri' 9-max Seat #7 is the button
Seat 1: Dorex2007 ($4.71 in chips) 
Seat 3: agrielaios ($2.49 in chips) 
Seat 4: Roubyz ($2 in chips) 
Seat 5: kiling1 ($1.66 in chips) 
Seat 6: berger757 ($1.39 in chips) 
Seat 7: edvards92 ($5.08 in chips) 
Seat 9: tridmax ($2 in chips) 
tridmax: posts small blind $0.01
Dorex2007: posts big blind $0.02
*** HOLE CARDS ***
Dealt to Dorex2007 [3d 5d]
agrielaios: folds 
Roubyz: folds 
kiling1: raises $0.04 to $0.06
berger757: folds 
edvards92: folds 
tridmax: raises $0.12 to $0.18
Dorex2007: folds 
kiling1: folds 
Uncalled bet ($0.12) returned to tridmax
tridmax collected $0.14 from pot
tridmax: doesn't show hand 
*** SUMMARY ***
Total pot $0.14 | Rake $0 
Seat 1: Dorex2007 (big blind) folded before Flop
Seat 3: agrielaios folded before Flop (didn't bet)
Seat 4: Roubyz folded before Flop (didn't bet)
Seat 5: kiling1 folded before Flop
Seat 6: berger757 folded before Flop (didn't bet)
Seat 7: edvards92 (button) folded before Flop (didn't bet)
Seat 9: tridmax (small blind) collected ($0.14)



PokerStars Hand #227308706742:  Hold'em No Limit ($0.01/$0.02 USD) - 2021/06/03 21:06:27 PT [2021/06/04 0:06:27 ET]
Table 'Ibarruri' 9-max Seat #9 is the button
Seat 1: Dorex2007 ($4.69 in chips) 
Seat 3: agrielaios ($2.49 in chips) 
Seat 4: Roubyz ($2 in chips) 
Seat 5: kiling1 ($1.60 in chips) 
Seat 6: berger757 ($1.39 in chips) 
Seat 7: edvards92 ($5.08 in chips) 
Seat 9: tridmax ($2.08 in chips) 
Dorex2007: posts small blind $0.01
agrielaios: posts big blind $0.02
asdabelle: sits out 
*** HOLE CARDS ***
Dealt to Dorex2007 [Ah 4s]
Roubyz: folds 
kiling1 has timed out
kiling1: folds 
berger757: calls $0.02
edvards92: folds 
tridmax: folds 
Dorex2007: calls $0.01
agrielaios: checks 
*** FLOP *** [Js 2s 8d]
Dorex2007: checks 
agrielaios: checks 
berger757: bets $0.06
Dorex2007: folds 
agrielaios: folds 
Uncalled bet ($0.06) returned to berger757
berger757 collected $0.06 from pot
berger757: doesn't show hand 
*** SUMMARY ***
Total pot $0.06 | Rake $0 
Board [Js 2s 8d]
Seat 1: Dorex2007 (small blind) folded on the Flop
Seat 3: agrielaios (big blind) folded on the Flop
Seat 4: Roubyz folded before Flop (didn't bet)
Seat 5: kiling1 folded before Flop (didn't bet)
Seat 6: berger757 collected ($0.06)
Seat 7: edvards92 folded before Flop (didn't bet)
Seat 9: tridmax (button) folded before Flop (didn't bet)



PokerStars Hand #227308715528:  Hold'em No Limit ($0.01/$0.02 USD) - 2021/06/03 21:07:18 PT [2021/06/04 0:07:18 ET]
Table 'Ibarruri' 9-max Seat #1 is the button
Seat 1: Dorex2007 ($4.67 in chips) 
Seat 3: agrielaios ($2.47 in chips) 
Seat 4: Roubyz ($2 in chips) 
Seat 5: kiling1 ($1.60 in chips) 
Seat 6: berger757 ($1.43 in chips) 
Seat 7: edvards92 ($5.08 in chips) 
Seat 9: tridmax ($2.08 in chips) 
agrielaios: posts small blind $0.01
Roubyz: posts big blind $0.02
asdabelle: sits out 
*** HOLE CARDS ***
Dealt to Dorex2007 [Qc Qd]
kiling1: calls $0.02
berger757: folds 
edvards92: folds 
tridmax: folds 
Dorex2007: raises $0.04 to $0.06
agrielaios: folds 
Roubyz: folds 
kiling1: raises $0.12 to $0.18
Dorex2007: raises $0.12 to $0.30
kiling1: calls $0.12
*** FLOP *** [9s As 2d]
kiling1: checks 
kiss248 leaves the table
Dorex2007: bets $0.18
kiling1: calls $0.18
*** TURN *** [9s As 2d] [4s]
kiling1: checks 
Dorex2007: bets $0.96
kiling1: folds 
Uncalled bet ($0.96) returned to Dorex2007
Dorex2007 collected $0.96 from pot
Dorex2007: doesn't show hand 
*** SUMMARY ***
Total pot $0.99 | Rake $0.03 
Board [9s As 2d 4s]
Seat 1: Dorex2007 (button) collected ($0.96)
Seat 3: agrielaios (small blind) folded before Flop
Seat 4: Roubyz (big blind) folded before Flop
Seat 5: kiling1 folded on the Turn
Seat 6: berger757 folded before Flop (didn't bet)
Seat 7: edvards92 folded before Flop (didn't bet)
Seat 9: tridmax folded before Flop (didn't bet)



PokerStars Hand #227308728710:  Hold'em No Limit ($0.01/$0.02 USD) - 2021/06/03 21:08:34 PT [2021/06/04 0:08:34 ET]
Table 'Ibarruri' 9-max Seat #3 is the button
Seat 1: Dorex2007 ($5.15 in chips) 
Seat 3: agrielaios ($2.46 in chips) 
Seat 4: Roubyz ($2 in chips) 
Seat 5: kiling1 ($1.12 in chips) 
Seat 6: berger757 ($1.43 in chips) 
Seat 7: edvards92 ($5.08 in chips) 
Seat 9: tridmax ($2.08 in chips) 
Roubyz: posts small blind $0.01
kiling1: posts big blind $0.02
asdabelle: sits out 
*** HOLE CARDS ***
Dealt to Dorex2007 [3h 4h]
berger757: folds 
edvards92: folds 
tridmax: folds 
Dorex2007: folds 
agrielaios: folds 
Roubyz: folds 
Uncalled bet ($0.01) returned to kiling1
kiling1 collected $0.02 from pot
kiling1: doesn't show hand 
*** SUMMARY ***
Total pot $0.02 | Rake $0 
Seat 1: Dorex2007 folded before Flop (didn't bet)
Seat 3: agrielaios (button) folded before Flop (didn't bet)
Seat 4: Roubyz (small blind) folded before Flop
Seat 5: kiling1 (big blind) collected ($0.02)
Seat 6: berger757 folded before Flop (didn't bet)
Seat 7: edvards92 folded before Flop (didn't bet)
Seat 9: tridmax folded before Flop (didn't bet)



PokerStars Hand #227308731297:  Hold'em No Limit ($0.01/$0.02 USD) - 2021/06/03 21:08:49 PT [2021/06/04 0:08:49 ET]
Table 'Ibarruri' 9-max Seat #4 is the button
Seat 1: Dorex2007 ($5.15 in chips) 
Seat 3: agrielaios ($2.46 in chips) 
Seat 4: Roubyz ($2 in chips) 
Seat 5: kiling1 ($1.13 in chips) 
Seat 6: berger757 ($1.43 in chips) 
Seat 7: edvards92 ($5.08 in chips) 
Seat 9: tridmax ($2.08 in chips) 
kiling1: posts small blind $0.01
berger757: posts big blind $0.02
asdabelle: sits out 
*** HOLE CARDS ***
Dealt to Dorex2007 [7h 2d]
edvards92: folds 
tridmax has timed out
tridmax: folds 
Dorex2007: folds 
agrielaios: folds 
Roubyz: folds 
kiling1: raises $0.04 to $0.06
berger757: folds 
Uncalled bet ($0.04) returned to kiling1
kiling1 collected $0.04 from pot
kiling1: doesn't show hand 
*** SUMMARY ***
Total pot $0.04 | Rake $0 
Seat 1: Dorex2007 folded before Flop (didn't bet)
Seat 3: agrielaios folded before Flop (didn't bet)
Seat 4: Roubyz (button) folded before Flop (didn't bet)
Seat 5: kiling1 (small blind) collected ($0.04)
Seat 6: berger757 (big blind) folded before Flop
Seat 7: edvards92 folded before Flop (didn't bet)
Seat 9: tridmax folded before Flop (didn't bet)



PokerStars Hand #227308744893:  Hold'em No Limit ($0.01/$0.02 USD) - 2021/06/03 21:09:19 PT [2021/06/04 0:09:19 ET]
Table 'Ibarruri' 9-max Seat #5 is the button
Seat 1: Dorex2007 ($5.15 in chips) 
Seat 3: agrielaios ($2.46 in chips) 
Seat 4: Roubyz ($2 in chips) 
Seat 5: kiling1 ($1.15 in chips) 
Seat 6: berger757 ($1.41 in chips) 
Seat 7: edvards92 ($5.08 in chips) 
Seat 9: tridmax ($2.08 in chips) 
berger757: posts small blind $0.01
edvards92: posts big blind $0.02
asdabelle: sits out 
*** HOLE CARDS ***
Dealt to Dorex2007 [Qs 5c]
tridmax: folds 
Dorex2007: folds 
agrielaios: folds 
Roubyz: raises $0.04 to $0.06
kiling1: folds 
berger757: folds 
vasiliy1188 joins the table at seat #2 
edvards92: folds 
Uncalled bet ($0.04) returned to Roubyz
Roubyz collected $0.05 from pot
Roubyz: doesn't show hand 
*** SUMMARY ***
Total pot $0.05 | Rake $0 
Seat 1: Dorex2007 folded before Flop (didn't bet)
Seat 3: agrielaios folded before Flop (didn't bet)
Seat 4: Roubyz collected ($0.05)
Seat 5: kiling1 (button) folded before Flop (didn't bet)
Seat 6: berger757 (small blind) folded before Flop
Seat 7: edvards92 (big blind) folded before Flop
Seat 9: tridmax folded before Flop (didn't bet)



PokerStars Hand #227308749059:  Hold'em No Limit ($0.01/$0.02 USD) - 2021/06/03 21:09:42 PT [2021/06/04 0:09:42 ET]
Table 'Ibarruri' 9-max Seat #6 is the button
Seat 1: Dorex2007 ($5.15 in chips) 
Seat 3: agrielaios ($2.46 in chips) 
Seat 4: Roubyz ($2.03 in chips) 
Seat 5: kiling1 ($1.15 in chips) 
Seat 6: berger757 ($1.40 in chips) 
Seat 7: edvards92 ($5.06 in chips) 
Seat 8: asdabelle ($0.86 in chips) 
Seat 9: tridmax ($2.08 in chips) 
edvards92: posts small blind $0.01
asdabelle: posts big blind $0.02
vasiliy1188: sits out 
*** HOLE CARDS ***
Dealt to Dorex2007 [Jd 6d]
tridmax: folds 
Dorex2007: folds 
agrielaios: raises $0.02 to $0.04
Roubyz: folds 
kiling1: folds 
berger757: folds 
edvards92: folds 
asdabelle has timed out
asdabelle: folds 
Uncalled bet ($0.02) returned to agrielaios
agrielaios collected $0.05 from pot
agrielaios: doesn't show hand 
*** SUMMARY ***
Total pot $0.05 | Rake $0 
Seat 1: Dorex2007 folded before Flop (didn't bet)
Seat 3: agrielaios collected ($0.05)
Seat 4: Roubyz folded before Flop (didn't bet)
Seat 5: kiling1 folded before Flop (didn't bet)
Seat 6: berger757 (button) folded before Flop (didn't bet)
Seat 7: edvards92 (small blind) folded before Flop
Seat 8: asdabelle (big blind) folded before Flop
Seat 9: tridmax folded before Flop (didn't bet)



PokerStars Hand #227308759544:  Hold'em No Limit ($0.01/$0.02 USD) - 2021/06/03 21:10:42 PT [2021/06/04 0:10:42 ET]
Table 'Ibarruri' 9-max Seat #7 is the button
Seat 1: Dorex2007 ($5.15 in chips) 
Seat 3: agrielaios ($2.49 in chips) 
Seat 4: Roubyz ($2.03 in chips) 
Seat 5: kiling1 ($1.15 in chips) 
Seat 6: berger757 ($1.40 in chips) 
Seat 7: edvards92 ($5.05 in chips) 
Seat 9: tridmax ($2.08 in chips) 
tridmax: posts small blind $0.01
Dorex2007: posts big blind $0.02
vasiliy1188: sits out 
*** HOLE CARDS ***
Dealt to Dorex2007 [5d 7c]
agrielaios: folds 
Roubyz: folds 
kiling1: folds 
berger757: calls $0.02
edvards92: folds 
tridmax: folds 
Dorex2007: checks 
*** FLOP *** [Kh 3h Jh]
Dorex2007: checks 
berger757: bets $0.05
Dorex2007: folds 
Uncalled bet ($0.05) returned to berger757
berger757 collected $0.05 from pot
berger757: doesn't show hand 
*** SUMMARY ***
Total pot $0.05 | Rake $0 
Board [Kh 3h Jh]
Seat 1: Dorex2007 (big blind) folded on the Flop
Seat 3: agrielaios folded before Flop (didn't bet)
Seat 4: Roubyz folded before Flop (didn't bet)
Seat 5: kiling1 folded before Flop (didn't bet)
Seat 6: berger757 collected ($0.05)
Seat 7: edvards92 (button) folded before Flop (didn't bet)
Seat 9: tridmax (small blind) folded before Flop



PokerStars Hand #227308766122:  Hold'em No Limit ($0.01/$0.02 USD) - 2021/06/03 21:11:19 PT [2021/06/04 0:11:19 ET]
Table 'Ibarruri' 9-max Seat #9 is the button
Seat 1: Dorex2007 ($5.13 in chips) 
Seat 2: vasiliy1188 ($1.60 in chips) 
Seat 3: agrielaios ($2.49 in chips) 
Seat 4: Roubyz ($2.03 in chips) 
Seat 5: kiling1 ($1.15 in chips) 
Seat 6: berger757 ($1.43 in chips) 
Seat 7: edvards92 ($5.05 in chips) 
Seat 9: tridmax ($2.07 in chips) 
Dorex2007: posts small blind $0.01
vasiliy1188: posts big blind $0.02
*** HOLE CARDS ***
Dealt to Dorex2007 [8s Qd]
agrielaios: folds 
Roubyz: folds 
kiling1: folds 
berger757: folds 
edvards92: folds 
tridmax: folds 
Dorex2007: raises $0.04 to $0.06
vasiliy1188: folds 
Uncalled bet ($0.04) returned to Dorex2007
Dorex2007 collected $0.04 from pot
Dorex2007: doesn't show hand 
*** SUMMARY ***
Total pot $0.04 | Rake $0 
Seat 1: Dorex2007 (small blind) collected ($0.04)
Seat 2: vasiliy1188 (big blind) folded before Flop
Seat 3: agrielaios folded before Flop (didn't bet)
Seat 4: Roubyz folded before Flop (didn't bet)
Seat 5: kiling1 folded before Flop (didn't bet)
Seat 6: berger757 folded before Flop (didn't bet)
Seat 7: edvards92 folded before Flop (didn't bet)
Seat 9: tridmax (button) folded before Flop (didn't bet)



PokerStars Hand #227308770682:  Hold'em No Limit ($0.01/$0.02 USD) - 2021/06/03 21:11:45 PT [2021/06/04 0:11:45 ET]
Table 'Ibarruri' 9-max Seat #1 is the button
Seat 1: Dorex2007 ($5.15 in chips) 
Seat 2: vasiliy1188 ($1.58 in chips) 
Seat 3: agrielaios ($2.49 in chips) 
Seat 4: Roubyz ($2.03 in chips) 
Seat 5: kiling1 ($1.15 in chips) 
Seat 6: berger757 ($1.43 in chips) 
Seat 7: edvards92 ($5.05 in chips) 
Seat 9: tridmax ($2.07 in chips) 
vasiliy1188: posts small blind $0.01
agrielaios: posts big blind $0.02
*** HOLE CARDS ***
Dealt to Dorex2007 [3c Ks]
Roubyz: folds 
kiling1: folds 
berger757: folds 
edvards92: folds 
tridmax: folds 
Dorex2007: folds 
vasiliy1188: folds 
Uncalled bet ($0.01) returned to agrielaios
agrielaios collected $0.02 from pot
agrielaios: doesn't show hand 
*** SUMMARY ***
Total pot $0.02 | Rake $0 
Seat 1: Dorex2007 (button) folded before Flop (didn't bet)
Seat 2: vasiliy1188 (small blind) folded before Flop
Seat 3: agrielaios (big blind) collected ($0.02)
Seat 4: Roubyz folded before Flop (didn't bet)
Seat 5: kiling1 folded before Flop (didn't bet)
Seat 6: berger757 folded before Flop (didn't bet)
Seat 7: edvards92 folded before Flop (didn't bet)
Seat 9: tridmax folded before Flop (didn't bet)



PokerStars Hand #227308775978:  Hold'em No Limit ($0.01/$0.02 USD) - 2021/06/03 21:12:15 PT [2021/06/04 0:12:15 ET]
Table 'Ibarruri' 9-max Seat #2 is the button
Seat 1: Dorex2007 ($5.15 in chips) 
Seat 2: vasiliy1188 ($1.57 in chips) 
Seat 3: agrielaios ($2.50 in chips) 
Seat 4: Roubyz ($2.03 in chips) 
Seat 5: kiling1 ($1.15 in chips) 
Seat 6: berger757 ($1.43 in chips) 
Seat 7: edvards92 ($5.05 in chips) 
Seat 9: tridmax ($2.07 in chips) 
agrielaios: posts small blind $0.01
Roubyz: posts big blind $0.02
*** HOLE CARDS ***
Dealt to Dorex2007 [Jc 4d]
kiling1: calls $0.02
berger757: folds 
edvards92: raises $0.06 to $0.08
tridmax: folds 
Dorex2007: folds 
vasiliy1188: calls $0.08
agrielaios: calls $0.07
Roubyz: folds 
kiling1: calls $0.06
*** FLOP *** [8s Qh 2c]
agrielaios: checks 
kiling1: checks 
edvards92: checks 
vasiliy1188: bets $0.16
agrielaios: raises $0.20 to $0.36
kiling1: calls $0.36
edvards92: folds 
vasiliy1188: calls $0.20
*** TURN *** [8s Qh 2c] [Th]
agrielaios: checks 
kiling1: checks 
vasiliy1188: bets $1.13 and is all-in
agrielaios: folds 
kiling1: folds 
Uncalled bet ($1.13) returned to vasiliy1188
vasiliy1188 collected $1.37 from pot
vasiliy1188: doesn't show hand 
*** SUMMARY ***
Total pot $1.42 | Rake $0.05 
Board [8s Qh 2c Th]
Seat 1: Dorex2007 folded before Flop (didn't bet)
Seat 2: vasiliy1188 (button) collected ($1.37)
Seat 3: agrielaios (small blind) folded on the Turn
Seat 4: Roubyz (big blind) folded before Flop
Seat 5: kiling1 folded on the Turn
Seat 6: berger757 folded before Flop (didn't bet)
Seat 7: edvards92 folded on the Flop
Seat 9: tridmax folded before Flop (didn't bet)



PokerStars Hand #227308800310:  Hold'em No Limit ($0.01/$0.02 USD) - 2021/06/03 21:14:37 PT [2021/06/04 0:14:37 ET]
Table 'Ibarruri' 9-max Seat #3 is the button
Seat 1: Dorex2007 ($5.15 in chips) 
Seat 2: vasiliy1188 ($2.50 in chips) 
Seat 3: agrielaios ($2.06 in chips) 
Seat 4: Roubyz ($2.01 in chips) 
Seat 5: kiling1 ($0.71 in chips) 
Seat 6: berger757 ($1.43 in chips) 
Seat 7: edvards92 ($4.97 in chips) 
Seat 9: tridmax ($2.07 in chips) 
Roubyz: posts small blind $0.01
kiling1: posts big blind $0.02
asdabelle: sits out 
*** HOLE CARDS ***
Dealt to Dorex2007 [Qd Kh]
berger757: folds 
edvards92: folds 
tridmax: folds 
Dorex2007: raises $0.04 to $0.06
vasiliy1188: raises $0.04 to $0.10
agrielaios: calls $0.10
Roubyz: folds 
kiling1: folds 
Dorex2007: calls $0.04
*** FLOP *** [4h 4s 5s]
Dorex2007: checks 
vasiliy1188: bets $0.10
agrielaios: folds 
Dorex2007: folds 
Uncalled bet ($0.10) returned to vasiliy1188
vasiliy1188 collected $0.32 from pot
vasiliy1188: doesn't show hand 
*** SUMMARY ***
Total pot $0.33 | Rake $0.01 
Board [4h 4s 5s]
Seat 1: Dorex2007 folded on the Flop
Seat 2: vasiliy1188 collected ($0.32)
Seat 3: agrielaios (button) folded on the Flop
Seat 4: Roubyz (small blind) folded before Flop
Seat 5: kiling1 (big blind) folded before Flop
Seat 6: berger757 folded before Flop (didn't bet)
Seat 7: edvards92 folded before Flop (didn't bet)
Seat 9: tridmax folded before Flop (didn't bet)



PokerStars Hand #227308807801:  Hold'em No Limit ($0.01/$0.02 USD) - 2021/06/03 21:15:19 PT [2021/06/04 0:15:19 ET]
Table 'Ibarruri' 9-max Seat #4 is the button
Seat 1: Dorex2007 ($5.05 in chips) 
Seat 2: vasiliy1188 ($2.72 in chips) 
Seat 3: agrielaios ($1.96 in chips) 
Seat 4: Roubyz ($2 in chips) 
Seat 5: kiling1 ($0.83 in chips) 
Seat 6: berger757 ($1.43 in chips) 
Seat 7: edvards92 ($4.97 in chips) 
Seat 9: tridmax ($2.07 in chips) 
kiling1: posts small blind $0.01
berger757: posts big blind $0.02
asdabelle: sits out 
*** HOLE CARDS ***
Dealt to Dorex2007 [8s Th]
edvards92: folds 
tridmax: folds 
Dorex2007: folds 
vasiliy1188: folds 
agrielaios: folds 
Roubyz: folds 
kiling1: raises $0.04 to $0.06
berger757: raises $0.06 to $0.12
kiling1: folds 
Uncalled bet ($0.06) returned to berger757
berger757 collected $0.12 from pot
berger757: doesn't show hand 
*** SUMMARY ***
Total pot $0.12 | Rake $0 
Seat 1: Dorex2007 folded before Flop (didn't bet)
Seat 2: vasiliy1188 folded before Flop (didn't bet)
Seat 3: agrielaios folded before Flop (didn't bet)
Seat 4: Roubyz (button) folded before Flop (didn't bet)
Seat 5: kiling1 (small blind) folded before Flop
Seat 6: berger757 (big blind) collected ($0.12)
Seat 7: edvards92 folded before Flop (didn't bet)
Seat 9: tridmax folded before Flop (didn't bet)



PokerStars Hand #227308813956:  Hold'em No Limit ($0.01/$0.02 USD) - 2021/06/03 21:15:55 PT [2021/06/04 0:15:55 ET]
Table 'Ibarruri' 9-max Seat #5 is the button
Seat 1: Dorex2007 ($5.05 in chips) 
Seat 2: vasiliy1188 ($2.72 in chips) 
Seat 3: agrielaios ($1.96 in chips) 
Seat 4: Roubyz ($2 in chips) 
Seat 5: kiling1 ($0.77 in chips) 
Seat 6: berger757 ($1.49 in chips) 
Seat 7: edvards92 ($4.97 in chips) 
Seat 9: tridmax ($2.07 in chips) 
berger757: posts small blind $0.01
edvards92: posts big blind $0.02
asdabelle: sits out 
*** HOLE CARDS ***
Dealt to Dorex2007 [7d 5c]
tridmax: folds 
Dorex2007: folds 
vasiliy1188: calls $0.02
agrielaios: raises $0.06 to $0.08
Roubyz: folds 
kiling1: folds 
berger757: folds 
edvards92: folds 
vasiliy1188: calls $0.06
*** FLOP *** [8c Jh Qs]
vasiliy1188: bets $0.12
agrielaios: raises $0.21 to $0.33
vasiliy1188: raises $0.32 to $0.65
agrielaios: raises $0.32 to $0.97
vasiliy1188: raises $0.32 to $1.29
agrielaios: raises $0.59 to $1.88 and is all-in
vasiliy1188: calls $0.59
*** TURN *** [8c Jh Qs] [9h]
kiling1 leaves the table
*** RIVER *** [8c Jh Qs 9h] [Js]
*** SHOW DOWN ***
vasiliy1188: shows [Tc 9s] (a straight, Eight to Queen)
agrielaios: shows [As Kc] (a pair of Jacks)
vasiliy1188 cashed out the hand for $3.29 | Cash Out Fee $0.03
*** SUMMARY ***
Total pot $3.95 | Rake $0.14 
Board [8c Jh Qs 9h Js]
Seat 1: Dorex2007 folded before Flop (didn't bet)
Seat 2: vasiliy1188 showed [Tc 9s] and won ($3.81) with a straight, Eight to Queen (pot not awarded as player cashed out)
Seat 3: agrielaios showed [As Kc] and lost with a pair of Jacks
Seat 4: Roubyz folded before Flop (didn't bet)
Seat 5: kiling1 (button) folded before Flop (didn't bet)
Seat 6: berger757 (small blind) folded before Flop
Seat 7: edvards92 (big blind) folded before Flop
Seat 9: tridmax folded before Flop (didn't bet)



PokerStars Hand #227308828133:  Hold'em No Limit ($0.01/$0.02 USD) - 2021/06/03 21:17:17 PT [2021/06/04 0:17:17 ET]
Table 'Ibarruri' 9-max Seat #6 is the button
Seat 1: Dorex2007 ($5.05 in chips) 
Seat 2: vasiliy1188 ($4.05 in chips) 
Seat 4: Roubyz ($2 in chips) 
Seat 6: berger757 ($1.48 in chips) 
Seat 7: edvards92 ($4.95 in chips) 
Seat 8: asdabelle ($0.84 in chips) 
Seat 9: tridmax ($2.07 in chips) 
edvards92: posts small blind $0.01
asdabelle: posts big blind $0.02
*** HOLE CARDS ***
Dealt to Dorex2007 [3d 5d]
tridmax: folds 
Dorex2007: folds 
vasiliy1188: calls $0.02
Roubyz: folds 
berger757: raises $0.04 to $0.06
edvards92: folds 
agrielaios leaves the table
asdabelle: folds 
vasiliy1188: calls $0.04
*** FLOP *** [Ah 7d Qc]
vasiliy1188: checks 
berger757: bets $0.07
vasiliy1188: calls $0.07
*** TURN *** [Ah 7d Qc] [6s]
vasiliy1188: checks 
berger757: bets $0.08
vasiliy1188: folds 
Uncalled bet ($0.08) returned to berger757
berger757 collected $0.28 from pot
berger757: doesn't show hand 
*** SUMMARY ***
Total pot $0.29 | Rake $0.01 
Board [Ah 7d Qc 6s]
Seat 1: Dorex2007 folded before Flop (didn't bet)
Seat 2: vasiliy1188 folded on the Turn
Seat 4: Roubyz folded before Flop (didn't bet)
Seat 6: berger757 (button) collected ($0.28)
Seat 7: edvards92 (small blind) folded before Flop
Seat 8: asdabelle (big blind) folded before Flop
Seat 9: tridmax folded before Flop (didn't bet)



