PokerStars Hand #238031314640:  Hold'em No Limit ($0.01/$0.02 USD) - 2022/08/16 13:17:46 PT [2022/08/16 16:17:46 ET]
Table 'Giclas III' 9-max Seat #4 is the button
Seat 1: Zorro1361 ($0.72 in chips) 
Seat 2: Hamidjon93 ($2.12 in chips) 
Seat 3: Dorex2007 ($2 in chips) 
Seat 4: Candraphon ($1.97 in chips) 
Seat 7: *VM*727 ($2.19 in chips) 
Seat 8: Ethomikse ($2.39 in chips) 
Seat 9: Nemtes04 ($1.73 in chips) 
*VM*727: posts small blind $0.01
Ethomikse: posts big blind $0.02
Dorex2007: posts big blind $0.02
*** HOLE CARDS ***
Dealt to Dorex2007 [Ad 3d]
Nemtes04: raises $0.02 to $0.04
Zorro1361: folds 
Hamidjon93: calls $0.04
Elphara199 leaves the table
afty84 joins the table at seat #6 
Dorex2007: folds 
Candraphon: folds 
*VM*727: raises $2.15 to $2.19 and is all-in
Ethomikse: folds 
Nemtes04: folds 
Hamidjon93: folds 
Uncalled bet ($2.15) returned to *VM*727
*VM*727 collected $0.16 from pot
*VM*727: doesn't show hand 
*** SUMMARY ***
Total pot $0.16 | Rake $0 
Seat 1: Zorro1361 folded before Flop (didn't bet)
Seat 2: Hamidjon93 folded before Flop
Seat 3: Dorex2007 folded before Flop (didn't bet)
Seat 4: Candraphon (button) folded before Flop (didn't bet)
Seat 7: *VM*727 (small blind) collected ($0.16)
Seat 8: Ethomikse (big blind) folded before Flop
Seat 9: Nemtes04 folded before Flop



PokerStars Hand #238031338922:  Hold'em No Limit ($0.01/$0.02 USD) - 2022/08/16 13:18:49 PT [2022/08/16 16:18:49 ET]
Table 'Giclas III' 9-max Seat #7 is the button
Seat 1: Zorro1361 ($0.72 in chips) 
Seat 2: Hamidjon93 ($2.08 in chips) 
Seat 3: Dorex2007 ($2 in chips) 
Seat 4: Candraphon ($1.97 in chips) 
Seat 5: StanimirStoilov ($1.60 in chips) 
Seat 6: afty84 ($1.60 in chips) 
Seat 7: *VM*727 ($2.31 in chips) 
Seat 8: Ethomikse ($2.37 in chips) 
Seat 9: Nemtes04 ($1.69 in chips) 
Ethomikse: posts small blind $0.01
Nemtes04: posts big blind $0.02
StanimirStoilov: posts big blind $0.02
afty84: posts big blind $0.02
*** HOLE CARDS ***
Dealt to Dorex2007 [3s Td]
Zorro1361: folds 
Hamidjon93: folds 
Dorex2007: folds 
Candraphon: folds 
StanimirStoilov: checks 
afty84: checks 
*VM*727: calls $0.02
Ethomikse: folds 
Nemtes04: checks 
*** FLOP *** [Th Ks 6s]
Nemtes04: checks 
StanimirStoilov: checks 
afty84: checks 
*VM*727: bets $0.04
Nemtes04: folds 
StanimirStoilov: folds 
afty84: folds 
Uncalled bet ($0.04) returned to *VM*727
*VM*727 collected $0.09 from pot
*VM*727: doesn't show hand 
*** SUMMARY ***
Total pot $0.09 | Rake $0 
Board [Th Ks 6s]
Seat 1: Zorro1361 folded before Flop (didn't bet)
Seat 2: Hamidjon93 folded before Flop (didn't bet)
Seat 3: Dorex2007 folded before Flop (didn't bet)
Seat 4: Candraphon folded before Flop (didn't bet)
Seat 5: StanimirStoilov folded on the Flop (didn't bet)
Seat 6: afty84 folded on the Flop (didn't bet)
Seat 7: *VM*727 (button) collected ($0.09)
Seat 8: Ethomikse (small blind) folded before Flop
Seat 9: Nemtes04 (big blind) folded on the Flop



PokerStars Hand #238031355033:  Hold'em No Limit ($0.01/$0.02 USD) - 2022/08/16 13:19:30 PT [2022/08/16 16:19:30 ET]
Table 'Giclas III' 9-max Seat #8 is the button
Seat 1: Zorro1361 ($0.72 in chips) 
Seat 2: Hamidjon93 ($2.08 in chips) 
Seat 3: Dorex2007 ($2 in chips) 
Seat 4: Candraphon ($1.97 in chips) 
Seat 5: StanimirStoilov ($1.58 in chips) 
Seat 6: afty84 ($1.58 in chips) 
Seat 7: *VM*727 ($2.38 in chips) 
Seat 8: Ethomikse ($2.36 in chips) 
Seat 9: Nemtes04 ($1.67 in chips) 
Nemtes04: posts small blind $0.01
Zorro1361: posts big blind $0.02
*** HOLE CARDS ***
Dealt to Dorex2007 [5d Td]
Hamidjon93: folds 
Dorex2007: folds 
Candraphon: folds 
StanimirStoilov: calls $0.02
afty84: calls $0.02
*VM*727: folds 
Ethomikse: folds 
Nemtes04: calls $0.01
Zorro1361: checks 
*** FLOP *** [3c Jc 6d]
Nemtes04: checks 
Zorro1361: checks 
StanimirStoilov: bets $0.02
afty84: folds 
Nemtes04: folds 
Zorro1361: folds 
Uncalled bet ($0.02) returned to StanimirStoilov
StanimirStoilov collected $0.08 from pot
StanimirStoilov: doesn't show hand 
*** SUMMARY ***
Total pot $0.08 | Rake $0 
Board [3c Jc 6d]
Seat 1: Zorro1361 (big blind) folded on the Flop
Seat 2: Hamidjon93 folded before Flop (didn't bet)
Seat 3: Dorex2007 folded before Flop (didn't bet)
Seat 4: Candraphon folded before Flop (didn't bet)
Seat 5: StanimirStoilov collected ($0.08)
Seat 6: afty84 folded on the Flop
Seat 7: *VM*727 folded before Flop (didn't bet)
Seat 8: Ethomikse (button) folded before Flop (didn't bet)
Seat 9: Nemtes04 (small blind) folded on the Flop



PokerStars Hand #238031370007:  Hold'em No Limit ($0.01/$0.02 USD) - 2022/08/16 13:20:08 PT [2022/08/16 16:20:08 ET]
Table 'Giclas III' 9-max Seat #9 is the button
Seat 1: Zorro1361 ($0.70 in chips) 
Seat 2: Hamidjon93 ($2.08 in chips) 
Seat 3: Dorex2007 ($2 in chips) 
Seat 4: Candraphon ($1.97 in chips) 
Seat 5: StanimirStoilov ($1.64 in chips) 
Seat 6: afty84 ($1.56 in chips) 
Seat 7: *VM*727 ($2.38 in chips) 
Seat 8: Ethomikse ($2.36 in chips) 
Seat 9: Nemtes04 ($1.65 in chips) 
Zorro1361: posts small blind $0.01
Hamidjon93: posts big blind $0.02
*** HOLE CARDS ***
Dealt to Dorex2007 [Kc Td]
Dorex2007: folds 
Candraphon: folds 
StanimirStoilov: folds 
afty84: folds 
*VM*727: calls $0.02
Ethomikse: folds 
Nemtes04: folds 
Zorro1361: calls $0.01
Hamidjon93: checks 
*** FLOP *** [3s As Qh]
Zorro1361: checks 
Hamidjon93: checks 
*VM*727: checks 
*** TURN *** [3s As Qh] [Tc]
Zorro1361: checks 
Hamidjon93: checks 
*VM*727: checks 
*** RIVER *** [3s As Qh Tc] [9d]
Zorro1361: checks 
Hamidjon93: checks 
*VM*727: checks 
*** SHOW DOWN ***
Zorro1361: shows [4s 2s] (high card Ace)
Hamidjon93: shows [8c 4d] (high card Ace - Queen+Ten+Nine+Eight kicker)
*VM*727: shows [5h 5d] (a pair of Fives)
*VM*727 collected $0.06 from pot
*** SUMMARY ***
Total pot $0.06 | Rake $0 
Board [3s As Qh Tc 9d]
Seat 1: Zorro1361 (small blind) showed [4s 2s] and lost with high card Ace
Seat 2: Hamidjon93 (big blind) showed [8c 4d] and lost with high card Ace
Seat 3: Dorex2007 folded before Flop (didn't bet)
Seat 4: Candraphon folded before Flop (didn't bet)
Seat 5: StanimirStoilov folded before Flop (didn't bet)
Seat 6: afty84 folded before Flop (didn't bet)
Seat 7: *VM*727 showed [5h 5d] and won ($0.06) with a pair of Fives
Seat 8: Ethomikse folded before Flop (didn't bet)
Seat 9: Nemtes04 (button) folded before Flop (didn't bet)



PokerStars Hand #238031392149:  Hold'em No Limit ($0.01/$0.02 USD) - 2022/08/16 13:21:05 PT [2022/08/16 16:21:05 ET]
Table 'Giclas III' 9-max Seat #1 is the button
Seat 1: Zorro1361 ($0.68 in chips) 
Seat 2: Hamidjon93 ($2.06 in chips) 
Seat 3: Dorex2007 ($2 in chips) 
Seat 4: Candraphon ($1.97 in chips) 
Seat 5: StanimirStoilov ($1.64 in chips) 
Seat 6: afty84 ($1.56 in chips) 
Seat 7: *VM*727 ($2.42 in chips) 
Seat 8: Ethomikse ($2.36 in chips) 
Seat 9: Nemtes04 ($1.65 in chips) 
Hamidjon93: posts small blind $0.01
Dorex2007: posts big blind $0.02
*** HOLE CARDS ***
Dealt to Dorex2007 [Th 9h]
Candraphon: folds 
StanimirStoilov: folds 
afty84: folds 
*VM*727: folds 
Ethomikse: raises $0.05 to $0.07
Nemtes04: raises $0.05 to $0.12
Zorro1361: folds 
Hamidjon93: folds 
Dorex2007: folds 
Ethomikse: calls $0.05
*** FLOP *** [Ad 9s 3h]
Ethomikse: checks 
Zorro1361 leaves the table
Nemtes04: bets $0.10
Ethomikse: calls $0.10
*** TURN *** [Ad 9s 3h] [5c]
Ethomikse: checks 
Nemtes04: bets $0.10
diezezequiel joins the table at seat #1 
Ethomikse: raises $0.10 to $0.20
Nemtes04: raises $0.10 to $0.30
Ethomikse: calls $0.10
*** RIVER *** [Ad 9s 3h 5c] [3d]
Ethomikse: checks 
Nemtes04: bets $1.13 and is all-in
Ethomikse: folds 
Uncalled bet ($1.13) returned to Nemtes04
Nemtes04 collected $1.02 from pot
*** SUMMARY ***
Total pot $1.07 | Rake $0.05 
Board [Ad 9s 3h 5c 3d]
Seat 1: Zorro1361 (button) folded before Flop (didn't bet)
Seat 2: Hamidjon93 (small blind) folded before Flop
Seat 3: Dorex2007 (big blind) folded before Flop
Seat 4: Candraphon folded before Flop (didn't bet)
Seat 5: StanimirStoilov folded before Flop (didn't bet)
Seat 6: afty84 folded before Flop (didn't bet)
Seat 7: *VM*727 folded before Flop (didn't bet)
Seat 8: Ethomikse folded on the River
Seat 9: Nemtes04 collected ($1.02)



PokerStars Hand #238031420645:  Hold'em No Limit ($0.01/$0.02 USD) - 2022/08/16 13:22:19 PT [2022/08/16 16:22:19 ET]
Table 'Giclas III' 9-max Seat #2 is the button
Seat 2: Hamidjon93 ($2.05 in chips) 
Seat 3: Dorex2007 ($2 in chips) 
Seat 4: Candraphon ($1.97 in chips) 
Seat 5: StanimirStoilov ($1.64 in chips) 
Seat 6: afty84 ($1.56 in chips) 
Seat 7: *VM*727 ($2.42 in chips) 
Seat 8: Ethomikse ($2 in chips) 
Seat 9: Nemtes04 ($2.15 in chips) 
Dorex2007: posts small blind $0.01
Candraphon: posts big blind $0.02
diezezequiel: sits out 
*** HOLE CARDS ***
Dealt to Dorex2007 [Qc 6h]
StanimirStoilov: folds 
afty84: folds 
*VM*727: folds 
Ethomikse: folds 
Nemtes04: folds 
Hamidjon93: raises $0.03 to $0.05
Dorex2007: folds 
Candraphon: folds 
Uncalled bet ($0.03) returned to Hamidjon93
Hamidjon93 collected $0.05 from pot
Hamidjon93: doesn't show hand 
*** SUMMARY ***
Total pot $0.05 | Rake $0 
Seat 2: Hamidjon93 (button) collected ($0.05)
Seat 3: Dorex2007 (small blind) folded before Flop
Seat 4: Candraphon (big blind) folded before Flop
Seat 5: StanimirStoilov folded before Flop (didn't bet)
Seat 6: afty84 folded before Flop (didn't bet)
Seat 7: *VM*727 folded before Flop (didn't bet)
Seat 8: Ethomikse folded before Flop (didn't bet)
Seat 9: Nemtes04 folded before Flop (didn't bet)



PokerStars Hand #238031431468:  Hold'em No Limit ($0.01/$0.02 USD) - 2022/08/16 13:22:46 PT [2022/08/16 16:22:46 ET]
Table 'Giclas III' 9-max Seat #3 is the button
Seat 1: diezezequiel ($2 in chips) 
Seat 2: Hamidjon93 ($2.08 in chips) 
Seat 3: Dorex2007 ($2 in chips) 
Seat 4: Candraphon ($1.95 in chips) 
Seat 5: StanimirStoilov ($1.64 in chips) 
Seat 6: afty84 ($1.56 in chips) 
Seat 7: *VM*727 ($2.42 in chips) 
Seat 8: Ethomikse ($2 in chips) 
Seat 9: Nemtes04 ($2.15 in chips) 
Candraphon: posts small blind $0.01
StanimirStoilov: posts big blind $0.02
diezezequiel: posts big blind $0.02
*** HOLE CARDS ***
Dealt to Dorex2007 [3d 7s]
afty84: folds 
*VM*727: calls $0.02
Ethomikse: folds 
Nemtes04: folds 
diezezequiel: checks 
Hamidjon93: folds 
Dorex2007: folds 
Candraphon: calls $0.01
StanimirStoilov: checks 
*** FLOP *** [4c 2c Ac]
Candraphon: checks 
StanimirStoilov: bets $0.02
*VM*727: folds 
diezezequiel: folds 
Candraphon: folds 
Uncalled bet ($0.02) returned to StanimirStoilov
StanimirStoilov collected $0.08 from pot
StanimirStoilov: doesn't show hand 
*** SUMMARY ***
Total pot $0.08 | Rake $0 
Board [4c 2c Ac]
Seat 1: diezezequiel folded on the Flop (didn't bet)
Seat 2: Hamidjon93 folded before Flop (didn't bet)
Seat 3: Dorex2007 (button) folded before Flop (didn't bet)
Seat 4: Candraphon (small blind) folded on the Flop
Seat 5: StanimirStoilov (big blind) collected ($0.08)
Seat 6: afty84 folded before Flop (didn't bet)
Seat 7: *VM*727 folded on the Flop
Seat 8: Ethomikse folded before Flop (didn't bet)
Seat 9: Nemtes04 folded before Flop (didn't bet)



PokerStars Hand #238031446705:  Hold'em No Limit ($0.01/$0.02 USD) - 2022/08/16 13:23:25 PT [2022/08/16 16:23:25 ET]
Table 'Giclas III' 9-max Seat #4 is the button
Seat 1: diezezequiel ($1.98 in chips) 
Seat 2: Hamidjon93 ($2.08 in chips) 
Seat 3: Dorex2007 ($2 in chips) 
Seat 4: Candraphon ($1.93 in chips) 
Seat 5: StanimirStoilov ($1.70 in chips) 
Seat 6: afty84 ($1.56 in chips) 
Seat 7: *VM*727 ($2.40 in chips) 
Seat 8: Ethomikse ($2 in chips) 
Seat 9: Nemtes04 ($2.15 in chips) 
StanimirStoilov: posts small blind $0.01
afty84: posts big blind $0.02
*** HOLE CARDS ***
Dealt to Dorex2007 [9s 4c]
*VM*727: folds 
Ethomikse: folds 
Nemtes04: folds 
diezezequiel: folds 
Hamidjon93: raises $0.03 to $0.05
Dorex2007: folds 
Candraphon: raises $0.03 to $0.08
StanimirStoilov: calls $0.07
afty84: folds 
Hamidjon93: calls $0.03
*** FLOP *** [Js Qc 3h]
StanimirStoilov: checks 
Hamidjon93: checks 
afty84 leaves the table
*VM*727 leaves the table
Candraphon: checks 
*** TURN *** [Js Qc 3h] [Td]
StanimirStoilov: bets $0.04
Hamidjon93: folds 
Candraphon: calls $0.04
*** RIVER *** [Js Qc 3h Td] [3c]
StanimirStoilov: bets $0.06
Candraphon: raises $0.10 to $0.16
StanimirStoilov: folds 
Uncalled bet ($0.10) returned to Candraphon
Candraphon collected $0.44 from pot
Candraphon: doesn't show hand 
*** SUMMARY ***
Total pot $0.46 | Rake $0.02 
Board [Js Qc 3h Td 3c]
Seat 1: diezezequiel folded before Flop (didn't bet)
Seat 2: Hamidjon93 folded on the Turn
Seat 3: Dorex2007 folded before Flop (didn't bet)
Seat 4: Candraphon (button) collected ($0.44)
Seat 5: StanimirStoilov (small blind) folded on the River
Seat 6: afty84 (big blind) folded before Flop
Seat 7: *VM*727 folded before Flop (didn't bet)
Seat 8: Ethomikse folded before Flop (didn't bet)
Seat 9: Nemtes04 folded before Flop (didn't bet)



PokerStars Hand #238031488936:  Hold'em No Limit ($0.01/$0.02 USD) - 2022/08/16 13:24:58 PT [2022/08/16 16:24:58 ET]
Table 'Giclas III' 9-max Seat #5 is the button
Seat 1: diezezequiel ($1.98 in chips) 
Seat 2: Hamidjon93 ($2 in chips) 
Seat 3: Dorex2007 ($2 in chips) 
Seat 4: Candraphon ($2.19 in chips) 
Seat 5: StanimirStoilov ($1.52 in chips) 
Seat 8: Ethomikse ($2 in chips) 
Seat 9: Nemtes04 ($2.15 in chips) 
Ethomikse: posts small blind $0.01
Nemtes04: posts big blind $0.02
*** HOLE CARDS ***
Dealt to Dorex2007 [4s Th]
diezezequiel: folds 
Hamidjon93: folds 
Dorex2007: folds 
Candraphon: folds 
StanimirStoilov: folds 
Ethomikse: folds 
Uncalled bet ($0.01) returned to Nemtes04
Nemtes04 collected $0.02 from pot
*** SUMMARY ***
Total pot $0.02 | Rake $0 
Seat 1: diezezequiel folded before Flop (didn't bet)
Seat 2: Hamidjon93 folded before Flop (didn't bet)
Seat 3: Dorex2007 folded before Flop (didn't bet)
Seat 4: Candraphon folded before Flop (didn't bet)
Seat 5: StanimirStoilov (button) folded before Flop (didn't bet)
Seat 8: Ethomikse (small blind) folded before Flop
Seat 9: Nemtes04 (big blind) collected ($0.02)



PokerStars Hand #238031494750:  Hold'em No Limit ($0.01/$0.02 USD) - 2022/08/16 13:25:13 PT [2022/08/16 16:25:13 ET]
Table 'Giclas III' 9-max Seat #8 is the button
Seat 1: diezezequiel ($1.98 in chips) 
Seat 2: Hamidjon93 ($2 in chips) 
Seat 3: Dorex2007 ($2 in chips) 
Seat 4: Candraphon ($2.19 in chips) 
Seat 5: StanimirStoilov ($1.52 in chips) 
Seat 8: Ethomikse ($2 in chips) 
Seat 9: Nemtes04 ($2.16 in chips) 
Nemtes04: posts small blind $0.01
diezezequiel: posts big blind $0.02
*** HOLE CARDS ***
Dealt to Dorex2007 [3h Qh]
Hamidjon93: folds 
Dorex2007: folds 
Candraphon: folds 
StanimirStoilov: calls $0.02
Ethomikse: raises $0.07 to $0.09
Nemtes04: raises $0.07 to $0.16
diezezequiel: folds 
StanimirStoilov: raises $0.07 to $0.23
Ethomikse: folds 
Nemtes04: calls $0.07
*** FLOP *** [9d 7c Jc]
Nemtes04: bets $0.10
StanimirStoilov: raises $0.10 to $0.20
Nemtes04: raises $0.10 to $0.30
StanimirStoilov: raises $0.10 to $0.40
Nemtes04: raises $0.10 to $0.50
StanimirStoilov: raises $0.79 to $1.29 and is all-in
Nemtes04: calls $0.79
*** TURN *** [9d 7c Jc] [Th]
*** RIVER *** [9d 7c Jc Th] [2d]
*** SHOW DOWN ***
Nemtes04: shows [Ad Kc] (high card Ace)
StanimirStoilov: shows [Kh Ks] (a pair of Kings)
StanimirStoilov collected $3.04 from pot
*** SUMMARY ***
Total pot $3.15 | Rake $0.11 
Board [9d 7c Jc Th 2d]
Seat 1: diezezequiel (big blind) folded before Flop
Seat 2: Hamidjon93 folded before Flop (didn't bet)
Seat 3: Dorex2007 folded before Flop (didn't bet)
Seat 4: Candraphon folded before Flop (didn't bet)
Seat 5: StanimirStoilov showed [Kh Ks] and won ($3.04) with a pair of Kings
Seat 8: Ethomikse (button) folded before Flop
Seat 9: Nemtes04 (small blind) showed [Ad Kc] and lost with high card Ace



PokerStars Hand #238031520785:  Hold'em No Limit ($0.01/$0.02 USD) - 2022/08/16 13:26:21 PT [2022/08/16 16:26:21 ET]
Table 'Giclas III' 9-max Seat #9 is the button
Seat 1: diezezequiel ($1.96 in chips) 
Seat 2: Hamidjon93 ($2 in chips) 
Seat 3: Dorex2007 ($2 in chips) 
Seat 4: Candraphon ($2.19 in chips) 
Seat 5: StanimirStoilov ($3.04 in chips) 
Seat 8: Ethomikse ($2 in chips) 
Seat 9: Nemtes04 ($0.64 in chips) 
diezezequiel: posts small blind $0.01
Hamidjon93: posts big blind $0.02
*** HOLE CARDS ***
Dealt to Dorex2007 [6c 6h]
psernest joins the table at seat #6 
Dorex2007: calls $0.02
Candraphon: folds 
StanimirStoilov: calls $0.02
Ethomikse: folds 
Nemtes04: calls $0.02
diezezequiel: calls $0.01
Hamidjon93: raises $0.12 to $0.14
Dorex2007: raises $1.86 to $2 and is all-in
StanimirStoilov: folds 
wagoner178 joins the table at seat #7 
Nemtes04: folds 
diezezequiel: folds 
Hamidjon93: folds 
Uncalled bet ($1.86) returned to Dorex2007
Dorex2007 collected $0.34 from pot
Dorex2007: doesn't show hand 
*** SUMMARY ***
Total pot $0.34 | Rake $0 
Seat 1: diezezequiel (small blind) folded before Flop
Seat 2: Hamidjon93 (big blind) folded before Flop
Seat 3: Dorex2007 collected ($0.34)
Seat 4: Candraphon folded before Flop (didn't bet)
Seat 5: StanimirStoilov folded before Flop
Seat 8: Ethomikse folded before Flop (didn't bet)
Seat 9: Nemtes04 (button) folded before Flop



PokerStars Hand #238031548055:  Hold'em No Limit ($0.01/$0.02 USD) - 2022/08/16 13:27:19 PT [2022/08/16 16:27:19 ET]
Table 'Giclas III' 9-max Seat #1 is the button
Seat 1: diezezequiel ($1.94 in chips) 
Seat 2: Hamidjon93 ($2 in chips) 
Seat 3: Dorex2007 ($2.20 in chips) 
Seat 4: Candraphon ($2.19 in chips) 
Seat 5: StanimirStoilov ($3.02 in chips) 
Seat 7: wagoner178 ($2 in chips) 
Seat 8: Ethomikse ($2 in chips) 
Seat 9: Nemtes04 ($0.62 in chips) 
Hamidjon93: posts small blind $0.01
Dorex2007: posts big blind $0.02
psernest: sits out 
wagoner178: posts big blind $0.02
*** HOLE CARDS ***
Dealt to Dorex2007 [9c 3s]
Candraphon: folds 
StanimirStoilov: calls $0.02
wagoner178: checks 
Ethomikse: folds 
Nemtes04: calls $0.02
diezezequiel: calls $0.02
Hamidjon93: folds 
Dorex2007: checks 
*** FLOP *** [7h 3d 8s]
Dorex2007: checks 
StanimirStoilov: bets $0.02
wagoner178: calls $0.02
Nemtes04: calls $0.02
diezezequiel: calls $0.02
Dorex2007: folds 
*** TURN *** [7h 3d 8s] [Kd]
StanimirStoilov: checks 
wagoner178: checks 
Nemtes04: checks 
diezezequiel: bets $0.06
StanimirStoilov: folds 
wagoner178: calls $0.06
Nemtes04: folds 
*** RIVER *** [7h 3d 8s Kd] [Jc]
wagoner178: checks 
diezezequiel: bets $0.15
wagoner178: calls $0.15
*** SHOW DOWN ***
diezezequiel: shows [Js Ks] (two pair, Kings and Jacks)
wagoner178: mucks hand 
diezezequiel collected $0.59 from pot
*** SUMMARY ***
Total pot $0.61 | Rake $0.02 
Board [7h 3d 8s Kd Jc]
Seat 1: diezezequiel (button) showed [Js Ks] and won ($0.59) with two pair, Kings and Jacks
Seat 2: Hamidjon93 (small blind) folded before Flop
Seat 3: Dorex2007 (big blind) folded on the Flop
Seat 4: Candraphon folded before Flop (didn't bet)
Seat 5: StanimirStoilov folded on the Turn
Seat 7: wagoner178 mucked [Jd 8c]
Seat 8: Ethomikse folded before Flop (didn't bet)
Seat 9: Nemtes04 folded on the Turn



PokerStars Hand #238031575007:  Hold'em No Limit ($0.01/$0.02 USD) - 2022/08/16 13:28:29 PT [2022/08/16 16:28:29 ET]
Table 'Giclas III' 9-max Seat #2 is the button
Seat 1: diezezequiel ($2.28 in chips) 
Seat 2: Hamidjon93 ($2 in chips) 
Seat 3: Dorex2007 ($2.18 in chips) 
Seat 4: Candraphon ($2.19 in chips) 
Seat 5: StanimirStoilov ($2.98 in chips) 
Seat 7: wagoner178 ($1.75 in chips) 
Seat 8: Ethomikse ($2 in chips) 
Seat 9: Nemtes04 ($0.58 in chips) 
Dorex2007: posts small blind $0.01
Candraphon: posts big blind $0.02
psernest: sits out 
*** HOLE CARDS ***
Dealt to Dorex2007 [8h Tc]
StanimirStoilov: folds 
wagoner178: folds 
Ethomikse: folds 
Nemtes04: calls $0.02
diezezequiel has timed out
diezezequiel: folds 
Hamidjon93: folds 
Dorex2007: folds 
Candraphon: checks 
*** FLOP *** [Qh 8s Ac]
Candraphon: checks 
Nemtes04: checks 
*** TURN *** [Qh 8s Ac] [Kh]
Candraphon: checks 
Nemtes04: checks 
*** RIVER *** [Qh 8s Ac Kh] [9h]
Candraphon: bets $0.02
Nemtes04: folds 
Uncalled bet ($0.02) returned to Candraphon
Candraphon collected $0.05 from pot
Candraphon: doesn't show hand 
*** SUMMARY ***
Total pot $0.05 | Rake $0 
Board [Qh 8s Ac Kh 9h]
Seat 1: diezezequiel folded before Flop (didn't bet)
Seat 2: Hamidjon93 (button) folded before Flop (didn't bet)
Seat 3: Dorex2007 (small blind) folded before Flop
Seat 4: Candraphon (big blind) collected ($0.05)
Seat 5: StanimirStoilov folded before Flop (didn't bet)
Seat 7: wagoner178 folded before Flop (didn't bet)
Seat 8: Ethomikse folded before Flop (didn't bet)
Seat 9: Nemtes04 folded on the River



PokerStars Hand #238031593749:  Hold'em No Limit ($0.01/$0.02 USD) - 2022/08/16 13:29:18 PT [2022/08/16 16:29:18 ET]
Table 'Giclas III' 9-max Seat #3 is the button
Seat 1: diezezequiel ($2.28 in chips) 
Seat 2: Hamidjon93 ($2 in chips) 
Seat 3: Dorex2007 ($2.17 in chips) 
Seat 4: Candraphon ($2.22 in chips) 
Seat 5: StanimirStoilov ($2.98 in chips) 
Seat 7: wagoner178 ($1.75 in chips) 
Seat 8: Ethomikse ($2 in chips) 
Seat 9: Nemtes04 ($0.56 in chips) 
Candraphon: posts small blind $0.01
StanimirStoilov: posts big blind $0.02
psernest: sits out 
*** HOLE CARDS ***
Dealt to Dorex2007 [Qd Th]
wagoner178: folds 
Ethomikse: folds 
Nemtes04: calls $0.02
diezezequiel: folds 
Hamidjon93: folds 
Dorex2007: calls $0.02
Candraphon: calls $0.01
StanimirStoilov: checks 
*** FLOP *** [7d 9h Ts]
Candraphon: checks 
StanimirStoilov: bets $0.08
Nemtes04: folds 
Dorex2007: raises $0.24 to $0.32
Candraphon: folds 
StanimirStoilov: raises $0.24 to $0.56
Dorex2007: folds 
Uncalled bet ($0.24) returned to StanimirStoilov
StanimirStoilov collected $0.69 from pot
StanimirStoilov: doesn't show hand 
*** SUMMARY ***
Total pot $0.72 | Rake $0.03 
Board [7d 9h Ts]
Seat 1: diezezequiel folded before Flop (didn't bet)
Seat 2: Hamidjon93 folded before Flop (didn't bet)
Seat 3: Dorex2007 (button) folded on the Flop
Seat 4: Candraphon (small blind) folded on the Flop
Seat 5: StanimirStoilov (big blind) collected ($0.69)
Seat 7: wagoner178 folded before Flop (didn't bet)
Seat 8: Ethomikse folded before Flop (didn't bet)
Seat 9: Nemtes04 folded on the Flop



PokerStars Hand #238031615182:  Hold'em No Limit ($0.01/$0.02 USD) - 2022/08/16 13:30:13 PT [2022/08/16 16:30:13 ET]
Table 'Giclas III' 9-max Seat #4 is the button
Seat 1: diezezequiel ($2.28 in chips) 
Seat 2: Hamidjon93 ($2 in chips) 
Seat 3: Dorex2007 ($2 in chips) 
Seat 4: Candraphon ($2.20 in chips) 
Seat 5: StanimirStoilov ($3.33 in chips) 
Seat 6: psernest ($1.06 in chips) 
Seat 7: wagoner178 ($1.75 in chips) 
Seat 9: Nemtes04 ($0.54 in chips) 
StanimirStoilov: posts small blind $0.01
psernest: posts big blind $0.02
*** HOLE CARDS ***
Dealt to Dorex2007 [Jh 3d]
wagoner178: calls $0.02
Nemtes04: calls $0.02
diezezequiel has timed out
diezezequiel: folds 
Hamidjon93: folds 
Dorex2007: folds 
Candraphon: raises $0.09 to $0.11
StanimirStoilov: calls $0.10
psernest: folds 
wagoner178: calls $0.09
Nemtes04: folds 
*** FLOP *** [9s 3s 8d]
StanimirStoilov: checks 
wagoner178: checks 
Candraphon: bets $0.30
StanimirStoilov: raises $0.30 to $0.60
wagoner178: folds 
Candraphon: folds 
Uncalled bet ($0.30) returned to StanimirStoilov
StanimirStoilov collected $0.94 from pot
StanimirStoilov: doesn't show hand 
*** SUMMARY ***
Total pot $0.97 | Rake $0.03 
Board [9s 3s 8d]
Seat 1: diezezequiel folded before Flop (didn't bet)
Seat 2: Hamidjon93 folded before Flop (didn't bet)
Seat 3: Dorex2007 folded before Flop (didn't bet)
Seat 4: Candraphon (button) folded on the Flop
Seat 5: StanimirStoilov (small blind) collected ($0.94)
Seat 6: psernest (big blind) folded before Flop
Seat 7: wagoner178 folded on the Flop
Seat 9: Nemtes04 folded before Flop



PokerStars Hand #238031643230:  Hold'em No Limit ($0.01/$0.02 USD) - 2022/08/16 13:31:25 PT [2022/08/16 16:31:25 ET]
Table 'Giclas III' 9-max Seat #5 is the button
Seat 1: diezezequiel ($2.28 in chips) 
Seat 2: Hamidjon93 ($2 in chips) 
Seat 3: Dorex2007 ($2 in chips) 
Seat 4: Candraphon ($1.79 in chips) 
Seat 5: StanimirStoilov ($3.86 in chips) 
Seat 6: psernest ($1.04 in chips) 
Seat 7: wagoner178 ($1.64 in chips) 
Seat 9: Nemtes04 ($0.52 in chips) 
psernest: posts small blind $0.01
wagoner178: posts big blind $0.02
*** HOLE CARDS ***
Dealt to Dorex2007 [7h 3h]
Nemtes04: folds 
diezezequiel: folds 
Hamidjon93: folds 
Dorex2007: folds 
Candraphon: folds 
StanimirStoilov: folds 
psernest: raises $0.06 to $0.08
wagoner178: calls $0.06
*** FLOP *** [3d Ah 4d]
psernest: bets $0.10
wagoner178: calls $0.10
*** TURN *** [3d Ah 4d] [9c]
psernest: bets $0.16
wagoner178: calls $0.16
*** RIVER *** [3d Ah 4d 9c] [8c]
psernest: bets $0.30
wagoner178: folds 
Uncalled bet ($0.30) returned to psernest
psernest collected $0.66 from pot
psernest: doesn't show hand 
*** SUMMARY ***
Total pot $0.68 | Rake $0.02 
Board [3d Ah 4d 9c 8c]
Seat 1: diezezequiel folded before Flop (didn't bet)
Seat 2: Hamidjon93 folded before Flop (didn't bet)
Seat 3: Dorex2007 folded before Flop (didn't bet)
Seat 4: Candraphon folded before Flop (didn't bet)
Seat 5: StanimirStoilov (button) folded before Flop (didn't bet)
Seat 6: psernest (small blind) collected ($0.66)
Seat 7: wagoner178 (big blind) folded on the River
Seat 9: Nemtes04 folded before Flop (didn't bet)



PokerStars Hand #238031663186:  Hold'em No Limit ($0.01/$0.02 USD) - 2022/08/16 13:32:17 PT [2022/08/16 16:32:17 ET]
Table 'Giclas III' 9-max Seat #6 is the button
Seat 1: diezezequiel ($2.28 in chips) 
Seat 2: Hamidjon93 ($2 in chips) 
Seat 3: Dorex2007 ($2 in chips) 
Seat 4: Candraphon ($2 in chips) 
Seat 5: StanimirStoilov ($3.86 in chips) 
Seat 6: psernest ($1.36 in chips) 
Seat 7: wagoner178 ($1.30 in chips) 
Seat 9: Nemtes04 ($0.52 in chips) 
wagoner178: posts small blind $0.01
Nemtes04: posts big blind $0.02
*** HOLE CARDS ***
Dealt to Dorex2007 [8h 5d]
diezezequiel: folds 
Hamidjon93: folds 
Dorex2007: folds 
Candraphon: calls $0.02
StanimirStoilov: calls $0.02
psernest: folds 
wagoner178: folds 
Nemtes04: checks 
*** FLOP *** [8d 7c Jc]
Nemtes04: bets $0.06
Candraphon: folds 
StanimirStoilov: folds 
Uncalled bet ($0.06) returned to Nemtes04
Nemtes04 collected $0.07 from pot
*** SUMMARY ***
Total pot $0.07 | Rake $0 
Board [8d 7c Jc]
Seat 1: diezezequiel folded before Flop (didn't bet)
Seat 2: Hamidjon93 folded before Flop (didn't bet)
Seat 3: Dorex2007 folded before Flop (didn't bet)
Seat 4: Candraphon folded on the Flop
Seat 5: StanimirStoilov folded on the Flop
Seat 6: psernest (button) folded before Flop (didn't bet)
Seat 7: wagoner178 (small blind) folded before Flop
Seat 9: Nemtes04 (big blind) collected ($0.07)



PokerStars Hand #238031673183:  Hold'em No Limit ($0.01/$0.02 USD) - 2022/08/16 13:32:42 PT [2022/08/16 16:32:42 ET]
Table 'Giclas III' 9-max Seat #7 is the button
Seat 1: diezezequiel ($2.28 in chips) 
Seat 2: Hamidjon93 ($2 in chips) 
Seat 3: Dorex2007 ($2 in chips) 
Seat 4: Candraphon ($1.98 in chips) 
Seat 5: StanimirStoilov ($3.84 in chips) 
Seat 6: psernest ($1.36 in chips) 
Seat 7: wagoner178 ($1.29 in chips) 
Seat 9: Nemtes04 ($0.57 in chips) 
Nemtes04: posts small blind $0.01
diezezequiel: posts big blind $0.02
*** HOLE CARDS ***
Dealt to Dorex2007 [7s Th]
Hamidjon93: folds 
Dorex2007: folds 
Candraphon: folds 
StanimirStoilov: folds 
psernest: folds 
wagoner178: folds 
Nemtes04: calls $0.01
diezezequiel: checks 
*** FLOP *** [3h 9c 2s]
Nemtes04: checks 
diezezequiel: checks 
*** TURN *** [3h 9c 2s] [5d]
Nemtes04: checks 
diezezequiel: checks 
*** RIVER *** [3h 9c 2s 5d] [Qs]
Nemtes04: checks 
diezezequiel: checks 
*** SHOW DOWN ***
Nemtes04: shows [4c Kc] (high card King)
diezezequiel: mucks hand 
Nemtes04 collected $0.04 from pot
*** SUMMARY ***
Total pot $0.04 | Rake $0 
Board [3h 9c 2s 5d Qs]
Seat 1: diezezequiel (big blind) mucked [Jd 6d]
Seat 2: Hamidjon93 folded before Flop (didn't bet)
Seat 3: Dorex2007 folded before Flop (didn't bet)
Seat 4: Candraphon folded before Flop (didn't bet)
Seat 5: StanimirStoilov folded before Flop (didn't bet)
Seat 6: psernest folded before Flop (didn't bet)
Seat 7: wagoner178 (button) folded before Flop (didn't bet)
Seat 9: Nemtes04 (small blind) showed [4c Kc] and won ($0.04) with high card King



PokerStars Hand #238031687417:  Hold'em No Limit ($0.01/$0.02 USD) - 2022/08/16 13:33:19 PT [2022/08/16 16:33:19 ET]
Table 'Giclas III' 9-max Seat #9 is the button
Seat 1: diezezequiel ($2.26 in chips) 
Seat 2: Hamidjon93 ($2 in chips) 
Seat 3: Dorex2007 ($2 in chips) 
Seat 4: Candraphon ($1.98 in chips) 
Seat 5: StanimirStoilov ($3.84 in chips) 
Seat 6: psernest ($1.36 in chips) 
Seat 7: wagoner178 ($1.29 in chips) 
Seat 9: Nemtes04 ($0.59 in chips) 
diezezequiel: posts small blind $0.01
Hamidjon93: posts big blind $0.02
*** HOLE CARDS ***
Dealt to Dorex2007 [9s 7h]
Dorex2007: folds 
Candraphon: folds 
StanimirStoilov: calls $0.02
psernest: calls $0.02
wagoner178: calls $0.02
Nemtes04: folds 
diezezequiel: folds 
Hamidjon93: raises $0.04 to $0.06
StanimirStoilov: calls $0.04
psernest: calls $0.04
wagoner178: calls $0.04
*** FLOP *** [3s 8c Jc]
Hamidjon93: checks 
StanimirStoilov: bets $0.04
psernest: calls $0.04
wagoner178: raises $0.18 to $0.22
Hamidjon93: raises $0.46 to $0.68
StanimirStoilov: folds 
psernest: folds 
wagoner178: calls $0.46
*** TURN *** [3s 8c Jc] [9h]
Hamidjon93: checks 
wagoner178: checks 
*** RIVER *** [3s 8c Jc 9h] [8s]
Hamidjon93: checks 
wagoner178: bets $0.55 and is all-in
Hamidjon93: calls $0.55
*** SHOW DOWN ***
wagoner178: shows [6c Kc] (a pair of Eights)
Hamidjon93: shows [Qd Qc] (two pair, Queens and Eights)
Hamidjon93 collected $2.69 from pot
*** SUMMARY ***
Total pot $2.79 | Rake $0.10 
Board [3s 8c Jc 9h 8s]
Seat 1: diezezequiel (small blind) folded before Flop
Seat 2: Hamidjon93 (big blind) showed [Qd Qc] and won ($2.69) with two pair, Queens and Eights
Seat 3: Dorex2007 folded before Flop (didn't bet)
Seat 4: Candraphon folded before Flop (didn't bet)
Seat 5: StanimirStoilov folded on the Flop
Seat 6: psernest folded on the Flop
Seat 7: wagoner178 showed [6c Kc] and lost with a pair of Eights
Seat 9: Nemtes04 (button) folded before Flop (didn't bet)



PokerStars Hand #238031722344:  Hold'em No Limit ($0.01/$0.02 USD) - 2022/08/16 13:34:50 PT [2022/08/16 16:34:50 ET]
Table 'Giclas III' 9-max Seat #1 is the button
Seat 1: diezezequiel ($2.25 in chips) 
Seat 2: Hamidjon93 ($3.40 in chips) 
Seat 3: Dorex2007 ($2 in chips) 
Seat 4: Candraphon ($1.98 in chips) 
Seat 5: StanimirStoilov ($3.74 in chips) 
Seat 6: psernest ($1.26 in chips) 
Seat 9: Nemtes04 ($0.59 in chips) 
Hamidjon93: posts small blind $0.01
Dorex2007: posts big blind $0.02
*** HOLE CARDS ***
Dealt to Dorex2007 [2h Ah]
wagoner178 leaves the table
Candraphon: folds 
StanimirStoilov: calls $0.02
psernest: folds 
Fragglesen joins the table at seat #7 
Nemtes04: folds 
diezezequiel: folds 
Hamidjon93: calls $0.01
Dorex2007: checks 
*** FLOP *** [2s Js Jc]
Hamidjon93: checks 
Dorex2007: checks 
StanimirStoilov: checks 
*** TURN *** [2s Js Jc] [3d]
Hamidjon93: bets $0.04
Dorex2007: folds 
StanimirStoilov: folds 
Uncalled bet ($0.04) returned to Hamidjon93
Hamidjon93 collected $0.06 from pot
Hamidjon93: doesn't show hand 
*** SUMMARY ***
Total pot $0.06 | Rake $0 
Board [2s Js Jc 3d]
Seat 1: diezezequiel (button) folded before Flop (didn't bet)
Seat 2: Hamidjon93 (small blind) collected ($0.06)
Seat 3: Dorex2007 (big blind) folded on the Turn
Seat 4: Candraphon folded before Flop (didn't bet)
Seat 5: StanimirStoilov folded on the Turn
Seat 6: psernest folded before Flop (didn't bet)
Seat 9: Nemtes04 folded before Flop (didn't bet)



PokerStars Hand #238031739599:  Hold'em No Limit ($0.01/$0.02 USD) - 2022/08/16 13:35:35 PT [2022/08/16 16:35:35 ET]
Table 'Giclas III' 9-max Seat #2 is the button
Seat 1: diezezequiel ($2.25 in chips) 
Seat 2: Hamidjon93 ($3.44 in chips) 
Seat 3: Dorex2007 ($2 in chips) 
Seat 4: Candraphon ($1.98 in chips) 
Seat 5: StanimirStoilov ($3.72 in chips) 
Seat 6: psernest ($1.26 in chips) 
Seat 9: Nemtes04 ($0.59 in chips) 
Dorex2007: posts small blind $0.01
Candraphon: posts big blind $0.02
Fragglesen: sits out 
Ethomikse: sits out 
*** HOLE CARDS ***
Dealt to Dorex2007 [5s 3d]
StanimirStoilov: folds 
psernest: folds 
Nemtes04: raises $0.02 to $0.04
diezezequiel: folds 
Hamidjon93: raises $0.12 to $0.16
Dorex2007: folds 
Candraphon: folds 
Nemtes04: raises $0.12 to $0.28
Hamidjon93: calls $0.12
*** FLOP *** [Qs Qd Tc]
Nemtes04: bets $0.31 and is all-in
Hamidjon93: calls $0.31
*** TURN *** [Qs Qd Tc] [Ts]
*** RIVER *** [Qs Qd Tc Ts] [Qc]
*** SHOW DOWN ***
Nemtes04: shows [Ac 2h] (a full house, Queens full of Tens)
Hamidjon93: shows [Td Js] (a full house, Queens full of Tens)
Nemtes04 collected $0.58 from pot
Hamidjon93 cashed out the hand for $1 | Cash Out Fee $0.01
*** SUMMARY ***
Total pot $1.21 | Rake $0.05 
Board [Qs Qd Tc Ts Qc]
Seat 1: diezezequiel folded before Flop (didn't bet)
Seat 2: Hamidjon93 (button) showed [Td Js] and won ($0.58) with a full house, Queens full of Tens (pot not awarded as player cashed out)
Seat 3: Dorex2007 (small blind) folded before Flop
Seat 4: Candraphon (big blind) folded before Flop
Seat 5: StanimirStoilov folded before Flop (didn't bet)
Seat 6: psernest folded before Flop (didn't bet)
Seat 9: Nemtes04 showed [Ac 2h] and won ($0.58) with a full house, Queens full of Tens



PokerStars Hand #238031769026:  Hold'em No Limit ($0.01/$0.02 USD) - 2022/08/16 13:36:52 PT [2022/08/16 16:36:52 ET]
Table 'Giclas III' 9-max Seat #3 is the button
Seat 1: diezezequiel ($2.25 in chips) 
Seat 2: Hamidjon93 ($3.85 in chips) 
Seat 3: Dorex2007 ($2 in chips) 
Seat 4: Candraphon ($1.96 in chips) 
Seat 5: StanimirStoilov ($3.72 in chips) 
Seat 6: psernest ($1.26 in chips) 
Seat 8: Ethomikse ($2 in chips) 
Seat 9: Nemtes04 ($0.58 in chips) 
Candraphon: posts small blind $0.01
StanimirStoilov: posts big blind $0.02
Fragglesen: sits out 
Ethomikse: posts small & big blinds $0.03
*** HOLE CARDS ***
Dealt to Dorex2007 [Ac Qh]
psernest: folds 
Ethomikse: checks 
Nemtes04: folds 
diezezequiel: folds 
Hamidjon93: folds 
Dorex2007: raises $0.06 to $0.08
Candraphon: folds 
StanimirStoilov: calls $0.06
Ethomikse: folds 
*** FLOP *** [2c 4h Tc]
StanimirStoilov: bets $0.19
Dorex2007: folds 
Uncalled bet ($0.19) returned to StanimirStoilov
StanimirStoilov collected $0.19 from pot
StanimirStoilov: doesn't show hand 
*** SUMMARY ***
Total pot $0.20 | Rake $0.01 
Board [2c 4h Tc]
Seat 1: diezezequiel folded before Flop (didn't bet)
Seat 2: Hamidjon93 folded before Flop (didn't bet)
Seat 3: Dorex2007 (button) folded on the Flop
Seat 4: Candraphon (small blind) folded before Flop
Seat 5: StanimirStoilov (big blind) collected ($0.19)
Seat 6: psernest folded before Flop (didn't bet)
Seat 8: Ethomikse folded before Flop (didn't bet)
Seat 9: Nemtes04 folded before Flop (didn't bet)



PokerStars Hand #238031783058:  Hold'em No Limit ($0.01/$0.02 USD) - 2022/08/16 13:37:29 PT [2022/08/16 16:37:29 ET]
Table 'Giclas III' 9-max Seat #4 is the button
Seat 1: diezezequiel ($2.25 in chips) 
Seat 2: Hamidjon93 ($3.85 in chips) 
Seat 3: Dorex2007 ($2 in chips) 
Seat 4: Candraphon ($1.95 in chips) 
Seat 5: StanimirStoilov ($3.83 in chips) 
Seat 6: psernest ($1.26 in chips) 
Seat 8: Ethomikse ($2 in chips) 
Seat 9: Nemtes04 ($0.58 in chips) 
StanimirStoilov: posts small blind $0.01
psernest: posts big blind $0.02
Fragglesen: sits out 
*** HOLE CARDS ***
Dealt to Dorex2007 [9s 2h]
Ethomikse: folds 
Nemtes04: calls $0.02
diezezequiel: folds 
Hamidjon93: folds 
Dorex2007: folds 
Candraphon: folds 
StanimirStoilov: calls $0.01
psernest: checks 
*** FLOP *** [Ah Ts Jd]
StanimirStoilov: checks 
psernest: checks 
Nemtes04: bets $0.06
StanimirStoilov: calls $0.06
psernest: folds 
*** TURN *** [Ah Ts Jd] [8c]
StanimirStoilov: bets $0.04
Nemtes04: raises $0.46 to $0.50 and is all-in
StanimirStoilov: folds 
Uncalled bet ($0.46) returned to Nemtes04
Nemtes04 collected $0.25 from pot
*** SUMMARY ***
Total pot $0.26 | Rake $0.01 
Board [Ah Ts Jd 8c]
Seat 1: diezezequiel folded before Flop (didn't bet)
Seat 2: Hamidjon93 folded before Flop (didn't bet)
Seat 3: Dorex2007 folded before Flop (didn't bet)
Seat 4: Candraphon (button) folded before Flop (didn't bet)
Seat 5: StanimirStoilov (small blind) folded on the Turn
Seat 6: psernest (big blind) folded on the Flop
Seat 8: Ethomikse folded before Flop (didn't bet)
Seat 9: Nemtes04 collected ($0.25)



PokerStars Hand #238031807874:  Hold'em No Limit ($0.01/$0.02 USD) - 2022/08/16 13:38:34 PT [2022/08/16 16:38:34 ET]
Table 'Giclas III' 9-max Seat #5 is the button
Seat 1: diezezequiel ($2.25 in chips) 
Seat 2: Hamidjon93 ($3.85 in chips) 
Seat 3: Dorex2007 ($2 in chips) 
Seat 4: Candraphon ($1.95 in chips) 
Seat 5: StanimirStoilov ($3.71 in chips) 
Seat 6: psernest ($1.24 in chips) 
Seat 7: Fragglesen ($0.80 in chips) 
Seat 8: Ethomikse ($2 in chips) 
Seat 9: Nemtes04 ($0.71 in chips) 
psernest: posts small blind $0.01
Fragglesen: posts big blind $0.02
*** HOLE CARDS ***
Dealt to Dorex2007 [2d 9d]
Ethomikse: folds 
Nemtes04: raises $0.02 to $0.04
diezezequiel: folds 
Hamidjon93: folds 
Dorex2007: folds 
Candraphon: folds 
StanimirStoilov: folds 
psernest: folds 
Fragglesen: calls $0.02
*** FLOP *** [3d 6c Ah]
Fragglesen: checks 
Nemtes04: checks 
*** TURN *** [3d 6c Ah] [5s]
Fragglesen: bets $0.04
Nemtes04: folds 
Uncalled bet ($0.04) returned to Fragglesen
Fragglesen collected $0.09 from pot
Fragglesen: doesn't show hand 
*** SUMMARY ***
Total pot $0.09 | Rake $0 
Board [3d 6c Ah 5s]
Seat 1: diezezequiel folded before Flop (didn't bet)
Seat 2: Hamidjon93 folded before Flop (didn't bet)
Seat 3: Dorex2007 folded before Flop (didn't bet)
Seat 4: Candraphon folded before Flop (didn't bet)
Seat 5: StanimirStoilov (button) folded before Flop (didn't bet)
Seat 6: psernest (small blind) folded before Flop
Seat 7: Fragglesen (big blind) collected ($0.09)
Seat 8: Ethomikse folded before Flop (didn't bet)
Seat 9: Nemtes04 folded on the Turn



PokerStars Hand #238031823661:  Hold'em No Limit ($0.01/$0.02 USD) - 2022/08/16 13:39:15 PT [2022/08/16 16:39:15 ET]
Table 'Giclas III' 9-max Seat #6 is the button
Seat 1: diezezequiel ($2.25 in chips) 
Seat 2: Hamidjon93 ($3.85 in chips) 
Seat 3: Dorex2007 ($2 in chips) 
Seat 4: Candraphon ($1.95 in chips) 
Seat 5: StanimirStoilov ($3.71 in chips) 
Seat 6: psernest ($1.23 in chips) 
Seat 7: Fragglesen ($0.85 in chips) 
Seat 8: Ethomikse ($2 in chips) 
Seat 9: Nemtes04 ($0.67 in chips) 
Fragglesen: posts small blind $0.01
Ethomikse: posts big blind $0.02
*** HOLE CARDS ***
Dealt to Dorex2007 [9c 4c]
Nemtes04: calls $0.02
diezezequiel: folds 
Hamidjon93: raises $0.07 to $0.09
Dorex2007: folds 
Candraphon: folds 
StanimirStoilov: folds 
psernest: folds 
Fragglesen: folds 
Ethomikse: folds 
Nemtes04: folds 
Uncalled bet ($0.07) returned to Hamidjon93
Hamidjon93 collected $0.07 from pot
Hamidjon93: doesn't show hand 
*** SUMMARY ***
Total pot $0.07 | Rake $0 
Seat 1: diezezequiel folded before Flop (didn't bet)
Seat 2: Hamidjon93 collected ($0.07)
Seat 3: Dorex2007 folded before Flop (didn't bet)
Seat 4: Candraphon folded before Flop (didn't bet)
Seat 5: StanimirStoilov folded before Flop (didn't bet)
Seat 6: psernest (button) folded before Flop (didn't bet)
Seat 7: Fragglesen (small blind) folded before Flop
Seat 8: Ethomikse (big blind) folded before Flop
Seat 9: Nemtes04 folded before Flop



PokerStars Hand #238031833130:  Hold'em No Limit ($0.01/$0.02 USD) - 2022/08/16 13:39:40 PT [2022/08/16 16:39:40 ET]
Table 'Giclas III' 9-max Seat #7 is the button
Seat 1: diezezequiel ($2.25 in chips) 
Seat 2: Hamidjon93 ($3.90 in chips) 
Seat 3: Dorex2007 ($2 in chips) 
Seat 4: Candraphon ($1.95 in chips) 
Seat 5: StanimirStoilov ($3.71 in chips) 
Seat 6: psernest ($1.23 in chips) 
Seat 7: Fragglesen ($0.84 in chips) 
Seat 8: Ethomikse ($2 in chips) 
Seat 9: Nemtes04 ($0.65 in chips) 
Ethomikse: posts small blind $0.01
Nemtes04: posts big blind $0.02
*** HOLE CARDS ***
Dealt to Dorex2007 [4d 6s]
diezezequiel: raises $0.04 to $0.06
Hamidjon93: folds 
Dorex2007: folds 
Candraphon: folds 
StanimirStoilov: calls $0.06
psernest: calls $0.06
Fragglesen: folds 
Ethomikse: folds 
Nemtes04: folds 
*** FLOP *** [8c Kh 2s]
diezezequiel: bets $0.14
StanimirStoilov: calls $0.14
psernest: folds 
*** TURN *** [8c Kh 2s] [Td]
diezezequiel: bets $0.23
StanimirStoilov: calls $0.23
*** RIVER *** [8c Kh 2s Td] [Jd]
diezezequiel: bets $0.10
StanimirStoilov: calls $0.10
*** SHOW DOWN ***
diezezequiel: shows [As Ad] (a pair of Aces)
StanimirStoilov: mucks hand 
diezezequiel collected $1.11 from pot
*** SUMMARY ***
Total pot $1.15 | Rake $0.04 
Board [8c Kh 2s Td Jd]
Seat 1: diezezequiel showed [As Ad] and won ($1.11) with a pair of Aces
Seat 2: Hamidjon93 folded before Flop (didn't bet)
Seat 3: Dorex2007 folded before Flop (didn't bet)
Seat 4: Candraphon folded before Flop (didn't bet)
Seat 5: StanimirStoilov mucked [Jh Qh]
Seat 6: psernest folded on the Flop
Seat 7: Fragglesen (button) folded before Flop (didn't bet)
Seat 8: Ethomikse (small blind) folded before Flop
Seat 9: Nemtes04 (big blind) folded before Flop



PokerStars Hand #238031852876:  Hold'em No Limit ($0.01/$0.02 USD) - 2022/08/16 13:40:32 PT [2022/08/16 16:40:32 ET]
Table 'Giclas III' 9-max Seat #8 is the button
Seat 1: diezezequiel ($2.83 in chips) 
Seat 2: Hamidjon93 ($3.90 in chips) 
Seat 3: Dorex2007 ($2 in chips) 
Seat 4: Candraphon ($1.95 in chips) 
Seat 5: StanimirStoilov ($3.18 in chips) 
Seat 6: psernest ($1.17 in chips) 
Seat 7: Fragglesen ($0.84 in chips) 
Seat 8: Ethomikse ($2 in chips) 
Seat 9: Nemtes04 ($0.63 in chips) 
Nemtes04: posts small blind $0.01
diezezequiel: posts big blind $0.02
*** HOLE CARDS ***
Dealt to Dorex2007 [Qc 7c]
Hamidjon93: folds 
Dorex2007: folds 
Candraphon: folds 
StanimirStoilov: calls $0.02
psernest: raises $0.04 to $0.06
Fragglesen: folds 
Ethomikse: folds 
Nemtes04: folds 
diezezequiel: folds 
StanimirStoilov: calls $0.04
*** FLOP *** [5s Ah Jc]
StanimirStoilov: bets $0.02
psernest: raises $0.08 to $0.10
StanimirStoilov: folds 
Uncalled bet ($0.08) returned to psernest
psernest collected $0.18 from pot
psernest: doesn't show hand 
*** SUMMARY ***
Total pot $0.19 | Rake $0.01 
Board [5s Ah Jc]
Seat 1: diezezequiel (big blind) folded before Flop
Seat 2: Hamidjon93 folded before Flop (didn't bet)
Seat 3: Dorex2007 folded before Flop (didn't bet)
Seat 4: Candraphon folded before Flop (didn't bet)
Seat 5: StanimirStoilov folded on the Flop
Seat 6: psernest collected ($0.18)
Seat 7: Fragglesen folded before Flop (didn't bet)
Seat 8: Ethomikse (button) folded before Flop (didn't bet)
Seat 9: Nemtes04 (small blind) folded before Flop



PokerStars Hand #238031870027:  Hold'em No Limit ($0.01/$0.02 USD) - 2022/08/16 13:41:18 PT [2022/08/16 16:41:18 ET]
Table 'Giclas III' 9-max Seat #9 is the button
Seat 1: diezezequiel ($2.81 in chips) 
Seat 2: Hamidjon93 ($3.90 in chips) 
Seat 3: Dorex2007 ($2 in chips) 
Seat 4: Candraphon ($1.95 in chips) 
Seat 5: StanimirStoilov ($3.10 in chips) 
Seat 6: psernest ($1.27 in chips) 
Seat 7: Fragglesen ($0.84 in chips) 
Seat 8: Ethomikse ($2 in chips) 
Seat 9: Nemtes04 ($0.62 in chips) 
diezezequiel: posts small blind $0.01
Hamidjon93: posts big blind $0.02
*** HOLE CARDS ***
Dealt to Dorex2007 [4c Ts]
Dorex2007: folds 
Candraphon: folds 
StanimirStoilov: folds 
psernest: calls $0.02
Fragglesen: calls $0.02
Ethomikse: raises $0.09 to $0.11
Nemtes04: folds 
diezezequiel: folds 
Hamidjon93: folds 
psernest: folds 
Fragglesen: folds 
Uncalled bet ($0.09) returned to Ethomikse
Ethomikse collected $0.09 from pot
Ethomikse: doesn't show hand 
*** SUMMARY ***
Total pot $0.09 | Rake $0 
Seat 1: diezezequiel (small blind) folded before Flop
Seat 2: Hamidjon93 (big blind) folded before Flop
Seat 3: Dorex2007 folded before Flop (didn't bet)
Seat 4: Candraphon folded before Flop (didn't bet)
Seat 5: StanimirStoilov folded before Flop (didn't bet)
Seat 6: psernest folded before Flop
Seat 7: Fragglesen folded before Flop
Seat 8: Ethomikse collected ($0.09)
Seat 9: Nemtes04 (button) folded before Flop (didn't bet)



PokerStars Hand #238031881132:  Hold'em No Limit ($0.01/$0.02 USD) - 2022/08/16 13:41:47 PT [2022/08/16 16:41:47 ET]
Table 'Giclas III' 9-max Seat #1 is the button
Seat 1: diezezequiel ($2.80 in chips) 
Seat 2: Hamidjon93 ($3.88 in chips) 
Seat 3: Dorex2007 ($2 in chips) 
Seat 4: Candraphon ($1.95 in chips) 
Seat 5: StanimirStoilov ($3.10 in chips) 
Seat 6: psernest ($1.25 in chips) 
Seat 7: Fragglesen ($0.82 in chips) 
Seat 8: Ethomikse ($2.07 in chips) 
Seat 9: Nemtes04 ($0.62 in chips) 
Hamidjon93: posts small blind $0.01
Dorex2007: posts big blind $0.02
*** HOLE CARDS ***
Dealt to Dorex2007 [3h 2d]
Candraphon: calls $0.02
StanimirStoilov: folds 
psernest: calls $0.02
Fragglesen: raises $0.10 to $0.12
Ethomikse: folds 
Nemtes04: raises $0.10 to $0.22
diezezequiel: calls $0.22
Hamidjon93: folds 
Dorex2007: folds 
Candraphon: folds 
psernest: folds 
Fragglesen: folds 
*** FLOP *** [Kd Ah 4c]
Nemtes04: bets $0.40 and is all-in
diezezequiel: calls $0.40
*** TURN *** [Kd Ah 4c] [9d]
*** RIVER *** [Kd Ah 4c 9d] [7d]
*** SHOW DOWN ***
Nemtes04: shows [6d 6h] (a pair of Sixes)
diezezequiel: shows [Ad Jd] (a flush, Ace high)
diezezequiel collected $1.38 from pot
*** SUMMARY ***
Total pot $1.43 | Rake $0.05 
Board [Kd Ah 4c 9d 7d]
Seat 1: diezezequiel (button) showed [Ad Jd] and won ($1.38) with a flush, Ace high
Seat 2: Hamidjon93 (small blind) folded before Flop
Seat 3: Dorex2007 (big blind) folded before Flop
Seat 4: Candraphon folded before Flop
Seat 5: StanimirStoilov folded before Flop (didn't bet)
Seat 6: psernest folded before Flop
Seat 7: Fragglesen folded before Flop
Seat 8: Ethomikse folded before Flop (didn't bet)
Seat 9: Nemtes04 showed [6d 6h] and lost with a pair of Sixes



PokerStars Hand #238031903204:  Hold'em No Limit ($0.01/$0.02 USD) - 2022/08/16 13:42:46 PT [2022/08/16 16:42:46 ET]
Table 'Giclas III' 9-max Seat #2 is the button
Seat 1: diezezequiel ($3.56 in chips) 
Seat 2: Hamidjon93 ($3.87 in chips) 
Seat 3: Dorex2007 ($2 in chips) 
Seat 4: Candraphon ($1.93 in chips) 
Seat 5: StanimirStoilov ($3.10 in chips) 
Seat 6: psernest ($1.23 in chips) 
Seat 7: Fragglesen ($0.70 in chips) 
Seat 8: Ethomikse ($2.07 in chips) 
Dorex2007: posts small blind $0.01
Candraphon: posts big blind $0.02
*** HOLE CARDS ***
Dealt to Dorex2007 [7c 9h]
StanimirStoilov: calls $0.02
psernest: raises $0.08 to $0.10
Fragglesen: folds 
Ethomikse: folds 
Nemtes04 leaves the table
WeNaSo_07 joins the table at seat #9 
diezezequiel: folds 
Hamidjon93: folds 
Dorex2007: folds 
Candraphon: folds 
StanimirStoilov: calls $0.08
*** FLOP *** [2s Ad 4h]
StanimirStoilov: bets $0.10
psernest: raises $1.03 to $1.13 and is all-in
StanimirStoilov: folds 
Uncalled bet ($1.03) returned to psernest
psernest collected $0.41 from pot
psernest: doesn't show hand 
*** SUMMARY ***
Total pot $0.43 | Rake $0.02 
Board [2s Ad 4h]
Seat 1: diezezequiel folded before Flop (didn't bet)
Seat 2: Hamidjon93 (button) folded before Flop (didn't bet)
Seat 3: Dorex2007 (small blind) folded before Flop
Seat 4: Candraphon (big blind) folded before Flop
Seat 5: StanimirStoilov folded on the Flop
Seat 6: psernest collected ($0.41)
Seat 7: Fragglesen folded before Flop (didn't bet)
Seat 8: Ethomikse folded before Flop (didn't bet)



PokerStars Hand #238031920590:  Hold'em No Limit ($0.01/$0.02 USD) - 2022/08/16 13:43:31 PT [2022/08/16 16:43:31 ET]
Table 'Giclas III' 9-max Seat #3 is the button
Seat 1: diezezequiel ($3.56 in chips) 
Seat 2: Hamidjon93 ($3.87 in chips) 
Seat 3: Dorex2007 ($2 in chips) 
Seat 4: Candraphon ($1.91 in chips) 
Seat 5: StanimirStoilov ($2.90 in chips) 
Seat 6: psernest ($1.44 in chips) 
Seat 7: Fragglesen ($0.70 in chips) 
Seat 8: Ethomikse ($2.07 in chips) 
Candraphon: posts small blind $0.01
StanimirStoilov: posts big blind $0.02
WeNaSo_07: sits out 
*** HOLE CARDS ***
Dealt to Dorex2007 [Ts 4d]
psernest: folds 
Fragglesen: folds 
Ethomikse: folds 
psernest leaves the table
diezezequiel: folds 
Hamidjon93: folds 
Dorex2007: folds 
Candraphon: calls $0.01
StanimirStoilov: checks 
*** FLOP *** [9c 2d Qd]
Candraphon: bets $0.04
StanimirStoilov: calls $0.04
*** TURN *** [9c 2d Qd] [6d]
Misha.R51 joins the table at seat #6 
Candraphon: bets $0.04
StanimirStoilov: raises $0.04 to $0.08
Candraphon: calls $0.04
*** RIVER *** [9c 2d Qd 6d] [8h]
Candraphon: checks 
StanimirStoilov: bets $0.13
Candraphon: calls $0.13
*** SHOW DOWN ***
StanimirStoilov: shows [9s Jh] (a pair of Nines)
Candraphon: shows [Qh Ad] (a pair of Queens)
Candraphon collected $0.52 from pot
*** SUMMARY ***
Total pot $0.54 | Rake $0.02 
Board [9c 2d Qd 6d 8h]
Seat 1: diezezequiel folded before Flop (didn't bet)
Seat 2: Hamidjon93 folded before Flop (didn't bet)
Seat 3: Dorex2007 (button) folded before Flop (didn't bet)
Seat 4: Candraphon (small blind) showed [Qh Ad] and won ($0.52) with a pair of Queens
Seat 5: StanimirStoilov (big blind) showed [9s Jh] and lost with a pair of Nines
Seat 6: psernest folded before Flop (didn't bet)
Seat 7: Fragglesen folded before Flop (didn't bet)
Seat 8: Ethomikse folded before Flop (didn't bet)



PokerStars Hand #238031941947:  Hold'em No Limit ($0.01/$0.02 USD) - 2022/08/16 13:44:14 PT [2022/08/16 16:44:14 ET]
Table 'Giclas III' 9-max Seat #4 is the button
Seat 1: diezezequiel ($3.56 in chips) 
Seat 2: Hamidjon93 ($3.87 in chips) 
Seat 3: Dorex2007 ($2 in chips) 
Seat 4: Candraphon ($2.16 in chips) 
Seat 5: StanimirStoilov ($2.63 in chips) 
Seat 6: Misha.R51 ($1.60 in chips) 
Seat 7: Fragglesen ($0.70 in chips) 
Seat 8: Ethomikse ($2.07 in chips) 
StanimirStoilov: posts small blind $0.01
Misha.R51: posts big blind $0.02
WeNaSo_07: sits out 
*** HOLE CARDS ***
Dealt to Dorex2007 [7h Qd]
Fragglesen: folds 
Ethomikse: calls $0.02
diezezequiel: folds 
Hamidjon93: folds 
Dorex2007: folds 
Candraphon: folds 
StanimirStoilov: calls $0.01
Misha.R51: checks 
*** FLOP *** [2c Ks 7d]
StanimirStoilov: checks 
Misha.R51: checks 
Ethomikse: bets $0.03
StanimirStoilov: folds 
Misha.R51: folds 
Uncalled bet ($0.03) returned to Ethomikse
Ethomikse collected $0.06 from pot
Ethomikse: doesn't show hand 
*** SUMMARY ***
Total pot $0.06 | Rake $0 
Board [2c Ks 7d]
Seat 1: diezezequiel folded before Flop (didn't bet)
Seat 2: Hamidjon93 folded before Flop (didn't bet)
Seat 3: Dorex2007 folded before Flop (didn't bet)
Seat 4: Candraphon (button) folded before Flop (didn't bet)
Seat 5: StanimirStoilov (small blind) folded on the Flop
Seat 6: Misha.R51 (big blind) folded on the Flop
Seat 7: Fragglesen folded before Flop (didn't bet)
Seat 8: Ethomikse collected ($0.06)



PokerStars Hand #238031954625:  Hold'em No Limit ($0.01/$0.02 USD) - 2022/08/16 13:44:47 PT [2022/08/16 16:44:47 ET]
Table 'Giclas III' 9-max Seat #5 is the button
Seat 1: diezezequiel ($3.56 in chips) 
Seat 2: Hamidjon93 ($3.87 in chips) 
Seat 3: Dorex2007 ($2 in chips) 
Seat 4: Candraphon ($2.16 in chips) 
Seat 5: StanimirStoilov ($2.61 in chips) 
Seat 6: Misha.R51 ($1.58 in chips) 
Seat 7: Fragglesen ($0.70 in chips) 
Seat 8: Ethomikse ($2.11 in chips) 
Misha.R51: posts small blind $0.01
Fragglesen: posts big blind $0.02
WeNaSo_07: sits out 
*** HOLE CARDS ***
Dealt to Dorex2007 [8h 3s]
Ethomikse: folds 
diezezequiel: folds 
Hamidjon93: folds 
Dorex2007: folds 
Candraphon: folds 
StanimirStoilov: folds 
Misha.R51: calls $0.01
Fragglesen: checks 
*** FLOP *** [7c 4s 3d]
Misha.R51: checks 
Fragglesen: checks 
*** TURN *** [7c 4s 3d] [Td]
Misha.R51: checks 
Fragglesen: checks 
*** RIVER *** [7c 4s 3d Td] [Ts]
Misha.R51: checks 
Fragglesen: checks 
*** SHOW DOWN ***
Misha.R51: shows [Jh 9s] (a pair of Tens)
Fragglesen: mucks hand 
Misha.R51 collected $0.04 from pot
*** SUMMARY ***
Total pot $0.04 | Rake $0 
Board [7c 4s 3d Td Ts]
Seat 1: diezezequiel folded before Flop (didn't bet)
Seat 2: Hamidjon93 folded before Flop (didn't bet)
Seat 3: Dorex2007 folded before Flop (didn't bet)
Seat 4: Candraphon folded before Flop (didn't bet)
Seat 5: StanimirStoilov (button) folded before Flop (didn't bet)
Seat 6: Misha.R51 (small blind) showed [Jh 9s] and won ($0.04) with a pair of Tens
Seat 7: Fragglesen (big blind) mucked [8d 6s]
Seat 8: Ethomikse folded before Flop (didn't bet)



