PokerStars Hand #238079093719:  Hold'em No Limit ($0.02/$0.05 USD) - 2022/08/18 21:34:22 PT [2022/08/19 0:34:22 ET]
Table 'Oceax IV' 9-max Seat #7 is the button
Seat 1: Ginnungagap7 ($4.72 in chips) 
Seat 2: BlackCat0812 ($6.03 in chips) 
Seat 3: AntonioBabic98 ($5 in chips) 
Seat 4: Dorex2007 ($5 in chips) 
Seat 5: Templar85 ($6.11 in chips) 
Seat 6: DEdPo0L ($5 in chips) 
Seat 7: Sr G0MES ($4.64 in chips) 
Seat 9: byfiko ($9.01 in chips) 
byfiko: posts small blind $0.02
Ginnungagap7: posts big blind $0.05
Dorex2007: posts big blind $0.05
*** HOLE CARDS ***
Dealt to Dorex2007 [Jd Kd]
BlackCat0812: folds 
AntonioBabic98: folds 
Dorex2007: raises $0.15 to $0.20
Templar85: folds 
DEdPo0L: folds 
Sr G0MES: folds 
byfiko: calls $0.18
Ginnungagap7: folds 
*** FLOP *** [Td 6s 6c]
byfiko: bets $0.05
Dorex2007: calls $0.05
*** TURN *** [Td 6s 6c] [Ah]
byfiko: bets $0.05
Dorex2007: calls $0.05
*** RIVER *** [Td 6s 6c Ah] [Qd]
byfiko: bets $0.31
Dorex2007: raises $1.24 to $1.55
byfiko: folds 
Uncalled bet ($1.24) returned to Dorex2007
Dorex2007 collected $1.22 from pot
Dorex2007: doesn't show hand 
*** SUMMARY ***
Total pot $1.27 | Rake $0.05 
Board [Td 6s 6c Ah Qd]
Seat 1: Ginnungagap7 (big blind) folded before Flop
Seat 2: BlackCat0812 folded before Flop (didn't bet)
Seat 3: AntonioBabic98 folded before Flop (didn't bet)
Seat 4: Dorex2007 collected ($1.22)
Seat 5: Templar85 folded before Flop (didn't bet)
Seat 6: DEdPo0L folded before Flop (didn't bet)
Seat 7: Sr G0MES (button) folded before Flop (didn't bet)
Seat 9: byfiko (small blind) folded on the River



PokerStars Hand #238079098886:  Hold'em No Limit ($0.02/$0.05 USD) - 2022/08/18 21:35:04 PT [2022/08/19 0:35:04 ET]
Table 'Oceax IV' 9-max Seat #9 is the button
Seat 1: Ginnungagap7 ($4.67 in chips) 
Seat 3: AntonioBabic98 ($5 in chips) 
Seat 4: Dorex2007 ($5.61 in chips) 
Seat 5: Templar85 ($6.11 in chips) 
Seat 6: DEdPo0L ($5 in chips) 
Seat 7: Sr G0MES ($4.64 in chips) 
Seat 9: byfiko ($8.40 in chips) 
Ginnungagap7: posts small blind $0.02
BlackCat0812: is sitting out 
AntonioBabic98: posts big blind $0.05
*** HOLE CARDS ***
Dealt to Dorex2007 [Jc 7d]
Dorex2007: folds 
Templar85: raises $0.05 to $0.10
DEdPo0L: folds 
Sr G0MES: folds 
byfiko: folds 
byfiko leaves the table
Ginnungagap7: folds 
AntonioBabic98: calls $0.05
*** FLOP *** [Td Qc 2h]
AntonioBabic98: checks 
Templar85: bets $0.10
AntonioBabic98: folds 
Uncalled bet ($0.10) returned to Templar85
Templar85 collected $0.21 from pot
Templar85: doesn't show hand 
*** SUMMARY ***
Total pot $0.22 | Rake $0.01 
Board [Td Qc 2h]
Seat 1: Ginnungagap7 (small blind) folded before Flop
Seat 3: AntonioBabic98 (big blind) folded on the Flop
Seat 4: Dorex2007 folded before Flop (didn't bet)
Seat 5: Templar85 collected ($0.21)
Seat 6: DEdPo0L folded before Flop (didn't bet)
Seat 7: Sr G0MES folded before Flop (didn't bet)
Seat 9: byfiko (button) folded before Flop (didn't bet)



PokerStars Hand #238079111545:  Hold'em No Limit ($0.02/$0.05 USD) - 2022/08/18 21:35:39 PT [2022/08/19 0:35:39 ET]
Table 'Oceax IV' 9-max Seat #1 is the button
Seat 1: Ginnungagap7 ($4.65 in chips) 
Seat 3: AntonioBabic98 ($4.90 in chips) 
Seat 4: Dorex2007 ($5.61 in chips) 
Seat 5: Templar85 ($6.22 in chips) 
Seat 6: DEdPo0L ($5 in chips) 
Seat 7: Sr G0MES ($4.64 in chips) 
AntonioBabic98: posts small blind $0.02
Dorex2007: posts big blind $0.05
*** HOLE CARDS ***
Dealt to Dorex2007 [Ac 6h]
Templar85: folds 
DEdPo0L: folds 
Sr G0MES: folds 
Ginnungagap7: folds 
Templar85 leaves the table
AntonioBabic98: calls $0.03
Dorex2007: checks 
*** FLOP *** [9s 6s Kc]
Templar85 joins the table at seat #8 
AntonioBabic98: checks 
Dorex2007: checks 
*** TURN *** [9s 6s Kc] [Qs]
AntonioBabic98: checks 
Dorex2007: checks 
*** RIVER *** [9s 6s Kc Qs] [4h]
mooresie28 joins the table at seat #5 
AntonioBabic98: checks 
Dorex2007: bets $0.07
AntonioBabic98: folds 
Uncalled bet ($0.07) returned to Dorex2007
Dorex2007 collected $0.10 from pot
Dorex2007: doesn't show hand 
*** SUMMARY ***
Total pot $0.10 | Rake $0 
Board [9s 6s Kc Qs 4h]
Seat 1: Ginnungagap7 (button) folded before Flop (didn't bet)
Seat 3: AntonioBabic98 (small blind) folded on the River
Seat 4: Dorex2007 (big blind) collected ($0.10)
Seat 5: Templar85 folded before Flop (didn't bet)
Seat 6: DEdPo0L folded before Flop (didn't bet)
Seat 7: Sr G0MES folded before Flop (didn't bet)



PokerStars Hand #238079120761:  Hold'em No Limit ($0.02/$0.05 USD) - 2022/08/18 21:36:55 PT [2022/08/19 0:36:55 ET]
Table 'Oceax IV' 9-max Seat #3 is the button
Seat 1: Ginnungagap7 ($4.65 in chips) 
Seat 3: AntonioBabic98 ($4.85 in chips) 
Seat 4: Dorex2007 ($5.66 in chips) 
Seat 5: mooresie28 ($5 in chips) 
Seat 6: DEdPo0L ($5 in chips) 
Seat 7: Sr G0MES ($4.64 in chips) 
Dorex2007: posts small blind $0.02
mooresie28: posts big blind $0.05
Templar85: sits out 
*** HOLE CARDS ***
Dealt to Dorex2007 [3s Ah]
DEdPo0L: folds 
Sr G0MES: folds 
Ginnungagap7: folds 
AntonioBabic98: folds 
Dorex2007: folds 
Uncalled bet ($0.03) returned to mooresie28
mooresie28 collected $0.04 from pot
*** SUMMARY ***
Total pot $0.04 | Rake $0 
Seat 1: Ginnungagap7 folded before Flop (didn't bet)
Seat 3: AntonioBabic98 (button) folded before Flop (didn't bet)
Seat 4: Dorex2007 (small blind) folded before Flop
Seat 5: mooresie28 (big blind) collected ($0.04)
Seat 6: DEdPo0L folded before Flop (didn't bet)
Seat 7: Sr G0MES folded before Flop (didn't bet)



PokerStars Hand #238079123188:  Hold'em No Limit ($0.02/$0.05 USD) - 2022/08/18 21:37:14 PT [2022/08/19 0:37:14 ET]
Table 'Oceax IV' 9-max Seat #4 is the button
Seat 1: Ginnungagap7 ($4.65 in chips) 
Seat 3: AntonioBabic98 ($4.85 in chips) 
Seat 4: Dorex2007 ($5.64 in chips) 
Seat 5: mooresie28 ($5.02 in chips) 
Seat 6: DEdPo0L ($5 in chips) 
Seat 7: Sr G0MES ($4.64 in chips) 
mooresie28: posts small blind $0.02
DEdPo0L: posts big blind $0.05
Templar85: sits out 
*** HOLE CARDS ***
Dealt to Dorex2007 [2d 6h]
Sr G0MES: raises $0.10 to $0.15
Ginnungagap7: folds 
AntonioBabic98: folds 
Dorex2007: folds 
mooresie28: folds 
DEdPo0L: calls $0.10
*** FLOP *** [3h Ah 4d]
DEdPo0L: checks 
Sr G0MES: bets $0.25
DEdPo0L: folds 
Uncalled bet ($0.25) returned to Sr G0MES
Sr G0MES collected $0.31 from pot
Sr G0MES: doesn't show hand 
*** SUMMARY ***
Total pot $0.32 | Rake $0.01 
Board [3h Ah 4d]
Seat 1: Ginnungagap7 folded before Flop (didn't bet)
Seat 3: AntonioBabic98 folded before Flop (didn't bet)
Seat 4: Dorex2007 (button) folded before Flop (didn't bet)
Seat 5: mooresie28 (small blind) folded before Flop
Seat 6: DEdPo0L (big blind) folded on the Flop
Seat 7: Sr G0MES collected ($0.31)



PokerStars Hand #238079126277:  Hold'em No Limit ($0.02/$0.05 USD) - 2022/08/18 21:37:39 PT [2022/08/19 0:37:39 ET]
Table 'Oceax IV' 9-max Seat #5 is the button
Seat 1: Ginnungagap7 ($4.65 in chips) 
Seat 3: AntonioBabic98 ($4.85 in chips) 
Seat 4: Dorex2007 ($5.64 in chips) 
Seat 5: mooresie28 ($5 in chips) 
Seat 6: DEdPo0L ($5 in chips) 
Seat 7: Sr G0MES ($4.80 in chips) 
DEdPo0L: posts small blind $0.02
Sr G0MES: posts big blind $0.05
Templar85: sits out 
*** HOLE CARDS ***
Dealt to Dorex2007 [Qs Ac]
Ginnungagap7: folds 
AntonioBabic98: folds 
Dorex2007: raises $0.15 to $0.20
mooresie28: folds 
DEdPo0L: folds 
Sr G0MES: raises $0.30 to $0.50
Dorex2007: calls $0.30
*** FLOP *** [8s 2d 6d]
bauticius joins the table at seat #9 
Sr G0MES: bets $0.30
Dorex2007: calls $0.30
*** TURN *** [8s 2d 6d] [6c]
Sr G0MES: bets $0.25
Dorex2007: calls $0.25
*** RIVER *** [8s 2d 6d 6c] [5h]
Sr G0MES: bets $2.03
Dorex2007: folds 
Uncalled bet ($2.03) returned to Sr G0MES
Sr G0MES collected $2.03 from pot
Sr G0MES: doesn't show hand 
*** SUMMARY ***
Total pot $2.12 | Rake $0.09 
Board [8s 2d 6d 6c 5h]
Seat 1: Ginnungagap7 folded before Flop (didn't bet)
Seat 3: AntonioBabic98 folded before Flop (didn't bet)
Seat 4: Dorex2007 folded on the River
Seat 5: mooresie28 (button) folded before Flop (didn't bet)
Seat 6: DEdPo0L (small blind) folded before Flop
Seat 7: Sr G0MES (big blind) collected ($2.03)



PokerStars Hand #238079132266:  Hold'em No Limit ($0.02/$0.05 USD) - 2022/08/18 21:38:27 PT [2022/08/19 0:38:27 ET]
Table 'Oceax IV' 9-max Seat #6 is the button
Seat 1: Ginnungagap7 ($4.65 in chips) 
Seat 3: AntonioBabic98 ($4.85 in chips) 
Seat 4: Dorex2007 ($5 in chips) 
Seat 5: mooresie28 ($5 in chips) 
Seat 6: DEdPo0L ($5 in chips) 
Seat 7: Sr G0MES ($5.78 in chips) 
Seat 8: Templar85 ($6.22 in chips) 
Seat 9: bauticius ($5 in chips) 
Sr G0MES: posts small blind $0.02
Templar85: posts big blind $0.05
bauticius: posts big blind $0.05
*** HOLE CARDS ***
Dealt to Dorex2007 [Td 6d]
bauticius: checks 
Ginnungagap7: folds 
AntonioBabic98: folds 
Dorex2007: folds 
mooresie28: folds 
DEdPo0L: folds 
Sr G0MES: raises $0.71 to $0.76
Templar85: folds 
bauticius: folds 
Uncalled bet ($0.71) returned to Sr G0MES
Sr G0MES collected $0.15 from pot
Sr G0MES: doesn't show hand 
*** SUMMARY ***
Total pot $0.15 | Rake $0 
Seat 1: Ginnungagap7 folded before Flop (didn't bet)
Seat 3: AntonioBabic98 folded before Flop (didn't bet)
Seat 4: Dorex2007 folded before Flop (didn't bet)
Seat 5: mooresie28 folded before Flop (didn't bet)
Seat 6: DEdPo0L (button) folded before Flop (didn't bet)
Seat 7: Sr G0MES (small blind) collected ($0.15)
Seat 8: Templar85 (big blind) folded before Flop
Seat 9: bauticius folded before Flop (didn't bet)



PokerStars Hand #238079136439:  Hold'em No Limit ($0.02/$0.05 USD) - 2022/08/18 21:39:01 PT [2022/08/19 0:39:01 ET]
Table 'Oceax IV' 9-max Seat #7 is the button
Seat 1: Ginnungagap7 ($4.65 in chips) 
Seat 3: AntonioBabic98 ($4.85 in chips) 
Seat 4: Dorex2007 ($5 in chips) 
Seat 5: mooresie28 ($5 in chips) 
Seat 6: DEdPo0L ($5 in chips) 
Seat 7: Sr G0MES ($5.88 in chips) 
Seat 8: Templar85 ($6.17 in chips) 
Seat 9: bauticius ($4.95 in chips) 
Templar85: posts small blind $0.02
bauticius: posts big blind $0.05
*** HOLE CARDS ***
Dealt to Dorex2007 [Jc Tc]
Ginnungagap7: folds 
AntonioBabic98: folds 
Dorex2007: raises $0.10 to $0.15
mooresie28: folds 
DEdPo0L: folds 
Sr G0MES: folds 
Templar85: folds 
bauticius: folds 
Uncalled bet ($0.10) returned to Dorex2007
Dorex2007 collected $0.12 from pot
Dorex2007: doesn't show hand 
*** SUMMARY ***
Total pot $0.12 | Rake $0 
Seat 1: Ginnungagap7 folded before Flop (didn't bet)
Seat 3: AntonioBabic98 folded before Flop (didn't bet)
Seat 4: Dorex2007 collected ($0.12)
Seat 5: mooresie28 folded before Flop (didn't bet)
Seat 6: DEdPo0L folded before Flop (didn't bet)
Seat 7: Sr G0MES (button) folded before Flop (didn't bet)
Seat 8: Templar85 (small blind) folded before Flop
Seat 9: bauticius (big blind) folded before Flop



PokerStars Hand #238079139207:  Hold'em No Limit ($0.02/$0.05 USD) - 2022/08/18 21:39:23 PT [2022/08/19 0:39:23 ET]
Table 'Oceax IV' 9-max Seat #8 is the button
Seat 1: Ginnungagap7 ($4.65 in chips) 
Seat 3: AntonioBabic98 ($4.85 in chips) 
Seat 4: Dorex2007 ($5.07 in chips) 
Seat 5: mooresie28 ($5 in chips) 
Seat 6: DEdPo0L ($5 in chips) 
Seat 7: Sr G0MES ($5.88 in chips) 
Seat 8: Templar85 ($6.15 in chips) 
Seat 9: bauticius ($4.90 in chips) 
bauticius: posts small blind $0.02
Ginnungagap7: posts big blind $0.05
*** HOLE CARDS ***
Dealt to Dorex2007 [Qh 6c]
AntonioBabic98: folds 
Dorex2007: folds 
mooresie28: folds 
DEdPo0L: raises $0.10 to $0.15
Sr G0MES: calls $0.15
Templar85: raises $0.45 to $0.60
bauticius: folds 
Ginnungagap7: folds 
DEdPo0L: calls $0.45
Sr G0MES: calls $0.45
*** FLOP *** [7c 7s Jh]
DEdPo0L: checks 
Sr G0MES: checks 
Templar85: bets $0.55
DEdPo0L: calls $0.55
Sr G0MES: folds 
*** TURN *** [7c 7s Jh] [6h]
DEdPo0L: checks 
Templar85: checks 
*** RIVER *** [7c 7s Jh 6h] [Ah]
DEdPo0L: checks 
Templar85: checks 
*** SHOW DOWN ***
DEdPo0L: shows [Jd Kd] (two pair, Jacks and Sevens)
Templar85: shows [Qs As] (two pair, Aces and Sevens)
Templar85 collected $2.85 from pot
*** SUMMARY ***
Total pot $2.97 | Rake $0.12 
Board [7c 7s Jh 6h Ah]
Seat 1: Ginnungagap7 (big blind) folded before Flop
Seat 3: AntonioBabic98 folded before Flop (didn't bet)
Seat 4: Dorex2007 folded before Flop (didn't bet)
Seat 5: mooresie28 folded before Flop (didn't bet)
Seat 6: DEdPo0L showed [Jd Kd] and lost with two pair, Jacks and Sevens
Seat 7: Sr G0MES folded on the Flop
Seat 8: Templar85 (button) showed [Qs As] and won ($2.85) with two pair, Aces and Sevens
Seat 9: bauticius (small blind) folded before Flop



PokerStars Hand #238079146183:  Hold'em No Limit ($0.02/$0.05 USD) - 2022/08/18 21:40:21 PT [2022/08/19 0:40:21 ET]
Table 'Oceax IV' 9-max Seat #9 is the button
Seat 1: Ginnungagap7 ($4.60 in chips) 
Seat 3: AntonioBabic98 ($4.85 in chips) 
Seat 4: Dorex2007 ($5.07 in chips) 
Seat 5: mooresie28 ($5 in chips) 
Seat 6: DEdPo0L ($5 in chips) 
Seat 7: Sr G0MES ($5.28 in chips) 
Seat 8: Templar85 ($7.85 in chips) 
Seat 9: bauticius ($4.88 in chips) 
Ginnungagap7: posts small blind $0.02
AntonioBabic98: posts big blind $0.05
*** HOLE CARDS ***
Dealt to Dorex2007 [8s Qd]
Dorex2007: folds 
mooresie28: raises $0.10 to $0.15
DEdPo0L: folds 
Sr G0MES: folds 
Templar85: folds 
bauticius: calls $0.15
Ginnungagap7: folds 
AntonioBabic98: folds 
*** FLOP *** [5s Jh Js]
mooresie28: bets $0.17
bauticius: calls $0.17
*** TURN *** [5s Jh Js] [Ad]
mooresie28: bets $0.15
bauticius: folds 
Uncalled bet ($0.15) returned to mooresie28
mooresie28 collected $0.68 from pot
*** SUMMARY ***
Total pot $0.71 | Rake $0.03 
Board [5s Jh Js Ad]
Seat 1: Ginnungagap7 (small blind) folded before Flop
Seat 3: AntonioBabic98 (big blind) folded before Flop
Seat 4: Dorex2007 folded before Flop (didn't bet)
Seat 5: mooresie28 collected ($0.68)
Seat 6: DEdPo0L folded before Flop (didn't bet)
Seat 7: Sr G0MES folded before Flop (didn't bet)
Seat 8: Templar85 folded before Flop (didn't bet)
Seat 9: bauticius (button) folded on the Turn



PokerStars Hand #238079149980:  Hold'em No Limit ($0.02/$0.05 USD) - 2022/08/18 21:40:53 PT [2022/08/19 0:40:53 ET]
Table 'Oceax IV' 9-max Seat #1 is the button
Seat 1: Ginnungagap7 ($4.58 in chips) 
Seat 3: AntonioBabic98 ($4.80 in chips) 
Seat 4: Dorex2007 ($5.07 in chips) 
Seat 5: mooresie28 ($5.36 in chips) 
Seat 6: DEdPo0L ($5 in chips) 
Seat 7: Sr G0MES ($5.28 in chips) 
Seat 8: Templar85 ($7.85 in chips) 
Seat 9: bauticius ($4.56 in chips) 
AntonioBabic98: posts small blind $0.02
Dorex2007: posts big blind $0.05
*** HOLE CARDS ***
Dealt to Dorex2007 [Ks 3d]
mooresie28: folds 
DEdPo0L: folds 
Sr G0MES: folds 
Templar85: folds 
bauticius: raises $0.07 to $0.12
Ginnungagap7: folds 
AntonioBabic98: calls $0.10
Dorex2007: folds 
*** FLOP *** [4s 3c As]
AntonioBabic98: checks 
bauticius: checks 
*** TURN *** [4s 3c As] [Kc]
AntonioBabic98: checks 
bauticius: checks 
*** RIVER *** [4s 3c As Kc] [8h]
AntonioBabic98: bets $0.28
bauticius: folds 
Uncalled bet ($0.28) returned to AntonioBabic98
AntonioBabic98 collected $0.28 from pot
AntonioBabic98: doesn't show hand 
*** SUMMARY ***
Total pot $0.29 | Rake $0.01 
Board [4s 3c As Kc 8h]
Seat 1: Ginnungagap7 (button) folded before Flop (didn't bet)
Seat 3: AntonioBabic98 (small blind) collected ($0.28)
Seat 4: Dorex2007 (big blind) folded before Flop
Seat 5: mooresie28 folded before Flop (didn't bet)
Seat 6: DEdPo0L folded before Flop (didn't bet)
Seat 7: Sr G0MES folded before Flop (didn't bet)
Seat 8: Templar85 folded before Flop (didn't bet)
Seat 9: bauticius folded on the River



PokerStars Hand #238079156348:  Hold'em No Limit ($0.02/$0.05 USD) - 2022/08/18 21:41:46 PT [2022/08/19 0:41:46 ET]
Table 'Oceax IV' 9-max Seat #3 is the button
Seat 1: Ginnungagap7 ($4.58 in chips) 
Seat 3: AntonioBabic98 ($4.96 in chips) 
Seat 4: Dorex2007 ($5.02 in chips) 
Seat 5: mooresie28 ($5.36 in chips) 
Seat 6: DEdPo0L ($5 in chips) 
Seat 7: Sr G0MES ($5.28 in chips) 
Seat 8: Templar85 ($7.85 in chips) 
Seat 9: bauticius ($4.44 in chips) 
Dorex2007: posts small blind $0.02
mooresie28: posts big blind $0.05
*** HOLE CARDS ***
Dealt to Dorex2007 [2c 4s]
DEdPo0L: raises $0.15 to $0.20
Sr G0MES: folds 
Templar85: folds 
BlackCat0812 is disconnected 
bauticius: calls $0.20
Ginnungagap7: calls $0.20
AntonioBabic98: folds 
Dorex2007: folds 
mooresie28: folds 
*** FLOP *** [6c 9c Qd]
DEdPo0L: bets $0.35
bauticius: folds 
Ginnungagap7: calls $0.35
*** TURN *** [6c 9c Qd] [2s]
DEdPo0L: bets $1.10
Ginnungagap7: folds 
Uncalled bet ($1.10) returned to DEdPo0L
DEdPo0L collected $1.31 from pot
BlackCat0812 is disconnected 
DEdPo0L: doesn't show hand 
*** SUMMARY ***
Total pot $1.37 | Rake $0.06 
Board [6c 9c Qd 2s]
Seat 1: Ginnungagap7 folded on the Turn
Seat 3: AntonioBabic98 (button) folded before Flop (didn't bet)
Seat 4: Dorex2007 (small blind) folded before Flop
Seat 5: mooresie28 (big blind) folded before Flop
Seat 6: DEdPo0L collected ($1.31)
Seat 7: Sr G0MES folded before Flop (didn't bet)
Seat 8: Templar85 folded before Flop (didn't bet)
Seat 9: bauticius folded on the Flop



PokerStars Hand #238079161868:  Hold'em No Limit ($0.02/$0.05 USD) - 2022/08/18 21:42:32 PT [2022/08/19 0:42:32 ET]
Table 'Oceax IV' 9-max Seat #4 is the button
Seat 1: Ginnungagap7 ($4.03 in chips) 
Seat 3: AntonioBabic98 ($4.96 in chips) 
Seat 4: Dorex2007 ($5 in chips) 
Seat 5: mooresie28 ($5.31 in chips) 
Seat 6: DEdPo0L ($5.76 in chips) 
Seat 7: Sr G0MES ($5.28 in chips) 
Seat 8: Templar85 ($7.85 in chips) 
Seat 9: bauticius ($4.24 in chips) 
mooresie28: posts small blind $0.02
DEdPo0L: posts big blind $0.05
*** HOLE CARDS ***
Dealt to Dorex2007 [5h 2d]
Sr G0MES: raises $0.10 to $0.15
Templar85: folds 
bauticius: folds 
Ginnungagap7: folds 
AntonioBabic98: folds 
Dorex2007: folds 
mooresie28: calls $0.13
DEdPo0L: calls $0.10
*** FLOP *** [Jc 6s 5s]
mooresie28: checks 
DEdPo0L: checks 
Sr G0MES: bets $0.15
mooresie28: folds 
DEdPo0L: calls $0.15
*** TURN *** [Jc 6s 5s] [Qh]
DEdPo0L: checks 
Sr G0MES: bets $0.20
DEdPo0L: calls $0.20
*** RIVER *** [Jc 6s 5s Qh] [7s]
DEdPo0L: checks 
Sr G0MES: bets $0.70
DEdPo0L: folds 
Uncalled bet ($0.70) returned to Sr G0MES
Sr G0MES collected $1.10 from pot
Sr G0MES: doesn't show hand 
*** SUMMARY ***
Total pot $1.15 | Rake $0.05 
Board [Jc 6s 5s Qh 7s]
Seat 1: Ginnungagap7 folded before Flop (didn't bet)
Seat 3: AntonioBabic98 folded before Flop (didn't bet)
Seat 4: Dorex2007 (button) folded before Flop (didn't bet)
Seat 5: mooresie28 (small blind) folded on the Flop
Seat 6: DEdPo0L (big blind) folded on the River
Seat 7: Sr G0MES collected ($1.10)
Seat 8: Templar85 folded before Flop (didn't bet)
Seat 9: bauticius folded before Flop (didn't bet)



PokerStars Hand #238079168963:  Hold'em No Limit ($0.02/$0.05 USD) - 2022/08/18 21:43:31 PT [2022/08/19 0:43:31 ET]
Table 'Oceax IV' 9-max Seat #5 is the button
Seat 1: Ginnungagap7 ($4.03 in chips) 
Seat 3: AntonioBabic98 ($4.96 in chips) 
Seat 4: Dorex2007 ($5 in chips) 
Seat 5: mooresie28 ($5.16 in chips) 
Seat 6: DEdPo0L ($5.26 in chips) 
Seat 7: Sr G0MES ($5.88 in chips) 
Seat 8: Templar85 ($7.85 in chips) 
Seat 9: bauticius ($4.24 in chips) 
DEdPo0L: posts small blind $0.02
Sr G0MES: posts big blind $0.05
*** HOLE CARDS ***
Dealt to Dorex2007 [2c 5s]
Templar85: folds 
Templar85 leaves the table
bauticius: raises $0.07 to $0.12
Ginnungagap7: raises $0.31 to $0.43
AntonioBabic98: folds 
Dorex2007: folds 
mooresie28: folds 
DEdPo0L: folds 
Sr G0MES: calls $0.38
bauticius: folds 
*** FLOP *** [4c 6c 4h]
Sr G0MES: bets $0.20
Ginnungagap7: raises $0.80 to $1
Sr G0MES: calls $0.80
*** TURN *** [4c 6c 4h] [2d]
Sr G0MES: bets $0.20
Ginnungagap7: raises $2.40 to $2.60 and is all-in
Sr G0MES: calls $2.40
*** RIVER *** [4c 6c 4h 2d] [Ah]
*** SHOW DOWN ***
Sr G0MES: shows [8h 8d] (two pair, Eights and Fours)
Ginnungagap7: shows [Kh Kc] (two pair, Kings and Fours)
Ginnungagap7 collected $7.86 from pot
*** SUMMARY ***
Total pot $8.20 | Rake $0.34 
Board [4c 6c 4h 2d Ah]
Seat 1: Ginnungagap7 showed [Kh Kc] and won ($7.86) with two pair, Kings and Fours
Seat 3: AntonioBabic98 folded before Flop (didn't bet)
Seat 4: Dorex2007 folded before Flop (didn't bet)
Seat 5: mooresie28 (button) folded before Flop (didn't bet)
Seat 6: DEdPo0L (small blind) folded before Flop
Seat 7: Sr G0MES (big blind) showed [8h 8d] and lost with two pair, Eights and Fours
Seat 8: Templar85 folded before Flop (didn't bet)
Seat 9: bauticius folded before Flop



PokerStars Hand #238079177240:  Hold'em No Limit ($0.02/$0.05 USD) - 2022/08/18 21:44:41 PT [2022/08/19 0:44:41 ET]
Table 'Oceax IV' 9-max Seat #6 is the button
Seat 1: Ginnungagap7 ($7.86 in chips) 
Seat 3: AntonioBabic98 ($4.96 in chips) 
Seat 4: Dorex2007 ($5 in chips) 
Seat 5: mooresie28 ($5.16 in chips) 
Seat 6: DEdPo0L ($5.24 in chips) 
Seat 7: Sr G0MES ($1.85 in chips) 
Seat 9: bauticius ($4.12 in chips) 
Sr G0MES: posts small blind $0.02
bauticius: posts big blind $0.05
*** HOLE CARDS ***
Dealt to Dorex2007 [Kd 3c]
Ginnungagap7: folds 
AntonioBabic98: folds 
Dorex2007: folds 
mooresie28: folds 
DEdPo0L: raises $0.10 to $0.15
Sr G0MES: raises $0.10 to $0.25
bauticius: folds 
DEdPo0L: calls $0.10
*** FLOP *** [7s 8c Jh]
Sr G0MES: bets $0.15
DEdPo0L: calls $0.15
*** TURN *** [7s 8c Jh] [Ah]
Sr G0MES: bets $0.15
DEdPo0L: calls $0.15
*** RIVER *** [7s 8c Jh Ah] [As]
Sr G0MES: bets $1.30 and is all-in
DEdPo0L: folds 
Uncalled bet ($1.30) returned to Sr G0MES
Sr G0MES collected $1.10 from pot
Sr G0MES: doesn't show hand 
*** SUMMARY ***
Total pot $1.15 | Rake $0.05 
Board [7s 8c Jh Ah As]
Seat 1: Ginnungagap7 folded before Flop (didn't bet)
Seat 3: AntonioBabic98 folded before Flop (didn't bet)
Seat 4: Dorex2007 folded before Flop (didn't bet)
Seat 5: mooresie28 folded before Flop (didn't bet)
Seat 6: DEdPo0L (button) folded on the River
Seat 7: Sr G0MES (small blind) collected ($1.10)
Seat 9: bauticius (big blind) folded before Flop



PokerStars Hand #238079181843:  Hold'em No Limit ($0.02/$0.05 USD) - 2022/08/18 21:45:20 PT [2022/08/19 0:45:20 ET]
Table 'Oceax IV' 9-max Seat #7 is the button
Seat 1: Ginnungagap7 ($7.86 in chips) 
Seat 3: AntonioBabic98 ($4.96 in chips) 
Seat 4: Dorex2007 ($5 in chips) 
Seat 5: mooresie28 ($5.16 in chips) 
Seat 6: DEdPo0L ($5 in chips) 
Seat 7: Sr G0MES ($2.40 in chips) 
Seat 9: bauticius ($4.07 in chips) 
bauticius: posts small blind $0.02
Ginnungagap7: posts big blind $0.05
*** HOLE CARDS ***
Dealt to Dorex2007 [8c Qd]
AntonioBabic98: folds 
Dorex2007: folds 
mooresie28: folds 
DEdPo0L: raises $0.10 to $0.15
Sr G0MES: folds 
bauticius: folds 
Ginnungagap7: folds 
Uncalled bet ($0.10) returned to DEdPo0L
DEdPo0L collected $0.12 from pot
DEdPo0L: doesn't show hand 
*** SUMMARY ***
Total pot $0.12 | Rake $0 
Seat 1: Ginnungagap7 (big blind) folded before Flop
Seat 3: AntonioBabic98 folded before Flop (didn't bet)
Seat 4: Dorex2007 folded before Flop (didn't bet)
Seat 5: mooresie28 folded before Flop (didn't bet)
Seat 6: DEdPo0L collected ($0.12)
Seat 7: Sr G0MES (button) folded before Flop (didn't bet)
Seat 9: bauticius (small blind) folded before Flop



PokerStars Hand #238079184872:  Hold'em No Limit ($0.02/$0.05 USD) - 2022/08/18 21:45:46 PT [2022/08/19 0:45:46 ET]
Table 'Oceax IV' 9-max Seat #9 is the button
Seat 1: Ginnungagap7 ($7.81 in chips) 
Seat 3: AntonioBabic98 ($4.96 in chips) 
Seat 4: Dorex2007 ($5 in chips) 
Seat 5: mooresie28 ($5.16 in chips) 
Seat 6: DEdPo0L ($5.07 in chips) 
Seat 7: Sr G0MES ($2.40 in chips) 
Seat 9: bauticius ($4.05 in chips) 
Ginnungagap7: posts small blind $0.02
AntonioBabic98: posts big blind $0.05
*** HOLE CARDS ***
Dealt to Dorex2007 [8c Qc]
Dorex2007: folds 
mooresie28: raises $0.05 to $0.10
DEdPo0L: folds 
Sr G0MES: raises $0.15 to $0.25
bauticius: folds 
Ginnungagap7: folds 
AntonioBabic98: folds 
mooresie28: calls $0.15
*** FLOP *** [Ah Kd 9s]
mooresie28: checks 
Sr G0MES: bets $0.20
mooresie28: calls $0.20
*** TURN *** [Ah Kd 9s] [Qh]
mooresie28: checks 
Sr G0MES: bets $0.45
mooresie28: folds 
Uncalled bet ($0.45) returned to Sr G0MES
Sr G0MES collected $0.93 from pot
Sr G0MES: doesn't show hand 
*** SUMMARY ***
Total pot $0.97 | Rake $0.04 
Board [Ah Kd 9s Qh]
Seat 1: Ginnungagap7 (small blind) folded before Flop
Seat 3: AntonioBabic98 (big blind) folded before Flop
Seat 4: Dorex2007 folded before Flop (didn't bet)
Seat 5: mooresie28 folded on the Turn
Seat 6: DEdPo0L folded before Flop (didn't bet)
Seat 7: Sr G0MES collected ($0.93)
Seat 9: bauticius (button) folded before Flop (didn't bet)



PokerStars Hand #238079190225:  Hold'em No Limit ($0.02/$0.05 USD) - 2022/08/18 21:46:31 PT [2022/08/19 0:46:31 ET]
Table 'Oceax IV' 9-max Seat #1 is the button
Seat 1: Ginnungagap7 ($7.79 in chips) 
Seat 3: AntonioBabic98 ($4.91 in chips) 
Seat 4: Dorex2007 ($5 in chips) 
Seat 5: mooresie28 ($4.71 in chips) 
Seat 6: DEdPo0L ($5.07 in chips) 
Seat 7: Sr G0MES ($2.88 in chips) 
Seat 9: bauticius ($4.05 in chips) 
AntonioBabic98: posts small blind $0.02
Dorex2007: posts big blind $0.05
*** HOLE CARDS ***
Dealt to Dorex2007 [8c Td]
mooresie28: folds 
DEdPo0L: folds 
Sr G0MES: raises $0.30 to $0.35
bauticius: folds 
Ginnungagap7: folds 
AntonioBabic98: calls $0.33
Dorex2007: folds 
*** FLOP *** [2h Kh 3s]
AntonioBabic98: checks 
Sr G0MES: bets $0.36
AntonioBabic98: calls $0.36
*** TURN *** [2h Kh 3s] [9d]
AntonioBabic98: checks 
Sr G0MES: bets $2.17 and is all-in
AntonioBabic98: calls $2.17
*** RIVER *** [2h Kh 3s 9d] [Qs]
*** SHOW DOWN ***
AntonioBabic98: shows [Ac Ad] (a pair of Aces)
Sr G0MES: shows [Th 9h] (a pair of Nines)
AntonioBabic98 collected $5.57 from pot
*** SUMMARY ***
Total pot $5.81 | Rake $0.24 
Board [2h Kh 3s 9d Qs]
Seat 1: Ginnungagap7 (button) folded before Flop (didn't bet)
Seat 3: AntonioBabic98 (small blind) showed [Ac Ad] and won ($5.57) with a pair of Aces
Seat 4: Dorex2007 (big blind) folded before Flop
Seat 5: mooresie28 folded before Flop (didn't bet)
Seat 6: DEdPo0L folded before Flop (didn't bet)
Seat 7: Sr G0MES showed [Th 9h] and lost with a pair of Nines
Seat 9: bauticius folded before Flop (didn't bet)



PokerStars Hand #238079198148:  Hold'em No Limit ($0.02/$0.05 USD) - 2022/08/18 21:47:38 PT [2022/08/19 0:47:38 ET]
Table 'Oceax IV' 9-max Seat #3 is the button
Seat 1: Ginnungagap7 ($7.79 in chips) 
Seat 3: AntonioBabic98 ($7.60 in chips) 
Seat 4: Dorex2007 ($5 in chips) 
Seat 5: mooresie28 ($4.71 in chips) 
Seat 6: DEdPo0L ($5.07 in chips) 
Seat 9: bauticius ($4.05 in chips) 
Dorex2007: posts small blind $0.02
mooresie28: posts big blind $0.05
*** HOLE CARDS ***
Dealt to Dorex2007 [Ah 3s]
DEdPo0L: folds 
bauticius: folds 
Ginnungagap7: folds 
Sr G0MES leaves the table
AntonioBabic98: folds 
Dorex2007: folds 
Uncalled bet ($0.03) returned to mooresie28
mooresie28 collected $0.04 from pot
*** SUMMARY ***
Total pot $0.04 | Rake $0 
Seat 1: Ginnungagap7 folded before Flop (didn't bet)
Seat 3: AntonioBabic98 (button) folded before Flop (didn't bet)
Seat 4: Dorex2007 (small blind) folded before Flop
Seat 5: mooresie28 (big blind) collected ($0.04)
Seat 6: DEdPo0L folded before Flop (didn't bet)
Seat 9: bauticius folded before Flop (didn't bet)



PokerStars Hand #238079201040:  Hold'em No Limit ($0.02/$0.05 USD) - 2022/08/18 21:48:03 PT [2022/08/19 0:48:03 ET]
Table 'Oceax IV' 9-max Seat #4 is the button
Seat 1: Ginnungagap7 ($7.79 in chips) 
Seat 3: AntonioBabic98 ($7.60 in chips) 
Seat 4: Dorex2007 ($5 in chips) 
Seat 5: mooresie28 ($4.73 in chips) 
Seat 6: DEdPo0L ($5.07 in chips) 
Seat 9: bauticius ($4.05 in chips) 
mooresie28: posts small blind $0.02
DEdPo0L: posts big blind $0.05
*** HOLE CARDS ***
Dealt to Dorex2007 [2s 3s]
bauticius: folds 
Ginnungagap7: folds 
AntonioBabic98: folds 
Dorex2007: folds 
mooresie28: raises $0.05 to $0.10
DEdPo0L: calls $0.05
*** FLOP *** [9c 3d 8c]
mooresie28: checks 
DEdPo0L: checks 
*** TURN *** [9c 3d 8c] [8s]
mooresie28: checks 
DEdPo0L: checks 
*** RIVER *** [9c 3d 8c 8s] [7c]
mooresie28: checks 
DEdPo0L: checks 
*** SHOW DOWN ***
mooresie28: shows [Kh 6s] (a pair of Eights)
DEdPo0L: mucks hand 
mooresie28 collected $0.19 from pot
*** SUMMARY ***
Total pot $0.20 | Rake $0.01 
Board [9c 3d 8c 8s 7c]
Seat 1: Ginnungagap7 folded before Flop (didn't bet)
Seat 3: AntonioBabic98 folded before Flop (didn't bet)
Seat 4: Dorex2007 (button) folded before Flop (didn't bet)
Seat 5: mooresie28 (small blind) showed [Kh 6s] and won ($0.19) with a pair of Eights
Seat 6: DEdPo0L (big blind) mucked [4h Th]
Seat 9: bauticius folded before Flop (didn't bet)



PokerStars Hand #238079204502:  Hold'em No Limit ($0.02/$0.05 USD) - 2022/08/18 21:48:32 PT [2022/08/19 0:48:32 ET]
Table 'Oceax IV' 9-max Seat #5 is the button
Seat 1: Ginnungagap7 ($7.79 in chips) 
Seat 3: AntonioBabic98 ($7.60 in chips) 
Seat 4: Dorex2007 ($5 in chips) 
Seat 5: mooresie28 ($4.82 in chips) 
Seat 6: DEdPo0L ($5 in chips) 
Seat 9: bauticius ($4.05 in chips) 
DEdPo0L: posts small blind $0.02
bauticius: posts big blind $0.05
*** HOLE CARDS ***
Dealt to Dorex2007 [Kh 7s]
Ginnungagap7: folds 
AntonioBabic98: folds 
Dorex2007: folds 
mooresie28: folds 
DEdPo0L: folds 
Uncalled bet ($0.03) returned to bauticius
bauticius collected $0.04 from pot
bauticius: doesn't show hand 
*** SUMMARY ***
Total pot $0.04 | Rake $0 
Seat 1: Ginnungagap7 folded before Flop (didn't bet)
Seat 3: AntonioBabic98 folded before Flop (didn't bet)
Seat 4: Dorex2007 folded before Flop (didn't bet)
Seat 5: mooresie28 (button) folded before Flop (didn't bet)
Seat 6: DEdPo0L (small blind) folded before Flop
Seat 9: bauticius (big blind) collected ($0.04)



PokerStars Hand #238079206037:  Hold'em No Limit ($0.02/$0.05 USD) - 2022/08/18 21:48:45 PT [2022/08/19 0:48:45 ET]
Table 'Oceax IV' 9-max Seat #6 is the button
Seat 1: Ginnungagap7 ($7.79 in chips) 
Seat 3: AntonioBabic98 ($7.60 in chips) 
Seat 4: Dorex2007 ($5 in chips) 
Seat 5: mooresie28 ($4.82 in chips) 
Seat 6: DEdPo0L ($5 in chips) 
Seat 9: bauticius ($4.07 in chips) 
bauticius: posts small blind $0.02
Ginnungagap7: posts big blind $0.05
*** HOLE CARDS ***
Dealt to Dorex2007 [Js 7d]
AntonioBabic98: folds 
Dorex2007: folds 
mooresie28: folds 
DEdPo0L: folds 
bauticius: folds 
Uncalled bet ($0.03) returned to Ginnungagap7
Ginnungagap7 collected $0.04 from pot
Ginnungagap7: doesn't show hand 
*** SUMMARY ***
Total pot $0.04 | Rake $0 
Seat 1: Ginnungagap7 (big blind) collected ($0.04)
Seat 3: AntonioBabic98 folded before Flop (didn't bet)
Seat 4: Dorex2007 folded before Flop (didn't bet)
Seat 5: mooresie28 folded before Flop (didn't bet)
Seat 6: DEdPo0L (button) folded before Flop (didn't bet)
Seat 9: bauticius (small blind) folded before Flop



PokerStars Hand #238079208286:  Hold'em No Limit ($0.02/$0.05 USD) - 2022/08/18 21:49:04 PT [2022/08/19 0:49:04 ET]
Table 'Oceax IV' 9-max Seat #9 is the button
Seat 1: Ginnungagap7 ($7.81 in chips) 
Seat 3: AntonioBabic98 ($7.60 in chips) 
Seat 4: Dorex2007 ($5 in chips) 
Seat 5: mooresie28 ($4.82 in chips) 
Seat 6: DEdPo0L ($5 in chips) 
Seat 9: bauticius ($4.05 in chips) 
Ginnungagap7: posts small blind $0.02
AntonioBabic98: posts big blind $0.05
*** HOLE CARDS ***
Dealt to Dorex2007 [9d As]
Dorex2007: folds 
mooresie28: folds 
DEdPo0L: folds 
DEdPo0L leaves the table
bauticius: raises $0.07 to $0.12
Ginnungagap7: folds 
AntonioBabic98: folds 
Uncalled bet ($0.07) returned to bauticius
BlackCat0812 is disconnected 
bauticius collected $0.12 from pot
BlackCat0812 leaves the table
bauticius: doesn't show hand 
*** SUMMARY ***
Total pot $0.12 | Rake $0 
Seat 1: Ginnungagap7 (small blind) folded before Flop
Seat 3: AntonioBabic98 (big blind) folded before Flop
Seat 4: Dorex2007 folded before Flop (didn't bet)
Seat 5: mooresie28 folded before Flop (didn't bet)
Seat 6: DEdPo0L folded before Flop (didn't bet)
Seat 9: bauticius (button) collected ($0.12)



PokerStars Hand #238079211161:  Hold'em No Limit ($0.02/$0.05 USD) - 2022/08/18 21:49:29 PT [2022/08/19 0:49:29 ET]
Table 'Oceax IV' 9-max Seat #1 is the button
Seat 1: Ginnungagap7 ($7.79 in chips) 
Seat 3: AntonioBabic98 ($7.55 in chips) 
Seat 4: Dorex2007 ($5 in chips) 
Seat 5: mooresie28 ($4.82 in chips) 
Seat 9: bauticius ($4.12 in chips) 
AntonioBabic98: posts small blind $0.02
Dorex2007: posts big blind $0.05
*** HOLE CARDS ***
Dealt to Dorex2007 [Qh 9d]
mooresie28: raises $0.05 to $0.10
bauticius: folds 
Ginnungagap7: folds 
AntonioBabic98: folds 
Dorex2007: folds 
Uncalled bet ($0.05) returned to mooresie28
mooresie28 collected $0.12 from pot
*** SUMMARY ***
Total pot $0.12 | Rake $0 
Seat 1: Ginnungagap7 (button) folded before Flop (didn't bet)
Seat 3: AntonioBabic98 (small blind) folded before Flop
Seat 4: Dorex2007 (big blind) folded before Flop
Seat 5: mooresie28 collected ($0.12)
Seat 9: bauticius folded before Flop (didn't bet)



PokerStars Hand #238079213753:  Hold'em No Limit ($0.02/$0.05 USD) - 2022/08/18 21:49:52 PT [2022/08/19 0:49:52 ET]
Table 'Oceax IV' 9-max Seat #3 is the button
Seat 1: Ginnungagap7 ($7.79 in chips) 
Seat 3: AntonioBabic98 ($7.53 in chips) 
Seat 4: Dorex2007 ($5 in chips) 
Seat 5: mooresie28 ($4.89 in chips) 
Seat 9: bauticius ($4.12 in chips) 
Dorex2007: posts small blind $0.02
mooresie28: posts big blind $0.05
*** HOLE CARDS ***
Dealt to Dorex2007 [5c 7c]
bauticius: folds 
Ginnungagap7: raises $0.10 to $0.15
SetOnesGoal joins the table at seat #2 
AntonioBabic98: folds 
DEdPo0L joins the table at seat #6 
Dorex2007: folds 
mooresie28: folds 
Uncalled bet ($0.10) returned to Ginnungagap7
Ginnungagap7 collected $0.12 from pot
Ginnungagap7: doesn't show hand 
*** SUMMARY ***
Total pot $0.12 | Rake $0 
Seat 1: Ginnungagap7 collected ($0.12)
Seat 3: AntonioBabic98 (button) folded before Flop (didn't bet)
Seat 4: Dorex2007 (small blind) folded before Flop
Seat 5: mooresie28 (big blind) folded before Flop
Seat 9: bauticius folded before Flop (didn't bet)



PokerStars Hand #238079215324:  Hold'em No Limit ($0.02/$0.05 USD) - 2022/08/18 21:50:05 PT [2022/08/19 0:50:05 ET]
Table 'Oceax IV' 9-max Seat #4 is the button
Seat 1: Ginnungagap7 ($7.86 in chips) 
Seat 3: AntonioBabic98 ($7.53 in chips) 
Seat 4: Dorex2007 ($5 in chips) 
Seat 5: mooresie28 ($4.84 in chips) 
Seat 6: DEdPo0L ($5 in chips) 
Seat 9: bauticius ($4.12 in chips) 
mooresie28: posts small blind $0.02
DEdPo0L: posts big blind $0.05
SetOnesGoal: sits out 
*** HOLE CARDS ***
Dealt to Dorex2007 [9h 5c]
zanozaN1 joins the table at seat #7 
bauticius: raises $0.10 to $0.15
Ginnungagap7: folds 
AntonioBabic98: folds 
Dorex2007: folds 
mooresie28: folds 
DEdPo0L: folds 
Uncalled bet ($0.10) returned to bauticius
bauticius collected $0.12 from pot
bauticius: doesn't show hand 
*** SUMMARY ***
Total pot $0.12 | Rake $0 
Seat 1: Ginnungagap7 folded before Flop (didn't bet)
Seat 3: AntonioBabic98 folded before Flop (didn't bet)
Seat 4: Dorex2007 (button) folded before Flop (didn't bet)
Seat 5: mooresie28 (small blind) folded before Flop
Seat 6: DEdPo0L (big blind) folded before Flop
Seat 9: bauticius collected ($0.12)



PokerStars Hand #238079216996:  Hold'em No Limit ($0.02/$0.05 USD) - 2022/08/18 21:50:20 PT [2022/08/19 0:50:20 ET]
Table 'Oceax IV' 9-max Seat #5 is the button
Seat 1: Ginnungagap7 ($7.86 in chips) 
Seat 3: AntonioBabic98 ($7.53 in chips) 
Seat 4: Dorex2007 ($5 in chips) 
Seat 5: mooresie28 ($4.82 in chips) 
Seat 6: DEdPo0L ($5 in chips) 
Seat 7: zanozaN1 ($5 in chips) 
Seat 9: bauticius ($4.19 in chips) 
DEdPo0L: posts small blind $0.02
zanozaN1: posts big blind $0.05
SetOnesGoal: sits out 
*** HOLE CARDS ***
Dealt to Dorex2007 [9d 5s]
bauticius: folds 
Ginnungagap7: folds 
AntonioBabic98: folds 
Dorex2007: folds 
mooresie28: folds 
DEdPo0L: folds 
Uncalled bet ($0.03) returned to zanozaN1
zanozaN1 collected $0.04 from pot
zanozaN1: doesn't show hand 
*** SUMMARY ***
Total pot $0.04 | Rake $0 
Seat 1: Ginnungagap7 folded before Flop (didn't bet)
Seat 3: AntonioBabic98 folded before Flop (didn't bet)
Seat 4: Dorex2007 folded before Flop (didn't bet)
Seat 5: mooresie28 (button) folded before Flop (didn't bet)
Seat 6: DEdPo0L (small blind) folded before Flop
Seat 7: zanozaN1 (big blind) collected ($0.04)
Seat 9: bauticius folded before Flop (didn't bet)



PokerStars Hand #238079219176:  Hold'em No Limit ($0.02/$0.05 USD) - 2022/08/18 21:50:38 PT [2022/08/19 0:50:38 ET]
Table 'Oceax IV' 9-max Seat #6 is the button
Seat 1: Ginnungagap7 ($7.86 in chips) 
Seat 3: AntonioBabic98 ($7.53 in chips) 
Seat 4: Dorex2007 ($5 in chips) 
Seat 5: mooresie28 ($4.82 in chips) 
Seat 6: DEdPo0L ($5 in chips) 
Seat 7: zanozaN1 ($5.02 in chips) 
Seat 9: bauticius ($4.19 in chips) 
zanozaN1: posts small blind $0.02
bauticius: posts big blind $0.05
SetOnesGoal: sits out 
*** HOLE CARDS ***
Dealt to Dorex2007 [Jc 4s]
Ginnungagap7: raises $0.10 to $0.15
AntonioBabic98: calls $0.15
Dorex2007: folds 
mooresie28: folds 
DEdPo0L: folds 
zanozaN1: folds 
bauticius: folds 
*** FLOP *** [8d 2h Ks]
Ginnungagap7: bets $0.26
AntonioBabic98: calls $0.26
*** TURN *** [8d 2h Ks] [Kd]
Ginnungagap7: bets $0.57
AntonioBabic98: calls $0.57
*** RIVER *** [8d 2h Ks Kd] [7d]
Ginnungagap7: checks 
AntonioBabic98: bets $1.95
Ginnungagap7: raises $4.93 to $6.88 and is all-in
AntonioBabic98: calls $4.60 and is all-in
Uncalled bet ($0.33) returned to Ginnungagap7
*** SHOW DOWN ***
Ginnungagap7: shows [8c 8s] (a full house, Eights full of Kings)
AntonioBabic98: shows [7h 7s] (a full house, Sevens full of Kings)
Ginnungagap7 collected $14.50 from pot
*** SUMMARY ***
Total pot $15.13 | Rake $0.63 
Board [8d 2h Ks Kd 7d]
Seat 1: Ginnungagap7 showed [8c 8s] and won ($14.50) with a full house, Eights full of Kings
Seat 3: AntonioBabic98 showed [7h 7s] and lost with a full house, Sevens full of Kings
Seat 4: Dorex2007 folded before Flop (didn't bet)
Seat 5: mooresie28 folded before Flop (didn't bet)
Seat 6: DEdPo0L (button) folded before Flop (didn't bet)
Seat 7: zanozaN1 (small blind) folded before Flop
Seat 9: bauticius (big blind) folded before Flop



PokerStars Hand #238079226586:  Hold'em No Limit ($0.02/$0.05 USD) - 2022/08/18 21:51:40 PT [2022/08/19 0:51:40 ET]
Table 'Oceax IV' 9-max Seat #9 is the button
Seat 1: Ginnungagap7 ($14.83 in chips) 
Seat 2: SetOnesGoal ($5 in chips) 
Seat 4: Dorex2007 ($5 in chips) 
Seat 5: mooresie28 ($4.82 in chips) 
Seat 6: DEdPo0L ($5 in chips) 
Seat 9: bauticius ($4.14 in chips) 
Ginnungagap7: posts small blind $0.02
SetOnesGoal: posts big blind $0.05
*** HOLE CARDS ***
Dealt to Dorex2007 [6c Qs]
Dorex2007: folds 
mooresie28: folds 
DEdPo0L: folds 
tayke_br joins the table at seat #8 
bauticius: raises $0.07 to $0.12
Ginnungagap7: calls $0.10
SetOnesGoal: folds 
*** FLOP *** [5h Kd 3c]
tayke_br leaves the table
Ginnungagap7: bets $0.21
bauticius: calls $0.21
*** TURN *** [5h Kd 3c] [Jc]
Ginnungagap7: bets $0.51
bauticius: calls $0.51
*** RIVER *** [5h Kd 3c Jc] [6h]
Ginnungagap7: bets $1.25
bauticius: folds 
Uncalled bet ($1.25) returned to Ginnungagap7
Ginnungagap7 collected $1.66 from pot
*** SUMMARY ***
Total pot $1.73 | Rake $0.07 
Board [5h Kd 3c Jc 6h]
Seat 1: Ginnungagap7 (small blind) collected ($1.66)
Seat 2: SetOnesGoal (big blind) folded before Flop
Seat 4: Dorex2007 folded before Flop (didn't bet)
Seat 5: mooresie28 folded before Flop (didn't bet)
Seat 6: DEdPo0L folded before Flop (didn't bet)
Seat 9: bauticius (button) folded on the River



PokerStars Hand #238079231195:  Hold'em No Limit ($0.02/$0.05 USD) - 2022/08/18 21:52:19 PT [2022/08/19 0:52:19 ET]
Table 'Oceax IV' 9-max Seat #1 is the button
Seat 1: Ginnungagap7 ($15.65 in chips) 
Seat 2: SetOnesGoal ($5 in chips) 
Seat 4: Dorex2007 ($5 in chips) 
Seat 5: mooresie28 ($4.82 in chips) 
Seat 6: DEdPo0L ($5 in chips) 
Seat 9: bauticius ($3.30 in chips) 
SetOnesGoal: posts small blind $0.02
Dorex2007: posts big blind $0.05
*** HOLE CARDS ***
Dealt to Dorex2007 [4s 5s]
mooresie28: folds 
DEdPo0L: folds 
bauticius: folds 
Ginnungagap7: raises $0.10 to $0.15
SetOnesGoal: raises $0.45 to $0.60
Dorex2007: folds 
Ginnungagap7: calls $0.45
*** FLOP *** [Kd 2c 9s]
MrBorrink joins the table at seat #8 
SetOnesGoal: bets $0.50
Ginnungagap7: calls $0.50
*** TURN *** [Kd 2c 9s] [8c]
SetOnesGoal: bets $1.10
AntonioBabic98 leaves the table
Ginnungagap7: calls $1.10
*** RIVER *** [Kd 2c 9s 8c] [6c]
SetOnesGoal: checks 
Ginnungagap7: bets $4.27
SetOnesGoal: folds 
Uncalled bet ($4.27) returned to Ginnungagap7
Ginnungagap7 collected $4.27 from pot
Ginnungagap7: doesn't show hand 
*** SUMMARY ***
Total pot $4.45 | Rake $0.18 
Board [Kd 2c 9s 8c 6c]
Seat 1: Ginnungagap7 (button) collected ($4.27)
Seat 2: SetOnesGoal (small blind) folded on the River
Seat 4: Dorex2007 (big blind) folded before Flop
Seat 5: mooresie28 folded before Flop (didn't bet)
Seat 6: DEdPo0L folded before Flop (didn't bet)
Seat 9: bauticius folded before Flop (didn't bet)



PokerStars Hand #238079242461:  Hold'em No Limit ($0.02/$0.05 USD) - 2022/08/18 21:53:55 PT [2022/08/19 0:53:55 ET]
Table 'Oceax IV' 9-max Seat #2 is the button
Seat 1: Ginnungagap7 ($17.72 in chips) 
Seat 2: SetOnesGoal ($5 in chips) 
Seat 4: Dorex2007 ($5 in chips) 
Seat 5: mooresie28 ($4.82 in chips) 
Seat 6: DEdPo0L ($5 in chips) 
Seat 8: MrBorrink ($4 in chips) 
Seat 9: bauticius ($5 in chips) 
Dorex2007: posts small blind $0.02
mooresie28: posts big blind $0.05
MrBorrink: posts big blind $0.05
*** HOLE CARDS ***
Dealt to Dorex2007 [4h 6c]
DEdPo0L: folds 
MrBorrink: checks 
paragraf joins the table at seat #3 
bauticius: folds 
Ginnungagap7: raises $0.17 to $0.22
SetOnesGoal: folds 
Dorex2007: folds 
mooresie28: folds 
MrBorrink: folds 
Uncalled bet ($0.17) returned to Ginnungagap7
Ginnungagap7 collected $0.17 from pot
Ginnungagap7: doesn't show hand 
*** SUMMARY ***
Total pot $0.17 | Rake $0 
Seat 1: Ginnungagap7 collected ($0.17)
Seat 2: SetOnesGoal (button) folded before Flop (didn't bet)
Seat 4: Dorex2007 (small blind) folded before Flop
Seat 5: mooresie28 (big blind) folded before Flop
Seat 6: DEdPo0L folded before Flop (didn't bet)
Seat 8: MrBorrink folded before Flop (didn't bet)
Seat 9: bauticius folded before Flop (didn't bet)



PokerStars Hand #238079244874:  Hold'em No Limit ($0.02/$0.05 USD) - 2022/08/18 21:54:16 PT [2022/08/19 0:54:16 ET]
Table 'Oceax IV' 9-max Seat #4 is the button
Seat 1: Ginnungagap7 ($17.84 in chips) 
Seat 2: SetOnesGoal ($5 in chips) 
Seat 3: paragraf ($3 in chips) 
Seat 4: Dorex2007 ($5 in chips) 
Seat 5: mooresie28 ($4.77 in chips) 
Seat 6: DEdPo0L ($5 in chips) 
Seat 8: MrBorrink ($3.95 in chips) 
Seat 9: bauticius ($5 in chips) 
mooresie28: posts small blind $0.02
DEdPo0L: posts big blind $0.05
paragraf: posts big blind $0.05
*** HOLE CARDS ***
Dealt to Dorex2007 [Ah 5c]
MrBorrink: folds 
bauticius: raises $0.07 to $0.12
Ginnungagap7: folds 
SetOnesGoal: folds 
paragraf: folds 
Dorex2007: folds 
mooresie28: folds 
DEdPo0L: folds 
Uncalled bet ($0.07) returned to bauticius
bauticius collected $0.17 from pot
bauticius: doesn't show hand 
*** SUMMARY ***
Total pot $0.17 | Rake $0 
Seat 1: Ginnungagap7 folded before Flop (didn't bet)
Seat 2: SetOnesGoal folded before Flop (didn't bet)
Seat 3: paragraf folded before Flop (didn't bet)
Seat 4: Dorex2007 (button) folded before Flop (didn't bet)
Seat 5: mooresie28 (small blind) folded before Flop
Seat 6: DEdPo0L (big blind) folded before Flop
Seat 8: MrBorrink folded before Flop (didn't bet)
Seat 9: bauticius collected ($0.17)



PokerStars Hand #238079246342:  Hold'em No Limit ($0.02/$0.05 USD) - 2022/08/18 21:54:28 PT [2022/08/19 0:54:28 ET]
Table 'Oceax IV' 9-max Seat #5 is the button
Seat 1: Ginnungagap7 ($17.84 in chips) 
Seat 2: SetOnesGoal ($5 in chips) 
Seat 3: paragraf ($2.95 in chips) 
Seat 4: Dorex2007 ($5 in chips) 
Seat 5: mooresie28 ($4.75 in chips) 
Seat 6: DEdPo0L ($5 in chips) 
Seat 8: MrBorrink ($3.95 in chips) 
Seat 9: bauticius ($5.12 in chips) 
DEdPo0L: posts small blind $0.02
MrBorrink: posts big blind $0.05
*** HOLE CARDS ***
Dealt to Dorex2007 [Qs 2c]
bauticius: folds 
Ginnungagap7: folds 
SetOnesGoal: raises $0.10 to $0.15
paragraf: calls $0.15
Dorex2007: folds 
mooresie28: folds 
DEdPo0L: folds 
MrBorrink: folds 
*** FLOP *** [3h Kc Jd]
SetOnesGoal: bets $0.15
paragraf: calls $0.15
*** TURN *** [3h Kc Jd] [3s]
SetOnesGoal: checks 
paragraf: bets $0.20
SetOnesGoal: calls $0.20
*** RIVER *** [3h Kc Jd 3s] [8d]
SetOnesGoal: checks 
paragraf: checks 
*** SHOW DOWN ***
SetOnesGoal: shows [Qd Ac] (a pair of Threes)
paragraf: shows [Td Ks] (two pair, Kings and Threes)
paragraf collected $1.02 from pot
*** SUMMARY ***
Total pot $1.07 | Rake $0.05 
Board [3h Kc Jd 3s 8d]
Seat 1: Ginnungagap7 folded before Flop (didn't bet)
Seat 2: SetOnesGoal showed [Qd Ac] and lost with a pair of Threes
Seat 3: paragraf showed [Td Ks] and won ($1.02) with two pair, Kings and Threes
Seat 4: Dorex2007 folded before Flop (didn't bet)
Seat 5: mooresie28 (button) folded before Flop (didn't bet)
Seat 6: DEdPo0L (small blind) folded before Flop
Seat 8: MrBorrink (big blind) folded before Flop
Seat 9: bauticius folded before Flop (didn't bet)



PokerStars Hand #238079256138:  Hold'em No Limit ($0.02/$0.05 USD) - 2022/08/18 21:55:59 PT [2022/08/19 0:55:59 ET]
Table 'Oceax IV' 9-max Seat #6 is the button
Seat 1: Ginnungagap7 ($17.84 in chips) 
Seat 2: SetOnesGoal ($5 in chips) 
Seat 3: paragraf ($3.47 in chips) 
Seat 4: Dorex2007 ($5 in chips) 
Seat 5: mooresie28 ($4.75 in chips) 
Seat 6: DEdPo0L ($5 in chips) 
Seat 8: MrBorrink ($3.90 in chips) 
Seat 9: bauticius ($5.12 in chips) 
MrBorrink: posts small blind $0.02
bauticius: posts big blind $0.05
*** HOLE CARDS ***
Dealt to Dorex2007 [2c Ad]
Ginnungagap7: folds 
SetOnesGoal: folds 
paragraf: calls $0.05
Dorex2007: folds 
mooresie28: calls $0.05
DEdPo0L: folds 
Ginnungagap7 leaves the table
MrBorrink: calls $0.03
bauticius: checks 
*** FLOP *** [Jc 4c 6c]
MrBorrink: checks 
bauticius: checks 
paragraf: bets $0.10
mooresie28: folds 
MrBorrink: folds 
bauticius: folds 
Uncalled bet ($0.10) returned to paragraf
paragraf collected $0.19 from pot
paragraf: doesn't show hand 
*** SUMMARY ***
Total pot $0.20 | Rake $0.01 
Board [Jc 4c 6c]
Seat 1: Ginnungagap7 folded before Flop (didn't bet)
Seat 2: SetOnesGoal folded before Flop (didn't bet)
Seat 3: paragraf collected ($0.19)
Seat 4: Dorex2007 folded before Flop (didn't bet)
Seat 5: mooresie28 folded on the Flop
Seat 6: DEdPo0L (button) folded before Flop (didn't bet)
Seat 8: MrBorrink (small blind) folded on the Flop
Seat 9: bauticius (big blind) folded on the Flop



PokerStars Hand #238079259730:  Hold'em No Limit ($0.02/$0.05 USD) - 2022/08/18 21:56:35 PT [2022/08/19 0:56:35 ET]
Table 'Oceax IV' 9-max Seat #8 is the button
Seat 2: SetOnesGoal ($5 in chips) 
Seat 3: paragraf ($3.61 in chips) 
Seat 4: Dorex2007 ($5 in chips) 
Seat 5: mooresie28 ($4.70 in chips) 
Seat 6: DEdPo0L ($5 in chips) 
Seat 8: MrBorrink ($3.85 in chips) 
Seat 9: bauticius ($5.07 in chips) 
bauticius: posts small blind $0.02
SetOnesGoal: posts big blind $0.05
zanozaN1: sits out 
*** HOLE CARDS ***
Dealt to Dorex2007 [Ts Js]
paragraf: raises $0.05 to $0.10
Dorex2007: folds 
mooresie28: folds 
DEdPo0L: folds 
MrBorrink: calls $0.10
bauticius: folds 
SetOnesGoal: calls $0.05
*** FLOP *** [4h 7s 3c]
SetOnesGoal: checks 
paragraf: checks 
MrBorrink: bets $0.15
SetOnesGoal: folds 
paragraf: folds 
Uncalled bet ($0.15) returned to MrBorrink
Jer(11:11)(x) joins the table at seat #1 
MrBorrink collected $0.31 from pot
*** SUMMARY ***
Total pot $0.32 | Rake $0.01 
Board [4h 7s 3c]
Seat 2: SetOnesGoal (big blind) folded on the Flop
Seat 3: paragraf folded on the Flop
Seat 4: Dorex2007 folded before Flop (didn't bet)
Seat 5: mooresie28 folded before Flop (didn't bet)
Seat 6: DEdPo0L folded before Flop (didn't bet)
Seat 8: MrBorrink (button) collected ($0.31)
Seat 9: bauticius (small blind) folded before Flop



PokerStars Hand #238079263535:  Hold'em No Limit ($0.02/$0.05 USD) - 2022/08/18 21:57:12 PT [2022/08/19 0:57:12 ET]
Table 'Oceax IV' 9-max Seat #9 is the button
Seat 2: SetOnesGoal ($5 in chips) 
Seat 3: paragraf ($3.51 in chips) 
Seat 4: Dorex2007 ($5 in chips) 
Seat 5: mooresie28 ($4.70 in chips) 
Seat 6: DEdPo0L ($5 in chips) 
Seat 8: MrBorrink ($4.06 in chips) 
Seat 9: bauticius ($5.05 in chips) 
SetOnesGoal: posts small blind $0.02
paragraf: posts big blind $0.05
zanozaN1: sits out 
*** HOLE CARDS ***
Dealt to Dorex2007 [9d 2c]
Dorex2007: folds 
mooresie28: folds 
DEdPo0L: folds 
MrBorrink: raises $0.10 to $0.15
bauticius: folds 
SetOnesGoal: folds 
paragraf: folds 
Uncalled bet ($0.10) returned to MrBorrink
MrBorrink collected $0.12 from pot
*** SUMMARY ***
Total pot $0.12 | Rake $0 
Seat 2: SetOnesGoal (small blind) folded before Flop
Seat 3: paragraf (big blind) folded before Flop
Seat 4: Dorex2007 folded before Flop (didn't bet)
Seat 5: mooresie28 folded before Flop (didn't bet)
Seat 6: DEdPo0L folded before Flop (didn't bet)
Seat 8: MrBorrink collected ($0.12)
Seat 9: bauticius (button) folded before Flop (didn't bet)



PokerStars Hand #238079266382:  Hold'em No Limit ($0.02/$0.05 USD) - 2022/08/18 21:57:41 PT [2022/08/19 0:57:41 ET]
Table 'Oceax IV' 9-max Seat #2 is the button
Seat 1: Jer(11:11)(x) ($5 in chips) 
Seat 2: SetOnesGoal ($5 in chips) 
Seat 3: paragraf ($3.46 in chips) 
Seat 4: Dorex2007 ($5 in chips) 
Seat 5: mooresie28 ($4.70 in chips) 
Seat 6: DEdPo0L ($5 in chips) 
Seat 8: MrBorrink ($4.13 in chips) 
Seat 9: bauticius ($5.05 in chips) 
paragraf: posts small blind $0.02
Dorex2007: posts big blind $0.05
zanozaN1: sits out 
Jer(11:11)(x): posts big blind $0.05
*** HOLE CARDS ***
Dealt to Dorex2007 [5c 7d]
mooresie28: folds 
DEdPo0L: folds 
MrBorrink: calls $0.05
bauticius: folds 
Jer(11:11)(x): checks 
SetOnesGoal: folds 
paragraf: folds 
Dorex2007: checks 
*** FLOP *** [4s Tc Ks]
Dorex2007: checks 
MrBorrink: checks 
Jer(11:11)(x): bets $0.05
Dorex2007: folds 
MrBorrink: folds 
Uncalled bet ($0.05) returned to Jer(11:11)(x)
Jer(11:11)(x) collected $0.16 from pot
Jer(11:11)(x): doesn't show hand 
*** SUMMARY ***
Total pot $0.17 | Rake $0.01 
Board [4s Tc Ks]
Seat 1: Jer(11:11)(x) collected ($0.16)
Seat 2: SetOnesGoal (button) folded before Flop (didn't bet)
Seat 3: paragraf (small blind) folded before Flop
Seat 4: Dorex2007 (big blind) folded on the Flop
Seat 5: mooresie28 folded before Flop (didn't bet)
Seat 6: DEdPo0L folded before Flop (didn't bet)
Seat 8: MrBorrink folded on the Flop
Seat 9: bauticius folded before Flop (didn't bet)



PokerStars Hand #238079271401:  Hold'em No Limit ($0.02/$0.05 USD) - 2022/08/18 21:58:31 PT [2022/08/19 0:58:31 ET]
Table 'Oceax IV' 9-max Seat #3 is the button
Seat 1: Jer(11:11)(x) ($5.11 in chips) 
Seat 2: SetOnesGoal ($5 in chips) 
Seat 3: paragraf ($3.44 in chips) 
Seat 4: Dorex2007 ($5 in chips) 
Seat 5: mooresie28 ($4.70 in chips) 
Seat 6: DEdPo0L ($5 in chips) 
Seat 8: MrBorrink ($4.08 in chips) 
Seat 9: bauticius ($5.05 in chips) 
Dorex2007: posts small blind $0.02
mooresie28: posts big blind $0.05
zanozaN1: sits out 
*** HOLE CARDS ***
Dealt to Dorex2007 [3s 8c]
DEdPo0L: folds 
MrBorrink: folds 
bauticius: folds 
Jer(11:11)(x): calls $0.05
SetOnesGoal: calls $0.05
paragraf: calls $0.05
Dorex2007: folds 
mooresie28: checks 
*** FLOP *** [Jh 8d Kd]
mooresie28: checks 
Jer(11:11)(x): checks 
SetOnesGoal: checks 
paragraf: checks 
*** TURN *** [Jh 8d Kd] [7h]
mooresie28: checks 
Jer(11:11)(x): checks 
SetOnesGoal: bets $0.15
paragraf: calls $0.15
mooresie28: folds 
Jer(11:11)(x): folds 
*** RIVER *** [Jh 8d Kd 7h] [2s]
SetOnesGoal: checks 
paragraf: checks 
*** SHOW DOWN ***
SetOnesGoal: shows [7d 6c] (a pair of Sevens)
paragraf: mucks hand 
SetOnesGoal collected $0.50 from pot
*** SUMMARY ***
Total pot $0.52 | Rake $0.02 
Board [Jh 8d Kd 7h 2s]
Seat 1: Jer(11:11)(x) folded on the Turn
Seat 2: SetOnesGoal showed [7d 6c] and won ($0.50) with a pair of Sevens
Seat 3: paragraf (button) mucked [9s 6s]
Seat 4: Dorex2007 (small blind) folded before Flop
Seat 5: mooresie28 (big blind) folded on the Turn
Seat 6: DEdPo0L folded before Flop (didn't bet)
Seat 8: MrBorrink folded before Flop (didn't bet)
Seat 9: bauticius folded before Flop (didn't bet)



PokerStars Hand #238079279358:  Hold'em No Limit ($0.02/$0.05 USD) - 2022/08/18 21:59:51 PT [2022/08/19 0:59:51 ET]
Table 'Oceax IV' 9-max Seat #4 is the button
Seat 1: Jer(11:11)(x) ($5.06 in chips) 
Seat 2: SetOnesGoal ($5.30 in chips) 
Seat 3: paragraf ($3.24 in chips) 
Seat 4: Dorex2007 ($5 in chips) 
Seat 5: mooresie28 ($4.65 in chips) 
Seat 6: DEdPo0L ($5 in chips) 
Seat 8: MrBorrink ($4.08 in chips) 
Seat 9: bauticius ($5.05 in chips) 
mooresie28: posts small blind $0.02
DEdPo0L: posts big blind $0.05
zanozaN1: sits out 
*** HOLE CARDS ***
Dealt to Dorex2007 [7h As]
MrBorrink: raises $0.10 to $0.15
bauticius: folds 
zanozaN1 leaves the table
Jer(11:11)(x): folds 
JackStrap01 joins the table at seat #7 
SetOnesGoal: calls $0.15
paragraf: folds 
Dorex2007: folds 
mooresie28: folds 
DEdPo0L: calls $0.10
*** FLOP *** [5s 2h Td]
DEdPo0L: checks 
MrBorrink: checks 
SetOnesGoal: bets $0.22
DEdPo0L: folds 
MrBorrink: folds 
Uncalled bet ($0.22) returned to SetOnesGoal
SetOnesGoal collected $0.45 from pot
SetOnesGoal: doesn't show hand 
*** SUMMARY ***
Total pot $0.47 | Rake $0.02 
Board [5s 2h Td]
Seat 1: Jer(11:11)(x) folded before Flop (didn't bet)
Seat 2: SetOnesGoal collected ($0.45)
Seat 3: paragraf folded before Flop (didn't bet)
Seat 4: Dorex2007 (button) folded before Flop (didn't bet)
Seat 5: mooresie28 (small blind) folded before Flop
Seat 6: DEdPo0L (big blind) folded on the Flop
Seat 8: MrBorrink folded on the Flop
Seat 9: bauticius folded before Flop (didn't bet)



PokerStars Hand #238079285145:  Hold'em No Limit ($0.02/$0.05 USD) - 2022/08/18 22:00:45 PT [2022/08/19 1:00:45 ET]
Table 'Oceax IV' 9-max Seat #5 is the button
Seat 1: Jer(11:11)(x) ($5.06 in chips) 
Seat 2: SetOnesGoal ($5.60 in chips) 
Seat 3: paragraf ($3.24 in chips) 
Seat 4: Dorex2007 ($5 in chips) 
Seat 5: mooresie28 ($4.63 in chips) 
Seat 6: DEdPo0L ($5 in chips) 
Seat 7: JackStrap01 ($5 in chips) 
Seat 8: MrBorrink ($3.93 in chips) 
Seat 9: bauticius ($5.05 in chips) 
DEdPo0L: posts small blind $0.02
JackStrap01: posts big blind $0.05
*** HOLE CARDS ***
Dealt to Dorex2007 [7d 9s]
MrBorrink: raises $0.10 to $0.15
bauticius: folds 
Jer(11:11)(x): folds 
SetOnesGoal: folds 
paragraf: folds 
Dorex2007: folds 
mooresie28: folds 
DEdPo0L: folds 
JackStrap01: calls $0.10
*** FLOP *** [Qd 8d 5h]
JackStrap01: bets $0.15
MrBorrink: calls $0.15
*** TURN *** [Qd 8d 5h] [4c]
JackStrap01: checks 
MrBorrink: bets $0.30
JackStrap01: folds 
Uncalled bet ($0.30) returned to MrBorrink
MrBorrink collected $0.59 from pot
*** SUMMARY ***
Total pot $0.62 | Rake $0.03 
Board [Qd 8d 5h 4c]
Seat 1: Jer(11:11)(x) folded before Flop (didn't bet)
Seat 2: SetOnesGoal folded before Flop (didn't bet)
Seat 3: paragraf folded before Flop (didn't bet)
Seat 4: Dorex2007 folded before Flop (didn't bet)
Seat 5: mooresie28 (button) folded before Flop (didn't bet)
Seat 6: DEdPo0L (small blind) folded before Flop
Seat 7: JackStrap01 (big blind) folded on the Turn
Seat 8: MrBorrink collected ($0.59)
Seat 9: bauticius folded before Flop (didn't bet)



PokerStars Hand #238079289849:  Hold'em No Limit ($0.02/$0.05 USD) - 2022/08/18 22:01:26 PT [2022/08/19 1:01:26 ET]
Table 'Oceax IV' 9-max Seat #6 is the button
Seat 1: Jer(11:11)(x) ($5.06 in chips) 
Seat 2: SetOnesGoal ($5.60 in chips) 
Seat 3: paragraf ($3.24 in chips) 
Seat 4: Dorex2007 ($5 in chips) 
Seat 5: mooresie28 ($4.63 in chips) 
Seat 6: DEdPo0L ($5 in chips) 
Seat 7: JackStrap01 ($4.70 in chips) 
Seat 8: MrBorrink ($4.22 in chips) 
Seat 9: bauticius ($5.05 in chips) 
JackStrap01: posts small blind $0.02
MrBorrink: posts big blind $0.05
*** HOLE CARDS ***
Dealt to Dorex2007 [9c Qd]
bauticius: folds 
Jer(11:11)(x): folds 
SetOnesGoal: folds 
paragraf: folds 
Dorex2007: folds 
mooresie28: folds 
DEdPo0L: folds 
JackStrap01: folds 
Uncalled bet ($0.03) returned to MrBorrink
MrBorrink collected $0.04 from pot
*** SUMMARY ***
Total pot $0.04 | Rake $0 
Seat 1: Jer(11:11)(x) folded before Flop (didn't bet)
Seat 2: SetOnesGoal folded before Flop (didn't bet)
Seat 3: paragraf folded before Flop (didn't bet)
Seat 4: Dorex2007 folded before Flop (didn't bet)
Seat 5: mooresie28 folded before Flop (didn't bet)
Seat 6: DEdPo0L (button) folded before Flop (didn't bet)
Seat 7: JackStrap01 (small blind) folded before Flop
Seat 8: MrBorrink (big blind) collected ($0.04)
Seat 9: bauticius folded before Flop (didn't bet)



PokerStars Hand #238079291528:  Hold'em No Limit ($0.02/$0.05 USD) - 2022/08/18 22:01:40 PT [2022/08/19 1:01:40 ET]
Table 'Oceax IV' 9-max Seat #7 is the button
Seat 1: Jer(11:11)(x) ($5.06 in chips) 
Seat 2: SetOnesGoal ($5.60 in chips) 
Seat 3: paragraf ($3.24 in chips) 
Seat 4: Dorex2007 ($5 in chips) 
Seat 5: mooresie28 ($4.63 in chips) 
Seat 6: DEdPo0L ($5 in chips) 
Seat 7: JackStrap01 ($4.68 in chips) 
Seat 8: MrBorrink ($4.24 in chips) 
Seat 9: bauticius ($5.05 in chips) 
MrBorrink: posts small blind $0.02
bauticius: posts big blind $0.05
*** HOLE CARDS ***
Dealt to Dorex2007 [3s Qc]
Jer(11:11)(x): folds 
SetOnesGoal: folds 
paragraf: folds 
Dorex2007: folds 
mooresie28: folds 
DEdPo0L: folds 
JackStrap01: raises $0.10 to $0.15
MrBorrink: folds 
bauticius: folds 
Uncalled bet ($0.10) returned to JackStrap01
JackStrap01 collected $0.12 from pot
JackStrap01: doesn't show hand 
*** SUMMARY ***
Total pot $0.12 | Rake $0 
Seat 1: Jer(11:11)(x) folded before Flop (didn't bet)
Seat 2: SetOnesGoal folded before Flop (didn't bet)
Seat 3: paragraf folded before Flop (didn't bet)
Seat 4: Dorex2007 folded before Flop (didn't bet)
Seat 5: mooresie28 folded before Flop (didn't bet)
Seat 6: DEdPo0L folded before Flop (didn't bet)
Seat 7: JackStrap01 (button) collected ($0.12)
Seat 8: MrBorrink (small blind) folded before Flop
Seat 9: bauticius (big blind) folded before Flop



PokerStars Hand #238079293880:  Hold'em No Limit ($0.02/$0.05 USD) - 2022/08/18 22:02:02 PT [2022/08/19 1:02:02 ET]
Table 'Oceax IV' 9-max Seat #8 is the button
Seat 1: Jer(11:11)(x) ($5.06 in chips) 
Seat 2: SetOnesGoal ($5.60 in chips) 
Seat 3: paragraf ($3.24 in chips) 
Seat 4: Dorex2007 ($5 in chips) 
Seat 5: mooresie28 ($4.63 in chips) 
Seat 6: DEdPo0L ($5 in chips) 
Seat 7: JackStrap01 ($4.75 in chips) 
Seat 8: MrBorrink ($4.22 in chips) 
Seat 9: bauticius ($5 in chips) 
bauticius: posts small blind $0.02
Jer(11:11)(x): posts big blind $0.05
*** HOLE CARDS ***
Dealt to Dorex2007 [Qh Kh]
SetOnesGoal: folds 
paragraf: calls $0.05
Dorex2007: raises $0.20 to $0.25
mooresie28: folds 
DEdPo0L: folds 
JackStrap01: calls $0.25
MrBorrink: folds 
bauticius: folds 
Jer(11:11)(x): folds 
paragraf: folds 
*** FLOP *** [Kd 3h Jc]
Dorex2007: bets $0.59
JackStrap01: calls $0.59
*** TURN *** [Kd 3h Jc] [Td]
Dorex2007: checks 
JackStrap01: checks 
*** RIVER *** [Kd 3h Jc Td] [9d]
Dorex2007: bets $1.73
JackStrap01: raises $2.18 to $3.91 and is all-in
Dorex2007: calls $2.18
*** SHOW DOWN ***
JackStrap01: shows [Ad Th] (a pair of Tens)
Dorex2007: shows [Qh Kh] (a straight, Nine to King)
Dorex2007 collected $9.22 from pot
*** SUMMARY ***
Total pot $9.62 | Rake $0.40 
Board [Kd 3h Jc Td 9d]
Seat 1: Jer(11:11)(x) (big blind) folded before Flop
Seat 2: SetOnesGoal folded before Flop (didn't bet)
Seat 3: paragraf folded before Flop
Seat 4: Dorex2007 showed [Qh Kh] and won ($9.22) with a straight, Nine to King
Seat 5: mooresie28 folded before Flop (didn't bet)
Seat 6: DEdPo0L folded before Flop (didn't bet)
Seat 7: JackStrap01 showed [Ad Th] and lost with a pair of Tens
Seat 8: MrBorrink (button) folded before Flop (didn't bet)
Seat 9: bauticius (small blind) folded before Flop



PokerStars Hand #238079299706:  Hold'em No Limit ($0.02/$0.05 USD) - 2022/08/18 22:02:53 PT [2022/08/19 1:02:53 ET]
Table 'Oceax IV' 9-max Seat #9 is the button
Seat 1: Jer(11:11)(x) ($5.01 in chips) 
Seat 2: SetOnesGoal ($5.60 in chips) 
Seat 3: paragraf ($3.19 in chips) 
Seat 4: Dorex2007 ($9.47 in chips) 
Seat 5: mooresie28 ($4.63 in chips) 
Seat 6: DEdPo0L ($5 in chips) 
Seat 8: MrBorrink ($4.22 in chips) 
Seat 9: bauticius ($4.98 in chips) 
Jer(11:11)(x): posts small blind $0.02
SetOnesGoal: posts big blind $0.05
*** HOLE CARDS ***
Dealt to Dorex2007 [3h 5s]
paragraf: folds 
JackStrap01 leaves the table
Dorex2007: folds 
mooresie28: folds 
DEdPo0L: folds 
MrBorrink: raises $0.10 to $0.15
bauticius: folds 
Jer(11:11)(x): folds 
meelis9 joins the table at seat #7 
SetOnesGoal: folds 
Uncalled bet ($0.10) returned to MrBorrink
MrBorrink collected $0.12 from pot
*** SUMMARY ***
Total pot $0.12 | Rake $0 
Seat 1: Jer(11:11)(x) (small blind) folded before Flop
Seat 2: SetOnesGoal (big blind) folded before Flop
Seat 3: paragraf folded before Flop (didn't bet)
Seat 4: Dorex2007 folded before Flop (didn't bet)
Seat 5: mooresie28 folded before Flop (didn't bet)
Seat 6: DEdPo0L folded before Flop (didn't bet)
Seat 8: MrBorrink collected ($0.12)
Seat 9: bauticius (button) folded before Flop (didn't bet)



PokerStars Hand #238079303846:  Hold'em No Limit ($0.02/$0.05 USD) - 2022/08/18 22:03:29 PT [2022/08/19 1:03:29 ET]
Table 'Oceax IV' 9-max Seat #1 is the button
Seat 1: Jer(11:11)(x) ($4.99 in chips) 
Seat 2: SetOnesGoal ($5.55 in chips) 
Seat 3: paragraf ($3.19 in chips) 
Seat 4: Dorex2007 ($9.47 in chips) 
Seat 5: mooresie28 ($4.63 in chips) 
Seat 6: DEdPo0L ($5 in chips) 
Seat 8: MrBorrink ($4.29 in chips) 
Seat 9: bauticius ($4.98 in chips) 
SetOnesGoal: posts small blind $0.02
paragraf: posts big blind $0.05
meelis9: sits out 
*** HOLE CARDS ***
Dealt to Dorex2007 [8c 7d]
Dorex2007: folds 
mooresie28: raises $0.05 to $0.10
DEdPo0L: folds 
MrBorrink: folds 
bauticius: folds 
Jer(11:11)(x): folds 
SetOnesGoal: folds 
paragraf: folds 
Uncalled bet ($0.05) returned to mooresie28
mooresie28 collected $0.12 from pot
*** SUMMARY ***
Total pot $0.12 | Rake $0 
Seat 1: Jer(11:11)(x) (button) folded before Flop (didn't bet)
Seat 2: SetOnesGoal (small blind) folded before Flop
Seat 3: paragraf (big blind) folded before Flop
Seat 4: Dorex2007 folded before Flop (didn't bet)
Seat 5: mooresie28 collected ($0.12)
Seat 6: DEdPo0L folded before Flop (didn't bet)
Seat 8: MrBorrink folded before Flop (didn't bet)
Seat 9: bauticius folded before Flop (didn't bet)



PokerStars Hand #238079307362:  Hold'em No Limit ($0.02/$0.05 USD) - 2022/08/18 22:03:59 PT [2022/08/19 1:03:59 ET]
Table 'Oceax IV' 9-max Seat #2 is the button
Seat 1: Jer(11:11)(x) ($4.99 in chips) 
Seat 2: SetOnesGoal ($5.53 in chips) 
Seat 3: paragraf ($3.14 in chips) 
Seat 4: Dorex2007 ($9.47 in chips) 
Seat 5: mooresie28 ($4.70 in chips) 
Seat 6: DEdPo0L ($5 in chips) 
Seat 8: MrBorrink ($4.29 in chips) 
Seat 9: bauticius ($4.98 in chips) 
paragraf: posts small blind $0.02
Dorex2007: posts big blind $0.05
meelis9: sits out 
*** HOLE CARDS ***
Dealt to Dorex2007 [5h 4h]
mooresie28: folds 
DEdPo0L: folds 
MrBorrink: folds 
bauticius: raises $0.10 to $0.15
Jer(11:11)(x): calls $0.15
SetOnesGoal: folds 
paragraf: folds 
Dorex2007: folds 
*** FLOP *** [8d 4c 6h]
paragraf leaves the table
bauticius: checks 
Jer(11:11)(x): bets $0.15
bauticius: calls $0.15
*** TURN *** [8d 4c 6h] [3h]
bauticius: checks 
Jer(11:11)(x): checks 
*** RIVER *** [8d 4c 6h 3h] [Kh]
bauticius: bets $0.32
Jer(11:11)(x): calls $0.32
*** SHOW DOWN ***
bauticius: shows [Ac Qh] (high card Ace)
Jer(11:11)(x): shows [5d 5c] (a pair of Fives)
Jer(11:11)(x) collected $1.26 from pot
*** SUMMARY ***
Total pot $1.31 | Rake $0.05 
Board [8d 4c 6h 3h Kh]
Seat 1: Jer(11:11)(x) showed [5d 5c] and won ($1.26) with a pair of Fives
Seat 2: SetOnesGoal (button) folded before Flop (didn't bet)
Seat 3: paragraf (small blind) folded before Flop
Seat 4: Dorex2007 (big blind) folded before Flop
Seat 5: mooresie28 folded before Flop (didn't bet)
Seat 6: DEdPo0L folded before Flop (didn't bet)
Seat 8: MrBorrink folded before Flop (didn't bet)
Seat 9: bauticius showed [Ac Qh] and lost with high card Ace



PokerStars Hand #238079314013:  Hold'em No Limit ($0.02/$0.05 USD) - 2022/08/18 22:04:57 PT [2022/08/19 1:04:57 ET]
Table 'Oceax IV' 9-max Seat #4 is the button
Seat 1: Jer(11:11)(x) ($5.63 in chips) 
Seat 2: SetOnesGoal ($5.53 in chips) 
Seat 4: Dorex2007 ($9.42 in chips) 
Seat 5: mooresie28 ($4.70 in chips) 
Seat 6: DEdPo0L ($5 in chips) 
Seat 7: meelis9 ($5 in chips) 
Seat 8: MrBorrink ($4.29 in chips) 
Seat 9: bauticius ($4.36 in chips) 
mooresie28: posts small blind $0.02
DEdPo0L: posts big blind $0.05
meelis9: posts big blind $0.05
*** HOLE CARDS ***
Dealt to Dorex2007 [Js 6s]
meelis9: checks 
MrBorrink: folds 
bauticius: folds 
Jer(11:11)(x): folds 
SetOnesGoal: raises $0.07 to $0.12
Dorex2007: folds 
mooresie28: folds 
DEdPo0L: calls $0.07
meelis9: folds 
*** FLOP *** [9d Ad 3c]
DEdPo0L: checks 
SetOnesGoal: bets $0.15
DEdPo0L: folds 
Uncalled bet ($0.15) returned to SetOnesGoal
SetOnesGoal collected $0.30 from pot
SetOnesGoal: doesn't show hand 
*** SUMMARY ***
Total pot $0.31 | Rake $0.01 
Board [9d Ad 3c]
Seat 1: Jer(11:11)(x) folded before Flop (didn't bet)
Seat 2: SetOnesGoal collected ($0.30)
Seat 4: Dorex2007 (button) folded before Flop (didn't bet)
Seat 5: mooresie28 (small blind) folded before Flop
Seat 6: DEdPo0L (big blind) folded on the Flop
Seat 7: meelis9 folded before Flop (didn't bet)
Seat 8: MrBorrink folded before Flop (didn't bet)
Seat 9: bauticius folded before Flop (didn't bet)



PokerStars Hand #238079318854:  Hold'em No Limit ($0.02/$0.05 USD) - 2022/08/18 22:05:39 PT [2022/08/19 1:05:39 ET]
Table 'Oceax IV' 9-max Seat #5 is the button
Seat 1: Jer(11:11)(x) ($5.63 in chips) 
Seat 2: SetOnesGoal ($5.71 in chips) 
Seat 4: Dorex2007 ($9.42 in chips) 
Seat 5: mooresie28 ($4.68 in chips) 
Seat 6: DEdPo0L ($5 in chips) 
Seat 7: meelis9 ($5 in chips) 
Seat 8: MrBorrink ($4.29 in chips) 
Seat 9: bauticius ($4.36 in chips) 
DEdPo0L: posts small blind $0.02
meelis9: posts big blind $0.05
*** HOLE CARDS ***
Dealt to Dorex2007 [7s Th]
MrBorrink: folds 
bauticius: folds 
Jer(11:11)(x): calls $0.05
SetOnesGoal: folds 
Dorex2007: folds 
mooresie28: calls $0.05
DEdPo0L: folds 
meelis9: checks 
*** FLOP *** [6d Jh 8d]
meelis9: checks 
Jer(11:11)(x): checks 
mooresie28: bets $0.10
zanozaN1 joins the table at seat #3 
meelis9: folds 
Jer(11:11)(x): calls $0.10
*** TURN *** [6d Jh 8d] [Ts]
Jer(11:11)(x): bets $0.05
mooresie28: calls $0.05
*** RIVER *** [6d Jh 8d Ts] [2h]
Jer(11:11)(x): bets $0.05
mooresie28: folds 
Uncalled bet ($0.05) returned to Jer(11:11)(x)
Jer(11:11)(x) collected $0.45 from pot
Jer(11:11)(x): doesn't show hand 
*** SUMMARY ***
Total pot $0.47 | Rake $0.02 
Board [6d Jh 8d Ts 2h]
Seat 1: Jer(11:11)(x) collected ($0.45)
Seat 2: SetOnesGoal folded before Flop (didn't bet)
Seat 4: Dorex2007 folded before Flop (didn't bet)
Seat 5: mooresie28 (button) folded on the River
Seat 6: DEdPo0L (small blind) folded before Flop
Seat 7: meelis9 (big blind) folded on the Flop
Seat 8: MrBorrink folded before Flop (didn't bet)
Seat 9: bauticius folded before Flop (didn't bet)



PokerStars Hand #238079325579:  Hold'em No Limit ($0.02/$0.05 USD) - 2022/08/18 22:06:38 PT [2022/08/19 1:06:38 ET]
Table 'Oceax IV' 9-max Seat #6 is the button
Seat 1: Jer(11:11)(x) ($5.88 in chips) 
Seat 2: SetOnesGoal ($5.71 in chips) 
Seat 4: Dorex2007 ($9.42 in chips) 
Seat 5: mooresie28 ($4.48 in chips) 
Seat 6: DEdPo0L ($5 in chips) 
Seat 7: meelis9 ($5 in chips) 
Seat 8: MrBorrink ($4.29 in chips) 
Seat 9: bauticius ($4.36 in chips) 
meelis9: posts small blind $0.02
MrBorrink: posts big blind $0.05
zanozaN1: sits out 
*** HOLE CARDS ***
Dealt to Dorex2007 [Jc Qd]
bauticius: folds 
Jer(11:11)(x): folds 
SetOnesGoal: folds 
Dorex2007: folds 
mooresie28: folds 
DEdPo0L: raises $0.10 to $0.15
meelis9: folds 
MrBorrink: folds 
Uncalled bet ($0.10) returned to DEdPo0L
DEdPo0L collected $0.12 from pot
DEdPo0L: doesn't show hand 
*** SUMMARY ***
Total pot $0.12 | Rake $0 
Seat 1: Jer(11:11)(x) folded before Flop (didn't bet)
Seat 2: SetOnesGoal folded before Flop (didn't bet)
Seat 4: Dorex2007 folded before Flop (didn't bet)
Seat 5: mooresie28 folded before Flop (didn't bet)
Seat 6: DEdPo0L (button) collected ($0.12)
Seat 7: meelis9 (small blind) folded before Flop
Seat 8: MrBorrink (big blind) folded before Flop
Seat 9: bauticius folded before Flop (didn't bet)



PokerStars Hand #238079333616:  Hold'em No Limit ($0.02/$0.05 USD) - 2022/08/18 22:07:14 PT [2022/08/19 1:07:14 ET]
Table 'Oceax IV' 9-max Seat #7 is the button
Seat 1: Jer(11:11)(x) ($5.88 in chips) 
Seat 2: SetOnesGoal ($5.71 in chips) 
Seat 4: Dorex2007 ($9.42 in chips) 
Seat 5: mooresie28 ($4.48 in chips) 
Seat 6: DEdPo0L ($5.07 in chips) 
Seat 7: meelis9 ($5 in chips) 
Seat 8: MrBorrink ($4.24 in chips) 
Seat 9: bauticius ($4.36 in chips) 
MrBorrink: posts small blind $0.02
bauticius: posts big blind $0.05
zanozaN1: sits out 
*** HOLE CARDS ***
Dealt to Dorex2007 [Ks Qh]
Jer(11:11)(x): folds 
SetOnesGoal: folds 
Dorex2007: raises $0.10 to $0.15
mooresie28: folds 
DEdPo0L: raises $0.40 to $0.55
meelis9: folds 
MrBorrink: folds 
bauticius: folds 
Dorex2007: folds 
Uncalled bet ($0.40) returned to DEdPo0L
DEdPo0L collected $0.37 from pot
DEdPo0L: doesn't show hand 
*** SUMMARY ***
Total pot $0.37 | Rake $0 
Seat 1: Jer(11:11)(x) folded before Flop (didn't bet)
Seat 2: SetOnesGoal folded before Flop (didn't bet)
Seat 4: Dorex2007 folded before Flop
Seat 5: mooresie28 folded before Flop (didn't bet)
Seat 6: DEdPo0L collected ($0.37)
Seat 7: meelis9 (button) folded before Flop (didn't bet)
Seat 8: MrBorrink (small blind) folded before Flop
Seat 9: bauticius (big blind) folded before Flop



PokerStars Hand #238079341844:  Hold'em No Limit ($0.02/$0.05 USD) - 2022/08/18 22:07:36 PT [2022/08/19 1:07:36 ET]
Table 'Oceax IV' 9-max Seat #8 is the button
Seat 1: Jer(11:11)(x) ($5.88 in chips) 
Seat 2: SetOnesGoal ($5.71 in chips) 
Seat 4: Dorex2007 ($9.27 in chips) 
Seat 5: mooresie28 ($4.48 in chips) 
Seat 6: DEdPo0L ($5.29 in chips) 
Seat 7: meelis9 ($5 in chips) 
Seat 8: MrBorrink ($4.22 in chips) 
Seat 9: bauticius ($4.31 in chips) 
bauticius: posts small blind $0.02
Jer(11:11)(x): posts big blind $0.05
zanozaN1: sits out 
*** HOLE CARDS ***
Dealt to Dorex2007 [6h Ks]
SetOnesGoal: folds 
Dorex2007: folds 
mooresie28: folds 
DEdPo0L: raises $0.10 to $0.15
meelis9: folds 
MrBorrink: folds 
bauticius: calls $0.13
Jer(11:11)(x): folds 
*** FLOP *** [8c 4s Kh]
bauticius: checks 
DEdPo0L: checks 
*** TURN *** [8c 4s Kh] [Ts]
bauticius: checks 
DEdPo0L: checks 
*** RIVER *** [8c 4s Kh Ts] [8h]
bauticius: checks 
DEdPo0L: checks 
*** SHOW DOWN ***
bauticius: shows [Ah Qc] (a pair of Eights)
DEdPo0L: mucks hand 
bauticius collected $0.34 from pot
*** SUMMARY ***
Total pot $0.35 | Rake $0.01 
Board [8c 4s Kh Ts 8h]
Seat 1: Jer(11:11)(x) (big blind) folded before Flop
Seat 2: SetOnesGoal folded before Flop (didn't bet)
Seat 4: Dorex2007 folded before Flop (didn't bet)
Seat 5: mooresie28 folded before Flop (didn't bet)
Seat 6: DEdPo0L mucked [3d Ad]
Seat 7: meelis9 folded before Flop (didn't bet)
Seat 8: MrBorrink (button) folded before Flop (didn't bet)
Seat 9: bauticius (small blind) showed [Ah Qc] and won ($0.34) with a pair of Eights



PokerStars Hand #238079346040:  Hold'em No Limit ($0.02/$0.05 USD) - 2022/08/18 22:08:12 PT [2022/08/19 1:08:12 ET]
Table 'Oceax IV' 9-max Seat #9 is the button
Seat 1: Jer(11:11)(x) ($5.83 in chips) 
Seat 2: SetOnesGoal ($5.71 in chips) 
Seat 4: Dorex2007 ($9.27 in chips) 
Seat 5: mooresie28 ($4.48 in chips) 
Seat 6: DEdPo0L ($5.14 in chips) 
Seat 7: meelis9 ($5 in chips) 
Seat 8: MrBorrink ($4.22 in chips) 
Seat 9: bauticius ($4.50 in chips) 
Jer(11:11)(x): posts small blind $0.02
SetOnesGoal: posts big blind $0.05
zanozaN1: sits out 
*** HOLE CARDS ***
Dealt to Dorex2007 [7c 6d]
Dorex2007: folds 
mooresie28: raises $0.05 to $0.10
DEdPo0L: folds 
meelis9: folds 
MrBorrink has timed out
MrBorrink: folds 
bauticius: folds 
Jer(11:11)(x): folds 
SetOnesGoal: calls $0.05
*** FLOP *** [8c 4c As]
SetOnesGoal: checks 
mooresie28: bets $0.10
SetOnesGoal: folds 
Uncalled bet ($0.10) returned to mooresie28
mooresie28 collected $0.21 from pot
*** SUMMARY ***
Total pot $0.22 | Rake $0.01 
Board [8c 4c As]
Seat 1: Jer(11:11)(x) (small blind) folded before Flop
Seat 2: SetOnesGoal (big blind) folded on the Flop
Seat 4: Dorex2007 folded before Flop (didn't bet)
Seat 5: mooresie28 collected ($0.21)
Seat 6: DEdPo0L folded before Flop (didn't bet)
Seat 7: meelis9 folded before Flop (didn't bet)
Seat 8: MrBorrink folded before Flop (didn't bet)
Seat 9: bauticius (button) folded before Flop (didn't bet)



PokerStars Hand #238079352032:  Hold'em No Limit ($0.02/$0.05 USD) - 2022/08/18 22:09:04 PT [2022/08/19 1:09:04 ET]
Table 'Oceax IV' 9-max Seat #1 is the button
Seat 1: Jer(11:11)(x) ($5.81 in chips) 
Seat 2: SetOnesGoal ($5.61 in chips) 
Seat 3: zanozaN1 ($5 in chips) 
Seat 4: Dorex2007 ($9.27 in chips) 
Seat 5: mooresie28 ($4.59 in chips) 
Seat 6: DEdPo0L ($5.14 in chips) 
Seat 7: meelis9 ($5 in chips) 
Seat 9: bauticius ($4.50 in chips) 
SetOnesGoal: posts small blind $0.02
zanozaN1: posts big blind $0.05
*** HOLE CARDS ***
Dealt to Dorex2007 [6h 5s]
Dorex2007: folds 
mooresie28: folds 
DEdPo0L: folds 
meelis9: folds 
bauticius: folds 
Jer(11:11)(x): calls $0.05
SetOnesGoal: folds 
zanozaN1: checks 
*** FLOP *** [2d Qc Kh]
zanozaN1: checks 
Jer(11:11)(x): bets $0.05
zanozaN1: folds 
Uncalled bet ($0.05) returned to Jer(11:11)(x)
Jer(11:11)(x) collected $0.12 from pot
Jer(11:11)(x): doesn't show hand 
*** SUMMARY ***
Total pot $0.12 | Rake $0 
Board [2d Qc Kh]
Seat 1: Jer(11:11)(x) (button) collected ($0.12)
Seat 2: SetOnesGoal (small blind) folded before Flop
Seat 3: zanozaN1 (big blind) folded on the Flop
Seat 4: Dorex2007 folded before Flop (didn't bet)
Seat 5: mooresie28 folded before Flop (didn't bet)
Seat 6: DEdPo0L folded before Flop (didn't bet)
Seat 7: meelis9 folded before Flop (didn't bet)
Seat 9: bauticius folded before Flop (didn't bet)



PokerStars Hand #238079355638:  Hold'em No Limit ($0.02/$0.05 USD) - 2022/08/18 22:09:34 PT [2022/08/19 1:09:34 ET]
Table 'Oceax IV' 9-max Seat #2 is the button
Seat 1: Jer(11:11)(x) ($5.88 in chips) 
Seat 2: SetOnesGoal ($5.59 in chips) 
Seat 3: zanozaN1 ($5 in chips) 
Seat 4: Dorex2007 ($9.27 in chips) 
Seat 5: mooresie28 ($4.59 in chips) 
Seat 6: DEdPo0L ($5.14 in chips) 
Seat 7: meelis9 ($5 in chips) 
Seat 8: MrBorrink ($4.22 in chips) 
Seat 9: bauticius ($4.50 in chips) 
zanozaN1: posts small blind $0.02
Dorex2007: posts big blind $0.05
*** HOLE CARDS ***
Dealt to Dorex2007 [6h Ac]
mooresie28: folds 
DEdPo0L: raises $0.12 to $0.17
meelis9: folds 
MrBorrink: folds 
bauticius: folds 
Jer(11:11)(x): calls $0.17
SetOnesGoal: folds 
zanozaN1: folds 
Dorex2007: folds 
*** FLOP *** [7s 4s 2d]
DEdPo0L: bets $0.05
Jer(11:11)(x): calls $0.05
*** TURN *** [7s 4s 2d] [5d]
DEdPo0L: checks 
Jer(11:11)(x): bets $0.24
DEdPo0L: calls $0.24
*** RIVER *** [7s 4s 2d 5d] [2c]
DEdPo0L: checks 
Jer(11:11)(x): checks 
*** SHOW DOWN ***
DEdPo0L: shows [8s 9s] (a pair of Deuces)
Jer(11:11)(x): shows [As Td] (a pair of Deuces - Ace kicker)
Jer(11:11)(x) collected $0.95 from pot
*** SUMMARY ***
Total pot $0.99 | Rake $0.04 
Board [7s 4s 2d 5d 2c]
Seat 1: Jer(11:11)(x) showed [As Td] and won ($0.95) with a pair of Deuces
Seat 2: SetOnesGoal (button) folded before Flop (didn't bet)
Seat 3: zanozaN1 (small blind) folded before Flop
Seat 4: Dorex2007 (big blind) folded before Flop
Seat 5: mooresie28 folded before Flop (didn't bet)
Seat 6: DEdPo0L showed [8s 9s] and lost with a pair of Deuces
Seat 7: meelis9 folded before Flop (didn't bet)
Seat 8: MrBorrink folded before Flop (didn't bet)
Seat 9: bauticius folded before Flop (didn't bet)



PokerStars Hand #238079364638:  Hold'em No Limit ($0.02/$0.05 USD) - 2022/08/18 22:10:53 PT [2022/08/19 1:10:53 ET]
Table 'Oceax IV' 9-max Seat #3 is the button
Seat 1: Jer(11:11)(x) ($6.37 in chips) 
Seat 2: SetOnesGoal ($5.59 in chips) 
Seat 3: zanozaN1 ($5 in chips) 
Seat 4: Dorex2007 ($9.22 in chips) 
Seat 5: mooresie28 ($4.59 in chips) 
Seat 6: DEdPo0L ($5 in chips) 
Seat 7: meelis9 ($5 in chips) 
Seat 8: MrBorrink ($4.22 in chips) 
Seat 9: bauticius ($4.50 in chips) 
Dorex2007: posts small blind $0.02
mooresie28: posts big blind $0.05
*** HOLE CARDS ***
Dealt to Dorex2007 [2s 7h]
DEdPo0L: raises $0.12 to $0.17
meelis9: folds 
MrBorrink: folds 
bauticius: folds 
Jer(11:11)(x): raises $0.41 to $0.58
SetOnesGoal: folds 
zanozaN1: folds 
Dorex2007: folds 
mooresie28: folds 
DEdPo0L: calls $0.41
*** FLOP *** [Ks Td 3s]
DEdPo0L: checks 
Jer(11:11)(x): bets $4.50
DEdPo0L: folds 
Uncalled bet ($4.50) returned to Jer(11:11)(x)
Jer(11:11)(x) collected $1.18 from pot
Jer(11:11)(x): doesn't show hand 
*** SUMMARY ***
Total pot $1.23 | Rake $0.05 
Board [Ks Td 3s]
Seat 1: Jer(11:11)(x) collected ($1.18)
Seat 2: SetOnesGoal folded before Flop (didn't bet)
Seat 3: zanozaN1 (button) folded before Flop (didn't bet)
Seat 4: Dorex2007 (small blind) folded before Flop
Seat 5: mooresie28 (big blind) folded before Flop
Seat 6: DEdPo0L folded on the Flop
Seat 7: meelis9 folded before Flop (didn't bet)
Seat 8: MrBorrink folded before Flop (didn't bet)
Seat 9: bauticius folded before Flop (didn't bet)



PokerStars Hand #238079369565:  Hold'em No Limit ($0.02/$0.05 USD) - 2022/08/18 22:11:37 PT [2022/08/19 1:11:37 ET]
Table 'Oceax IV' 9-max Seat #4 is the button
Seat 1: Jer(11:11)(x) ($6.97 in chips) 
Seat 2: SetOnesGoal ($5.59 in chips) 
Seat 3: zanozaN1 ($5 in chips) 
Seat 4: Dorex2007 ($9.20 in chips) 
Seat 5: mooresie28 ($4.54 in chips) 
Seat 6: DEdPo0L ($5 in chips) 
Seat 7: meelis9 ($5 in chips) 
Seat 8: MrBorrink ($4.22 in chips) 
Seat 9: bauticius ($4.50 in chips) 
mooresie28: posts small blind $0.02
DEdPo0L: posts big blind $0.05
*** HOLE CARDS ***
Dealt to Dorex2007 [7c Ac]
meelis9: folds 
MrBorrink: folds 
bauticius: raises $0.07 to $0.12
Jer(11:11)(x): folds 
SetOnesGoal: folds 
zanozaN1: folds 
Dorex2007: folds 
mooresie28: folds 
DEdPo0L: folds 
Uncalled bet ($0.07) returned to bauticius
bauticius collected $0.12 from pot
bauticius: doesn't show hand 
*** SUMMARY ***
Total pot $0.12 | Rake $0 
Seat 1: Jer(11:11)(x) folded before Flop (didn't bet)
Seat 2: SetOnesGoal folded before Flop (didn't bet)
Seat 3: zanozaN1 folded before Flop (didn't bet)
Seat 4: Dorex2007 (button) folded before Flop (didn't bet)
Seat 5: mooresie28 (small blind) folded before Flop
Seat 6: DEdPo0L (big blind) folded before Flop
Seat 7: meelis9 folded before Flop (didn't bet)
Seat 8: MrBorrink folded before Flop (didn't bet)
Seat 9: bauticius collected ($0.12)



PokerStars Hand #238079372390:  Hold'em No Limit ($0.02/$0.05 USD) - 2022/08/18 22:12:01 PT [2022/08/19 1:12:01 ET]
Table 'Oceax IV' 9-max Seat #5 is the button
Seat 1: Jer(11:11)(x) ($6.97 in chips) 
Seat 2: SetOnesGoal ($5.59 in chips) 
Seat 3: zanozaN1 ($5 in chips) 
Seat 4: Dorex2007 ($9.20 in chips) 
Seat 5: mooresie28 ($4.52 in chips) 
Seat 6: DEdPo0L ($5 in chips) 
Seat 7: meelis9 ($5 in chips) 
Seat 8: MrBorrink ($4.22 in chips) 
Seat 9: bauticius ($4.57 in chips) 
DEdPo0L: posts small blind $0.02
meelis9: posts big blind $0.05
*** HOLE CARDS ***
Dealt to Dorex2007 [2c Td]
MrBorrink: folds 
bauticius: folds 
Jer(11:11)(x): calls $0.05
SetOnesGoal: folds 
zanozaN1: folds 
Dorex2007: folds 
mooresie28: folds 
DEdPo0L: folds 
meelis9: checks 
*** FLOP *** [2h 9h Ah]
meelis9: checks 
Jer(11:11)(x): bets $0.10
meelis9: folds 
Uncalled bet ($0.10) returned to Jer(11:11)(x)
Jer(11:11)(x) collected $0.12 from pot
Jer(11:11)(x): doesn't show hand 
*** SUMMARY ***
Total pot $0.12 | Rake $0 
Board [2h 9h Ah]
Seat 1: Jer(11:11)(x) collected ($0.12)
Seat 2: SetOnesGoal folded before Flop (didn't bet)
Seat 3: zanozaN1 folded before Flop (didn't bet)
Seat 4: Dorex2007 folded before Flop (didn't bet)
Seat 5: mooresie28 (button) folded before Flop (didn't bet)
Seat 6: DEdPo0L (small blind) folded before Flop
Seat 7: meelis9 (big blind) folded on the Flop
Seat 8: MrBorrink folded before Flop (didn't bet)
Seat 9: bauticius folded before Flop (didn't bet)



PokerStars Hand #238079375538:  Hold'em No Limit ($0.02/$0.05 USD) - 2022/08/18 22:12:30 PT [2022/08/19 1:12:30 ET]
Table 'Oceax IV' 9-max Seat #6 is the button
Seat 1: Jer(11:11)(x) ($7.04 in chips) 
Seat 2: SetOnesGoal ($5.59 in chips) 
Seat 3: zanozaN1 ($5 in chips) 
Seat 4: Dorex2007 ($9.20 in chips) 
Seat 5: mooresie28 ($4.52 in chips) 
Seat 6: DEdPo0L ($5 in chips) 
Seat 7: meelis9 ($5 in chips) 
Seat 8: MrBorrink ($4.22 in chips) 
Seat 9: bauticius ($4.57 in chips) 
meelis9: posts small blind $0.02
MrBorrink: posts big blind $0.05
*** HOLE CARDS ***
Dealt to Dorex2007 [Ks Qc]
bauticius: folds 
Jer(11:11)(x): folds 
SetOnesGoal: folds 
zanozaN1: folds 
Dorex2007: raises $0.10 to $0.15
mooresie28: folds 
DEdPo0L: folds 
meelis9: raises $0.30 to $0.45
MrBorrink: folds 
Dorex2007: calls $0.30
*** FLOP *** [3s Ah 8d]
meelis9: bets $0.45
Dorex2007: folds 
Uncalled bet ($0.45) returned to meelis9
meelis9 collected $0.91 from pot
meelis9: doesn't show hand 
*** SUMMARY ***
Total pot $0.95 | Rake $0.04 
Board [3s Ah 8d]
Seat 1: Jer(11:11)(x) folded before Flop (didn't bet)
Seat 2: SetOnesGoal folded before Flop (didn't bet)
Seat 3: zanozaN1 folded before Flop (didn't bet)
Seat 4: Dorex2007 folded on the Flop
Seat 5: mooresie28 folded before Flop (didn't bet)
Seat 6: DEdPo0L (button) folded before Flop (didn't bet)
Seat 7: meelis9 (small blind) collected ($0.91)
Seat 8: MrBorrink (big blind) folded before Flop
Seat 9: bauticius folded before Flop (didn't bet)



PokerStars Hand #238079381174:  Hold'em No Limit ($0.02/$0.05 USD) - 2022/08/18 22:13:19 PT [2022/08/19 1:13:19 ET]
Table 'Oceax IV' 9-max Seat #7 is the button
Seat 1: Jer(11:11)(x) ($7.04 in chips) 
Seat 2: SetOnesGoal ($5.59 in chips) 
Seat 3: zanozaN1 ($5 in chips) 
Seat 4: Dorex2007 ($8.75 in chips) 
Seat 5: mooresie28 ($4.52 in chips) 
Seat 6: DEdPo0L ($5 in chips) 
Seat 7: meelis9 ($5.46 in chips) 
Seat 8: MrBorrink ($4.17 in chips) 
Seat 9: bauticius ($4.57 in chips) 
MrBorrink: posts small blind $0.02
bauticius: posts big blind $0.05
*** HOLE CARDS ***
Dealt to Dorex2007 [9h 7c]
Jer(11:11)(x): calls $0.05
SetOnesGoal: folds 
zanozaN1: folds 
Dorex2007: folds 
mooresie28: folds 
DEdPo0L: raises $0.20 to $0.25
meelis9: folds 
MrBorrink: folds 
bauticius: folds 
Jer(11:11)(x): folds 
Uncalled bet ($0.20) returned to DEdPo0L
DEdPo0L collected $0.17 from pot
DEdPo0L: doesn't show hand 
*** SUMMARY ***
Total pot $0.17 | Rake $0 
Seat 1: Jer(11:11)(x) folded before Flop
Seat 2: SetOnesGoal folded before Flop (didn't bet)
Seat 3: zanozaN1 folded before Flop (didn't bet)
Seat 4: Dorex2007 folded before Flop (didn't bet)
Seat 5: mooresie28 folded before Flop (didn't bet)
Seat 6: DEdPo0L collected ($0.17)
Seat 7: meelis9 (button) folded before Flop (didn't bet)
Seat 8: MrBorrink (small blind) folded before Flop
Seat 9: bauticius (big blind) folded before Flop



PokerStars Hand #238079384665:  Hold'em No Limit ($0.02/$0.05 USD) - 2022/08/18 22:13:50 PT [2022/08/19 1:13:50 ET]
Table 'Oceax IV' 9-max Seat #8 is the button
Seat 1: Jer(11:11)(x) ($6.99 in chips) 
Seat 2: SetOnesGoal ($5.59 in chips) 
Seat 3: zanozaN1 ($5 in chips) 
Seat 4: Dorex2007 ($8.75 in chips) 
Seat 5: mooresie28 ($4.52 in chips) 
Seat 6: DEdPo0L ($5.12 in chips) 
Seat 7: meelis9 ($5.46 in chips) 
Seat 8: MrBorrink ($4.15 in chips) 
Seat 9: bauticius ($4.52 in chips) 
bauticius: posts small blind $0.02
Jer(11:11)(x): posts big blind $0.05
*** HOLE CARDS ***
Dealt to Dorex2007 [Jh 5d]
SetOnesGoal: folds 
zanozaN1: folds 
Dorex2007: folds 
mooresie28: folds 
DEdPo0L: raises $0.10 to $0.15
meelis9: folds 
MrBorrink: folds 
bauticius: calls $0.13
Jer(11:11)(x): folds 
*** FLOP *** [Kd 7c 8s]
bauticius: checks 
DEdPo0L: bets $0.17
bauticius: calls $0.17
*** TURN *** [Kd 7c 8s] [5c]
bauticius: checks 
DEdPo0L: checks 
*** RIVER *** [Kd 7c 8s 5c] [2c]
bauticius: bets $0.66
DEdPo0L: folds 
Uncalled bet ($0.66) returned to bauticius
bauticius collected $0.66 from pot
bauticius: doesn't show hand 
*** SUMMARY ***
Total pot $0.69 | Rake $0.03 
Board [Kd 7c 8s 5c 2c]
Seat 1: Jer(11:11)(x) (big blind) folded before Flop
Seat 2: SetOnesGoal folded before Flop (didn't bet)
Seat 3: zanozaN1 folded before Flop (didn't bet)
Seat 4: Dorex2007 folded before Flop (didn't bet)
Seat 5: mooresie28 folded before Flop (didn't bet)
Seat 6: DEdPo0L folded on the River
Seat 7: meelis9 folded before Flop (didn't bet)
Seat 8: MrBorrink (button) folded before Flop (didn't bet)
Seat 9: bauticius (small blind) collected ($0.66)



PokerStars Hand #238079391285:  Hold'em No Limit ($0.02/$0.05 USD) - 2022/08/18 22:14:49 PT [2022/08/19 1:14:49 ET]
Table 'Oceax IV' 9-max Seat #9 is the button
Seat 1: Jer(11:11)(x) ($6.94 in chips) 
Seat 2: SetOnesGoal ($5.59 in chips) 
Seat 3: zanozaN1 ($5 in chips) 
Seat 4: Dorex2007 ($8.75 in chips) 
Seat 5: mooresie28 ($4.52 in chips) 
Seat 6: DEdPo0L ($5 in chips) 
Seat 7: meelis9 ($5.46 in chips) 
Seat 8: MrBorrink ($4.15 in chips) 
Seat 9: bauticius ($4.86 in chips) 
Jer(11:11)(x): posts small blind $0.02
SetOnesGoal: posts big blind $0.05
*** HOLE CARDS ***
Dealt to Dorex2007 [6c 9h]
zanozaN1: folds 
Dorex2007: folds 
mooresie28: folds 
DEdPo0L: folds 
meelis9: folds 
MrBorrink: folds 
bauticius: folds 
Jer(11:11)(x): raises $0.05 to $0.10
SetOnesGoal: calls $0.05
*** FLOP *** [5d 4s 2d]
Jer(11:11)(x): bets $0.20
SetOnesGoal: folds 
Uncalled bet ($0.20) returned to Jer(11:11)(x)
Jer(11:11)(x) collected $0.19 from pot
Jer(11:11)(x): doesn't show hand 
*** SUMMARY ***
Total pot $0.20 | Rake $0.01 
Board [5d 4s 2d]
Seat 1: Jer(11:11)(x) (small blind) collected ($0.19)
Seat 2: SetOnesGoal (big blind) folded on the Flop
Seat 3: zanozaN1 folded before Flop (didn't bet)
Seat 4: Dorex2007 folded before Flop (didn't bet)
Seat 5: mooresie28 folded before Flop (didn't bet)
Seat 6: DEdPo0L folded before Flop (didn't bet)
Seat 7: meelis9 folded before Flop (didn't bet)
Seat 8: MrBorrink folded before Flop (didn't bet)
Seat 9: bauticius (button) folded before Flop (didn't bet)



PokerStars Hand #238079397328:  Hold'em No Limit ($0.02/$0.05 USD) - 2022/08/18 22:15:43 PT [2022/08/19 1:15:43 ET]
Table 'Oceax IV' 9-max Seat #1 is the button
Seat 1: Jer(11:11)(x) ($7.03 in chips) 
Seat 2: SetOnesGoal ($5.49 in chips) 
Seat 3: zanozaN1 ($5 in chips) 
Seat 4: Dorex2007 ($8.75 in chips) 
Seat 5: mooresie28 ($4.52 in chips) 
Seat 6: DEdPo0L ($5 in chips) 
Seat 7: meelis9 ($5.46 in chips) 
Seat 8: MrBorrink ($4.15 in chips) 
Seat 9: bauticius ($4.86 in chips) 
SetOnesGoal: posts small blind $0.02
zanozaN1: posts big blind $0.05
*** HOLE CARDS ***
Dealt to Dorex2007 [5d Qs]
Dorex2007: folds 
mooresie28: raises $0.05 to $0.10
DEdPo0L: folds 
meelis9: folds 
MrBorrink: folds 
bauticius: folds 
Jer(11:11)(x): folds 
SetOnesGoal: folds 
zanozaN1: folds 
Uncalled bet ($0.05) returned to mooresie28
mooresie28 collected $0.12 from pot
*** SUMMARY ***
Total pot $0.12 | Rake $0 
Seat 1: Jer(11:11)(x) (button) folded before Flop (didn't bet)
Seat 2: SetOnesGoal (small blind) folded before Flop
Seat 3: zanozaN1 (big blind) folded before Flop
Seat 4: Dorex2007 folded before Flop (didn't bet)
Seat 5: mooresie28 collected ($0.12)
Seat 6: DEdPo0L folded before Flop (didn't bet)
Seat 7: meelis9 folded before Flop (didn't bet)
Seat 8: MrBorrink folded before Flop (didn't bet)
Seat 9: bauticius folded before Flop (didn't bet)



PokerStars Hand #238079402167:  Hold'em No Limit ($0.02/$0.05 USD) - 2022/08/18 22:16:26 PT [2022/08/19 1:16:26 ET]
Table 'Oceax IV' 9-max Seat #2 is the button
Seat 2: SetOnesGoal ($5.47 in chips) 
Seat 3: zanozaN1 ($5 in chips) 
Seat 4: Dorex2007 ($8.75 in chips) 
Seat 5: mooresie28 ($4.59 in chips) 
Seat 6: DEdPo0L ($5 in chips) 
Seat 7: meelis9 ($5.46 in chips) 
Seat 8: MrBorrink ($4.15 in chips) 
Seat 9: bauticius ($4.86 in chips) 
zanozaN1: posts small blind $0.02
Dorex2007: posts big blind $0.05
*** HOLE CARDS ***
Dealt to Dorex2007 [Qs Kc]
mooresie28: folds 
DEdPo0L: folds 
meelis9: folds 
MrBorrink: folds 
bauticius: raises $0.10 to $0.15
SetOnesGoal: raises $0.30 to $0.45
zanozaN1: folds 
Dorex2007: folds 
bauticius: calls $0.30
*** FLOP *** [4h 3h 6s]
bauticius: checks 
SetOnesGoal: bets $0.46
bauticius: calls $0.46
*** TURN *** [4h 3h 6s] [8d]
bauticius: checks 
SetOnesGoal: checks 
*** RIVER *** [4h 3h 6s 8d] [Ts]
bauticius: checks 
SetOnesGoal: checks 
*** SHOW DOWN ***
bauticius: shows [Kh Ks] (a pair of Kings)
SetOnesGoal: mucks hand 
bauticius collected $1.81 from pot
*** SUMMARY ***
Total pot $1.89 | Rake $0.08 
Board [4h 3h 6s 8d Ts]
Seat 2: SetOnesGoal (button) mucked [As Jh]
Seat 3: zanozaN1 (small blind) folded before Flop
Seat 4: Dorex2007 (big blind) folded before Flop
Seat 5: mooresie28 folded before Flop (didn't bet)
Seat 6: DEdPo0L folded before Flop (didn't bet)
Seat 7: meelis9 folded before Flop (didn't bet)
Seat 8: MrBorrink folded before Flop (didn't bet)
Seat 9: bauticius showed [Kh Ks] and won ($1.81) with a pair of Kings



PokerStars Hand #238079410166:  Hold'em No Limit ($0.02/$0.05 USD) - 2022/08/18 22:17:38 PT [2022/08/19 1:17:38 ET]
Table 'Oceax IV' 9-max Seat #3 is the button
Seat 2: SetOnesGoal ($5 in chips) 
Seat 3: zanozaN1 ($5 in chips) 
Seat 4: Dorex2007 ($8.70 in chips) 
Seat 5: mooresie28 ($4.59 in chips) 
Seat 6: DEdPo0L ($5 in chips) 
Seat 7: meelis9 ($5.46 in chips) 
Seat 8: MrBorrink ($4.15 in chips) 
Seat 9: bauticius ($5.76 in chips) 
Dorex2007: posts small blind $0.02
mooresie28: posts big blind $0.05
*** HOLE CARDS ***
Dealt to Dorex2007 [Kd 3c]
DEdPo0L: folds 
meelis9: folds 
MrBorrink: folds 
bauticius: raises $0.07 to $0.12
SetOnesGoal: folds 
zanozaN1: folds 
Dorex2007: folds 
mooresie28: folds 
Uncalled bet ($0.07) returned to bauticius
bauticius collected $0.12 from pot
bauticius: doesn't show hand 
*** SUMMARY ***
Total pot $0.12 | Rake $0 
Seat 2: SetOnesGoal folded before Flop (didn't bet)
Seat 3: zanozaN1 (button) folded before Flop (didn't bet)
Seat 4: Dorex2007 (small blind) folded before Flop
Seat 5: mooresie28 (big blind) folded before Flop
Seat 6: DEdPo0L folded before Flop (didn't bet)
Seat 7: meelis9 folded before Flop (didn't bet)
Seat 8: MrBorrink folded before Flop (didn't bet)
Seat 9: bauticius collected ($0.12)



PokerStars Hand #238079412742:  Hold'em No Limit ($0.02/$0.05 USD) - 2022/08/18 22:18:00 PT [2022/08/19 1:18:00 ET]
Table 'Oceax IV' 9-max Seat #4 is the button
Seat 2: SetOnesGoal ($5 in chips) 
Seat 3: zanozaN1 ($5 in chips) 
Seat 4: Dorex2007 ($8.68 in chips) 
Seat 5: mooresie28 ($4.54 in chips) 
Seat 6: DEdPo0L ($5 in chips) 
Seat 7: meelis9 ($5.46 in chips) 
Seat 8: MrBorrink ($4.15 in chips) 
Seat 9: bauticius ($5.83 in chips) 
mooresie28: posts small blind $0.02
DEdPo0L: posts big blind $0.05
*** HOLE CARDS ***
Dealt to Dorex2007 [9c Qs]
meelis9: folds 
MrBorrink: folds 
bauticius: raises $0.07 to $0.12
SetOnesGoal: folds 
zanozaN1: folds 
Dorex2007: folds 
mooresie28: folds 
DEdPo0L: folds 
Uncalled bet ($0.07) returned to bauticius
bauticius collected $0.12 from pot
bauticius: doesn't show hand 
*** SUMMARY ***
Total pot $0.12 | Rake $0 
Seat 2: SetOnesGoal folded before Flop (didn't bet)
Seat 3: zanozaN1 folded before Flop (didn't bet)
Seat 4: Dorex2007 (button) folded before Flop (didn't bet)
Seat 5: mooresie28 (small blind) folded before Flop
Seat 6: DEdPo0L (big blind) folded before Flop
Seat 7: meelis9 folded before Flop (didn't bet)
Seat 8: MrBorrink folded before Flop (didn't bet)
Seat 9: bauticius collected ($0.12)



PokerStars Hand #238079415173:  Hold'em No Limit ($0.02/$0.05 USD) - 2022/08/18 22:18:21 PT [2022/08/19 1:18:21 ET]
Table 'Oceax IV' 9-max Seat #5 is the button
Seat 2: SetOnesGoal ($5 in chips) 
Seat 3: zanozaN1 ($5 in chips) 
Seat 4: Dorex2007 ($8.68 in chips) 
Seat 5: mooresie28 ($4.52 in chips) 
Seat 6: DEdPo0L ($5 in chips) 
Seat 7: meelis9 ($5.46 in chips) 
Seat 8: MrBorrink ($4.15 in chips) 
Seat 9: bauticius ($5.90 in chips) 
DEdPo0L: posts small blind $0.02
meelis9: posts big blind $0.05
*** HOLE CARDS ***
Dealt to Dorex2007 [6c Td]
MrBorrink: raises $0.10 to $0.15
bauticius: calls $0.15
SetOnesGoal: folds 
zanozaN1: folds 
Dorex2007: folds 
mooresie28: folds 
DEdPo0L: folds 
meelis9: folds 
*** FLOP *** [2s 3d 9h]
MrBorrink: bets $0.15
bauticius: calls $0.15
*** TURN *** [2s 3d 9h] [5c]
MrBorrink: bets $0.20
bauticius: raises $0.20 to $0.40
MrBorrink: calls $0.20
*** RIVER *** [2s 3d 9h 5c] [3c]
MrBorrink: checks 
bauticius: bets $0.42
MrBorrink: calls $0.42
*** SHOW DOWN ***
bauticius: shows [Ah 4h] (a straight, Ace to Five)
MrBorrink: mucks hand 
bauticius collected $2.21 from pot
*** SUMMARY ***
Total pot $2.31 | Rake $0.10 
Board [2s 3d 9h 5c 3c]
Seat 2: SetOnesGoal folded before Flop (didn't bet)
Seat 3: zanozaN1 folded before Flop (didn't bet)
Seat 4: Dorex2007 folded before Flop (didn't bet)
Seat 5: mooresie28 (button) folded before Flop (didn't bet)
Seat 6: DEdPo0L (small blind) folded before Flop
Seat 7: meelis9 (big blind) folded before Flop
Seat 8: MrBorrink mucked [Th Tc]
Seat 9: bauticius showed [Ah 4h] and won ($2.21) with a straight, Ace to Five



PokerStars Hand #238079421713:  Hold'em No Limit ($0.02/$0.05 USD) - 2022/08/18 22:19:18 PT [2022/08/19 1:19:18 ET]
Table 'Oceax IV' 9-max Seat #6 is the button
Seat 2: SetOnesGoal ($5 in chips) 
Seat 3: zanozaN1 ($5 in chips) 
Seat 4: Dorex2007 ($8.68 in chips) 
Seat 5: mooresie28 ($4.52 in chips) 
Seat 6: DEdPo0L ($5 in chips) 
Seat 7: meelis9 ($5.41 in chips) 
Seat 8: MrBorrink ($3.03 in chips) 
Seat 9: bauticius ($6.99 in chips) 
meelis9: posts small blind $0.02
MrBorrink: posts big blind $0.05
*** HOLE CARDS ***
Dealt to Dorex2007 [6c Jh]
bauticius: raises $0.07 to $0.12
SetOnesGoal: folds 
zanozaN1: folds 
Dorex2007: folds 
mooresie28: folds 
DEdPo0L: folds 
meelis9: folds 
MrBorrink: calls $0.07
*** FLOP *** [Jd Kc 4s]
MrBorrink: checks 
bauticius: checks 
*** TURN *** [Jd Kc 4s] [Td]
MrBorrink: checks 
bauticius: checks 
*** RIVER *** [Jd Kc 4s Td] [5s]
MrBorrink: checks 
bauticius: checks 
*** SHOW DOWN ***
MrBorrink: shows [5c 2c] (a pair of Fives)
bauticius: mucks hand 
MrBorrink collected $0.25 from pot
*** SUMMARY ***
Total pot $0.26 | Rake $0.01 
Board [Jd Kc 4s Td 5s]
Seat 2: SetOnesGoal folded before Flop (didn't bet)
Seat 3: zanozaN1 folded before Flop (didn't bet)
Seat 4: Dorex2007 folded before Flop (didn't bet)
Seat 5: mooresie28 folded before Flop (didn't bet)
Seat 6: DEdPo0L (button) folded before Flop (didn't bet)
Seat 7: meelis9 (small blind) folded before Flop
Seat 8: MrBorrink (big blind) showed [5c 2c] and won ($0.25) with a pair of Fives
Seat 9: bauticius mucked [3s As]



PokerStars Hand #238079425398:  Hold'em No Limit ($0.02/$0.05 USD) - 2022/08/18 22:19:51 PT [2022/08/19 1:19:51 ET]
Table 'Oceax IV' 9-max Seat #7 is the button
Seat 2: SetOnesGoal ($5 in chips) 
Seat 3: zanozaN1 ($5 in chips) 
Seat 4: Dorex2007 ($8.68 in chips) 
Seat 5: mooresie28 ($4.52 in chips) 
Seat 6: DEdPo0L ($5 in chips) 
Seat 7: meelis9 ($5.39 in chips) 
Seat 8: MrBorrink ($3.16 in chips) 
Seat 9: bauticius ($6.87 in chips) 
MrBorrink: posts small blind $0.02
bauticius: posts big blind $0.05
*** HOLE CARDS ***
Dealt to Dorex2007 [4c Kc]
SetOnesGoal: folds 
zanozaN1: folds 
Dorex2007: folds 
mooresie28: folds 
DEdPo0L has timed out
DEdPo0L: folds 
meelis9: folds 
MrBorrink: raises $0.10 to $0.15
bauticius: folds 
Uncalled bet ($0.10) returned to MrBorrink
bauticius leaves the table
MrBorrink collected $0.10 from pot
*** SUMMARY ***
Total pot $0.10 | Rake $0 
Seat 2: SetOnesGoal folded before Flop (didn't bet)
Seat 3: zanozaN1 folded before Flop (didn't bet)
Seat 4: Dorex2007 folded before Flop (didn't bet)
Seat 5: mooresie28 folded before Flop (didn't bet)
Seat 6: DEdPo0L folded before Flop (didn't bet)
Seat 7: meelis9 (button) folded before Flop (didn't bet)
Seat 8: MrBorrink (small blind) collected ($0.10)
Seat 9: bauticius (big blind) folded before Flop



PokerStars Hand #238079461438:  Hold'em No Limit ($0.02/$0.05 USD) - 2022/08/18 22:24:36 PT [2022/08/19 1:24:36 ET]
Table 'Oceax IV' 9-max Seat #5 is the button
Seat 3: zanozaN1 ($5.23 in chips) 
Seat 4: Dorex2007 ($8.68 in chips) 
Seat 5: mooresie28 ($4.45 in chips) 
Seat 6: DEdPo0L ($5 in chips) 
Seat 7: meelis9 ($5.51 in chips) 
Seat 8: MrBorrink ($3.47 in chips) 
Seat 9: H4NGOV3R ($3.78 in chips) 
DEdPo0L: posts small blind $0.02
meelis9: posts big blind $0.05
Dorex2007: posts small & big blinds $0.07
*** HOLE CARDS ***
Dealt to Dorex2007 [4s 8h]
MrBorrink: folds 
H4NGOV3R: folds 
zanozaN1: folds 
Dorex2007: checks 
mooresie28: folds 
zanozaN1 leaves the table
DEdPo0L: calls $0.03
meelis9: checks 
*** FLOP *** [6d 4d 2h]
DEdPo0L: checks 
meelis9: checks 
K.Yurka joins the table at seat #3 
Dorex2007: bets $0.11
DEdPo0L: folds 
meelis9: calls $0.11
*** TURN *** [6d 4d 2h] [Qs]
meelis9: checks 
Dorex2007: checks 
*** RIVER *** [6d 4d 2h Qs] [9s]
meelis9: bets $0.37
Dorex2007: folds 
Uncalled bet ($0.37) returned to meelis9
meelis9 collected $0.37 from pot
meelis9: doesn't show hand 
*** SUMMARY ***
Total pot $0.39 | Rake $0.02 
Board [6d 4d 2h Qs 9s]
Seat 3: zanozaN1 folded before Flop (didn't bet)
Seat 4: Dorex2007 folded on the River
Seat 5: mooresie28 (button) folded before Flop (didn't bet)
Seat 6: DEdPo0L (small blind) folded on the Flop
Seat 7: meelis9 (big blind) collected ($0.37)
Seat 8: MrBorrink folded before Flop (didn't bet)
Seat 9: H4NGOV3R folded before Flop (didn't bet)



PokerStars Hand #238079466991:  Hold'em No Limit ($0.02/$0.05 USD) - 2022/08/18 22:25:25 PT [2022/08/19 1:25:25 ET]
Table 'Oceax IV' 9-max Seat #6 is the button
Seat 4: Dorex2007 ($8.50 in chips) 
Seat 5: mooresie28 ($4.45 in chips) 
Seat 6: DEdPo0L ($5 in chips) 
Seat 7: meelis9 ($5.72 in chips) 
Seat 8: MrBorrink ($3.47 in chips) 
Seat 9: H4NGOV3R ($3.78 in chips) 
meelis9: posts small blind $0.02
MrBorrink: posts big blind $0.05
K.Yurka: sits out 
*** HOLE CARDS ***
Dealt to Dorex2007 [Ac 5d]
H4NGOV3R: folds 
Dorex2007: folds 
mooresie28: folds 
DEdPo0L: folds 
meelis9: folds 
Uncalled bet ($0.03) returned to MrBorrink
MrBorrink collected $0.04 from pot
*** SUMMARY ***
Total pot $0.04 | Rake $0 
Seat 4: Dorex2007 folded before Flop (didn't bet)
Seat 5: mooresie28 folded before Flop (didn't bet)
Seat 6: DEdPo0L (button) folded before Flop (didn't bet)
Seat 7: meelis9 (small blind) folded before Flop
Seat 8: MrBorrink (big blind) collected ($0.04)
Seat 9: H4NGOV3R folded before Flop (didn't bet)



PokerStars Hand #238079468112:  Hold'em No Limit ($0.02/$0.05 USD) - 2022/08/18 22:25:35 PT [2022/08/19 1:25:35 ET]
Table 'Oceax IV' 9-max Seat #7 is the button
Seat 4: Dorex2007 ($8.50 in chips) 
Seat 5: mooresie28 ($4.45 in chips) 
Seat 6: DEdPo0L ($5 in chips) 
Seat 7: meelis9 ($5.70 in chips) 
Seat 8: MrBorrink ($3.49 in chips) 
Seat 9: H4NGOV3R ($3.78 in chips) 
MrBorrink: posts small blind $0.02
H4NGOV3R: posts big blind $0.05
K.Yurka: sits out 
*** HOLE CARDS ***
Dealt to Dorex2007 [3c 3s]
Dorex2007: folds 
mooresie28: folds 
DEdPo0L: raises $0.10 to $0.15
meelis9: folds 
MrBorrink: folds 
H4NGOV3R: folds 
Uncalled bet ($0.10) returned to DEdPo0L
MrBorrink leaves the table
DEdPo0L collected $0.12 from pot
DEdPo0L: doesn't show hand 
*** SUMMARY ***
Total pot $0.12 | Rake $0 
Seat 4: Dorex2007 folded before Flop (didn't bet)
Seat 5: mooresie28 folded before Flop (didn't bet)
Seat 6: DEdPo0L collected ($0.12)
Seat 7: meelis9 (button) folded before Flop (didn't bet)
Seat 8: MrBorrink (small blind) folded before Flop
Seat 9: H4NGOV3R (big blind) folded before Flop



PokerStars Hand #238079469768:  Hold'em No Limit ($0.02/$0.05 USD) - 2022/08/18 22:25:49 PT [2022/08/19 1:25:49 ET]
Table 'Oceax IV' 9-max Seat #9 is the button
Seat 4: Dorex2007 ($8.50 in chips) 
Seat 5: mooresie28 ($4.45 in chips) 
Seat 6: DEdPo0L ($5.07 in chips) 
Seat 7: meelis9 ($5.70 in chips) 
Seat 9: H4NGOV3R ($3.73 in chips) 
Dorex2007: posts small blind $0.02
mooresie28: posts big blind $0.05
*** HOLE CARDS ***
Dealt to Dorex2007 [7d 8h]
DEdPo0L: raises $0.12 to $0.17
meelis9: folds 
H4NGOV3R: folds 
Dorex2007: folds 
mooresie28: folds 
Uncalled bet ($0.12) returned to DEdPo0L
DEdPo0L collected $0.12 from pot
DEdPo0L: doesn't show hand 
*** SUMMARY ***
Total pot $0.12 | Rake $0 
Seat 4: Dorex2007 (small blind) folded before Flop
Seat 5: mooresie28 (big blind) folded before Flop
Seat 6: DEdPo0L collected ($0.12)
Seat 7: meelis9 folded before Flop (didn't bet)
Seat 9: H4NGOV3R (button) folded before Flop (didn't bet)



PokerStars Hand #238079471076:  Hold'em No Limit ($0.02/$0.05 USD) - 2022/08/18 22:26:01 PT [2022/08/19 1:26:01 ET]
Table 'Oceax IV' 9-max Seat #4 is the button
Seat 4: Dorex2007 ($8.48 in chips) 
Seat 5: mooresie28 ($4.40 in chips) 
Seat 6: DEdPo0L ($5.14 in chips) 
Seat 7: meelis9 ($5.70 in chips) 
Seat 9: H4NGOV3R ($3.73 in chips) 
mooresie28: posts small blind $0.02
DEdPo0L: posts big blind $0.05
K.Yurka: sits out 
*** HOLE CARDS ***
Dealt to Dorex2007 [3d Tc]
meelis9: folds 
H4NGOV3R: folds 
Dorex2007: folds 
mooresie28: raises $0.05 to $0.10
DEdPo0L: folds 
Uncalled bet ($0.05) returned to mooresie28
mooresie28 collected $0.10 from pot
*** SUMMARY ***
Total pot $0.10 | Rake $0 
Seat 4: Dorex2007 (button) folded before Flop (didn't bet)
Seat 5: mooresie28 (small blind) collected ($0.10)
Seat 6: DEdPo0L (big blind) folded before Flop
Seat 7: meelis9 folded before Flop (didn't bet)
Seat 9: H4NGOV3R folded before Flop (didn't bet)



PokerStars Hand #238079474335:  Hold'em No Limit ($0.02/$0.05 USD) - 2022/08/18 22:26:30 PT [2022/08/19 1:26:30 ET]
Table 'Oceax IV' 9-max Seat #5 is the button
Seat 4: Dorex2007 ($8.48 in chips) 
Seat 5: mooresie28 ($4.45 in chips) 
Seat 6: DEdPo0L ($5.09 in chips) 
Seat 7: meelis9 ($5.70 in chips) 
Seat 9: H4NGOV3R ($3.73 in chips) 
DEdPo0L: posts small blind $0.02
meelis9: posts big blind $0.05
K.Yurka: sits out 
*** HOLE CARDS ***
Dealt to Dorex2007 [8c 2h]
H4NGOV3R: folds 
SturmGaming joins the table at seat #8 
Dorex2007: folds 
mooresie28: folds 
DEdPo0L: folds 
Uncalled bet ($0.03) returned to meelis9
meelis9 collected $0.04 from pot
meelis9: doesn't show hand 
*** SUMMARY ***
Total pot $0.04 | Rake $0 
Seat 4: Dorex2007 folded before Flop (didn't bet)
Seat 5: mooresie28 (button) folded before Flop (didn't bet)
Seat 6: DEdPo0L (small blind) folded before Flop
Seat 7: meelis9 (big blind) collected ($0.04)
Seat 9: H4NGOV3R folded before Flop (didn't bet)



PokerStars Hand #238079475726:  Hold'em No Limit ($0.02/$0.05 USD) - 2022/08/18 22:26:42 PT [2022/08/19 1:26:42 ET]
Table 'Oceax IV' 9-max Seat #6 is the button
Seat 4: Dorex2007 ($8.48 in chips) 
Seat 5: mooresie28 ($4.45 in chips) 
Seat 6: DEdPo0L ($5.07 in chips) 
Seat 7: meelis9 ($5.72 in chips) 
Seat 8: SturmGaming ($5 in chips) 
Seat 9: H4NGOV3R ($3.73 in chips) 
meelis9: posts small blind $0.02
SturmGaming: posts big blind $0.05
K.Yurka: sits out 
*** HOLE CARDS ***
Dealt to Dorex2007 [Ac Jd]
H4NGOV3R: folds 
Dorex2007: raises $0.15 to $0.20
mooresie28: folds 
DEdPo0L: folds 
meelis9: folds 
SturmGaming: folds 
Uncalled bet ($0.15) returned to Dorex2007
Dorex2007 collected $0.12 from pot
Dorex2007: doesn't show hand 
*** SUMMARY ***
Total pot $0.12 | Rake $0 
Seat 4: Dorex2007 collected ($0.12)
Seat 5: mooresie28 folded before Flop (didn't bet)
Seat 6: DEdPo0L (button) folded before Flop (didn't bet)
Seat 7: meelis9 (small blind) folded before Flop
Seat 8: SturmGaming (big blind) folded before Flop
Seat 9: H4NGOV3R folded before Flop (didn't bet)



PokerStars Hand #238079477225:  Hold'em No Limit ($0.02/$0.05 USD) - 2022/08/18 22:26:56 PT [2022/08/19 1:26:56 ET]
Table 'Oceax IV' 9-max Seat #7 is the button
Seat 4: Dorex2007 ($8.55 in chips) 
Seat 5: mooresie28 ($4.45 in chips) 
Seat 6: DEdPo0L ($5.07 in chips) 
Seat 7: meelis9 ($5.70 in chips) 
Seat 8: SturmGaming ($5 in chips) 
Seat 9: H4NGOV3R ($3.73 in chips) 
SturmGaming: posts small blind $0.02
H4NGOV3R: posts big blind $0.05
K.Yurka: sits out 
*** HOLE CARDS ***
Dealt to Dorex2007 [2h Kh]
Dorex2007: folds 
mooresie28: folds 
DEdPo0L: folds 
meelis9: folds 
SturmGaming: raises $0.07 to $0.12
H4NGOV3R: calls $0.07
*** FLOP *** [Qd 7c Tc]
SturmGaming: bets $0.08
H4NGOV3R: raises $0.08 to $0.16
SturmGaming: calls $0.08
*** TURN *** [Qd 7c Tc] [8c]
SturmGaming: checks 
H4NGOV3R: checks 
*** RIVER *** [Qd 7c Tc 8c] [Ts]
SturmGaming: bets $0.48
H4NGOV3R: folds 
Uncalled bet ($0.48) returned to SturmGaming
SturmGaming collected $0.54 from pot
SturmGaming: doesn't show hand 
*** SUMMARY ***
Total pot $0.56 | Rake $0.02 
Board [Qd 7c Tc 8c Ts]
Seat 4: Dorex2007 folded before Flop (didn't bet)
Seat 5: mooresie28 folded before Flop (didn't bet)
Seat 6: DEdPo0L folded before Flop (didn't bet)
Seat 7: meelis9 (button) folded before Flop (didn't bet)
Seat 8: SturmGaming (small blind) collected ($0.54)
Seat 9: H4NGOV3R (big blind) folded on the River



PokerStars Hand #238079482586:  Hold'em No Limit ($0.02/$0.05 USD) - 2022/08/18 22:27:43 PT [2022/08/19 1:27:43 ET]
Table 'Oceax IV' 9-max Seat #8 is the button
Seat 3: K.Yurka ($5 in chips) 
Seat 4: Dorex2007 ($8.55 in chips) 
Seat 5: mooresie28 ($4.45 in chips) 
Seat 6: DEdPo0L ($5.07 in chips) 
Seat 7: meelis9 ($5.70 in chips) 
Seat 8: SturmGaming ($5.26 in chips) 
Seat 9: H4NGOV3R ($3.45 in chips) 
H4NGOV3R: posts small blind $0.02
K.Yurka: posts big blind $0.05
*** HOLE CARDS ***
Dealt to Dorex2007 [2c 9c]
Dorex2007: folds 
mooresie28: folds 
DEdPo0L: folds 
meelis9: folds 
mooresie28 leaves the table
SturmGaming: raises $0.07 to $0.12
H4NGOV3R: folds 
K.Yurka: folds 
Uncalled bet ($0.07) returned to SturmGaming
SturmGaming collected $0.12 from pot
Jer(11:11)(x) leaves the table
SturmGaming: doesn't show hand 
*** SUMMARY ***
Total pot $0.12 | Rake $0 
Seat 3: K.Yurka (big blind) folded before Flop
Seat 4: Dorex2007 folded before Flop (didn't bet)
Seat 5: mooresie28 folded before Flop (didn't bet)
Seat 6: DEdPo0L folded before Flop (didn't bet)
Seat 7: meelis9 folded before Flop (didn't bet)
Seat 8: SturmGaming (button) collected ($0.12)
Seat 9: H4NGOV3R (small blind) folded before Flop



PokerStars Hand #238079484651:  Hold'em No Limit ($0.02/$0.05 USD) - 2022/08/18 22:28:01 PT [2022/08/19 1:28:01 ET]
Table 'Oceax IV' 9-max Seat #9 is the button
Seat 3: K.Yurka ($5 in chips) 
Seat 4: Dorex2007 ($8.55 in chips) 
Seat 6: DEdPo0L ($5.07 in chips) 
Seat 7: meelis9 ($5.70 in chips) 
Seat 8: SturmGaming ($5.33 in chips) 
Seat 9: H4NGOV3R ($3.43 in chips) 
K.Yurka: posts small blind $0.02
Dorex2007: posts big blind $0.05
*** HOLE CARDS ***
Dealt to Dorex2007 [9d Qd]
DEdPo0L: folds 
meelis9: folds 
DEdPo0L leaves the table
SturmGaming: raises $0.07 to $0.12
H4NGOV3R: folds 
K.Yurka: folds 
Dorex2007: folds 
Uncalled bet ($0.07) returned to SturmGaming
SturmGaming collected $0.12 from pot
SturmGaming: doesn't show hand 
*** SUMMARY ***
Total pot $0.12 | Rake $0 
Seat 3: K.Yurka (small blind) folded before Flop
Seat 4: Dorex2007 (big blind) folded before Flop
Seat 6: DEdPo0L folded before Flop (didn't bet)
Seat 7: meelis9 folded before Flop (didn't bet)
Seat 8: SturmGaming collected ($0.12)
Seat 9: H4NGOV3R (button) folded before Flop (didn't bet)



PokerStars Hand #238079488964:  Hold'em No Limit ($0.02/$0.05 USD) - 2022/08/18 22:28:39 PT [2022/08/19 1:28:39 ET]
Table 'Oceax IV' 9-max Seat #3 is the button
Seat 3: K.Yurka ($5 in chips) 
Seat 4: Dorex2007 ($8.50 in chips) 
Seat 7: meelis9 ($5.70 in chips) 
Seat 8: SturmGaming ($5.40 in chips) 
Seat 9: H4NGOV3R ($3.43 in chips) 
Dorex2007: posts small blind $0.02
meelis9: posts big blind $0.05
*** HOLE CARDS ***
Dealt to Dorex2007 [7d 2s]
SturmGaming: folds 
H4NGOV3R: folds 
K.Yurka: folds 
Dorex2007: folds 
Uncalled bet ($0.03) returned to meelis9
meelis9 collected $0.04 from pot
meelis9: doesn't show hand 
*** SUMMARY ***
Total pot $0.04 | Rake $0 
Seat 3: K.Yurka (button) folded before Flop (didn't bet)
Seat 4: Dorex2007 (small blind) folded before Flop
Seat 7: meelis9 (big blind) collected ($0.04)
Seat 8: SturmGaming folded before Flop (didn't bet)
Seat 9: H4NGOV3R folded before Flop (didn't bet)



PokerStars Hand #238079491443:  Hold'em No Limit ($0.02/$0.05 USD) - 2022/08/18 22:29:01 PT [2022/08/19 1:29:01 ET]
Table 'Oceax IV' 9-max Seat #4 is the button
Seat 3: K.Yurka ($5 in chips) 
Seat 4: Dorex2007 ($8.48 in chips) 
Seat 7: meelis9 ($5.72 in chips) 
Seat 9: H4NGOV3R ($3.43 in chips) 
meelis9: posts small blind $0.02
SturmGaming: is sitting out 
H4NGOV3R: posts big blind $0.05
*** HOLE CARDS ***
Dealt to Dorex2007 [9s 6c]
SturmGaming leaves the table
K.Yurka: folds 
Dorex2007: folds 
meelis9: folds 
Uncalled bet ($0.03) returned to H4NGOV3R
H4NGOV3R collected $0.04 from pot
H4NGOV3R: doesn't show hand 
*** SUMMARY ***
Total pot $0.04 | Rake $0 
Seat 3: K.Yurka folded before Flop (didn't bet)
Seat 4: Dorex2007 (button) folded before Flop (didn't bet)
Seat 7: meelis9 (small blind) folded before Flop
Seat 9: H4NGOV3R (big blind) collected ($0.04)



PokerStars Hand #238079492296:  Hold'em No Limit ($0.02/$0.05 USD) - 2022/08/18 22:29:09 PT [2022/08/19 1:29:09 ET]
Table 'Oceax IV' 9-max Seat #7 is the button
Seat 3: K.Yurka ($5 in chips) 
Seat 4: Dorex2007 ($8.48 in chips) 
Seat 7: meelis9 ($5.70 in chips) 
Seat 9: H4NGOV3R ($3.45 in chips) 
H4NGOV3R: posts small blind $0.02
K.Yurka: posts big blind $0.05
*** HOLE CARDS ***
Dealt to Dorex2007 [Td 5c]
Dorex2007: folds 
meelis9: folds 
H4NGOV3R: raises $0.10 to $0.15
K.Yurka: folds 
Uncalled bet ($0.10) returned to H4NGOV3R
H4NGOV3R collected $0.10 from pot
SetOnesGoal leaves the table
H4NGOV3R: doesn't show hand 
*** SUMMARY ***
Total pot $0.10 | Rake $0 
Seat 3: K.Yurka (big blind) folded before Flop
Seat 4: Dorex2007 folded before Flop (didn't bet)
Seat 7: meelis9 (button) folded before Flop (didn't bet)
Seat 9: H4NGOV3R (small blind) collected ($0.10)



PokerStars Hand #238079493637:  Hold'em No Limit ($0.02/$0.05 USD) - 2022/08/18 22:29:21 PT [2022/08/19 1:29:21 ET]
Table 'Oceax IV' 9-max Seat #9 is the button
Seat 3: K.Yurka ($5 in chips) 
Seat 4: Dorex2007 ($8.48 in chips) 
Seat 7: meelis9 ($5.70 in chips) 
Seat 9: H4NGOV3R ($3.50 in chips) 
K.Yurka: posts small blind $0.02
Dorex2007: posts big blind $0.05
*** HOLE CARDS ***
Dealt to Dorex2007 [Tc 9s]
meelis9: folds 
H4NGOV3R: raises $0.12 to $0.17
K.Yurka: folds 
Dorex2007: folds 
Uncalled bet ($0.12) returned to H4NGOV3R
H4NGOV3R collected $0.12 from pot
H4NGOV3R: doesn't show hand 
*** SUMMARY ***
Total pot $0.12 | Rake $0 
Seat 3: K.Yurka (small blind) folded before Flop
Seat 4: Dorex2007 (big blind) folded before Flop
Seat 7: meelis9 folded before Flop (didn't bet)
Seat 9: H4NGOV3R (button) collected ($0.12)



