PokerStars Hand #232523963928:  Hold'em No Limit ($0.01/$0.02 USD) - 2021/12/25 17:11:06 PT [2021/12/25 20:11:06 ET]
Table 'Hohensteina III' 9-max Seat #1 is the button
Seat 1: MGLIMA99 ($1.37 in chips) 
Seat 2: xandeskt ($1.61 in chips) 
Seat 3: Nicolai5115 ($0.80 in chips) 
Seat 4: tutanpoker ($1.82 in chips) 
Seat 6: Nepfion ($2.93 in chips) 
Seat 7: samonov44 ($2.38 in chips) 
Seat 8: K~A~Can~A~K ($3.51 in chips) 
Seat 9: Dorex2007 ($2 in chips) 
xandeskt: posts small blind $0.01
Nicolai5115: posts big blind $0.02
BARBURIA: sits out 
Dorex2007: posts big blind $0.02
*** HOLE CARDS ***
Dealt to Dorex2007 [6d Qs]
tutanpoker: folds 
Nepfion: raises $0.04 to $0.06
samonov44: folds 
K~A~Can~A~K: raises $0.10 to $0.16
Dorex2007: folds 
MGLIMA99 has timed out
MGLIMA99: folds 
xandeskt: folds 
Nicolai5115: folds 
Nepfion: raises $0.18 to $0.34
K~A~Can~A~K: calls $0.18
*** FLOP *** [9h 7c 3c]
MGLIMA99 leaves the table
Nepfion: checks 
K~A~Can~A~K: checks 
*** TURN *** [9h 7c 3c] [Kc]
Nepfion: bets $0.47
leito2424 joins the table at seat #1 
K~A~Can~A~K: folds 
Uncalled bet ($0.47) returned to Nepfion
Nepfion collected $0.70 from pot
Nepfion: doesn't show hand 
*** SUMMARY ***
Total pot $0.73 | Rake $0.03 
Board [9h 7c 3c Kc]
Seat 1: MGLIMA99 (button) folded before Flop (didn't bet)
Seat 2: xandeskt (small blind) folded before Flop
Seat 3: Nicolai5115 (big blind) folded before Flop
Seat 4: tutanpoker folded before Flop (didn't bet)
Seat 6: Nepfion collected ($0.70)
Seat 7: samonov44 folded before Flop (didn't bet)
Seat 8: K~A~Can~A~K folded on the Turn
Seat 9: Dorex2007 folded before Flop (didn't bet)



PokerStars Hand #232523995646:  Hold'em No Limit ($0.01/$0.02 USD) - 2021/12/25 17:12:50 PT [2021/12/25 20:12:50 ET]
Table 'Hohensteina III' 9-max Seat #2 is the button
Seat 1: leito2424 ($1.60 in chips) 
Seat 2: xandeskt ($1.60 in chips) 
Seat 3: Nicolai5115 ($0.78 in chips) 
Seat 4: tutanpoker ($1.82 in chips) 
Seat 6: Nepfion ($3.29 in chips) 
Seat 7: samonov44 ($2.38 in chips) 
Seat 8: K~A~Can~A~K ($3.17 in chips) 
Seat 9: Dorex2007 ($2 in chips) 
Nicolai5115: posts small blind $0.01
tutanpoker: posts big blind $0.02
BARBURIA: sits out 
leito2424: posts big blind $0.02
*** HOLE CARDS ***
Dealt to Dorex2007 [2h Jd]
Nepfion: folds 
samonov44: folds 
K~A~Can~A~K: folds 
Dorex2007: folds 
leito2424: raises $0.06 to $0.08
xandeskt: calls $0.08
Nicolai5115: folds 
tutanpoker: folds 
*** FLOP *** [7s Th 4c]
leito2424: checks 
xandeskt: checks 
*** TURN *** [7s Th 4c] [Ad]
leito2424: checks 
xandeskt: bets $0.10
leito2424: raises $0.10 to $0.20
xandeskt: raises $0.58 to $0.78
leito2424: raises $0.74 to $1.52 and is all-in
xandeskt: calls $0.74 and is all-in
*** RIVER *** [7s Th 4c Ad] [Qh]
*** SHOW DOWN ***
leito2424: shows [7d 7c] (three of a kind, Sevens)
xandeskt: shows [4s 4d] (three of a kind, Fours)
leito2424 collected $3.12 from pot
*** SUMMARY ***
Total pot $3.23 | Rake $0.11 
Board [7s Th 4c Ad Qh]
Seat 1: leito2424 showed [7d 7c] and won ($3.12) with three of a kind, Sevens
Seat 2: xandeskt (button) showed [4s 4d] and lost with three of a kind, Fours
Seat 3: Nicolai5115 (small blind) folded before Flop
Seat 4: tutanpoker (big blind) folded before Flop
Seat 6: Nepfion folded before Flop (didn't bet)
Seat 7: samonov44 folded before Flop (didn't bet)
Seat 8: K~A~Can~A~K folded before Flop (didn't bet)
Seat 9: Dorex2007 folded before Flop (didn't bet)



PokerStars Hand #232524017453:  Hold'em No Limit ($0.01/$0.02 USD) - 2021/12/25 17:14:03 PT [2021/12/25 20:14:03 ET]
Table 'Hohensteina III' 9-max Seat #3 is the button
Seat 1: leito2424 ($3.12 in chips) 
Seat 3: Nicolai5115 ($0.77 in chips) 
Seat 4: tutanpoker ($1.80 in chips) 
Seat 5: BARBURIA ($0.80 in chips) 
Seat 6: Nepfion ($3.29 in chips) 
Seat 7: samonov44 ($2.38 in chips) 
Seat 8: K~A~Can~A~K ($3.17 in chips) 
Seat 9: Dorex2007 ($2 in chips) 
tutanpoker: posts small blind $0.01
BARBURIA: posts big blind $0.02
*** HOLE CARDS ***
Dealt to Dorex2007 [6h 5h]
Nepfion: raises $0.04 to $0.06
xandeskt leaves the table
samonov44: calls $0.06
K~A~Can~A~K: folds 
Dorex2007: folds 
leito2424: folds 
Nicolai5115: folds 
tutanpoker: folds 
BARBURIA: calls $0.04
*** FLOP *** [8d Kd 7c]
BARBURIA: checks 
Nepfion: bets $0.14
samonov44: folds 
bigbet1 joins the table at seat #2 
BARBURIA: calls $0.14
*** TURN *** [8d Kd 7c] [5s]
BARBURIA: bets $0.16
Nepfion: raises $0.90 to $1.06
BARBURIA: folds 
Uncalled bet ($0.90) returned to Nepfion
Nepfion collected $0.76 from pot
Nepfion: doesn't show hand 
*** SUMMARY ***
Total pot $0.79 | Rake $0.03 
Board [8d Kd 7c 5s]
Seat 1: leito2424 folded before Flop (didn't bet)
Seat 3: Nicolai5115 (button) folded before Flop (didn't bet)
Seat 4: tutanpoker (small blind) folded before Flop
Seat 5: BARBURIA (big blind) folded on the Turn
Seat 6: Nepfion collected ($0.76)
Seat 7: samonov44 folded on the Flop
Seat 8: K~A~Can~A~K folded before Flop (didn't bet)
Seat 9: Dorex2007 folded before Flop (didn't bet)



PokerStars Hand #232524038932:  Hold'em No Limit ($0.01/$0.02 USD) - 2021/12/25 17:15:14 PT [2021/12/25 20:15:14 ET]
Table 'Hohensteina III' 9-max Seat #4 is the button
Seat 1: leito2424 ($3.12 in chips) 
Seat 2: bigbet1 ($2 in chips) 
Seat 3: Nicolai5115 ($0.77 in chips) 
Seat 4: tutanpoker ($1.79 in chips) 
Seat 5: BARBURIA ($0.44 in chips) 
Seat 7: samonov44 ($2.32 in chips) 
Seat 8: K~A~Can~A~K ($3.17 in chips) 
Seat 9: Dorex2007 ($2 in chips) 
BARBURIA: posts small blind $0.01
Nepfion: is sitting out 
samonov44: posts big blind $0.02
bigbet1: posts big blind $0.02
*** HOLE CARDS ***
Dealt to Dorex2007 [9c 6s]
K~A~Can~A~K: raises $0.03 to $0.05
Dorex2007: folds 
Nepfion leaves the table
leito2424: folds 
bigbet1: calls $0.03
Nicolai5115: folds 
tutanpoker: folds 
BARBURIA: folds 
samonov44: calls $0.03
*** FLOP *** [5s 4d Ks]
samonov44: checks 
K~A~Can~A~K: bets $0.08
bigbet1: folds 
samonov44: raises $0.24 to $0.32
K~A~Can~A~K: calls $0.24
*** TURN *** [5s 4d Ks] [9h]
samonov44: bets $1.95 and is all-in
K~A~Can~A~K: calls $1.95
*** FIRST RIVER *** [5s 4d Ks 9h] [5d]
*** SECOND RIVER *** [5s 4d Ks 9h] [2h]
*** FIRST SHOW DOWN ***
samonov44: shows [Kc 4c] (two pair, Kings and Fives)
K~A~Can~A~K: shows [Kd 9d] (two pair, Kings and Nines)
K~A~Can~A~K collected $2.25 from pot
*** SECOND SHOW DOWN ***
samonov44: shows [Kc 4c] (two pair, Kings and Fours)
K~A~Can~A~K: shows [Kd 9d] (two pair, Kings and Nines)
K~A~Can~A~K collected $2.25 from pot
*** SUMMARY ***
Total pot $4.70 | Rake $0.20 
Hand was run twice
FIRST Board [5s 4d Ks 9h 5d]
SECOND Board [5s 4d Ks 9h 2h]
Seat 1: leito2424 folded before Flop (didn't bet)
Seat 2: bigbet1 folded on the Flop
Seat 3: Nicolai5115 folded before Flop (didn't bet)
Seat 4: tutanpoker (button) folded before Flop (didn't bet)
Seat 5: BARBURIA (small blind) folded before Flop
Seat 7: samonov44 (big blind) showed [Kc 4c] and lost with two pair, Kings and Fives, and lost with two pair, Kings and Fours
Seat 8: K~A~Can~A~K showed [Kd 9d] and won ($2.25) with two pair, Kings and Nines, and won ($2.25) with two pair, Kings and Nines
Seat 9: Dorex2007 folded before Flop (didn't bet)



PokerStars Hand #232524061097:  Hold'em No Limit ($0.01/$0.02 USD) - 2021/12/25 17:16:28 PT [2021/12/25 20:16:28 ET]
Table 'Hohensteina III' 9-max Seat #5 is the button
Seat 1: leito2424 ($3.12 in chips) 
Seat 2: bigbet1 ($1.95 in chips) 
Seat 3: Nicolai5115 ($0.77 in chips) 
Seat 4: tutanpoker ($1.79 in chips) 
Seat 5: BARBURIA ($0.43 in chips) 
Seat 7: samonov44 ($2 in chips) 
Seat 8: K~A~Can~A~K ($5.35 in chips) 
Seat 9: Dorex2007 ($2 in chips) 
samonov44: posts small blind $0.01
K~A~Can~A~K: posts big blind $0.02
*** HOLE CARDS ***
Dealt to Dorex2007 [2h 7c]
Dorex2007: folds 
leito2424: folds 
Shreyu joins the table at seat #6 
bigbet1: folds 
Nicolai5115: raises $0.04 to $0.06
tutanpoker: folds 
BARBURIA: calls $0.06
samonov44: folds 
K~A~Can~A~K: folds 
*** FLOP *** [9h Jh 8c]
Nicolai5115: checks 
BARBURIA: checks 
*** TURN *** [9h Jh 8c] [9c]
Nicolai5115: checks 
BARBURIA: bets $0.10
Nicolai5115: folds 
Uncalled bet ($0.10) returned to BARBURIA
BARBURIA collected $0.14 from pot
BARBURIA: doesn't show hand 
*** SUMMARY ***
Total pot $0.15 | Rake $0.01 
Board [9h Jh 8c 9c]
Seat 1: leito2424 folded before Flop (didn't bet)
Seat 2: bigbet1 folded before Flop (didn't bet)
Seat 3: Nicolai5115 folded on the Turn
Seat 4: tutanpoker folded before Flop (didn't bet)
Seat 5: BARBURIA (button) collected ($0.14)
Seat 7: samonov44 (small blind) folded before Flop
Seat 8: K~A~Can~A~K (big blind) folded before Flop
Seat 9: Dorex2007 folded before Flop (didn't bet)



PokerStars Hand #232524077445:  Hold'em No Limit ($0.01/$0.02 USD) - 2021/12/25 17:17:23 PT [2021/12/25 20:17:23 ET]
Table 'Hohensteina III' 9-max Seat #7 is the button
Seat 1: leito2424 ($3.12 in chips) 
Seat 2: bigbet1 ($1.95 in chips) 
Seat 3: Nicolai5115 ($0.71 in chips) 
Seat 4: tutanpoker ($1.79 in chips) 
Seat 5: BARBURIA ($0.51 in chips) 
Seat 7: samonov44 ($2 in chips) 
Seat 8: K~A~Can~A~K ($5.33 in chips) 
Seat 9: Dorex2007 ($2 in chips) 
K~A~Can~A~K: posts small blind $0.01
Dorex2007: posts big blind $0.02
Shreyu: sits out 
*** HOLE CARDS ***
Dealt to Dorex2007 [4c Tc]
leito2424: folds 
bigbet1: folds 
Nicolai5115: folds 
tutanpoker: folds 
BARBURIA: folds 
samonov44: folds 
K~A~Can~A~K: calls $0.01
Dorex2007: checks 
*** FLOP *** [6h Qs 7s]
K~A~Can~A~K: bets $0.02
Dorex2007: folds 
Uncalled bet ($0.02) returned to K~A~Can~A~K
K~A~Can~A~K collected $0.04 from pot
K~A~Can~A~K: doesn't show hand 
*** SUMMARY ***
Total pot $0.04 | Rake $0 
Board [6h Qs 7s]
Seat 1: leito2424 folded before Flop (didn't bet)
Seat 2: bigbet1 folded before Flop (didn't bet)
Seat 3: Nicolai5115 folded before Flop (didn't bet)
Seat 4: tutanpoker folded before Flop (didn't bet)
Seat 5: BARBURIA folded before Flop (didn't bet)
Seat 7: samonov44 (button) folded before Flop (didn't bet)
Seat 8: K~A~Can~A~K (small blind) collected ($0.04)
Seat 9: Dorex2007 (big blind) folded on the Flop



PokerStars Hand #232524086931:  Hold'em No Limit ($0.01/$0.02 USD) - 2021/12/25 17:17:55 PT [2021/12/25 20:17:55 ET]
Table 'Hohensteina III' 9-max Seat #8 is the button
Seat 1: leito2424 ($3.12 in chips) 
Seat 2: bigbet1 ($1.95 in chips) 
Seat 3: Nicolai5115 ($0.71 in chips) 
Seat 4: tutanpoker ($1.79 in chips) 
Seat 5: BARBURIA ($0.51 in chips) 
Seat 7: samonov44 ($2 in chips) 
Seat 8: K~A~Can~A~K ($5.35 in chips) 
Seat 9: Dorex2007 ($2 in chips) 
Dorex2007: posts small blind $0.01
leito2424: posts big blind $0.02
Shreyu: sits out 
*** HOLE CARDS ***
Dealt to Dorex2007 [8d Qc]
bigbet1: folds 
Nicolai5115: folds 
tutanpoker: calls $0.02
BARBURIA: folds 
samonov44: folds 
K~A~Can~A~K: calls $0.02
Dorex2007: calls $0.01
leito2424: checks 
*** FLOP *** [5c As Kd]
Dorex2007: checks 
leito2424: checks 
tutanpoker: checks 
K~A~Can~A~K: bets $0.06
Dorex2007: folds 
leito2424: folds 
tutanpoker: folds 
Uncalled bet ($0.06) returned to K~A~Can~A~K
K~A~Can~A~K collected $0.08 from pot
K~A~Can~A~K: doesn't show hand 
*** SUMMARY ***
Total pot $0.08 | Rake $0 
Board [5c As Kd]
Seat 1: leito2424 (big blind) folded on the Flop
Seat 2: bigbet1 folded before Flop (didn't bet)
Seat 3: Nicolai5115 folded before Flop (didn't bet)
Seat 4: tutanpoker folded on the Flop
Seat 5: BARBURIA folded before Flop (didn't bet)
Seat 7: samonov44 folded before Flop (didn't bet)
Seat 8: K~A~Can~A~K (button) collected ($0.08)
Seat 9: Dorex2007 (small blind) folded on the Flop



PokerStars Hand #232524106705:  Hold'em No Limit ($0.01/$0.02 USD) - 2021/12/25 17:19:01 PT [2021/12/25 20:19:01 ET]
Table 'Hohensteina III' 9-max Seat #9 is the button
Seat 1: leito2424 ($3.10 in chips) 
Seat 2: bigbet1 ($1.95 in chips) 
Seat 3: Nicolai5115 ($0.71 in chips) 
Seat 4: tutanpoker ($1.77 in chips) 
Seat 5: BARBURIA ($0.51 in chips) 
Seat 7: samonov44 ($2 in chips) 
Seat 8: K~A~Can~A~K ($5.41 in chips) 
Seat 9: Dorex2007 ($2 in chips) 
leito2424: posts small blind $0.01
bigbet1: posts big blind $0.02
Shreyu: sits out 
*** HOLE CARDS ***
Dealt to Dorex2007 [Tc Qc]
Nicolai5115: folds 
tutanpoker has timed out
tutanpoker: folds 
BARBURIA: raises $0.06 to $0.08
samonov44: folds 
K~A~Can~A~K: calls $0.08
Dorex2007: folds 
leito2424: folds 
bigbet1: folds 
*** FLOP *** [Ts 6h 5c]
BARBURIA: checks 
K~A~Can~A~K: checks 
*** TURN *** [Ts 6h 5c] [Kh]
BARBURIA: checks 
K~A~Can~A~K: checks 
*** RIVER *** [Ts 6h 5c Kh] [7d]
BARBURIA: bets $0.09
K~A~Can~A~K: calls $0.09
*** SHOW DOWN ***
BARBURIA: shows [Kc Kd] (three of a kind, Kings)
K~A~Can~A~K: mucks hand 
BARBURIA collected $0.36 from pot
*** SUMMARY ***
Total pot $0.37 | Rake $0.01 
Board [Ts 6h 5c Kh 7d]
Seat 1: leito2424 (small blind) folded before Flop
Seat 2: bigbet1 (big blind) folded before Flop
Seat 3: Nicolai5115 folded before Flop (didn't bet)
Seat 4: tutanpoker folded before Flop (didn't bet)
Seat 5: BARBURIA showed [Kc Kd] and won ($0.36) with three of a kind, Kings
Seat 7: samonov44 folded before Flop (didn't bet)
Seat 8: K~A~Can~A~K mucked [4d 4h]
Seat 9: Dorex2007 (button) folded before Flop (didn't bet)



PokerStars Hand #232524126841:  Hold'em No Limit ($0.01/$0.02 USD) - 2021/12/25 17:20:09 PT [2021/12/25 20:20:09 ET]
Table 'Hohensteina III' 9-max Seat #1 is the button
Seat 1: leito2424 ($3.09 in chips) 
Seat 2: bigbet1 ($1.93 in chips) 
Seat 4: tutanpoker ($1.77 in chips) 
Seat 5: BARBURIA ($0.70 in chips) 
Seat 7: samonov44 ($2 in chips) 
Seat 8: K~A~Can~A~K ($5.24 in chips) 
Seat 9: Dorex2007 ($2 in chips) 
bigbet1: posts small blind $0.01
tutanpoker: posts big blind $0.02
Shreyu: sits out 
*** HOLE CARDS ***
Dealt to Dorex2007 [3s 9s]
BARBURIA: folds 
samonov44: folds 
K~A~Can~A~K: folds 
Dorex2007: folds 
leito2424: calls $0.02
bigbet1: folds 
tutanpoker: checks 
*** FLOP *** [Td Qc 4s]
tutanpoker: checks 
leito2424: checks 
*** TURN *** [Td Qc 4s] [Kd]
tutanpoker: checks 
leito2424: checks 
*** RIVER *** [Td Qc 4s Kd] [Qh]
tutanpoker: checks 
leito2424: checks 
*** SHOW DOWN ***
tutanpoker: shows [6h 7s] (a pair of Queens)
leito2424: shows [Ac 2c] (a pair of Queens - Ace kicker)
leito2424 collected $0.05 from pot
*** SUMMARY ***
Total pot $0.05 | Rake $0 
Board [Td Qc 4s Kd Qh]
Seat 1: leito2424 (button) showed [Ac 2c] and won ($0.05) with a pair of Queens
Seat 2: bigbet1 (small blind) folded before Flop
Seat 4: tutanpoker (big blind) showed [6h 7s] and lost with a pair of Queens
Seat 5: BARBURIA folded before Flop (didn't bet)
Seat 7: samonov44 folded before Flop (didn't bet)
Seat 8: K~A~Can~A~K folded before Flop (didn't bet)
Seat 9: Dorex2007 folded before Flop (didn't bet)



PokerStars Hand #232524154443:  Hold'em No Limit ($0.01/$0.02 USD) - 2021/12/25 17:21:26 PT [2021/12/25 20:21:26 ET]
Table 'Hohensteina III' 9-max Seat #2 is the button
Seat 1: leito2424 ($3.12 in chips) 
Seat 2: bigbet1 ($1.92 in chips) 
Seat 4: tutanpoker ($1.75 in chips) 
Seat 5: BARBURIA ($0.70 in chips) 
Seat 7: samonov44 ($2 in chips) 
Seat 8: K~A~Can~A~K ($5.24 in chips) 
Seat 9: Dorex2007 ($2 in chips) 
tutanpoker: posts small blind $0.01
BARBURIA: posts big blind $0.02
Shreyu: sits out 
*** HOLE CARDS ***
Dealt to Dorex2007 [Th Ks]
samonov44: folds 
K~A~Can~A~K: folds 
Dorex2007: folds 
leito2424: folds 
bigbet1: folds 
tutanpoker: raises $0.06 to $0.08
BARBURIA: folds 
Uncalled bet ($0.06) returned to tutanpoker
tutanpoker collected $0.04 from pot
*** SUMMARY ***
Total pot $0.04 | Rake $0 
Seat 1: leito2424 folded before Flop (didn't bet)
Seat 2: bigbet1 (button) folded before Flop (didn't bet)
Seat 4: tutanpoker (small blind) collected ($0.04)
Seat 5: BARBURIA (big blind) folded before Flop
Seat 7: samonov44 folded before Flop (didn't bet)
Seat 8: K~A~Can~A~K folded before Flop (didn't bet)
Seat 9: Dorex2007 folded before Flop (didn't bet)



PokerStars Hand #232524160616:  Hold'em No Limit ($0.01/$0.02 USD) - 2021/12/25 17:21:47 PT [2021/12/25 20:21:47 ET]
Table 'Hohensteina III' 9-max Seat #4 is the button
Seat 1: leito2424 ($3.12 in chips) 
Seat 2: bigbet1 ($1.92 in chips) 
Seat 4: tutanpoker ($1.77 in chips) 
Seat 5: BARBURIA ($0.68 in chips) 
Seat 6: Shreyu ($2 in chips) 
Seat 7: samonov44 ($2 in chips) 
Seat 8: K~A~Can~A~K ($5.24 in chips) 
Seat 9: Dorex2007 ($2 in chips) 
BARBURIA: posts small blind $0.01
Shreyu: posts big blind $0.02
*** HOLE CARDS ***
Dealt to Dorex2007 [2c Kd]
samonov44: folds 
K~A~Can~A~K: folds 
Dorex2007: folds 
leito2424: calls $0.02
bigbet1: calls $0.02
tutanpoker: calls $0.02
BARBURIA: folds 
Shreyu: checks 
*** FLOP *** [2h 2s 9s]
Shreyu: checks 
leito2424: checks 
bigbet1: checks 
tutanpoker: checks 
*** TURN *** [2h 2s 9s] [6d]
Shreyu: checks 
leito2424: checks 
bigbet1: checks 
tutanpoker: checks 
*** RIVER *** [2h 2s 9s 6d] [9h]
Shreyu: checks 
leito2424: checks 
bigbet1: checks 
tutanpoker: checks 
*** SHOW DOWN ***
Shreyu: shows [Tc Ah] (two pair, Nines and Deuces)
leito2424: mucks hand 
bigbet1: mucks hand 
tutanpoker: mucks hand 
Shreyu collected $0.09 from pot
*** SUMMARY ***
Total pot $0.09 | Rake $0 
Board [2h 2s 9s 6d 9h]
Seat 1: leito2424 mucked [3d 7d]
Seat 2: bigbet1 mucked [Ts Kh]
Seat 4: tutanpoker (button) mucked [4c Qc]
Seat 5: BARBURIA (small blind) folded before Flop
Seat 6: Shreyu (big blind) showed [Tc Ah] and won ($0.09) with two pair, Nines and Deuces
Seat 7: samonov44 folded before Flop (didn't bet)
Seat 8: K~A~Can~A~K folded before Flop (didn't bet)
Seat 9: Dorex2007 folded before Flop (didn't bet)



PokerStars Hand #232524182536:  Hold'em No Limit ($0.01/$0.02 USD) - 2021/12/25 17:23:01 PT [2021/12/25 20:23:01 ET]
Table 'Hohensteina III' 9-max Seat #5 is the button
Seat 1: leito2424 ($3.10 in chips) 
Seat 2: bigbet1 ($1.90 in chips) 
Seat 4: tutanpoker ($1.75 in chips) 
Seat 5: BARBURIA ($0.67 in chips) 
Seat 6: Shreyu ($2.07 in chips) 
Seat 7: samonov44 ($2 in chips) 
Seat 8: K~A~Can~A~K ($5.24 in chips) 
Seat 9: Dorex2007 ($2 in chips) 
Shreyu: posts small blind $0.01
samonov44: posts big blind $0.02
*** HOLE CARDS ***
Dealt to Dorex2007 [9s Qc]
K~A~Can~A~K: folds 
Dorex2007: folds 
leito2424: calls $0.02
bigbet1: folds 
tutanpoker: folds 
BARBURIA: folds 
Shreyu: folds 
samonov44: raises $0.06 to $0.08
leito2424: calls $0.06
*** FLOP *** [4h 4s Th]
samonov44: bets $0.11
leito2424: calls $0.11
*** TURN *** [4h 4s Th] [Ad]
samonov44: bets $0.25
leito2424: calls $0.25
*** RIVER *** [4h 4s Th Ad] [9h]
samonov44: checks 
leito2424: bets $0.10
samonov44: calls $0.10
*** SHOW DOWN ***
leito2424: shows [Ah Kh] (a flush, Ace high)
samonov44: mucks hand 
leito2424 collected $1.05 from pot
*** SUMMARY ***
Total pot $1.09 | Rake $0.04 
Board [4h 4s Th Ad 9h]
Seat 1: leito2424 showed [Ah Kh] and won ($1.05) with a flush, Ace high
Seat 2: bigbet1 folded before Flop (didn't bet)
Seat 4: tutanpoker folded before Flop (didn't bet)
Seat 5: BARBURIA (button) folded before Flop (didn't bet)
Seat 6: Shreyu (small blind) folded before Flop
Seat 7: samonov44 (big blind) mucked [Kd Ks]
Seat 8: K~A~Can~A~K folded before Flop (didn't bet)
Seat 9: Dorex2007 folded before Flop (didn't bet)



PokerStars Hand #232524200600:  Hold'em No Limit ($0.01/$0.02 USD) - 2021/12/25 17:24:03 PT [2021/12/25 20:24:03 ET]
Table 'Hohensteina III' 9-max Seat #6 is the button
Seat 1: leito2424 ($3.61 in chips) 
Seat 2: bigbet1 ($1.90 in chips) 
Seat 4: tutanpoker ($1.75 in chips) 
Seat 5: BARBURIA ($0.67 in chips) 
Seat 6: Shreyu ($2.06 in chips) 
Seat 7: samonov44 ($2 in chips) 
Seat 8: K~A~Can~A~K ($5.24 in chips) 
Seat 9: Dorex2007 ($2 in chips) 
samonov44: posts small blind $0.01
K~A~Can~A~K: posts big blind $0.02
Nicolai5115: sits out 
*** HOLE CARDS ***
Dealt to Dorex2007 [Ac Jd]
Dorex2007: raises $0.02 to $0.04
leito2424: calls $0.04
bigbet1: folds 
tutanpoker: calls $0.04
BARBURIA: calls $0.04
Shreyu: folds 
samonov44: calls $0.03
K~A~Can~A~K: calls $0.02
*** FLOP *** [4s Qh Ts]
samonov44: checks 
K~A~Can~A~K: checks 
Dorex2007: bets $0.04
leito2424: folds 
tutanpoker: folds 
BARBURIA: calls $0.04
samonov44: calls $0.04
K~A~Can~A~K: calls $0.04
*** TURN *** [4s Qh Ts] [Ah]
samonov44: checks 
K~A~Can~A~K: checks 
Dorex2007: bets $0.20
BARBURIA: calls $0.20
samonov44: folds 
K~A~Can~A~K: calls $0.20
*** RIVER *** [4s Qh Ts Ah] [Js]
K~A~Can~A~K: bets $0.80
Dorex2007: folds 
BARBURIA: folds 
Uncalled bet ($0.80) returned to K~A~Can~A~K
K~A~Can~A~K collected $0.95 from pot
K~A~Can~A~K: doesn't show hand 
*** SUMMARY ***
Total pot $1 | Rake $0.05 
Board [4s Qh Ts Ah Js]
Seat 1: leito2424 folded on the Flop
Seat 2: bigbet1 folded before Flop (didn't bet)
Seat 4: tutanpoker folded on the Flop
Seat 5: BARBURIA folded on the River
Seat 6: Shreyu (button) folded before Flop (didn't bet)
Seat 7: samonov44 (small blind) folded on the Turn
Seat 8: K~A~Can~A~K (big blind) collected ($0.95)
Seat 9: Dorex2007 folded on the River



PokerStars Hand #232524235756:  Hold'em No Limit ($0.01/$0.02 USD) - 2021/12/25 17:26:03 PT [2021/12/25 20:26:03 ET]
Table 'Hohensteina III' 9-max Seat #7 is the button
Seat 1: leito2424 ($3.57 in chips) 
Seat 2: bigbet1 ($1.90 in chips) 
Seat 4: tutanpoker ($1.71 in chips) 
Seat 5: BARBURIA ($0.39 in chips) 
Seat 6: Shreyu ($2.06 in chips) 
Seat 7: samonov44 ($2 in chips) 
Seat 8: K~A~Can~A~K ($5.91 in chips) 
Seat 9: Dorex2007 ($2 in chips) 
K~A~Can~A~K: posts small blind $0.01
Dorex2007: posts big blind $0.02
Nicolai5115: sits out 
*** HOLE CARDS ***
Dealt to Dorex2007 [Ac 8c]
leito2424: calls $0.02
bigbet1: folds 
tutanpoker: folds 
BARBURIA: raises $0.07 to $0.09
Shreyu: calls $0.09
samonov44: calls $0.09
K~A~Can~A~K: raises $0.40 to $0.49
Dorex2007: folds 
leito2424: folds 
BARBURIA: calls $0.30 and is all-in
Shreyu: folds 
samonov44: calls $0.40
*** FLOP *** [Qs 7s Jh]
K~A~Can~A~K: bets $0.51
samonov44: folds 
Uncalled bet ($0.51) returned to K~A~Can~A~K
*** TURN *** [Qs 7s Jh] [3d]
*** RIVER *** [Qs 7s Jh 3d] [2d]
*** SHOW DOWN ***
K~A~Can~A~K: shows [Kc As] (high card Ace)
K~A~Can~A~K collected $0.20 from side pot
BARBURIA: shows [8h 8s] (a pair of Eights)
BARBURIA cashed out the hand for $0.71 | Cash Out Fee $0.01
*** SUMMARY ***
Total pot $1.50 Main pot $1.25. Side pot $0.20. | Rake $0.05 
Board [Qs 7s Jh 3d 2d]
Seat 1: leito2424 folded before Flop
Seat 2: bigbet1 folded before Flop (didn't bet)
Seat 4: tutanpoker folded before Flop (didn't bet)
Seat 5: BARBURIA showed [8h 8s] and won ($1.25) with a pair of Eights (pot not awarded as player cashed out)
Seat 6: Shreyu folded before Flop
Seat 7: samonov44 (button) folded on the Flop
Seat 8: K~A~Can~A~K (small blind) showed [Kc As] and won ($0.20) with high card Ace
Seat 9: Dorex2007 (big blind) folded before Flop



PokerStars Hand #232524266982:  Hold'em No Limit ($0.01/$0.02 USD) - 2021/12/25 17:27:52 PT [2021/12/25 20:27:52 ET]
Table 'Hohensteina III' 9-max Seat #8 is the button
Seat 1: leito2424 ($3.55 in chips) 
Seat 2: bigbet1 ($1.90 in chips) 
Seat 4: tutanpoker ($1.71 in chips) 
Seat 5: BARBURIA ($0.71 in chips) 
Seat 6: Shreyu ($1.97 in chips) 
Seat 7: samonov44 ($2 in chips) 
Seat 8: K~A~Can~A~K ($5.62 in chips) 
Seat 9: Dorex2007 ($2 in chips) 
Dorex2007: posts small blind $0.01
leito2424: posts big blind $0.02
Nicolai5115: sits out 
*** HOLE CARDS ***
Dealt to Dorex2007 [5c Jh]
bigbet1: calls $0.02
tutanpoker: folds 
BARBURIA: folds 
Shreyu: folds 
samonov44: folds 
K~A~Can~A~K: folds 
Dorex2007: folds 
leito2424: checks 
*** FLOP *** [Js Qs 4c]
leito2424: bets $0.06
bigbet1: folds 
Uncalled bet ($0.06) returned to leito2424
leito2424 collected $0.05 from pot
*** SUMMARY ***
Total pot $0.05 | Rake $0 
Board [Js Qs 4c]
Seat 1: leito2424 (big blind) collected ($0.05)
Seat 2: bigbet1 folded on the Flop
Seat 4: tutanpoker folded before Flop (didn't bet)
Seat 5: BARBURIA folded before Flop (didn't bet)
Seat 6: Shreyu folded before Flop (didn't bet)
Seat 7: samonov44 folded before Flop (didn't bet)
Seat 8: K~A~Can~A~K (button) folded before Flop (didn't bet)
Seat 9: Dorex2007 (small blind) folded before Flop



PokerStars Hand #232524277750:  Hold'em No Limit ($0.01/$0.02 USD) - 2021/12/25 17:28:29 PT [2021/12/25 20:28:29 ET]
Table 'Hohensteina III' 9-max Seat #9 is the button
Seat 1: leito2424 ($3.58 in chips) 
Seat 2: bigbet1 ($1.88 in chips) 
Seat 4: tutanpoker ($1.71 in chips) 
Seat 5: BARBURIA ($0.71 in chips) 
Seat 6: Shreyu ($1.97 in chips) 
Seat 7: samonov44 ($2 in chips) 
Seat 8: K~A~Can~A~K ($5.62 in chips) 
Seat 9: Dorex2007 ($2 in chips) 
leito2424: posts small blind $0.01
bigbet1: posts big blind $0.02
Nicolai5115: sits out 
*** HOLE CARDS ***
Dealt to Dorex2007 [Ts 3d]
tutanpoker has timed out
tutanpoker: folds 
BARBURIA: folds 
Shreyu: folds 
samonov44: folds 
K~A~Can~A~K has timed out
K~A~Can~A~K: folds 
Dorex2007: folds 
leito2424: raises $0.02 to $0.04
bigbet1: calls $0.02
*** FLOP *** [8c Jh 9c]
leito2424: checks 
bigbet1: bets $0.08
leito2424: calls $0.08
*** TURN *** [8c Jh 9c] [Th]
leito2424: checks 
bigbet1: bets $0.12
leito2424: raises $0.36 to $0.48
bigbet1: calls $0.36
*** RIVER *** [8c Jh 9c Th] [5s]
leito2424: bets $0.18
bigbet1: calls $0.18
*** SHOW DOWN ***
leito2424: shows [Qs Kc] (a straight, Nine to King)
bigbet1: mucks hand 
leito2424 collected $1.51 from pot
*** SUMMARY ***
Total pot $1.56 | Rake $0.05 
Board [8c Jh 9c Th 5s]
Seat 1: leito2424 (small blind) showed [Qs Kc] and won ($1.51) with a straight, Nine to King
Seat 2: bigbet1 (big blind) mucked [Qc Ad]
Seat 4: tutanpoker folded before Flop (didn't bet)
Seat 5: BARBURIA folded before Flop (didn't bet)
Seat 6: Shreyu folded before Flop (didn't bet)
Seat 7: samonov44 folded before Flop (didn't bet)
Seat 8: K~A~Can~A~K folded before Flop (didn't bet)
Seat 9: Dorex2007 (button) folded before Flop (didn't bet)



PokerStars Hand #232524305049:  Hold'em No Limit ($0.01/$0.02 USD) - 2021/12/25 17:30:04 PT [2021/12/25 20:30:04 ET]
Table 'Hohensteina III' 9-max Seat #1 is the button
Seat 1: leito2424 ($4.31 in chips) 
Seat 2: bigbet1 ($1.10 in chips) 
Seat 3: Nicolai5115 ($0.71 in chips) 
Seat 4: tutanpoker ($1.71 in chips) 
Seat 5: BARBURIA ($0.71 in chips) 
Seat 6: Shreyu ($1.97 in chips) 
Seat 7: samonov44 ($2 in chips) 
Seat 8: K~A~Can~A~K ($5.62 in chips) 
Seat 9: Dorex2007 ($2 in chips) 
bigbet1: posts small blind $0.01
Nicolai5115: posts big blind $0.02
*** HOLE CARDS ***
Dealt to Dorex2007 [Qc Ks]
tutanpoker: folds 
BARBURIA: folds 
Shreyu: folds 
samonov44: folds 
K~A~Can~A~K: folds 
Dorex2007: raises $0.02 to $0.04
leito2424: folds 
bigbet1: folds 
Nicolai5115: folds 
Uncalled bet ($0.02) returned to Dorex2007
Dorex2007 collected $0.05 from pot
Dorex2007: doesn't show hand 
*** SUMMARY ***
Total pot $0.05 | Rake $0 
Seat 1: leito2424 (button) folded before Flop (didn't bet)
Seat 2: bigbet1 (small blind) folded before Flop
Seat 3: Nicolai5115 (big blind) folded before Flop
Seat 4: tutanpoker folded before Flop (didn't bet)
Seat 5: BARBURIA folded before Flop (didn't bet)
Seat 6: Shreyu folded before Flop (didn't bet)
Seat 7: samonov44 folded before Flop (didn't bet)
Seat 8: K~A~Can~A~K folded before Flop (didn't bet)
Seat 9: Dorex2007 collected ($0.05)



PokerStars Hand #232524311396:  Hold'em No Limit ($0.01/$0.02 USD) - 2021/12/25 17:30:26 PT [2021/12/25 20:30:26 ET]
Table 'Hohensteina III' 9-max Seat #2 is the button
Seat 1: leito2424 ($4.31 in chips) 
Seat 2: bigbet1 ($1.09 in chips) 
Seat 3: Nicolai5115 ($0.69 in chips) 
Seat 4: tutanpoker ($1.71 in chips) 
Seat 5: BARBURIA ($0.71 in chips) 
Seat 6: Shreyu ($1.97 in chips) 
Seat 7: samonov44 ($2 in chips) 
Seat 8: K~A~Can~A~K ($5.62 in chips) 
Seat 9: Dorex2007 ($2.03 in chips) 
Nicolai5115: posts small blind $0.01
tutanpoker: posts big blind $0.02
*** HOLE CARDS ***
Dealt to Dorex2007 [Kc 9s]
BARBURIA: folds 
Shreyu: folds 
samonov44: folds 
K~A~Can~A~K: folds 
Dorex2007: folds 
leito2424: calls $0.02
bigbet1: folds 
Nicolai5115: raises $0.04 to $0.06
tutanpoker: calls $0.04
leito2424: calls $0.04
*** FLOP *** [Ks Ts 6s]
Nicolai5115: bets $0.02
tutanpoker: calls $0.02
leito2424: folds 
*** TURN *** [Ks Ts 6s] [Qh]
Nicolai5115: bets $0.02
tutanpoker: calls $0.02
*** RIVER *** [Ks Ts 6s Qh] [Td]
Nicolai5115: bets $0.02
tutanpoker: calls $0.02
*** SHOW DOWN ***
Nicolai5115: shows [Js Jd] (two pair, Jacks and Tens)
tutanpoker: shows [Kh 4h] (two pair, Kings and Tens)
tutanpoker collected $0.29 from pot
*** SUMMARY ***
Total pot $0.30 | Rake $0.01 
Board [Ks Ts 6s Qh Td]
Seat 1: leito2424 folded on the Flop
Seat 2: bigbet1 (button) folded before Flop (didn't bet)
Seat 3: Nicolai5115 (small blind) showed [Js Jd] and lost with two pair, Jacks and Tens
Seat 4: tutanpoker (big blind) showed [Kh 4h] and won ($0.29) with two pair, Kings and Tens
Seat 5: BARBURIA folded before Flop (didn't bet)
Seat 6: Shreyu folded before Flop (didn't bet)
Seat 7: samonov44 folded before Flop (didn't bet)
Seat 8: K~A~Can~A~K folded before Flop (didn't bet)
Seat 9: Dorex2007 folded before Flop (didn't bet)



