PokerStars Hand #237815220092:  Hold'em No Limit ($0.02/$0.05 USD) - 2022/08/05 18:31:49 PT [2022/08/05 21:31:49 ET]
Table 'Erfordia II' 9-max Seat #5 is the button
Seat 1: P0K3R5T4RS87 ($3.32 in chips) 
Seat 2: morlockz ($5.15 in chips) 
Seat 3: Dorex2007 ($5 in chips) 
Seat 5: AGVsmarT ($6.12 in chips) 
Seat 6: qzmp123 ($5.64 in chips) 
Seat 7: impperson17 ($3.95 in chips) 
qzmp123: posts small blind $0.02
impperson17: posts big blind $0.05
misticoxxx: sits out 
Dorex2007: posts big blind $0.05
*** HOLE CARDS ***
Dealt to Dorex2007 [8d Js]
P0K3R5T4RS87: folds 
morlockz: folds 
HAYASHID2 joins the table at seat #8 
Dorex2007: checks 
AGVsmarT: calls $0.05
qzmp123: folds 
impperson17: checks 
*** FLOP *** [8s 7d Td]
impperson17: bets $0.16
Dorex2007: calls $0.16
AGVsmarT: calls $0.16
*** TURN *** [8s 7d Td] [3s]
impperson17: bets $0.31
Dorex2007: folds 
AGVsmarT: folds 
Uncalled bet ($0.31) returned to impperson17
impperson17 collected $0.62 from pot
impperson17: doesn't show hand 
*** SUMMARY ***
Total pot $0.65 | Rake $0.03 
Board [8s 7d Td 3s]
Seat 1: P0K3R5T4RS87 folded before Flop (didn't bet)
Seat 2: morlockz folded before Flop (didn't bet)
Seat 3: Dorex2007 folded on the Turn
Seat 5: AGVsmarT (button) folded on the Turn
Seat 6: qzmp123 (small blind) folded before Flop
Seat 7: impperson17 (big blind) collected ($0.62)



PokerStars Hand #237815244718:  Hold'em No Limit ($0.02/$0.05 USD) - 2022/08/05 18:33:05 PT [2022/08/05 21:33:05 ET]
Table 'Erfordia II' 9-max Seat #6 is the button
Seat 1: P0K3R5T4RS87 ($3.32 in chips) 
Seat 2: morlockz ($5.15 in chips) 
Seat 3: Dorex2007 ($5 in chips) 
Seat 5: AGVsmarT ($5.91 in chips) 
Seat 6: qzmp123 ($5.62 in chips) 
Seat 7: impperson17 ($4.36 in chips) 
Seat 8: HAYASHID2 ($5 in chips) 
impperson17: posts small blind $0.02
HAYASHID2: posts big blind $0.05
misticoxxx: sits out 
*** HOLE CARDS ***
Dealt to Dorex2007 [3h As]
P0K3R5T4RS87: folds 
morlockz: folds 
Dorex2007: folds 
AGVsmarT: calls $0.05
qzmp123: raises $0.15 to $0.20
impperson17: folds 
HAYASHID2: folds 
AGVsmarT: folds 
Uncalled bet ($0.15) returned to qzmp123
qzmp123 collected $0.17 from pot
qzmp123: doesn't show hand 
*** SUMMARY ***
Total pot $0.17 | Rake $0 
Seat 1: P0K3R5T4RS87 folded before Flop (didn't bet)
Seat 2: morlockz folded before Flop (didn't bet)
Seat 3: Dorex2007 folded before Flop (didn't bet)
Seat 5: AGVsmarT folded before Flop
Seat 6: qzmp123 (button) collected ($0.17)
Seat 7: impperson17 (small blind) folded before Flop
Seat 8: HAYASHID2 (big blind) folded before Flop



PokerStars Hand #237815256202:  Hold'em No Limit ($0.02/$0.05 USD) - 2022/08/05 18:33:42 PT [2022/08/05 21:33:42 ET]
Table 'Erfordia II' 9-max Seat #7 is the button
Seat 1: P0K3R5T4RS87 ($3.32 in chips) 
Seat 2: morlockz ($5.15 in chips) 
Seat 3: Dorex2007 ($5 in chips) 
Seat 5: AGVsmarT ($5.86 in chips) 
Seat 6: qzmp123 ($5.74 in chips) 
Seat 7: impperson17 ($4.34 in chips) 
Seat 8: HAYASHID2 ($4.95 in chips) 
Seat 9: misticoxxx ($4.11 in chips) 
HAYASHID2: posts small blind $0.02
misticoxxx: posts big blind $0.05
*** HOLE CARDS ***
Dealt to Dorex2007 [9h Kd]
P0K3R5T4RS87: raises $0.10 to $0.15
morlockz: folds 
Dorex2007: folds 
AGVsmarT: folds 
qzmp123: folds 
impperson17: folds 
HAYASHID2: folds 
misticoxxx: folds 
Uncalled bet ($0.10) returned to P0K3R5T4RS87
P0K3R5T4RS87 collected $0.12 from pot
*** SUMMARY ***
Total pot $0.12 | Rake $0 
Seat 1: P0K3R5T4RS87 collected ($0.12)
Seat 2: morlockz folded before Flop (didn't bet)
Seat 3: Dorex2007 folded before Flop (didn't bet)
Seat 5: AGVsmarT folded before Flop (didn't bet)
Seat 6: qzmp123 folded before Flop (didn't bet)
Seat 7: impperson17 (button) folded before Flop (didn't bet)
Seat 8: HAYASHID2 (small blind) folded before Flop
Seat 9: misticoxxx (big blind) folded before Flop



PokerStars Hand #237815260926:  Hold'em No Limit ($0.02/$0.05 USD) - 2022/08/05 18:34:05 PT [2022/08/05 21:34:05 ET]
Table 'Erfordia II' 9-max Seat #8 is the button
Seat 1: P0K3R5T4RS87 ($3.39 in chips) 
Seat 2: morlockz ($5.15 in chips) 
Seat 3: Dorex2007 ($5 in chips) 
Seat 5: AGVsmarT ($5.86 in chips) 
Seat 6: qzmp123 ($5.74 in chips) 
Seat 7: impperson17 ($4.34 in chips) 
Seat 8: HAYASHID2 ($4.93 in chips) 
Seat 9: misticoxxx ($4.06 in chips) 
misticoxxx: posts small blind $0.02
P0K3R5T4RS87: posts big blind $0.05
*** HOLE CARDS ***
Dealt to Dorex2007 [5c Qh]
morlockz: folds 
Dorex2007: folds 
AGVsmarT has timed out
AGVsmarT: folds 
morlockz leaves the table
qzmp123: folds 
impperson17: folds 
HAYASHID2: folds 
misticoxxx: folds 
Uncalled bet ($0.03) returned to P0K3R5T4RS87
P0K3R5T4RS87 collected $0.04 from pot
*** SUMMARY ***
Total pot $0.04 | Rake $0 
Seat 1: P0K3R5T4RS87 (big blind) collected ($0.04)
Seat 2: morlockz folded before Flop (didn't bet)
Seat 3: Dorex2007 folded before Flop (didn't bet)
Seat 5: AGVsmarT folded before Flop (didn't bet)
Seat 6: qzmp123 folded before Flop (didn't bet)
Seat 7: impperson17 folded before Flop (didn't bet)
Seat 8: HAYASHID2 (button) folded before Flop (didn't bet)
Seat 9: misticoxxx (small blind) folded before Flop



PokerStars Hand #237815265968:  Hold'em No Limit ($0.02/$0.05 USD) - 2022/08/05 18:34:29 PT [2022/08/05 21:34:29 ET]
Table 'Erfordia II' 9-max Seat #9 is the button
Seat 1: P0K3R5T4RS87 ($3.41 in chips) 
Seat 3: Dorex2007 ($5 in chips) 
Seat 6: qzmp123 ($5.74 in chips) 
Seat 7: impperson17 ($4.34 in chips) 
Seat 8: HAYASHID2 ($4.93 in chips) 
Seat 9: misticoxxx ($4.04 in chips) 
P0K3R5T4RS87: posts small blind $0.02
Dorex2007: posts big blind $0.05
*** HOLE CARDS ***
Dealt to Dorex2007 [7d Jd]
qzmp123: folds 
impperson17 has timed out
impperson17: folds 
HAYASHID2: folds 
misticoxxx: folds 
P0K3R5T4RS87: folds 
Uncalled bet ($0.03) returned to Dorex2007
Dorex2007 collected $0.04 from pot
Dorex2007: doesn't show hand 
*** SUMMARY ***
Total pot $0.04 | Rake $0 
Seat 1: P0K3R5T4RS87 (small blind) folded before Flop
Seat 3: Dorex2007 (big blind) collected ($0.04)
Seat 6: qzmp123 folded before Flop (didn't bet)
Seat 7: impperson17 folded before Flop (didn't bet)
Seat 8: HAYASHID2 folded before Flop (didn't bet)
Seat 9: misticoxxx (button) folded before Flop (didn't bet)



PokerStars Hand #237815270412:  Hold'em No Limit ($0.02/$0.05 USD) - 2022/08/05 18:34:50 PT [2022/08/05 21:34:50 ET]
Table 'Erfordia II' 9-max Seat #1 is the button
Seat 1: P0K3R5T4RS87 ($3.39 in chips) 
Seat 3: Dorex2007 ($5.02 in chips) 
Seat 7: impperson17 ($4.34 in chips) 
Seat 8: HAYASHID2 ($4.93 in chips) 
Seat 9: misticoxxx ($4.04 in chips) 
Dorex2007: posts small blind $0.02
qzmp123: is sitting out 
qzmp123 leaves the table
impperson17: posts big blind $0.05
*** HOLE CARDS ***
Dealt to Dorex2007 [Tc 2c]
qzmp123 joins the table at seat #2 
HAYASHID2: folds 
misticoxxx: folds 
P0K3R5T4RS87: folds 
Dorex2007: folds 
Uncalled bet ($0.03) returned to impperson17
impperson17 collected $0.04 from pot
impperson17: doesn't show hand 
*** SUMMARY ***
Total pot $0.04 | Rake $0 
Seat 1: P0K3R5T4RS87 (button) folded before Flop (didn't bet)
Seat 3: Dorex2007 (small blind) folded before Flop
Seat 7: impperson17 (big blind) collected ($0.04)
Seat 8: HAYASHID2 folded before Flop (didn't bet)
Seat 9: misticoxxx folded before Flop (didn't bet)



PokerStars Hand #237815273825:  Hold'em No Limit ($0.02/$0.05 USD) - 2022/08/05 18:35:06 PT [2022/08/05 21:35:06 ET]
Table 'Erfordia II' 9-max Seat #3 is the button
Seat 1: P0K3R5T4RS87 ($3.39 in chips) 
Seat 3: Dorex2007 ($5 in chips) 
Seat 7: impperson17 ($4.36 in chips) 
Seat 8: HAYASHID2 ($4.93 in chips) 
Seat 9: misticoxxx ($4.04 in chips) 
impperson17: posts small blind $0.02
HAYASHID2: posts big blind $0.05
qzmp123: sits out 
*** HOLE CARDS ***
Dealt to Dorex2007 [8s 7s]
misticoxxx: folds 
P0K3R5T4RS87: folds 
Dorex2007: folds 
impperson17: calls $0.03
HAYASHID2: checks 
*** FLOP *** [6s Qc 2d]
impperson17: checks 
HAYASHID2: checks 
*** TURN *** [6s Qc 2d] [9h]
impperson17: checks 
HAYASHID2: checks 
*** RIVER *** [6s Qc 2d 9h] [Td]
impperson17: checks 
HAYASHID2: checks 
*** SHOW DOWN ***
impperson17: shows [3d Ac] (high card Ace)
HAYASHID2: shows [5h As] (high card Ace)
impperson17 collected $0.05 from pot
HAYASHID2 collected $0.05 from pot
*** SUMMARY ***
Total pot $0.10 | Rake $0 
Board [6s Qc 2d 9h Td]
Seat 1: P0K3R5T4RS87 folded before Flop (didn't bet)
Seat 3: Dorex2007 (button) folded before Flop (didn't bet)
Seat 7: impperson17 (small blind) showed [3d Ac] and won ($0.05) with high card Ace
Seat 8: HAYASHID2 (big blind) showed [5h As] and won ($0.05) with high card Ace
Seat 9: misticoxxx folded before Flop (didn't bet)



PokerStars Hand #237815281191:  Hold'em No Limit ($0.02/$0.05 USD) - 2022/08/05 18:35:40 PT [2022/08/05 21:35:40 ET]
Table 'Erfordia II' 9-max Seat #7 is the button
Seat 1: P0K3R5T4RS87 ($3.39 in chips) 
Seat 3: Dorex2007 ($5 in chips) 
Seat 7: impperson17 ($4.36 in chips) 
Seat 8: HAYASHID2 ($4.93 in chips) 
Seat 9: misticoxxx ($4.04 in chips) 
HAYASHID2: posts small blind $0.02
misticoxxx: posts big blind $0.05
qzmp123: sits out 
*** HOLE CARDS ***
Dealt to Dorex2007 [4d 4c]
P0K3R5T4RS87: folds 
Dorex2007: calls $0.05
impperson17: folds 
HAYASHID2: folds 
Toloeti joins the table at seat #4 
misticoxxx: folds 
misticoxxx leaves the table
Dorex2007 collected $0.12 from pot
Dorex2007: doesn't show hand 
*** SUMMARY ***
Total pot $0.12 | Rake $0 
Seat 1: P0K3R5T4RS87 folded before Flop (didn't bet)
Seat 3: Dorex2007 collected ($0.12)
Seat 7: impperson17 (button) folded before Flop (didn't bet)
Seat 8: HAYASHID2 (small blind) folded before Flop
Seat 9: misticoxxx (big blind) folded before Flop



