PokerStars Hand #237976981654:  Hold'em No Limit ($0.02/$0.05 USD) - 2022/08/13 20:00:08 PT [2022/08/13 23:00:08 ET]
Table 'Jilin III' 9-max Seat #7 is the button
Seat 1: AntonioBabic98 ($13.35 in chips) 
Seat 3: European1000 ($2.88 in chips) 
Seat 5: Ginnungagap7 ($6.25 in chips) 
Seat 6: Dorex2007 ($5 in chips) 
Seat 7: Megacad ($7.34 in chips) 
Seat 9: le charlot58 ($4.22 in chips) 
le charlot58: posts small blind $0.02
AntonioBabic98: posts big blind $0.05
WeNaSo_07: sits out 
Dorex2007: posts big blind $0.05
*** HOLE CARDS ***
Dealt to Dorex2007 [Kc Ah]
European1000: raises $0.10 to $0.15
Ginnungagap7: folds 
Dorex2007: raises $0.10 to $0.25
Megacad: calls $0.25
le charlot58: calls $0.23
AntonioBabic98: raises $0.65 to $0.90
European1000: folds 
Dorex2007: folds 
Megacad: folds 
le charlot58: folds 
Uncalled bet ($0.65) returned to AntonioBabic98
AntonioBabic98 collected $1.15 from pot
AntonioBabic98: doesn't show hand 
*** SUMMARY ***
Total pot $1.15 | Rake $0 
Seat 1: AntonioBabic98 (big blind) collected ($1.15)
Seat 3: European1000 folded before Flop
Seat 5: Ginnungagap7 folded before Flop (didn't bet)
Seat 6: Dorex2007 folded before Flop
Seat 7: Megacad (button) folded before Flop
Seat 9: le charlot58 (small blind) folded before Flop



PokerStars Hand #237976987384:  Hold'em No Limit ($0.02/$0.05 USD) - 2022/08/13 20:00:49 PT [2022/08/13 23:00:49 ET]
Table 'Jilin III' 9-max Seat #9 is the button
Seat 1: AntonioBabic98 ($14.25 in chips) 
Seat 2: WeNaSo_07 ($7.11 in chips) 
Seat 3: European1000 ($2.73 in chips) 
Seat 5: Ginnungagap7 ($6.25 in chips) 
Seat 6: Dorex2007 ($5 in chips) 
Seat 7: Megacad ($7.09 in chips) 
Seat 8: only6-6lol ($5 in chips) 
Seat 9: le charlot58 ($3.97 in chips) 
AntonioBabic98: posts small blind $0.02
WeNaSo_07: posts big blind $0.05
only6-6lol: posts small & big blinds $0.07
*** HOLE CARDS ***
Dealt to Dorex2007 [9s 3d]
European1000: folds 
Ginnungagap7: folds 
Dorex2007: folds 
Megacad: calls $0.05
only6-6lol: raises $0.19 to $0.24
le charlot58: folds 
AntonioBabic98: folds 
WeNaSo_07: folds 
Megacad: folds 
Uncalled bet ($0.19) returned to only6-6lol
only6-6lol collected $0.19 from pot
*** SUMMARY ***
Total pot $0.19 | Rake $0 
Seat 1: AntonioBabic98 (small blind) folded before Flop
Seat 2: WeNaSo_07 (big blind) folded before Flop
Seat 3: European1000 folded before Flop (didn't bet)
Seat 5: Ginnungagap7 folded before Flop (didn't bet)
Seat 6: Dorex2007 folded before Flop (didn't bet)
Seat 7: Megacad folded before Flop
Seat 8: only6-6lol collected ($0.19)
Seat 9: le charlot58 (button) folded before Flop (didn't bet)



PokerStars Hand #237976990061:  Hold'em No Limit ($0.02/$0.05 USD) - 2022/08/13 20:01:07 PT [2022/08/13 23:01:07 ET]
Table 'Jilin III' 9-max Seat #1 is the button
Seat 1: AntonioBabic98 ($14.23 in chips) 
Seat 2: WeNaSo_07 ($7.06 in chips) 
Seat 3: European1000 ($2.73 in chips) 
Seat 5: Ginnungagap7 ($6.25 in chips) 
Seat 6: Dorex2007 ($5 in chips) 
Seat 7: Megacad ($7.04 in chips) 
Seat 8: only6-6lol ($5.12 in chips) 
Seat 9: le charlot58 ($3.97 in chips) 
WeNaSo_07: posts small blind $0.02
European1000: posts big blind $0.05
*** HOLE CARDS ***
Dealt to Dorex2007 [Qc Td]
Ginnungagap7: folds 
Dorex2007: folds 
Megacad: calls $0.05
only6-6lol: raises $0.05 to $0.10
le charlot58: calls $0.10
AntonioBabic98: folds 
WeNaSo_07: calls $0.08
European1000: calls $0.05
Megacad: calls $0.05
*** FLOP *** [3h 7s 2h]
WeNaSo_07: checks 
European1000: checks 
Megacad: checks 
only6-6lol: checks 
le charlot58: checks 
*** TURN *** [3h 7s 2h] [8h]
WeNaSo_07: checks 
European1000: bets $0.48
Megacad: folds 
only6-6lol: folds 
le charlot58: folds 
WeNaSo_07: folds 
Uncalled bet ($0.48) returned to European1000
European1000 collected $0.48 from pot
European1000: doesn't show hand 
*** SUMMARY ***
Total pot $0.50 | Rake $0.02 
Board [3h 7s 2h 8h]
Seat 1: AntonioBabic98 (button) folded before Flop (didn't bet)
Seat 2: WeNaSo_07 (small blind) folded on the Turn
Seat 3: European1000 (big blind) collected ($0.48)
Seat 5: Ginnungagap7 folded before Flop (didn't bet)
Seat 6: Dorex2007 folded before Flop (didn't bet)
Seat 7: Megacad folded on the Turn
Seat 8: only6-6lol folded on the Turn
Seat 9: le charlot58 folded on the Turn



PokerStars Hand #237976997865:  Hold'em No Limit ($0.02/$0.05 USD) - 2022/08/13 20:01:59 PT [2022/08/13 23:01:59 ET]
Table 'Jilin III' 9-max Seat #2 is the button
Seat 1: AntonioBabic98 ($14.23 in chips) 
Seat 2: WeNaSo_07 ($6.96 in chips) 
Seat 3: European1000 ($3.11 in chips) 
Seat 5: Ginnungagap7 ($6.25 in chips) 
Seat 6: Dorex2007 ($5 in chips) 
Seat 7: Megacad ($6.94 in chips) 
Seat 8: only6-6lol ($5.02 in chips) 
Seat 9: le charlot58 ($3.87 in chips) 
European1000: posts small blind $0.02
Ginnungagap7: posts big blind $0.05
*** HOLE CARDS ***
Dealt to Dorex2007 [5d Kh]
Dorex2007: folds 
Megacad: calls $0.05
only6-6lol: raises $0.05 to $0.10
le charlot58: folds 
AntonioBabic98: folds 
WeNaSo_07: folds 
European1000: folds 
Ginnungagap7: folds 
Megacad: calls $0.05
*** FLOP *** [7s Js 5c]
Megacad: checks 
only6-6lol: checks 
*** TURN *** [7s Js 5c] [4h]
Megacad: bets $0.26
only6-6lol: folds 
Uncalled bet ($0.26) returned to Megacad
Megacad collected $0.26 from pot
*** SUMMARY ***
Total pot $0.27 | Rake $0.01 
Board [7s Js 5c 4h]
Seat 1: AntonioBabic98 folded before Flop (didn't bet)
Seat 2: WeNaSo_07 (button) folded before Flop (didn't bet)
Seat 3: European1000 (small blind) folded before Flop
Seat 5: Ginnungagap7 (big blind) folded before Flop
Seat 6: Dorex2007 folded before Flop (didn't bet)
Seat 7: Megacad collected ($0.26)
Seat 8: only6-6lol folded on the Turn
Seat 9: le charlot58 folded before Flop (didn't bet)



PokerStars Hand #237977003118:  Hold'em No Limit ($0.02/$0.05 USD) - 2022/08/13 20:02:32 PT [2022/08/13 23:02:32 ET]
Table 'Jilin III' 9-max Seat #3 is the button
Seat 1: AntonioBabic98 ($14.23 in chips) 
Seat 2: WeNaSo_07 ($6.96 in chips) 
Seat 3: European1000 ($3.09 in chips) 
Seat 5: Ginnungagap7 ($6.20 in chips) 
Seat 6: Dorex2007 ($5 in chips) 
Seat 7: Megacad ($7.10 in chips) 
Seat 8: only6-6lol ($4.92 in chips) 
Seat 9: le charlot58 ($3.87 in chips) 
Ginnungagap7: posts small blind $0.02
Dorex2007: posts big blind $0.05
*** HOLE CARDS ***
Dealt to Dorex2007 [Kd Jh]
Megacad: folds 
only6-6lol: raises $0.05 to $0.10
le charlot58: calls $0.10
AntonioBabic98: raises $0.20 to $0.30
WeNaSo_07: folds 
European1000: folds 
Ginnungagap7: folds 
Dorex2007: folds 
only6-6lol: folds 
le charlot58: raises $3.57 to $3.87 and is all-in
AntonioBabic98: calls $3.57
*** FLOP *** [3d Td 6c]
*** TURN *** [3d Td 6c] [5h]
*** RIVER *** [3d Td 6c 5h] [6s]
*** SHOW DOWN ***
le charlot58: shows [Ks Kc] (two pair, Kings and Sixes)
AntonioBabic98: shows [Qc Qh] (two pair, Queens and Sixes)
le charlot58 collected $7.58 from pot
*** SUMMARY ***
Total pot $7.91 | Rake $0.33 
Board [3d Td 6c 5h 6s]
Seat 1: AntonioBabic98 showed [Qc Qh] and lost with two pair, Queens and Sixes
Seat 2: WeNaSo_07 folded before Flop (didn't bet)
Seat 3: European1000 (button) folded before Flop (didn't bet)
Seat 5: Ginnungagap7 (small blind) folded before Flop
Seat 6: Dorex2007 (big blind) folded before Flop
Seat 7: Megacad folded before Flop (didn't bet)
Seat 8: only6-6lol folded before Flop
Seat 9: le charlot58 showed [Ks Kc] and won ($7.58) with two pair, Kings and Sixes



PokerStars Hand #237977010790:  Hold'em No Limit ($0.02/$0.05 USD) - 2022/08/13 20:03:23 PT [2022/08/13 23:03:23 ET]
Table 'Jilin III' 9-max Seat #5 is the button
Seat 1: AntonioBabic98 ($10.36 in chips) 
Seat 2: WeNaSo_07 ($6.96 in chips) 
Seat 3: European1000 ($3.09 in chips) 
Seat 5: Ginnungagap7 ($6.18 in chips) 
Seat 6: Dorex2007 ($5 in chips) 
Seat 7: Megacad ($7.10 in chips) 
Seat 8: only6-6lol ($4.82 in chips) 
Seat 9: le charlot58 ($7.58 in chips) 
Dorex2007: posts small blind $0.02
Megacad: posts big blind $0.05
*** HOLE CARDS ***
Dealt to Dorex2007 [2s Qd]
only6-6lol: raises $0.05 to $0.10
le charlot58: calls $0.10
AntonioBabic98: folds 
WeNaSo_07: folds 
European1000: folds 
Ginnungagap7: folds 
Dorex2007: folds 
Megacad: calls $0.05
*** FLOP *** [7h Tc 3d]
Megacad: checks 
only6-6lol: checks 
le charlot58: checks 
*** TURN *** [7h Tc 3d] [8h]
Megacad: checks 
only6-6lol: checks 
le charlot58: bets $0.20
Megacad: calls $0.20
only6-6lol: folds 
*** RIVER *** [7h Tc 3d 8h] [Ac]
Megacad: checks 
le charlot58: bets $0.55
Megacad: folds 
Uncalled bet ($0.55) returned to le charlot58
le charlot58 collected $0.69 from pot
le charlot58: doesn't show hand 
*** SUMMARY ***
Total pot $0.72 | Rake $0.03 
Board [7h Tc 3d 8h Ac]
Seat 1: AntonioBabic98 folded before Flop (didn't bet)
Seat 2: WeNaSo_07 folded before Flop (didn't bet)
Seat 3: European1000 folded before Flop (didn't bet)
Seat 5: Ginnungagap7 (button) folded before Flop (didn't bet)
Seat 6: Dorex2007 (small blind) folded before Flop
Seat 7: Megacad (big blind) folded on the River
Seat 8: only6-6lol folded on the Turn
Seat 9: le charlot58 collected ($0.69)



PokerStars Hand #237977018313:  Hold'em No Limit ($0.02/$0.05 USD) - 2022/08/13 20:04:11 PT [2022/08/13 23:04:11 ET]
Table 'Jilin III' 9-max Seat #6 is the button
Seat 1: AntonioBabic98 ($10.36 in chips) 
Seat 2: WeNaSo_07 ($6.96 in chips) 
Seat 3: European1000 ($3.09 in chips) 
Seat 5: Ginnungagap7 ($6.18 in chips) 
Seat 6: Dorex2007 ($5 in chips) 
Seat 7: Megacad ($6.80 in chips) 
Seat 8: only6-6lol ($4.72 in chips) 
Seat 9: le charlot58 ($7.97 in chips) 
Megacad: posts small blind $0.02
only6-6lol: posts big blind $0.05
*** HOLE CARDS ***
Dealt to Dorex2007 [4h Jc]
le charlot58: folds 
AntonioBabic98: folds 
WeNaSo_07: folds 
European1000: folds 
Ginnungagap7: raises $0.10 to $0.15
Dorex2007: folds 
Megacad: folds 
only6-6lol: calls $0.10
*** FLOP *** [5h 7c Tc]
only6-6lol: checks 
Ginnungagap7: checks 
*** TURN *** [5h 7c Tc] [9c]
only6-6lol: checks 
Ginnungagap7: checks 
*** RIVER *** [5h 7c Tc 9c] [8d]
only6-6lol: checks 
Ginnungagap7: checks 
*** SHOW DOWN ***
only6-6lol: shows [6d Qc] (a straight, Six to Ten)
Ginnungagap7: mucks hand 
only6-6lol collected $0.31 from pot
*** SUMMARY ***
Total pot $0.32 | Rake $0.01 
Board [5h 7c Tc 9c 8d]
Seat 1: AntonioBabic98 folded before Flop (didn't bet)
Seat 2: WeNaSo_07 folded before Flop (didn't bet)
Seat 3: European1000 folded before Flop (didn't bet)
Seat 5: Ginnungagap7 mucked [4c 4d]
Seat 6: Dorex2007 (button) folded before Flop (didn't bet)
Seat 7: Megacad (small blind) folded before Flop
Seat 8: only6-6lol (big blind) showed [6d Qc] and won ($0.31) with a straight, Six to Ten
Seat 9: le charlot58 folded before Flop (didn't bet)



PokerStars Hand #237977024810:  Hold'em No Limit ($0.02/$0.05 USD) - 2022/08/13 20:04:53 PT [2022/08/13 23:04:53 ET]
Table 'Jilin III' 9-max Seat #7 is the button
Seat 1: AntonioBabic98 ($10.36 in chips) 
Seat 2: WeNaSo_07 ($6.96 in chips) 
Seat 3: European1000 ($3.09 in chips) 
Seat 5: Ginnungagap7 ($6.03 in chips) 
Seat 6: Dorex2007 ($5 in chips) 
Seat 7: Megacad ($6.78 in chips) 
Seat 8: only6-6lol ($4.88 in chips) 
Seat 9: le charlot58 ($7.97 in chips) 
only6-6lol: posts small blind $0.02
le charlot58: posts big blind $0.05
*** HOLE CARDS ***
Dealt to Dorex2007 [9s Th]
AntonioBabic98: folds 
WeNaSo_07: folds 
European1000: raises $0.05 to $0.10
Ginnungagap7: folds 
Dorex2007: folds 
Megacad has timed out
Megacad: folds 
Megacad is disconnected 
only6-6lol: calls $0.08
le charlot58: calls $0.05
*** FLOP *** [4s 8d 9c]
only6-6lol: checks 
le charlot58: checks 
European1000: bets $0.20
only6-6lol: calls $0.20
le charlot58: folds 
*** TURN *** [4s 8d 9c] [5d]
only6-6lol: checks 
European1000: bets $0.33
only6-6lol: calls $0.33
*** RIVER *** [4s 8d 9c 5d] [As]
only6-6lol: bets $1.70
European1000: folds 
Uncalled bet ($1.70) returned to only6-6lol
only6-6lol collected $1.30 from pot
*** SUMMARY ***
Total pot $1.36 | Rake $0.06 
Board [4s 8d 9c 5d As]
Seat 1: AntonioBabic98 folded before Flop (didn't bet)
Seat 2: WeNaSo_07 folded before Flop (didn't bet)
Seat 3: European1000 folded on the River
Seat 5: Ginnungagap7 folded before Flop (didn't bet)
Seat 6: Dorex2007 folded before Flop (didn't bet)
Seat 7: Megacad (button) folded before Flop (didn't bet)
Seat 8: only6-6lol (small blind) collected ($1.30)
Seat 9: le charlot58 (big blind) folded on the Flop



PokerStars Hand #237977039231:  Hold'em No Limit ($0.02/$0.05 USD) - 2022/08/13 20:06:26 PT [2022/08/13 23:06:26 ET]
Table 'Jilin III' 9-max Seat #8 is the button
Seat 1: AntonioBabic98 ($10.36 in chips) 
Seat 2: WeNaSo_07 ($6.96 in chips) 
Seat 3: European1000 ($2.46 in chips) 
Seat 5: Ginnungagap7 ($6.03 in chips) 
Seat 6: Dorex2007 ($5 in chips) 
Seat 8: only6-6lol ($5.55 in chips) 
Seat 9: le charlot58 ($7.87 in chips) 
le charlot58: posts small blind $0.02
AntonioBabic98: posts big blind $0.05
*** HOLE CARDS ***
Dealt to Dorex2007 [Qc 5s]
WeNaSo_07: folds 
European1000: folds 
Ginnungagap7: folds 
Dorex2007 has timed out
Dorex2007: folds 
only6-6lol: raises $0.10 to $0.15
le charlot58: folds 
AntonioBabic98: calls $0.10
*** FLOP *** [8h 6h 6s]
AntonioBabic98: checks 
only6-6lol: bets $0.15
AntonioBabic98: calls $0.15
*** TURN *** [8h 6h 6s] [Jd]
AntonioBabic98: checks 
only6-6lol: checks 
*** RIVER *** [8h 6h 6s Jd] [3c]
AntonioBabic98: checks 
only6-6lol: bets $0.59
AntonioBabic98: calls $0.59
*** SHOW DOWN ***
only6-6lol: shows [8c 7h] (two pair, Eights and Sixes)
AntonioBabic98: mucks hand 
only6-6lol collected $1.73 from pot
*** SUMMARY ***
Total pot $1.80 | Rake $0.07 
Board [8h 6h 6s Jd 3c]
Seat 1: AntonioBabic98 (big blind) mucked [Kc Ah]
Seat 2: WeNaSo_07 folded before Flop (didn't bet)
Seat 3: European1000 folded before Flop (didn't bet)
Seat 5: Ginnungagap7 folded before Flop (didn't bet)
Seat 6: Dorex2007 folded before Flop (didn't bet)
Seat 8: only6-6lol (button) showed [8c 7h] and won ($1.73) with two pair, Eights and Sixes
Seat 9: le charlot58 (small blind) folded before Flop



PokerStars Hand #237977049962:  Hold'em No Limit ($0.02/$0.05 USD) - 2022/08/13 20:07:37 PT [2022/08/13 23:07:37 ET]
Table 'Jilin III' 9-max Seat #9 is the button
Seat 1: AntonioBabic98 ($9.47 in chips) 
Seat 2: WeNaSo_07 ($6.96 in chips) 
Seat 3: European1000 ($2.46 in chips) 
Seat 5: Ginnungagap7 ($6.03 in chips) 
Seat 6: Dorex2007 ($5 in chips) 
Seat 8: only6-6lol ($6.39 in chips) 
Seat 9: le charlot58 ($7.85 in chips) 
AntonioBabic98: posts small blind $0.02
WeNaSo_07: posts big blind $0.05
BluffOnTable: sits out 
*** HOLE CARDS ***
Dealt to Dorex2007 [8d Td]
European1000: calls $0.05
Ginnungagap7: folds 
Dorex2007: folds 
only6-6lol: raises $0.05 to $0.10
le charlot58: calls $0.10
AntonioBabic98: calls $0.08
WeNaSo_07: calls $0.05
European1000: calls $0.05
*** FLOP *** [6c 5h Qh]
AntonioBabic98: checks 
WeNaSo_07: checks 
European1000: checks 
only6-6lol: checks 
le charlot58: checks 
*** TURN *** [6c 5h Qh] [Ad]
AntonioBabic98: checks 
WeNaSo_07: checks 
European1000: bets $0.24
only6-6lol: folds 
le charlot58: calls $0.24
AntonioBabic98: calls $0.24
WeNaSo_07: folds 
*** RIVER *** [6c 5h Qh Ad] [6h]
AntonioBabic98: checks 
European1000: bets $0.58
le charlot58: calls $0.58
AntonioBabic98: calls $0.58
*** SHOW DOWN ***
European1000: shows [9c Ac] (two pair, Aces and Sixes)
le charlot58: shows [4h 3h] (a flush, Queen high)
AntonioBabic98: mucks hand 
le charlot58 collected $2.84 from pot
*** SUMMARY ***
Total pot $2.96 | Rake $0.12 
Board [6c 5h Qh Ad 6h]
Seat 1: AntonioBabic98 (small blind) mucked [3s As]
Seat 2: WeNaSo_07 (big blind) folded on the Turn
Seat 3: European1000 showed [9c Ac] and lost with two pair, Aces and Sixes
Seat 5: Ginnungagap7 folded before Flop (didn't bet)
Seat 6: Dorex2007 folded before Flop (didn't bet)
Seat 8: only6-6lol folded on the Turn
Seat 9: le charlot58 (button) showed [4h 3h] and won ($2.84) with a flush, Queen high



PokerStars Hand #237977061507:  Hold'em No Limit ($0.02/$0.05 USD) - 2022/08/13 20:08:51 PT [2022/08/13 23:08:51 ET]
Table 'Jilin III' 9-max Seat #1 is the button
Seat 1: AntonioBabic98 ($8.55 in chips) 
Seat 2: WeNaSo_07 ($6.86 in chips) 
Seat 3: European1000 ($1.54 in chips) 
Seat 5: Ginnungagap7 ($6.03 in chips) 
Seat 6: Dorex2007 ($5 in chips) 
Seat 8: only6-6lol ($6.29 in chips) 
Seat 9: le charlot58 ($9.77 in chips) 
WeNaSo_07: posts small blind $0.02
European1000: posts big blind $0.05
BluffOnTable: sits out 
*** HOLE CARDS ***
Dealt to Dorex2007 [Qd 9h]
Ginnungagap7: raises $0.10 to $0.15
Dorex2007: folds 
only6-6lol: folds 
le charlot58: folds 
AntonioBabic98: folds 
WeNaSo_07: folds 
European1000: folds 
Uncalled bet ($0.10) returned to Ginnungagap7
Ginnungagap7 collected $0.12 from pot
Ginnungagap7: doesn't show hand 
*** SUMMARY ***
Total pot $0.12 | Rake $0 
Seat 1: AntonioBabic98 (button) folded before Flop (didn't bet)
Seat 2: WeNaSo_07 (small blind) folded before Flop
Seat 3: European1000 (big blind) folded before Flop
Seat 5: Ginnungagap7 collected ($0.12)
Seat 6: Dorex2007 folded before Flop (didn't bet)
Seat 8: only6-6lol folded before Flop (didn't bet)
Seat 9: le charlot58 folded before Flop (didn't bet)



PokerStars Hand #237977064181:  Hold'em No Limit ($0.02/$0.05 USD) - 2022/08/13 20:09:09 PT [2022/08/13 23:09:09 ET]
Table 'Jilin III' 9-max Seat #2 is the button
Seat 1: AntonioBabic98 ($8.55 in chips) 
Seat 2: WeNaSo_07 ($6.84 in chips) 
Seat 3: European1000 ($1.49 in chips) 
Seat 4: BluffOnTable ($5.65 in chips) 
Seat 5: Ginnungagap7 ($6.10 in chips) 
Seat 6: Dorex2007 ($5 in chips) 
Seat 8: only6-6lol ($6.29 in chips) 
Seat 9: le charlot58 ($9.77 in chips) 
European1000: posts small blind $0.02
BluffOnTable: posts big blind $0.05
*** HOLE CARDS ***
Dealt to Dorex2007 [5h 4s]
Ginnungagap7: raises $0.10 to $0.15
Dorex2007: folds 
only6-6lol: folds 
le charlot58: calls $0.15
AntonioBabic98: folds 
WeNaSo_07: folds 
European1000: calls $0.13
BluffOnTable: folds 
*** FLOP *** [7h 3d 5c]
European1000: checks 
Ginnungagap7: checks 
le charlot58: checks 
*** TURN *** [7h 3d 5c] [6h]
European1000: bets $0.20
Ginnungagap7: folds 
le charlot58: folds 
Uncalled bet ($0.20) returned to European1000
European1000 collected $0.48 from pot
European1000: doesn't show hand 
*** SUMMARY ***
Total pot $0.50 | Rake $0.02 
Board [7h 3d 5c 6h]
Seat 1: AntonioBabic98 folded before Flop (didn't bet)
Seat 2: WeNaSo_07 (button) folded before Flop (didn't bet)
Seat 3: European1000 (small blind) collected ($0.48)
Seat 4: BluffOnTable (big blind) folded before Flop
Seat 5: Ginnungagap7 folded on the Turn
Seat 6: Dorex2007 folded before Flop (didn't bet)
Seat 8: only6-6lol folded before Flop (didn't bet)
Seat 9: le charlot58 folded on the Turn



PokerStars Hand #237977069727:  Hold'em No Limit ($0.02/$0.05 USD) - 2022/08/13 20:09:45 PT [2022/08/13 23:09:45 ET]
Table 'Jilin III' 9-max Seat #3 is the button
Seat 1: AntonioBabic98 ($8.55 in chips) 
Seat 2: WeNaSo_07 ($6.84 in chips) 
Seat 3: European1000 ($1.82 in chips) 
Seat 4: BluffOnTable ($5.60 in chips) 
Seat 5: Ginnungagap7 ($5.95 in chips) 
Seat 6: Dorex2007 ($5 in chips) 
Seat 8: only6-6lol ($6.29 in chips) 
Seat 9: le charlot58 ($9.62 in chips) 
BluffOnTable: posts small blind $0.02
Ginnungagap7: posts big blind $0.05
*** HOLE CARDS ***
Dealt to Dorex2007 [Qs 6c]
Dorex2007: folds 
only6-6lol: raises $0.10 to $0.15
le charlot58: folds 
AntonioBabic98: folds 
WeNaSo_07: folds 
European1000: folds 
BluffOnTable: folds 
Ginnungagap7: folds 
Uncalled bet ($0.10) returned to only6-6lol
only6-6lol collected $0.12 from pot
*** SUMMARY ***
Total pot $0.12 | Rake $0 
Seat 1: AntonioBabic98 folded before Flop (didn't bet)
Seat 2: WeNaSo_07 folded before Flop (didn't bet)
Seat 3: European1000 (button) folded before Flop (didn't bet)
Seat 4: BluffOnTable (small blind) folded before Flop
Seat 5: Ginnungagap7 (big blind) folded before Flop
Seat 6: Dorex2007 folded before Flop (didn't bet)
Seat 8: only6-6lol collected ($0.12)
Seat 9: le charlot58 folded before Flop (didn't bet)



PokerStars Hand #237977072428:  Hold'em No Limit ($0.02/$0.05 USD) - 2022/08/13 20:10:03 PT [2022/08/13 23:10:03 ET]
Table 'Jilin III' 9-max Seat #4 is the button
Seat 1: AntonioBabic98 ($8.55 in chips) 
Seat 2: WeNaSo_07 ($6.84 in chips) 
Seat 3: European1000 ($1.82 in chips) 
Seat 4: BluffOnTable ($5.58 in chips) 
Seat 5: Ginnungagap7 ($5.90 in chips) 
Seat 6: Dorex2007 ($5 in chips) 
Seat 8: only6-6lol ($6.36 in chips) 
Seat 9: le charlot58 ($9.62 in chips) 
Ginnungagap7: posts small blind $0.02
Dorex2007: posts big blind $0.05
*** HOLE CARDS ***
Dealt to Dorex2007 [Ks 7c]
only6-6lol: folds 
le charlot58: calls $0.05
AntonioBabic98: folds 
WeNaSo_07: folds 
European1000: raises $0.10 to $0.15
BluffOnTable: folds 
Ginnungagap7: folds 
Dorex2007: folds 
le charlot58: calls $0.10
*** FLOP *** [5c 6c 6d]
le charlot58: checks 
European1000: bets $0.30
le charlot58: folds 
Uncalled bet ($0.30) returned to European1000
European1000 collected $0.35 from pot
European1000: doesn't show hand 
*** SUMMARY ***
Total pot $0.37 | Rake $0.02 
Board [5c 6c 6d]
Seat 1: AntonioBabic98 folded before Flop (didn't bet)
Seat 2: WeNaSo_07 folded before Flop (didn't bet)
Seat 3: European1000 collected ($0.35)
Seat 4: BluffOnTable (button) folded before Flop (didn't bet)
Seat 5: Ginnungagap7 (small blind) folded before Flop
Seat 6: Dorex2007 (big blind) folded before Flop
Seat 8: only6-6lol folded before Flop (didn't bet)
Seat 9: le charlot58 folded on the Flop



PokerStars Hand #237977076998:  Hold'em No Limit ($0.02/$0.05 USD) - 2022/08/13 20:10:33 PT [2022/08/13 23:10:33 ET]
Table 'Jilin III' 9-max Seat #5 is the button
Seat 1: AntonioBabic98 ($8.55 in chips) 
Seat 2: WeNaSo_07 ($6.84 in chips) 
Seat 3: European1000 ($2.02 in chips) 
Seat 4: BluffOnTable ($5.58 in chips) 
Seat 5: Ginnungagap7 ($5.88 in chips) 
Seat 6: Dorex2007 ($5 in chips) 
Seat 8: only6-6lol ($6.36 in chips) 
Seat 9: le charlot58 ($9.47 in chips) 
Dorex2007: posts small blind $0.02
only6-6lol: posts big blind $0.05
*** HOLE CARDS ***
Dealt to Dorex2007 [7c 5h]
le charlot58: folds 
AntonioBabic98: raises $0.10 to $0.15
WeNaSo_07: folds 
European1000: folds 
BluffOnTable: folds 
Ginnungagap7: folds 
Dorex2007: folds 
only6-6lol: calls $0.10
*** FLOP *** [3s Kc Js]
only6-6lol: checks 
AntonioBabic98: bets $0.10
only6-6lol: folds 
Uncalled bet ($0.10) returned to AntonioBabic98
AntonioBabic98 collected $0.31 from pot
*** SUMMARY ***
Total pot $0.32 | Rake $0.01 
Board [3s Kc Js]
Seat 1: AntonioBabic98 collected ($0.31)
Seat 2: WeNaSo_07 folded before Flop (didn't bet)
Seat 3: European1000 folded before Flop (didn't bet)
Seat 4: BluffOnTable folded before Flop (didn't bet)
Seat 5: Ginnungagap7 (button) folded before Flop (didn't bet)
Seat 6: Dorex2007 (small blind) folded before Flop
Seat 8: only6-6lol (big blind) folded on the Flop
Seat 9: le charlot58 folded before Flop (didn't bet)



PokerStars Hand #237977083776:  Hold'em No Limit ($0.02/$0.05 USD) - 2022/08/13 20:11:15 PT [2022/08/13 23:11:15 ET]
Table 'Jilin III' 9-max Seat #6 is the button
Seat 1: AntonioBabic98 ($8.71 in chips) 
Seat 2: WeNaSo_07 ($6.84 in chips) 
Seat 3: European1000 ($2.02 in chips) 
Seat 4: BluffOnTable ($5.58 in chips) 
Seat 5: Ginnungagap7 ($5.88 in chips) 
Seat 6: Dorex2007 ($5 in chips) 
Seat 8: only6-6lol ($6.21 in chips) 
Seat 9: le charlot58 ($9.47 in chips) 
only6-6lol: posts small blind $0.02
le charlot58: posts big blind $0.05
*** HOLE CARDS ***
Dealt to Dorex2007 [8d 3h]
AntonioBabic98: folds 
WeNaSo_07: folds 
European1000: folds 
BluffOnTable has timed out
BluffOnTable: folds 
Ginnungagap7: folds 
Dorex2007: folds 
only6-6lol: calls $0.03
le charlot58: checks 
*** FLOP *** [7d 7h Kd]
only6-6lol: checks 
le charlot58: bets $0.10
only6-6lol: folds 
Uncalled bet ($0.10) returned to le charlot58
le charlot58 collected $0.10 from pot
le charlot58: doesn't show hand 
*** SUMMARY ***
Total pot $0.10 | Rake $0 
Board [7d 7h Kd]
Seat 1: AntonioBabic98 folded before Flop (didn't bet)
Seat 2: WeNaSo_07 folded before Flop (didn't bet)
Seat 3: European1000 folded before Flop (didn't bet)
Seat 4: BluffOnTable folded before Flop (didn't bet)
Seat 5: Ginnungagap7 folded before Flop (didn't bet)
Seat 6: Dorex2007 (button) folded before Flop (didn't bet)
Seat 8: only6-6lol (small blind) folded on the Flop
Seat 9: le charlot58 (big blind) collected ($0.10)



PokerStars Hand #237977089970:  Hold'em No Limit ($0.02/$0.05 USD) - 2022/08/13 20:11:55 PT [2022/08/13 23:11:55 ET]
Table 'Jilin III' 9-max Seat #8 is the button
Seat 1: AntonioBabic98 ($8.71 in chips) 
Seat 2: WeNaSo_07 ($6.84 in chips) 
Seat 3: European1000 ($2.02 in chips) 
Seat 5: Ginnungagap7 ($5.88 in chips) 
Seat 6: Dorex2007 ($5 in chips) 
Seat 8: only6-6lol ($6.16 in chips) 
Seat 9: le charlot58 ($9.52 in chips) 
le charlot58: posts small blind $0.02
AntonioBabic98: posts big blind $0.05
*** HOLE CARDS ***
Dealt to Dorex2007 [9c Kh]
WeNaSo_07: folds 
European1000: folds 
Ginnungagap7: raises $0.10 to $0.15
Dorex2007: folds 
only6-6lol: calls $0.15
le charlot58: folds 
AntonioBabic98: folds 
*** FLOP *** [Qd Jd 7h]
Ginnungagap7: bets $0.26
only6-6lol: calls $0.26
*** TURN *** [Qd Jd 7h] [5h]
Ginnungagap7: checks 
only6-6lol: checks 
*** RIVER *** [Qd Jd 7h 5h] [5s]
BluffOnTable leaves the table
Ginnungagap7: checks 
only6-6lol: bets $0.85
Ginnungagap7: calls $0.85
*** SHOW DOWN ***
only6-6lol: shows [Td 9d] (a pair of Fives)
Ginnungagap7: shows [9h Jh] (two pair, Jacks and Fives)
Ginnungagap7 collected $2.48 from pot
*** SUMMARY ***
Total pot $2.59 | Rake $0.11 
Board [Qd Jd 7h 5h 5s]
Seat 1: AntonioBabic98 (big blind) folded before Flop
Seat 2: WeNaSo_07 folded before Flop (didn't bet)
Seat 3: European1000 folded before Flop (didn't bet)
Seat 5: Ginnungagap7 showed [9h Jh] and won ($2.48) with two pair, Jacks and Fives
Seat 6: Dorex2007 folded before Flop (didn't bet)
Seat 8: only6-6lol (button) showed [Td 9d] and lost with a pair of Fives
Seat 9: le charlot58 (small blind) folded before Flop



PokerStars Hand #237977110179:  Hold'em No Limit ($0.02/$0.05 USD) - 2022/08/13 20:12:55 PT [2022/08/13 23:12:55 ET]
Table 'Jilin III' 9-max Seat #9 is the button
Seat 1: AntonioBabic98 ($8.66 in chips) 
Seat 2: WeNaSo_07 ($6.84 in chips) 
Seat 3: European1000 ($2.02 in chips) 
Seat 5: Ginnungagap7 ($7.10 in chips) 
Seat 6: Dorex2007 ($5 in chips) 
Seat 8: only6-6lol ($4.90 in chips) 
Seat 9: le charlot58 ($9.50 in chips) 
AntonioBabic98: posts small blind $0.02
WeNaSo_07: posts big blind $0.05
*** HOLE CARDS ***
Dealt to Dorex2007 [Jd Kd]
European1000: folds 
Ginnungagap7: raises $0.10 to $0.15
Lordgto1 joins the table at seat #4 
Dorex2007: calls $0.15
only6-6lol: calls $0.15
le charlot58: folds 
AntonioBabic98: folds 
WeNaSo_07: calls $0.10
*** FLOP *** [8h Ac Qh]
WeNaSo_07: checks 
Ginnungagap7: checks 
Dorex2007: checks 
only6-6lol: checks 
*** TURN *** [8h Ac Qh] [5s]
WeNaSo_07: bets $0.44
Ginnungagap7: folds 
Dorex2007: folds 
only6-6lol: folds 
Uncalled bet ($0.44) returned to WeNaSo_07
WeNaSo_07 collected $0.59 from pot
WeNaSo_07: doesn't show hand 
*** SUMMARY ***
Total pot $0.62 | Rake $0.03 
Board [8h Ac Qh 5s]
Seat 1: AntonioBabic98 (small blind) folded before Flop
Seat 2: WeNaSo_07 (big blind) collected ($0.59)
Seat 3: European1000 folded before Flop (didn't bet)
Seat 5: Ginnungagap7 folded on the Turn
Seat 6: Dorex2007 folded on the Turn
Seat 8: only6-6lol folded on the Turn
Seat 9: le charlot58 (button) folded before Flop (didn't bet)



PokerStars Hand #237977120423:  Hold'em No Limit ($0.02/$0.05 USD) - 2022/08/13 20:14:01 PT [2022/08/13 23:14:01 ET]
Table 'Jilin III' 9-max Seat #1 is the button
Seat 1: AntonioBabic98 ($8.64 in chips) 
Seat 2: WeNaSo_07 ($7.28 in chips) 
Seat 3: European1000 ($2.02 in chips) 
Seat 4: Lordgto1 ($4 in chips) 
Seat 5: Ginnungagap7 ($6.95 in chips) 
Seat 6: Dorex2007 ($5 in chips) 
Seat 8: only6-6lol ($4.75 in chips) 
Seat 9: le charlot58 ($9.50 in chips) 
WeNaSo_07: posts small blind $0.02
European1000: posts big blind $0.05
Lordgto1: posts big blind $0.05
*** HOLE CARDS ***
Dealt to Dorex2007 [Kd 8c]
Lordgto1: checks 
Ginnungagap7: folds 
Dorex2007: folds 
only6-6lol: calls $0.05
le charlot58: calls $0.05
AntonioBabic98: folds 
WeNaSo_07: calls $0.03
European1000: checks 
*** FLOP *** [Qd Js 5c]
WeNaSo_07: checks 
European1000: checks 
Lordgto1: checks 
only6-6lol: checks 
le charlot58: checks 
*** TURN *** [Qd Js 5c] [4c]
WeNaSo_07: checks 
European1000: checks 
Lordgto1: bets $0.12
only6-6lol: folds 
le charlot58: folds 
WeNaSo_07: folds 
European1000: folds 
Uncalled bet ($0.12) returned to Lordgto1
Lordgto1 collected $0.24 from pot
Lordgto1: doesn't show hand 
*** SUMMARY ***
Total pot $0.25 | Rake $0.01 
Board [Qd Js 5c 4c]
Seat 1: AntonioBabic98 (button) folded before Flop (didn't bet)
Seat 2: WeNaSo_07 (small blind) folded on the Turn
Seat 3: European1000 (big blind) folded on the Turn
Seat 4: Lordgto1 collected ($0.24)
Seat 5: Ginnungagap7 folded before Flop (didn't bet)
Seat 6: Dorex2007 folded before Flop (didn't bet)
Seat 8: only6-6lol folded on the Turn
Seat 9: le charlot58 folded on the Turn



PokerStars Hand #237977128274:  Hold'em No Limit ($0.02/$0.05 USD) - 2022/08/13 20:14:52 PT [2022/08/13 23:14:52 ET]
Table 'Jilin III' 9-max Seat #2 is the button
Seat 1: AntonioBabic98 ($8.64 in chips) 
Seat 2: WeNaSo_07 ($7.23 in chips) 
Seat 3: European1000 ($1.97 in chips) 
Seat 4: Lordgto1 ($4.19 in chips) 
Seat 5: Ginnungagap7 ($6.95 in chips) 
Seat 6: Dorex2007 ($5 in chips) 
Seat 8: only6-6lol ($4.95 in chips) 
Seat 9: le charlot58 ($9.45 in chips) 
European1000: posts small blind $0.02
Lordgto1: posts big blind $0.05
*** HOLE CARDS ***
Dealt to Dorex2007 [Ts 5c]
Ginnungagap7: folds 
Dorex2007: folds 
only6-6lol: calls $0.05
le charlot58: calls $0.05
AntonioBabic98: folds 
WeNaSo_07: folds 
European1000: raises $0.10 to $0.15
Lordgto1: folds 
only6-6lol: calls $0.10
le charlot58: calls $0.10
*** FLOP *** [Qd 3d 4h]
European1000: checks 
only6-6lol: checks 
le charlot58: checks 
*** TURN *** [Qd 3d 4h] [Jd]
European1000: checks 
Megacad leaves the table
only6-6lol: checks 
le charlot58: checks 
*** RIVER *** [Qd 3d 4h Jd] [7d]
European1000: checks 
only6-6lol: checks 
le charlot58: checks 
*** SHOW DOWN ***
European1000: shows [Ks Qc] (a pair of Queens)
only6-6lol: shows [8s 6d] (a flush, Queen high)
le charlot58: mucks hand 
only6-6lol collected $0.48 from pot
*** SUMMARY ***
Total pot $0.50 | Rake $0.02 
Board [Qd 3d 4h Jd 7d]
Seat 1: AntonioBabic98 folded before Flop (didn't bet)
Seat 2: WeNaSo_07 (button) folded before Flop (didn't bet)
Seat 3: European1000 (small blind) showed [Ks Qc] and lost with a pair of Queens
Seat 4: Lordgto1 (big blind) folded before Flop
Seat 5: Ginnungagap7 folded before Flop (didn't bet)
Seat 6: Dorex2007 folded before Flop (didn't bet)
Seat 8: only6-6lol showed [8s 6d] and won ($0.48) with a flush, Queen high
Seat 9: le charlot58 mucked [5h 3c]



PokerStars Hand #237977136037:  Hold'em No Limit ($0.02/$0.05 USD) - 2022/08/13 20:15:42 PT [2022/08/13 23:15:42 ET]
Table 'Jilin III' 9-max Seat #3 is the button
Seat 1: AntonioBabic98 ($8.64 in chips) 
Seat 2: WeNaSo_07 ($7.23 in chips) 
Seat 3: European1000 ($1.82 in chips) 
Seat 4: Lordgto1 ($4.14 in chips) 
Seat 5: Ginnungagap7 ($6.95 in chips) 
Seat 6: Dorex2007 ($5 in chips) 
Seat 8: only6-6lol ($5.28 in chips) 
Seat 9: le charlot58 ($9.30 in chips) 
Lordgto1: posts small blind $0.02
Ginnungagap7: posts big blind $0.05
*** HOLE CARDS ***
Dealt to Dorex2007 [8d 4d]
Dorex2007: folds 
only6-6lol: calls $0.05
le charlot58: calls $0.05
AntonioBabic98: folds 
WeNaSo_07: calls $0.05
European1000: calls $0.05
Lordgto1: folds 
Ginnungagap7: checks 
*** FLOP *** [6c Kd 6s]
Ginnungagap7: checks 
only6-6lol: checks 
le charlot58: checks 
WeNaSo_07: checks 
European1000: bets $0.15
Ginnungagap7: folds 
only6-6lol: folds 
le charlot58: folds 
WeNaSo_07: folds 
Uncalled bet ($0.15) returned to European1000
European1000 collected $0.26 from pot
European1000: doesn't show hand 
*** SUMMARY ***
Total pot $0.27 | Rake $0.01 
Board [6c Kd 6s]
Seat 1: AntonioBabic98 folded before Flop (didn't bet)
Seat 2: WeNaSo_07 folded on the Flop
Seat 3: European1000 (button) collected ($0.26)
Seat 4: Lordgto1 (small blind) folded before Flop
Seat 5: Ginnungagap7 (big blind) folded on the Flop
Seat 6: Dorex2007 folded before Flop (didn't bet)
Seat 8: only6-6lol folded on the Flop
Seat 9: le charlot58 folded on the Flop



PokerStars Hand #237977143754:  Hold'em No Limit ($0.02/$0.05 USD) - 2022/08/13 20:16:32 PT [2022/08/13 23:16:32 ET]
Table 'Jilin III' 9-max Seat #4 is the button
Seat 1: AntonioBabic98 ($8.64 in chips) 
Seat 2: WeNaSo_07 ($7.18 in chips) 
Seat 3: European1000 ($2.03 in chips) 
Seat 4: Lordgto1 ($4.12 in chips) 
Seat 5: Ginnungagap7 ($6.90 in chips) 
Seat 6: Dorex2007 ($5 in chips) 
Seat 8: only6-6lol ($5.23 in chips) 
Seat 9: le charlot58 ($9.25 in chips) 
Ginnungagap7: posts small blind $0.02
Dorex2007: posts big blind $0.05
*** HOLE CARDS ***
Dealt to Dorex2007 [Kd Kh]
only6-6lol: calls $0.05
le charlot58: folds 
AntonioBabic98: folds 
WeNaSo_07: folds 
European1000: folds 
Lordgto1: folds 
Ginnungagap7: folds 
Dorex2007: raises $0.15 to $0.20
only6-6lol: calls $0.15
*** FLOP *** [Kc 9d Tc]
Dorex2007: bets $0.27
only6-6lol: folds 
Uncalled bet ($0.27) returned to Dorex2007
Dorex2007 collected $0.40 from pot
Dorex2007: doesn't show hand 
*** SUMMARY ***
Total pot $0.42 | Rake $0.02 
Board [Kc 9d Tc]
Seat 1: AntonioBabic98 folded before Flop (didn't bet)
Seat 2: WeNaSo_07 folded before Flop (didn't bet)
Seat 3: European1000 folded before Flop (didn't bet)
Seat 4: Lordgto1 (button) folded before Flop (didn't bet)
Seat 5: Ginnungagap7 (small blind) folded before Flop
Seat 6: Dorex2007 (big blind) collected ($0.40)
Seat 8: only6-6lol folded on the Flop
Seat 9: le charlot58 folded before Flop (didn't bet)



PokerStars Hand #237977148731:  Hold'em No Limit ($0.02/$0.05 USD) - 2022/08/13 20:17:05 PT [2022/08/13 23:17:05 ET]
Table 'Jilin III' 9-max Seat #5 is the button
Seat 1: AntonioBabic98 ($8.64 in chips) 
Seat 2: WeNaSo_07 ($7.18 in chips) 
Seat 3: European1000 ($2.03 in chips) 
Seat 4: Lordgto1 ($4.12 in chips) 
Seat 5: Ginnungagap7 ($6.88 in chips) 
Seat 6: Dorex2007 ($5.20 in chips) 
Seat 8: only6-6lol ($5.03 in chips) 
Seat 9: le charlot58 ($9.25 in chips) 
Dorex2007: posts small blind $0.02
only6-6lol: posts big blind $0.05
*** HOLE CARDS ***
Dealt to Dorex2007 [Jc 6s]
le charlot58: calls $0.05
AntonioBabic98: folds 
WeNaSo_07: folds 
European1000: calls $0.05
Lordgto1: raises $0.05 to $0.10
Ginnungagap7: folds 
Dorex2007: folds 
only6-6lol: calls $0.05
le charlot58: calls $0.05
European1000: calls $0.05
*** FLOP *** [9h Jd 4s]
only6-6lol: checks 
le charlot58: checks 
European1000: bets $0.40
Lordgto1: folds 
only6-6lol: folds 
le charlot58: folds 
Uncalled bet ($0.40) returned to European1000
European1000 collected $0.40 from pot
European1000: doesn't show hand 
*** SUMMARY ***
Total pot $0.42 | Rake $0.02 
Board [9h Jd 4s]
Seat 1: AntonioBabic98 folded before Flop (didn't bet)
Seat 2: WeNaSo_07 folded before Flop (didn't bet)
Seat 3: European1000 collected ($0.40)
Seat 4: Lordgto1 folded on the Flop
Seat 5: Ginnungagap7 (button) folded before Flop (didn't bet)
Seat 6: Dorex2007 (small blind) folded before Flop
Seat 8: only6-6lol (big blind) folded on the Flop
Seat 9: le charlot58 folded on the Flop



PokerStars Hand #237977155848:  Hold'em No Limit ($0.02/$0.05 USD) - 2022/08/13 20:17:52 PT [2022/08/13 23:17:52 ET]
Table 'Jilin III' 9-max Seat #6 is the button
Seat 1: AntonioBabic98 ($8.64 in chips) 
Seat 2: WeNaSo_07 ($7.18 in chips) 
Seat 3: European1000 ($2.33 in chips) 
Seat 4: Lordgto1 ($4.02 in chips) 
Seat 5: Ginnungagap7 ($6.88 in chips) 
Seat 6: Dorex2007 ($5.18 in chips) 
Seat 8: only6-6lol ($4.93 in chips) 
Seat 9: le charlot58 ($9.15 in chips) 
only6-6lol: posts small blind $0.02
le charlot58: posts big blind $0.05
*** HOLE CARDS ***
Dealt to Dorex2007 [2h 3d]
AntonioBabic98: folds 
WeNaSo_07: folds 
European1000: raises $0.05 to $0.10
Lordgto1: folds 
Ginnungagap7: folds 
Dorex2007: folds 
only6-6lol: calls $0.08
le charlot58: calls $0.05
*** FLOP *** [Jh 6d 8c]
only6-6lol: checks 
le charlot58: checks 
European1000: checks 
*** TURN *** [Jh 6d 8c] [3c]
only6-6lol: checks 
le charlot58: checks 
European1000: checks 
*** RIVER *** [Jh 6d 8c 3c] [5h]
only6-6lol: checks 
le charlot58: checks 
European1000: checks 
*** SHOW DOWN ***
only6-6lol: shows [3s Ts] (a pair of Threes)
le charlot58: shows [5s Qs] (a pair of Fives)
European1000: shows [7c 7d] (a pair of Sevens)
European1000 collected $0.29 from pot
*** SUMMARY ***
Total pot $0.30 | Rake $0.01 
Board [Jh 6d 8c 3c 5h]
Seat 1: AntonioBabic98 folded before Flop (didn't bet)
Seat 2: WeNaSo_07 folded before Flop (didn't bet)
Seat 3: European1000 showed [7c 7d] and won ($0.29) with a pair of Sevens
Seat 4: Lordgto1 folded before Flop (didn't bet)
Seat 5: Ginnungagap7 folded before Flop (didn't bet)
Seat 6: Dorex2007 (button) folded before Flop (didn't bet)
Seat 8: only6-6lol (small blind) showed [3s Ts] and lost with a pair of Threes
Seat 9: le charlot58 (big blind) showed [5s Qs] and lost with a pair of Fives



PokerStars Hand #237977160769:  Hold'em No Limit ($0.02/$0.05 USD) - 2022/08/13 20:18:24 PT [2022/08/13 23:18:24 ET]
Table 'Jilin III' 9-max Seat #8 is the button
Seat 1: AntonioBabic98 ($8.64 in chips) 
Seat 2: WeNaSo_07 ($7.18 in chips) 
Seat 3: European1000 ($2.52 in chips) 
Seat 4: Lordgto1 ($4.02 in chips) 
Seat 5: Ginnungagap7 ($6.88 in chips) 
Seat 6: Dorex2007 ($5.18 in chips) 
Seat 8: only6-6lol ($4.83 in chips) 
Seat 9: le charlot58 ($9.05 in chips) 
le charlot58: posts small blind $0.02
AntonioBabic98: posts big blind $0.05
*** HOLE CARDS ***
Dealt to Dorex2007 [Kd 9s]
WeNaSo_07: folds 
European1000: raises $0.10 to $0.15
Lordgto1: folds 
Ginnungagap7: folds 
Dorex2007 has timed out
Dorex2007: folds 
only6-6lol: calls $0.15
le charlot58: calls $0.13
SpeyFly_714 joins the table at seat #7 
AntonioBabic98: calls $0.10
*** FLOP *** [4c 7c Ac]
le charlot58: checks 
AntonioBabic98: checks 
European1000: checks 
only6-6lol: checks 
*** TURN *** [4c 7c Ac] [5s]
le charlot58: bets $0.20
AntonioBabic98: calls $0.20
European1000: raises $0.20 to $0.40
only6-6lol: folds 
le charlot58: raises $8.50 to $8.90 and is all-in
AntonioBabic98: folds 
European1000: calls $1.97 and is all-in
Uncalled bet ($6.53) returned to le charlot58
*** RIVER *** [4c 7c Ac 5s] [3h]
*** SHOW DOWN ***
le charlot58: shows [6c Kc] (a flush, Ace high)
European1000: shows [Ts Tc] (a pair of Tens)
le charlot58 collected $5.31 from pot
*** SUMMARY ***
Total pot $5.54 | Rake $0.23 
Board [4c 7c Ac 5s 3h]
Seat 1: AntonioBabic98 (big blind) folded on the Turn
Seat 2: WeNaSo_07 folded before Flop (didn't bet)
Seat 3: European1000 showed [Ts Tc] and lost with a pair of Tens
Seat 4: Lordgto1 folded before Flop (didn't bet)
Seat 5: Ginnungagap7 folded before Flop (didn't bet)
Seat 6: Dorex2007 folded before Flop (didn't bet)
Seat 8: only6-6lol (button) folded on the Turn
Seat 9: le charlot58 (small blind) showed [6c Kc] and won ($5.31) with a flush, Ace high



PokerStars Hand #237977175640:  Hold'em No Limit ($0.02/$0.05 USD) - 2022/08/13 20:20:04 PT [2022/08/13 23:20:04 ET]
Table 'Jilin III' 9-max Seat #9 is the button
Seat 1: AntonioBabic98 ($8.29 in chips) 
Seat 4: Lordgto1 ($4.02 in chips) 
Seat 5: Ginnungagap7 ($6.88 in chips) 
Seat 6: Dorex2007 ($5.18 in chips) 
Seat 8: only6-6lol ($5 in chips) 
Seat 9: le charlot58 ($11.84 in chips) 
AntonioBabic98: posts small blind $0.02
Lordgto1: posts big blind $0.05
SpeyFly_714: sits out 
*** HOLE CARDS ***
Dealt to Dorex2007 [9s 3h]
Ginnungagap7: folds 
Dorex2007: folds 
only6-6lol: calls $0.05
le charlot58: calls $0.05
AntonioBabic98: folds 
Lordgto1: checks 
*** FLOP *** [5s 3c 7d]
Lordgto1: checks 
only6-6lol: checks 
le charlot58: bets $0.10
European1000 leaves the table
Lordgto1: folds 
only6-6lol: calls $0.10
*** TURN *** [5s 3c 7d] [Jc]
only6-6lol: checks 
le charlot58: bets $0.10
Hiroshi556677 joins the table at seat #3 
only6-6lol: calls $0.10
*** RIVER *** [5s 3c 7d Jc] [Jh]
only6-6lol: checks 
le charlot58: checks 
*** SHOW DOWN ***
only6-6lol: shows [9c 6d] (a pair of Jacks)
le charlot58: shows [8d 7s] (two pair, Jacks and Sevens)
le charlot58 collected $0.55 from pot
*** SUMMARY ***
Total pot $0.57 | Rake $0.02 
Board [5s 3c 7d Jc Jh]
Seat 1: AntonioBabic98 (small blind) folded before Flop
Seat 4: Lordgto1 (big blind) folded on the Flop
Seat 5: Ginnungagap7 folded before Flop (didn't bet)
Seat 6: Dorex2007 folded before Flop (didn't bet)
Seat 8: only6-6lol showed [9c 6d] and lost with a pair of Jacks
Seat 9: le charlot58 (button) showed [8d 7s] and won ($0.55) with two pair, Jacks and Sevens



PokerStars Hand #237977182759:  Hold'em No Limit ($0.02/$0.05 USD) - 2022/08/13 20:20:51 PT [2022/08/13 23:20:51 ET]
Table 'Jilin III' 9-max Seat #1 is the button
Seat 1: AntonioBabic98 ($8.27 in chips) 
Seat 4: Lordgto1 ($3.97 in chips) 
Seat 5: Ginnungagap7 ($6.88 in chips) 
Seat 6: Dorex2007 ($5.18 in chips) 
Seat 8: only6-6lol ($4.75 in chips) 
Seat 9: le charlot58 ($12.14 in chips) 
Lordgto1: posts small blind $0.02
Ginnungagap7: posts big blind $0.05
SpeyFly_714: sits out 
*** HOLE CARDS ***
Dealt to Dorex2007 [2d 2c]
Dorex2007: folds 
only6-6lol: raises $0.10 to $0.15
le charlot58: calls $0.15
AntonioBabic98: folds 
Lordgto1: folds 
Ginnungagap7: raises $0.47 to $0.62
only6-6lol: folds 
le charlot58: folds 
Uncalled bet ($0.47) returned to Ginnungagap7
Ginnungagap7 collected $0.47 from pot
Ginnungagap7: doesn't show hand 
*** SUMMARY ***
Total pot $0.47 | Rake $0 
Seat 1: AntonioBabic98 (button) folded before Flop (didn't bet)
Seat 4: Lordgto1 (small blind) folded before Flop
Seat 5: Ginnungagap7 (big blind) collected ($0.47)
Seat 6: Dorex2007 folded before Flop (didn't bet)
Seat 8: only6-6lol folded before Flop
Seat 9: le charlot58 folded before Flop



PokerStars Hand #237977187575:  Hold'em No Limit ($0.02/$0.05 USD) - 2022/08/13 20:21:23 PT [2022/08/13 23:21:23 ET]
Table 'Jilin III' 9-max Seat #4 is the button
Seat 1: AntonioBabic98 ($8.27 in chips) 
Seat 3: Hiroshi556677 ($5 in chips) 
Seat 4: Lordgto1 ($3.95 in chips) 
Seat 5: Ginnungagap7 ($7.20 in chips) 
Seat 6: Dorex2007 ($5.18 in chips) 
Seat 8: only6-6lol ($4.60 in chips) 
Seat 9: le charlot58 ($11.99 in chips) 
Ginnungagap7: posts small blind $0.02
Dorex2007: posts big blind $0.05
SpeyFly_714: sits out 
Hiroshi556677: posts big blind $0.05
*** HOLE CARDS ***
Dealt to Dorex2007 [3h Qd]
only6-6lol: raises $0.05 to $0.10
le charlot58: folds 
AntonioBabic98: folds 
Hiroshi556677: folds 
Lordgto1: folds 
Ginnungagap7: folds 
Dorex2007: folds 
Uncalled bet ($0.05) returned to only6-6lol
only6-6lol collected $0.17 from pot
*** SUMMARY ***
Total pot $0.17 | Rake $0 
Seat 1: AntonioBabic98 folded before Flop (didn't bet)
Seat 3: Hiroshi556677 folded before Flop (didn't bet)
Seat 4: Lordgto1 (button) folded before Flop (didn't bet)
Seat 5: Ginnungagap7 (small blind) folded before Flop
Seat 6: Dorex2007 (big blind) folded before Flop
Seat 8: only6-6lol collected ($0.17)
Seat 9: le charlot58 folded before Flop (didn't bet)



PokerStars Hand #237977189657:  Hold'em No Limit ($0.02/$0.05 USD) - 2022/08/13 20:21:37 PT [2022/08/13 23:21:37 ET]
Table 'Jilin III' 9-max Seat #5 is the button
Seat 1: AntonioBabic98 ($8.27 in chips) 
Seat 3: Hiroshi556677 ($5 in chips) 
Seat 4: Lordgto1 ($3.95 in chips) 
Seat 5: Ginnungagap7 ($7.18 in chips) 
Seat 6: Dorex2007 ($5.13 in chips) 
Seat 7: SpeyFly_714 ($5 in chips) 
Seat 8: only6-6lol ($4.72 in chips) 
Seat 9: le charlot58 ($11.99 in chips) 
Dorex2007: posts small blind $0.02
SpeyFly_714: posts big blind $0.05
*** HOLE CARDS ***
Dealt to Dorex2007 [4h Jh]
only6-6lol: raises $0.12 to $0.17
le charlot58: folds 
AntonioBabic98: folds 
Hiroshi556677: raises $0.41 to $0.58
Lordgto1: folds 
Ginnungagap7: folds 
Dorex2007: folds 
SpeyFly_714: folds 
only6-6lol: calls $0.41
*** FLOP *** [Qd Th 7h]
only6-6lol: checks 
Hiroshi556677: bets $4.42 and is all-in
only6-6lol: folds 
Uncalled bet ($4.42) returned to Hiroshi556677
Hiroshi556677 collected $1.18 from pot
*** SUMMARY ***
Total pot $1.23 | Rake $0.05 
Board [Qd Th 7h]
Seat 1: AntonioBabic98 folded before Flop (didn't bet)
Seat 3: Hiroshi556677 collected ($1.18)
Seat 4: Lordgto1 folded before Flop (didn't bet)
Seat 5: Ginnungagap7 (button) folded before Flop (didn't bet)
Seat 6: Dorex2007 (small blind) folded before Flop
Seat 7: SpeyFly_714 (big blind) folded before Flop
Seat 8: only6-6lol folded on the Flop
Seat 9: le charlot58 folded before Flop (didn't bet)



PokerStars Hand #237977195161:  Hold'em No Limit ($0.02/$0.05 USD) - 2022/08/13 20:22:14 PT [2022/08/13 23:22:14 ET]
Table 'Jilin III' 9-max Seat #6 is the button
Seat 1: AntonioBabic98 ($8.27 in chips) 
Seat 3: Hiroshi556677 ($5.60 in chips) 
Seat 4: Lordgto1 ($3.95 in chips) 
Seat 5: Ginnungagap7 ($7.18 in chips) 
Seat 6: Dorex2007 ($5.11 in chips) 
Seat 7: SpeyFly_714 ($4.95 in chips) 
Seat 8: only6-6lol ($4.14 in chips) 
Seat 9: le charlot58 ($11.99 in chips) 
SpeyFly_714: posts small blind $0.02
only6-6lol: posts big blind $0.05
*** HOLE CARDS ***
Dealt to Dorex2007 [7c 3d]
le charlot58: calls $0.05
AntonioBabic98: folds 
Hiroshi556677: folds 
Lordgto1: folds 
Ginnungagap7: folds 
Dorex2007: folds 
SpeyFly_714: calls $0.03
only6-6lol: raises $0.05 to $0.10
le charlot58: calls $0.05
SpeyFly_714: calls $0.05
*** FLOP *** [4c Qs 6c]
SpeyFly_714: bets $0.22
only6-6lol: folds 
le charlot58: folds 
Uncalled bet ($0.22) returned to SpeyFly_714
SpeyFly_714 collected $0.29 from pot
SpeyFly_714: doesn't show hand 
*** SUMMARY ***
Total pot $0.30 | Rake $0.01 
Board [4c Qs 6c]
Seat 1: AntonioBabic98 folded before Flop (didn't bet)
Seat 3: Hiroshi556677 folded before Flop (didn't bet)
Seat 4: Lordgto1 folded before Flop (didn't bet)
Seat 5: Ginnungagap7 folded before Flop (didn't bet)
Seat 6: Dorex2007 (button) folded before Flop (didn't bet)
Seat 7: SpeyFly_714 (small blind) collected ($0.29)
Seat 8: only6-6lol (big blind) folded on the Flop
Seat 9: le charlot58 folded on the Flop



PokerStars Hand #237977204424:  Hold'em No Limit ($0.02/$0.05 USD) - 2022/08/13 20:22:48 PT [2022/08/13 23:22:48 ET]
Table 'Jilin III' 9-max Seat #7 is the button
Seat 1: AntonioBabic98 ($8.27 in chips) 
Seat 3: Hiroshi556677 ($5.60 in chips) 
Seat 4: Lordgto1 ($3.95 in chips) 
Seat 5: Ginnungagap7 ($7.18 in chips) 
Seat 6: Dorex2007 ($5.11 in chips) 
Seat 7: SpeyFly_714 ($5.14 in chips) 
Seat 8: only6-6lol ($4.04 in chips) 
only6-6lol: posts small blind $0.02
le charlot58: is sitting out 
AntonioBabic98: posts big blind $0.05
*** HOLE CARDS ***
Dealt to Dorex2007 [Ts Ad]
Hiroshi556677: folds 
le charlot58 leaves the table
Lordgto1: folds 
Ginnungagap7: raises $0.10 to $0.15
Dorex2007: folds 
SpeyFly_714: folds 
only6-6lol: calls $0.13
AntonioBabic98: raises $0.30 to $0.45
Ginnungagap7: folds 
only6-6lol: calls $0.30
*** FLOP *** [Qc 2h Ah]
only6-6lol: checks 
AntonioBabic98: checks 
*** TURN *** [Qc 2h Ah] [2c]
WeNaSo_07 leaves the table
only6-6lol: bets $0.50
AntonioBabic98: calls $0.50
*** RIVER *** [Qc 2h Ah 2c] [3h]
only6-6lol: checks 
AntonioBabic98: checks 
*** SHOW DOWN ***
only6-6lol: shows [5s Qh] (two pair, Queens and Deuces)
AntonioBabic98: shows [Kh Kd] (two pair, Kings and Deuces)
AntonioBabic98 collected $1.96 from pot
*** SUMMARY ***
Total pot $2.05 | Rake $0.09 
Board [Qc 2h Ah 2c 3h]
Seat 1: AntonioBabic98 (big blind) showed [Kh Kd] and won ($1.96) with two pair, Kings and Deuces
Seat 3: Hiroshi556677 folded before Flop (didn't bet)
Seat 4: Lordgto1 folded before Flop (didn't bet)
Seat 5: Ginnungagap7 folded before Flop
Seat 6: Dorex2007 folded before Flop (didn't bet)
Seat 7: SpeyFly_714 (button) folded before Flop (didn't bet)
Seat 8: only6-6lol (small blind) showed [5s Qh] and lost with two pair, Queens and Deuces



PokerStars Hand #237977213223:  Hold'em No Limit ($0.02/$0.05 USD) - 2022/08/13 20:23:47 PT [2022/08/13 23:23:47 ET]
Table 'Jilin III' 9-max Seat #8 is the button
Seat 1: AntonioBabic98 ($9.28 in chips) 
Seat 3: Hiroshi556677 ($5.60 in chips) 
Seat 4: Lordgto1 ($3.95 in chips) 
Seat 5: Ginnungagap7 ($7.03 in chips) 
Seat 6: Dorex2007 ($5.11 in chips) 
Seat 7: SpeyFly_714 ($5.14 in chips) 
Seat 8: only6-6lol ($3.09 in chips) 
AntonioBabic98: posts small blind $0.02
Hiroshi556677: posts big blind $0.05
*** HOLE CARDS ***
Dealt to Dorex2007 [7h 8c]
Lordgto1: folds 
Ginnungagap7: folds 
Dorex2007: folds 
SpeyFly_714: folds 
only6-6lol: calls $0.05
AntonioBabic98: folds 
Hiroshi556677: checks 
*** FLOP *** [2h Jd 4c]
Hiroshi556677: checks 
only6-6lol: checks 
*** TURN *** [2h Jd 4c] [Ks]
Hiroshi556677: checks 
only6-6lol: bets $0.05
Hiroshi556677: folds 
Uncalled bet ($0.05) returned to only6-6lol
only6-6lol collected $0.12 from pot
*** SUMMARY ***
Total pot $0.12 | Rake $0 
Board [2h Jd 4c Ks]
Seat 1: AntonioBabic98 (small blind) folded before Flop
Seat 3: Hiroshi556677 (big blind) folded on the Turn
Seat 4: Lordgto1 folded before Flop (didn't bet)
Seat 5: Ginnungagap7 folded before Flop (didn't bet)
Seat 6: Dorex2007 folded before Flop (didn't bet)
Seat 7: SpeyFly_714 folded before Flop (didn't bet)
Seat 8: only6-6lol (button) collected ($0.12)



PokerStars Hand #237977218917:  Hold'em No Limit ($0.02/$0.05 USD) - 2022/08/13 20:24:26 PT [2022/08/13 23:24:26 ET]
Table 'Jilin III' 9-max Seat #1 is the button
Seat 1: AntonioBabic98 ($9.26 in chips) 
Seat 3: Hiroshi556677 ($5.55 in chips) 
Seat 4: Lordgto1 ($3.95 in chips) 
Seat 5: Ginnungagap7 ($7.03 in chips) 
Seat 6: Dorex2007 ($5.11 in chips) 
Seat 7: SpeyFly_714 ($5.14 in chips) 
Seat 8: only6-6lol ($3.16 in chips) 
Hiroshi556677: posts small blind $0.02
Lordgto1: posts big blind $0.05
*** HOLE CARDS ***
Dealt to Dorex2007 [7s As]
Ginnungagap7: folds 
Ginnungagap7 leaves the table
Dorex2007: raises $0.05 to $0.10
SpeyFly_714: folds 
only6-6lol: calls $0.10
AntonioBabic98: folds 
Hiroshi556677: calls $0.08
Lordgto1: calls $0.05
*** FLOP *** [9h 2d 4s]
Hiroshi556677: checks 
Lordgto1: checks 
Dorex2007: checks 
only6-6lol: checks 
*** TURN *** [9h 2d 4s] [3s]
Hiroshi556677: bets $0.10
Lordgto1: folds 
Dorex2007: calls $0.10
only6-6lol: calls $0.10
*** RIVER *** [9h 2d 4s 3s] [Qd]
Hiroshi556677: checks 
Dorex2007: bets $0.33
only6-6lol: folds 
Hiroshi556677: folds 
Uncalled bet ($0.33) returned to Dorex2007
Dorex2007 collected $0.67 from pot
Dorex2007: doesn't show hand 
*** SUMMARY ***
Total pot $0.70 | Rake $0.03 
Board [9h 2d 4s 3s Qd]
Seat 1: AntonioBabic98 (button) folded before Flop (didn't bet)
Seat 3: Hiroshi556677 (small blind) folded on the River
Seat 4: Lordgto1 (big blind) folded on the Turn
Seat 5: Ginnungagap7 folded before Flop (didn't bet)
Seat 6: Dorex2007 collected ($0.67)
Seat 7: SpeyFly_714 folded before Flop (didn't bet)
Seat 8: only6-6lol folded on the River



PokerStars Hand #237977235546:  Hold'em No Limit ($0.02/$0.05 USD) - 2022/08/13 20:25:21 PT [2022/08/13 23:25:21 ET]
Table 'Jilin III' 9-max Seat #3 is the button
Seat 1: AntonioBabic98 ($9.26 in chips) 
Seat 3: Hiroshi556677 ($5.35 in chips) 
Seat 4: Lordgto1 ($3.85 in chips) 
Seat 6: Dorex2007 ($5.58 in chips) 
Seat 7: SpeyFly_714 ($5.14 in chips) 
Seat 8: only6-6lol ($2.96 in chips) 
Lordgto1: posts small blind $0.02
Dorex2007: posts big blind $0.05
*** HOLE CARDS ***
Dealt to Dorex2007 [Jh 7s]
SpeyFly_714: folds 
SpeyFly_714 leaves the table
only6-6lol: raises $0.05 to $0.10
AntonioBabic98: folds 
Hiroshi556677: calls $0.10
Lordgto1: folds 
Dorex2007: folds 
*** FLOP *** [2s Th 5s]
only6-6lol: checks 
Hiroshi556677: checks 
*** TURN *** [2s Th 5s] [Qs]
only6-6lol: checks 
Hiroshi556677: checks 
*** RIVER *** [2s Th 5s Qs] [Qd]
only6-6lol: checks 
Hiroshi556677: checks 
*** SHOW DOWN ***
only6-6lol: shows [9c 6c] (a pair of Queens)
Hiroshi556677: shows [Kh 6h] (a pair of Queens - King kicker)
Hiroshi556677 collected $0.26 from pot
*** SUMMARY ***
Total pot $0.27 | Rake $0.01 
Board [2s Th 5s Qs Qd]
Seat 1: AntonioBabic98 folded before Flop (didn't bet)
Seat 3: Hiroshi556677 (button) showed [Kh 6h] and won ($0.26) with a pair of Queens
Seat 4: Lordgto1 (small blind) folded before Flop
Seat 6: Dorex2007 (big blind) folded before Flop
Seat 7: SpeyFly_714 folded before Flop (didn't bet)
Seat 8: only6-6lol showed [9c 6c] and lost with a pair of Queens



PokerStars Hand #237977240253:  Hold'em No Limit ($0.02/$0.05 USD) - 2022/08/13 20:25:52 PT [2022/08/13 23:25:52 ET]
Table 'Jilin III' 9-max Seat #4 is the button
Seat 1: AntonioBabic98 ($9.26 in chips) 
Seat 3: Hiroshi556677 ($5.51 in chips) 
Seat 4: Lordgto1 ($3.83 in chips) 
Seat 6: Dorex2007 ($5.53 in chips) 
Seat 8: only6-6lol ($2.86 in chips) 
Dorex2007: posts small blind $0.02
only6-6lol: posts big blind $0.05
*** HOLE CARDS ***
Dealt to Dorex2007 [Qs Ac]
AntonioBabic98: folds 
Hiroshi556677: raises $0.05 to $0.10
AntonioBabic98 leaves the table
Lordgto1: raises $0.15 to $0.25
Dorex2007: calls $0.23
only6-6lol: folds 
Hiroshi556677: calls $0.15
*** FLOP *** [Kh 9c Qh]
Dorex2007: bets $0.38
Hiroshi556677: folds 
Lordgto1: folds 
Uncalled bet ($0.38) returned to Dorex2007
Dorex2007 collected $0.77 from pot
Dorex2007: doesn't show hand 
*** SUMMARY ***
Total pot $0.80 | Rake $0.03 
Board [Kh 9c Qh]
Seat 1: AntonioBabic98 folded before Flop (didn't bet)
Seat 3: Hiroshi556677 folded on the Flop
Seat 4: Lordgto1 (button) folded on the Flop
Seat 6: Dorex2007 (small blind) collected ($0.77)
Seat 8: only6-6lol (big blind) folded before Flop



PokerStars Hand #237977247199:  Hold'em No Limit ($0.02/$0.05 USD) - 2022/08/13 20:26:39 PT [2022/08/13 23:26:39 ET]
Table 'Jilin III' 9-max Seat #6 is the button
Seat 3: Hiroshi556677 ($5.26 in chips) 
Seat 4: Lordgto1 ($3.58 in chips) 
Seat 6: Dorex2007 ($6.05 in chips) 
Seat 8: only6-6lol ($2.81 in chips) 
only6-6lol: posts small blind $0.02
Hiroshi556677: posts big blind $0.05
*** HOLE CARDS ***
Dealt to Dorex2007 [3c 7d]
Lordgto1: folds 
Dorex2007: folds 
only6-6lol: raises $0.05 to $0.10
Hiroshi556677: folds 
Uncalled bet ($0.05) returned to only6-6lol
only6-6lol collected $0.10 from pot
*** SUMMARY ***
Total pot $0.10 | Rake $0 
Seat 3: Hiroshi556677 (big blind) folded before Flop
Seat 4: Lordgto1 folded before Flop (didn't bet)
Seat 6: Dorex2007 (button) folded before Flop (didn't bet)
Seat 8: only6-6lol (small blind) collected ($0.10)



