PokerStars Hand #227284794721:  Hold'em No Limit ($0.01/$0.02 USD) - 2021/06/02 21:00:09 PT [2021/06/03 0:00:09 ET]
Table 'Dufour III' 9-max Seat #8 is the button
Seat 1: Marrcceell ($1.57 in chips) 
Seat 2: dori_vedimak ($1.57 in chips) 
Seat 3: Dorex2007 ($2.33 in chips) 
Seat 4: Cicero Gilmário ($2.39 in chips) 
Seat 5: CPS2017 ($2.96 in chips) 
Seat 6: SunTzuARG ($3.24 in chips) 
Seat 7: Olejka228822 ($2.07 in chips) 
Seat 8: fabri74 ($2.19 in chips) 
Seat 9: Xósem ($1.95 in chips) 
Xósem: posts small blind $0.01
Marrcceell: posts big blind $0.02
*** HOLE CARDS ***
Dealt to Dorex2007 [2s 9h]
dori_vedimak: folds 
Dorex2007: folds 
Cicero Gilmário: raises $0.10 to $0.12
CPS2017: folds 
SunTzuARG: folds 
Olejka228822: folds 
fabri74: folds 
Xósem: calls $0.11
Marrcceell: folds 
*** FLOP *** [Td 7s 4c]
Xósem: bets $0.13
Cicero Gilmário: calls $0.13
*** TURN *** [Td 7s 4c] [4h]
Xósem: checks 
Cicero Gilmário: bets $0.40
Xósem: folds 
Uncalled bet ($0.40) returned to Cicero Gilmário
Cicero Gilmário collected $0.50 from pot
Cicero Gilmário: doesn't show hand 
*** SUMMARY ***
Total pot $0.52 | Rake $0.02 
Board [Td 7s 4c 4h]
Seat 1: Marrcceell (big blind) folded before Flop
Seat 2: dori_vedimak folded before Flop (didn't bet)
Seat 3: Dorex2007 folded before Flop (didn't bet)
Seat 4: Cicero Gilmário collected ($0.50)
Seat 5: CPS2017 folded before Flop (didn't bet)
Seat 6: SunTzuARG folded before Flop (didn't bet)
Seat 7: Olejka228822 folded before Flop (didn't bet)
Seat 8: fabri74 (button) folded before Flop (didn't bet)
Seat 9: Xósem (small blind) folded on the Turn



PokerStars Hand #227284804515:  Hold'em No Limit ($0.01/$0.02 USD) - 2021/06/02 21:01:09 PT [2021/06/03 0:01:09 ET]
Table 'Dufour III' 9-max Seat #9 is the button
Seat 1: Marrcceell ($1.55 in chips) 
Seat 3: Dorex2007 ($2.33 in chips) 
Seat 4: Cicero Gilmário ($2.64 in chips) 
Seat 5: CPS2017 ($2.96 in chips) 
Seat 6: SunTzuARG ($3.24 in chips) 
Seat 7: Olejka228822 ($2.07 in chips) 
Seat 8: fabri74 ($2.19 in chips) 
Seat 9: Xósem ($1.70 in chips) 
Marrcceell: posts small blind $0.01
dori_vedimak has timed out
dori_vedimak: is sitting out 
Dorex2007: posts big blind $0.02
*** HOLE CARDS ***
Dealt to Dorex2007 [Ad 7s]
dori_vedimak is disconnected 
Cicero Gilmário: calls $0.02
CPS2017: folds 
SunTzuARG has timed out
SunTzuARG: folds 
Olejka228822: folds 
fabri74: folds 
Xósem: calls $0.02
Marrcceell: folds 
Dorex2007: checks 
*** FLOP *** [9h 8c 5h]
Dorex2007: checks 
Cicero Gilmário: checks 
dori_vedimak is disconnected 
Xósem: checks 
*** TURN *** [9h 8c 5h] [5s]
Dorex2007: bets $0.05
Cicero Gilmário: folds 
Xósem: folds 
Uncalled bet ($0.05) returned to Dorex2007
Dorex2007 collected $0.07 from pot
Dorex2007: doesn't show hand 
Cicero Gilmário leaves the table
*** SUMMARY ***
Total pot $0.07 | Rake $0 
Board [9h 8c 5h 5s]
Seat 1: Marrcceell (small blind) folded before Flop
Seat 3: Dorex2007 (big blind) collected ($0.07)
Seat 4: Cicero Gilmário folded on the Turn
Seat 5: CPS2017 folded before Flop (didn't bet)
Seat 6: SunTzuARG folded before Flop (didn't bet)
Seat 7: Olejka228822 folded before Flop (didn't bet)
Seat 8: fabri74 folded before Flop (didn't bet)
Seat 9: Xósem (button) folded on the Turn



PokerStars Hand #227284814182:  Hold'em No Limit ($0.01/$0.02 USD) - 2021/06/02 21:02:05 PT [2021/06/03 0:02:05 ET]
Table 'Dufour III' 9-max Seat #1 is the button
Seat 1: Marrcceell ($1.54 in chips) 
Seat 3: Dorex2007 ($2.38 in chips) 
Seat 5: CPS2017 ($2.96 in chips) 
Seat 6: SunTzuARG ($3.24 in chips) 
Seat 7: Olejka228822 ($2.07 in chips) 
Seat 8: fabri74 ($2.19 in chips) 
Seat 9: Xósem ($1.68 in chips) 
Dorex2007: posts small blind $0.01
CPS2017: posts big blind $0.02
*** HOLE CARDS ***
Dealt to Dorex2007 [3d Ah]
SunTzuARG: folds 
Olejka228822: folds 
fabri74: folds 
mazafaka2318 joins the table at seat #4 
Xósem: raises $0.04 to $0.06
Marrcceell: folds 
Dorex2007: folds 
CPS2017: folds 
Uncalled bet ($0.04) returned to Xósem
Xósem collected $0.05 from pot
Xósem: doesn't show hand 
*** SUMMARY ***
Total pot $0.05 | Rake $0 
Seat 1: Marrcceell (button) folded before Flop (didn't bet)
Seat 3: Dorex2007 (small blind) folded before Flop
Seat 5: CPS2017 (big blind) folded before Flop
Seat 6: SunTzuARG folded before Flop (didn't bet)
Seat 7: Olejka228822 folded before Flop (didn't bet)
Seat 8: fabri74 folded before Flop (didn't bet)
Seat 9: Xósem collected ($0.05)



PokerStars Hand #227284820048:  Hold'em No Limit ($0.01/$0.02 USD) - 2021/06/02 21:02:38 PT [2021/06/03 0:02:38 ET]
Table 'Dufour III' 9-max Seat #3 is the button
Seat 1: Marrcceell ($1.54 in chips) 
Seat 3: Dorex2007 ($2.37 in chips) 
Seat 5: CPS2017 ($2.94 in chips) 
Seat 6: SunTzuARG ($3.24 in chips) 
Seat 7: Olejka228822 ($2.07 in chips) 
Seat 8: fabri74 ($2.19 in chips) 
Seat 9: Xósem ($1.71 in chips) 
CPS2017: posts small blind $0.01
SunTzuARG: posts big blind $0.02
*** HOLE CARDS ***
Dealt to Dorex2007 [Td 4h]
Olejka228822: folds 
fabri74: folds 
Olejka228822 leaves the table
Xósem: raises $0.02 to $0.04
Marrcceell: calls $0.04
Dorex2007: folds 
CPS2017: folds 
SunTzuARG: calls $0.02
*** FLOP *** [6c 4d 8d]
SunTzuARG: checks 
Xósem: bets $0.07
Negro-Lavie joins the table at seat #7 
Marrcceell: calls $0.07
SunTzuARG: folds 
*** TURN *** [6c 4d 8d] [Jh]
Xósem: bets $0.13
Marrcceell: folds 
Uncalled bet ($0.13) returned to Xósem
Xósem collected $0.26 from pot
Xósem: doesn't show hand 
*** SUMMARY ***
Total pot $0.27 | Rake $0.01 
Board [6c 4d 8d Jh]
Seat 1: Marrcceell folded on the Turn
Seat 3: Dorex2007 (button) folded before Flop (didn't bet)
Seat 5: CPS2017 (small blind) folded before Flop
Seat 6: SunTzuARG (big blind) folded on the Flop
Seat 7: Olejka228822 folded before Flop (didn't bet)
Seat 8: fabri74 folded before Flop (didn't bet)
Seat 9: Xósem collected ($0.26)



PokerStars Hand #227284834189:  Hold'em No Limit ($0.01/$0.02 USD) - 2021/06/02 21:03:50 PT [2021/06/03 0:03:50 ET]
Table 'Dufour III' 9-max Seat #5 is the button
Seat 1: Marrcceell ($1.43 in chips) 
Seat 2: dori_vedimak ($1.57 in chips) 
Seat 3: Dorex2007 ($2.37 in chips) 
Seat 4: mazafaka2318 ($1.60 in chips) 
Seat 5: CPS2017 ($2.93 in chips) 
Seat 6: SunTzuARG ($3.20 in chips) 
Seat 7: Negro-Lavie ($1.54 in chips) 
Seat 8: fabri74 ($2.19 in chips) 
Seat 9: Xósem ($1.86 in chips) 
SunTzuARG: posts small blind $0.01
Negro-Lavie: posts big blind $0.02
dori_vedimak: posts small & big blinds $0.03
mazafaka2318: posts big blind $0.02
*** HOLE CARDS ***
Dealt to Dorex2007 [2c Ad]
fabri74: folds 
Xósem: folds 
Marrcceell: raises $0.06 to $0.08
dori_vedimak: raises $0.20 to $0.28
Dorex2007: folds 
mazafaka2318: folds 
CPS2017 has timed out
CPS2017: folds 
SunTzuARG: folds 
Negro-Lavie: folds 
Marrcceell: calls $0.20
*** FLOP *** [Tc 8s 2d]
Marrcceell: checks 
dori_vedimak: bets $0.38
Marrcceell: calls $0.38
*** TURN *** [Tc 8s 2d] [6s]
Marrcceell: checks 
dori_vedimak: bets $0.90 and is all-in
Marrcceell: calls $0.77 and is all-in
Uncalled bet ($0.13) returned to dori_vedimak
*** RIVER *** [Tc 8s 2d 6s] [3c]
*** SHOW DOWN ***
Marrcceell: shows [Th Td] (three of a kind, Tens)
dori_vedimak: shows [Ah Ks] (high card Ace)
Marrcceell collected $2.82 from pot
*** SUMMARY ***
Total pot $2.92 | Rake $0.10 
Board [Tc 8s 2d 6s 3c]
Seat 1: Marrcceell showed [Th Td] and won ($2.82) with three of a kind, Tens
Seat 2: dori_vedimak showed [Ah Ks] and lost with high card Ace
Seat 3: Dorex2007 folded before Flop (didn't bet)
Seat 4: mazafaka2318 folded before Flop (didn't bet)
Seat 5: CPS2017 (button) folded before Flop (didn't bet)
Seat 6: SunTzuARG (small blind) folded before Flop
Seat 7: Negro-Lavie (big blind) folded before Flop
Seat 8: fabri74 folded before Flop (didn't bet)
Seat 9: Xósem folded before Flop (didn't bet)



PokerStars Hand #227284850037:  Hold'em No Limit ($0.01/$0.02 USD) - 2021/06/02 21:05:21 PT [2021/06/03 0:05:21 ET]
Table 'Dufour III' 9-max Seat #6 is the button
Seat 1: Marrcceell ($2.82 in chips) 
Seat 2: dori_vedimak ($0.13 in chips) 
Seat 3: Dorex2007 ($2.37 in chips) 
Seat 4: mazafaka2318 ($1.58 in chips) 
Seat 5: CPS2017 ($2.93 in chips) 
Seat 6: SunTzuARG ($3.19 in chips) 
Seat 7: Negro-Lavie ($1.52 in chips) 
Seat 8: fabri74 ($2.19 in chips) 
Seat 9: Xósem ($1.86 in chips) 
Negro-Lavie: posts small blind $0.01
fabri74: posts big blind $0.02
*** HOLE CARDS ***
Dealt to Dorex2007 [7h 6d]
Xósem: folds 
Marrcceell: folds 
dori_vedimak: folds 
Dorex2007: folds 
mazafaka2318: calls $0.02
CPS2017: calls $0.02
SunTzuARG: folds 
Negro-Lavie: calls $0.01
fabri74: checks 
*** FLOP *** [9c Qs Tc]
Negro-Lavie: checks 
fabri74: checks 
mazafaka2318: checks 
CPS2017: checks 
*** TURN *** [9c Qs Tc] [7c]
Negro-Lavie: checks 
fabri74: checks 
mazafaka2318: bets $0.20
CPS2017: calls $0.20
Negro-Lavie: folds 
fabri74: folds 
*** RIVER *** [9c Qs Tc 7c] [Qh]
mazafaka2318: checks 
CPS2017: bets $0.10
mazafaka2318: calls $0.10
*** SHOW DOWN ***
CPS2017: shows [6c Ac] (a flush, Ace high)
mazafaka2318: mucks hand 
CPS2017 collected $0.66 from pot
*** SUMMARY ***
Total pot $0.68 | Rake $0.02 
Board [9c Qs Tc 7c Qh]
Seat 1: Marrcceell folded before Flop (didn't bet)
Seat 2: dori_vedimak folded before Flop (didn't bet)
Seat 3: Dorex2007 folded before Flop (didn't bet)
Seat 4: mazafaka2318 mucked [Ts 5s]
Seat 5: CPS2017 showed [6c Ac] and won ($0.66) with a flush, Ace high
Seat 6: SunTzuARG (button) folded before Flop (didn't bet)
Seat 7: Negro-Lavie (small blind) folded on the Turn
Seat 8: fabri74 (big blind) folded on the Turn
Seat 9: Xósem folded before Flop (didn't bet)



PokerStars Hand #227284868233:  Hold'em No Limit ($0.01/$0.02 USD) - 2021/06/02 21:07:07 PT [2021/06/03 0:07:07 ET]
Table 'Dufour III' 9-max Seat #7 is the button
Seat 1: Marrcceell ($2.82 in chips) 
Seat 2: dori_vedimak ($1.65 in chips) 
Seat 3: Dorex2007 ($2.37 in chips) 
Seat 4: mazafaka2318 ($1.26 in chips) 
Seat 5: CPS2017 ($3.27 in chips) 
Seat 6: SunTzuARG ($3.19 in chips) 
Seat 7: Negro-Lavie ($1.50 in chips) 
Seat 8: fabri74 ($2.17 in chips) 
fabri74: posts small blind $0.01
Xósem: is sitting out 
Marrcceell: posts big blind $0.02
*** HOLE CARDS ***
Dealt to Dorex2007 [9h Ks]
dori_vedimak: raises $0.04 to $0.06
Dorex2007: folds 
mazafaka2318: calls $0.06
CPS2017: folds 
SunTzuARG: folds 
Negro-Lavie: calls $0.06
fabri74: folds 
Marrcceell: calls $0.04
*** FLOP *** [Kd Qh Jc]
Marrcceell: checks 
dori_vedimak: checks 
mazafaka2318: bets $0.12
Negro-Lavie: folds 
Marrcceell: folds 
dori_vedimak: folds 
Uncalled bet ($0.12) returned to mazafaka2318
mazafaka2318 collected $0.24 from pot
mazafaka2318: doesn't show hand 
*** SUMMARY ***
Total pot $0.25 | Rake $0.01 
Board [Kd Qh Jc]
Seat 1: Marrcceell (big blind) folded on the Flop
Seat 2: dori_vedimak folded on the Flop
Seat 3: Dorex2007 folded before Flop (didn't bet)
Seat 4: mazafaka2318 collected ($0.24)
Seat 5: CPS2017 folded before Flop (didn't bet)
Seat 6: SunTzuARG folded before Flop (didn't bet)
Seat 7: Negro-Lavie (button) folded on the Flop
Seat 8: fabri74 (small blind) folded before Flop



PokerStars Hand #227284876883:  Hold'em No Limit ($0.01/$0.02 USD) - 2021/06/02 21:07:58 PT [2021/06/03 0:07:58 ET]
Table 'Dufour III' 9-max Seat #8 is the button
Seat 1: Marrcceell ($2.76 in chips) 
Seat 2: dori_vedimak ($1.59 in chips) 
Seat 3: Dorex2007 ($2.37 in chips) 
Seat 4: mazafaka2318 ($1.44 in chips) 
Seat 5: CPS2017 ($3.27 in chips) 
Seat 6: SunTzuARG ($3.19 in chips) 
Seat 7: Negro-Lavie ($1.44 in chips) 
Seat 8: fabri74 ($2.16 in chips) 
Marrcceell: posts small blind $0.01
dori_vedimak: posts big blind $0.02
*** HOLE CARDS ***
Dealt to Dorex2007 [6h 8d]
Dorex2007: folds 
mazafaka2318: calls $0.02
CPS2017: folds 
SunTzuARG: folds 
Negro-Lavie: folds 
fabri74: folds 
Marrcceell: calls $0.01
dori_vedimak: checks 
*** FLOP *** [2d 2s Qd]
Marrcceell: checks 
dori_vedimak: bets $0.04
mazafaka2318: raises $0.14 to $0.18
Marrcceell: folds 
dori_vedimak: calls $0.14
*** TURN *** [2d 2s Qd] [Ad]
dori_vedimak: checks 
mazafaka2318: checks 
*** RIVER *** [2d 2s Qd Ad] [5s]
dori_vedimak: bets $0.36
mazafaka2318: calls $0.36
*** SHOW DOWN ***
dori_vedimak: shows [2h 3s] (three of a kind, Deuces)
mazafaka2318: mucks hand 
dori_vedimak collected $1.10 from pot
*** SUMMARY ***
Total pot $1.14 | Rake $0.04 
Board [2d 2s Qd Ad 5s]
Seat 1: Marrcceell (small blind) folded on the Flop
Seat 2: dori_vedimak (big blind) showed [2h 3s] and won ($1.10) with three of a kind, Deuces
Seat 3: Dorex2007 folded before Flop (didn't bet)
Seat 4: mazafaka2318 mucked [Ts Qc]
Seat 5: CPS2017 folded before Flop (didn't bet)
Seat 6: SunTzuARG folded before Flop (didn't bet)
Seat 7: Negro-Lavie folded before Flop (didn't bet)
Seat 8: fabri74 (button) folded before Flop (didn't bet)



PokerStars Hand #227284889889:  Hold'em No Limit ($0.01/$0.02 USD) - 2021/06/02 21:09:13 PT [2021/06/03 0:09:13 ET]
Table 'Dufour III' 9-max Seat #1 is the button
Seat 1: Marrcceell ($2.74 in chips) 
Seat 2: dori_vedimak ($2.13 in chips) 
Seat 3: Dorex2007 ($2.37 in chips) 
Seat 4: mazafaka2318 ($0.88 in chips) 
Seat 5: CPS2017 ($3.27 in chips) 
Seat 6: SunTzuARG ($3.19 in chips) 
Seat 7: Negro-Lavie ($1.44 in chips) 
Seat 8: fabri74 ($2.16 in chips) 
dori_vedimak: posts small blind $0.01
Dorex2007: posts big blind $0.02
*** HOLE CARDS ***
Dealt to Dorex2007 [9h Qd]
mazafaka2318 has timed out
mazafaka2318: folds 
CPS2017: folds 
SunTzuARG: raises $0.04 to $0.06
Negro-Lavie: calls $0.06
fabri74: folds 
Marrcceell: folds 
dori_vedimak: folds 
Dorex2007: folds 
*** FLOP *** [Ac 8c 4d]
SunTzuARG: checks 
Negro-Lavie: checks 
*** TURN *** [Ac 8c 4d] [6h]
SunTzuARG: bets $0.08
Negro-Lavie: calls $0.08
*** RIVER *** [Ac 8c 4d 6h] [6d]
SunTzuARG: checks 
Negro-Lavie: checks 
*** SHOW DOWN ***
SunTzuARG: shows [Js 9s] (a pair of Sixes)
Negro-Lavie: shows [Ts Th] (two pair, Tens and Sixes)
Negro-Lavie collected $0.30 from pot
*** SUMMARY ***
Total pot $0.31 | Rake $0.01 
Board [Ac 8c 4d 6h 6d]
Seat 1: Marrcceell (button) folded before Flop (didn't bet)
Seat 2: dori_vedimak (small blind) folded before Flop
Seat 3: Dorex2007 (big blind) folded before Flop
Seat 4: mazafaka2318 folded before Flop (didn't bet)
Seat 5: CPS2017 folded before Flop (didn't bet)
Seat 6: SunTzuARG showed [Js 9s] and lost with a pair of Sixes
Seat 7: Negro-Lavie showed [Ts Th] and won ($0.30) with two pair, Tens and Sixes
Seat 8: fabri74 folded before Flop (didn't bet)



PokerStars Hand #227284899127:  Hold'em No Limit ($0.01/$0.02 USD) - 2021/06/02 21:10:08 PT [2021/06/03 0:10:08 ET]
Table 'Dufour III' 9-max Seat #2 is the button
Seat 1: Marrcceell ($2.74 in chips) 
Seat 2: dori_vedimak ($2.12 in chips) 
Seat 3: Dorex2007 ($2.35 in chips) 
Seat 4: mazafaka2318 ($0.88 in chips) 
Seat 5: CPS2017 ($3.27 in chips) 
Seat 6: SunTzuARG ($3.05 in chips) 
Seat 7: Negro-Lavie ($1.60 in chips) 
Seat 8: fabri74 ($2.16 in chips) 
Dorex2007: posts small blind $0.01
mazafaka2318: posts big blind $0.02
*** HOLE CARDS ***
Dealt to Dorex2007 [3s Jd]
CPS2017: calls $0.02
SunTzuARG: folds 
Negro-Lavie: folds 
fabri74: folds 
Marrcceell: calls $0.02
dori_vedimak: calls $0.02
Dorex2007: folds 
mazafaka2318: raises $0.09 to $0.11
CPS2017: folds 
Marrcceell: folds 
dori_vedimak: calls $0.09
*** FLOP *** [Ah 2d Td]
Xósem leaves the table
mazafaka2318: bets $0.26
dori_vedimak: folds 
Uncalled bet ($0.26) returned to mazafaka2318
mazafaka2318 collected $0.26 from pot
mazafaka2318: doesn't show hand 
*** SUMMARY ***
Total pot $0.27 | Rake $0.01 
Board [Ah 2d Td]
Seat 1: Marrcceell folded before Flop
Seat 2: dori_vedimak (button) folded on the Flop
Seat 3: Dorex2007 (small blind) folded before Flop
Seat 4: mazafaka2318 (big blind) collected ($0.26)
Seat 5: CPS2017 folded before Flop
Seat 6: SunTzuARG folded before Flop (didn't bet)
Seat 7: Negro-Lavie folded before Flop (didn't bet)
Seat 8: fabri74 folded before Flop (didn't bet)



PokerStars Hand #227284906264:  Hold'em No Limit ($0.01/$0.02 USD) - 2021/06/02 21:10:50 PT [2021/06/03 0:10:50 ET]
Table 'Dufour III' 9-max Seat #3 is the button
Seat 1: Marrcceell ($2.72 in chips) 
Seat 2: dori_vedimak ($2.01 in chips) 
Seat 3: Dorex2007 ($2.34 in chips) 
Seat 4: mazafaka2318 ($1.03 in chips) 
Seat 5: CPS2017 ($3.25 in chips) 
Seat 6: SunTzuARG ($3.05 in chips) 
Seat 7: Negro-Lavie ($1.60 in chips) 
Seat 8: fabri74 ($2.16 in chips) 
mazafaka2318: posts small blind $0.01
CPS2017: posts big blind $0.02
*** HOLE CARDS ***
Dealt to Dorex2007 [7h Td]
SunTzuARG: folds 
Negro-Lavie: folds 
fabri74: folds 
Marrcceell: calls $0.02
dori_vedimak: folds 
Dorex2007: folds 
mazafaka2318: calls $0.01
CPS2017: checks 
*** FLOP *** [4s Qs 2h]
mazafaka2318: bets $0.06
cyclingvic joins the table at seat #9 
CPS2017: raises $1.03 to $1.09
Marrcceell: folds 
mazafaka2318: folds 
Uncalled bet ($1.03) returned to CPS2017
CPS2017 collected $0.17 from pot
*** SUMMARY ***
Total pot $0.18 | Rake $0.01 
Board [4s Qs 2h]
Seat 1: Marrcceell folded on the Flop
Seat 2: dori_vedimak folded before Flop (didn't bet)
Seat 3: Dorex2007 (button) folded before Flop (didn't bet)
Seat 4: mazafaka2318 (small blind) folded on the Flop
Seat 5: CPS2017 (big blind) collected ($0.17)
Seat 6: SunTzuARG folded before Flop (didn't bet)
Seat 7: Negro-Lavie folded before Flop (didn't bet)
Seat 8: fabri74 folded before Flop (didn't bet)



PokerStars Hand #227284915883:  Hold'em No Limit ($0.01/$0.02 USD) - 2021/06/02 21:11:47 PT [2021/06/03 0:11:47 ET]
Table 'Dufour III' 9-max Seat #4 is the button
Seat 1: Marrcceell ($2.70 in chips) 
Seat 2: dori_vedimak ($2.01 in chips) 
Seat 3: Dorex2007 ($2.34 in chips) 
Seat 4: mazafaka2318 ($0.95 in chips) 
Seat 5: CPS2017 ($3.34 in chips) 
Seat 7: Negro-Lavie ($1.60 in chips) 
Seat 8: fabri74 ($2.16 in chips) 
Seat 9: cyclingvic ($0.80 in chips) 
CPS2017: posts small blind $0.01
SunTzuARG: is sitting out 
Negro-Lavie: posts big blind $0.02
cyclingvic: posts big blind $0.02
*** HOLE CARDS ***
Dealt to Dorex2007 [4s 5s]
fabri74: folds 
cyclingvic: checks 
Marrcceell: calls $0.02
dori_vedimak: folds 
Dorex2007: calls $0.02
mazafaka2318: calls $0.02
CPS2017: calls $0.01
Negro-Lavie: checks 
*** FLOP *** [Qh 2s Jd]
CPS2017: checks 
Negro-Lavie: checks 
cyclingvic: checks 
Marrcceell: checks 
Dorex2007: checks 
mazafaka2318: checks 
*** TURN *** [Qh 2s Jd] [6s]
CPS2017: checks 
Negro-Lavie: checks 
cyclingvic: checks 
Marrcceell: checks 
Dorex2007: checks 
mazafaka2318: checks 
*** RIVER *** [Qh 2s Jd 6s] [6d]
CPS2017: checks 
Negro-Lavie: bets $0.06
cyclingvic: folds 
Marrcceell: folds 
Dorex2007: folds 
mazafaka2318: folds 
CPS2017: folds 
Uncalled bet ($0.06) returned to Negro-Lavie
Negro-Lavie collected $0.12 from pot
Negro-Lavie: doesn't show hand 
*** SUMMARY ***
Total pot $0.12 | Rake $0 
Board [Qh 2s Jd 6s 6d]
Seat 1: Marrcceell folded on the River
Seat 2: dori_vedimak folded before Flop (didn't bet)
Seat 3: Dorex2007 folded on the River
Seat 4: mazafaka2318 (button) folded on the River
Seat 5: CPS2017 (small blind) folded on the River
Seat 7: Negro-Lavie (big blind) collected ($0.12)
Seat 8: fabri74 folded before Flop (didn't bet)
Seat 9: cyclingvic folded on the River (didn't bet)



PokerStars Hand #227284932798:  Hold'em No Limit ($0.01/$0.02 USD) - 2021/06/02 21:13:26 PT [2021/06/03 0:13:26 ET]
Table 'Dufour III' 9-max Seat #5 is the button
Seat 1: Marrcceell ($2.68 in chips) 
Seat 2: dori_vedimak ($2.01 in chips) 
Seat 3: Dorex2007 ($2.32 in chips) 
Seat 4: mazafaka2318 ($0.93 in chips) 
Seat 5: CPS2017 ($3.32 in chips) 
Seat 7: Negro-Lavie ($1.70 in chips) 
Seat 8: fabri74 ($2.16 in chips) 
Seat 9: cyclingvic ($0.78 in chips) 
Negro-Lavie: posts small blind $0.01
fabri74: posts big blind $0.02
*** HOLE CARDS ***
Dealt to Dorex2007 [Kd 9c]
cyclingvic: folds 
Marrcceell: folds 
dori_vedimak: raises $0.04 to $0.06
Dorex2007: folds 
mazafaka2318: folds 
CPS2017: folds 
Negro-Lavie: folds 
fabri74: folds 
Uncalled bet ($0.04) returned to dori_vedimak
dori_vedimak collected $0.05 from pot
*** SUMMARY ***
Total pot $0.05 | Rake $0 
Seat 1: Marrcceell folded before Flop (didn't bet)
Seat 2: dori_vedimak collected ($0.05)
Seat 3: Dorex2007 folded before Flop (didn't bet)
Seat 4: mazafaka2318 folded before Flop (didn't bet)
Seat 5: CPS2017 (button) folded before Flop (didn't bet)
Seat 7: Negro-Lavie (small blind) folded before Flop
Seat 8: fabri74 (big blind) folded before Flop
Seat 9: cyclingvic folded before Flop (didn't bet)



PokerStars Hand #227284936005:  Hold'em No Limit ($0.01/$0.02 USD) - 2021/06/02 21:13:45 PT [2021/06/03 0:13:45 ET]
Table 'Dufour III' 9-max Seat #7 is the button
Seat 1: Marrcceell ($2.68 in chips) 
Seat 2: dori_vedimak ($2.04 in chips) 
Seat 3: Dorex2007 ($2.32 in chips) 
Seat 4: mazafaka2318 ($0.93 in chips) 
Seat 5: CPS2017 ($3.32 in chips) 
Seat 7: Negro-Lavie ($1.69 in chips) 
Seat 8: fabri74 ($2.14 in chips) 
Seat 9: cyclingvic ($0.78 in chips) 
fabri74: posts small blind $0.01
cyclingvic: posts big blind $0.02
SunTzuARG: sits out 
*** HOLE CARDS ***
Dealt to Dorex2007 [Qs Qd]
Marrcceell: folds 
dori_vedimak: folds 
Dorex2007: raises $0.04 to $0.06
mazafaka2318: folds 
CPS2017: calls $0.06
Negro-Lavie: folds 
fabri74: folds 
cyclingvic: folds 
*** FLOP *** [9s 4d As]
Dorex2007: bets $0.07
CPS2017: folds 
Uncalled bet ($0.07) returned to Dorex2007
Dorex2007 collected $0.14 from pot
Dorex2007: doesn't show hand 
*** SUMMARY ***
Total pot $0.15 | Rake $0.01 
Board [9s 4d As]
Seat 1: Marrcceell folded before Flop (didn't bet)
Seat 2: dori_vedimak folded before Flop (didn't bet)
Seat 3: Dorex2007 collected ($0.14)
Seat 4: mazafaka2318 folded before Flop (didn't bet)
Seat 5: CPS2017 folded on the Flop
Seat 7: Negro-Lavie (button) folded before Flop (didn't bet)
Seat 8: fabri74 (small blind) folded before Flop
Seat 9: cyclingvic (big blind) folded before Flop



PokerStars Hand #227284950425:  Hold'em No Limit ($0.01/$0.02 USD) - 2021/06/02 21:14:26 PT [2021/06/03 0:14:26 ET]
Table 'Dufour III' 9-max Seat #8 is the button
Seat 1: Marrcceell ($2.68 in chips) 
Seat 2: dori_vedimak ($2.04 in chips) 
Seat 3: Dorex2007 ($2.40 in chips) 
Seat 4: mazafaka2318 ($0.93 in chips) 
Seat 5: CPS2017 ($3.26 in chips) 
Seat 7: Negro-Lavie ($1.69 in chips) 
Seat 8: fabri74 ($2.13 in chips) 
Seat 9: cyclingvic ($0.76 in chips) 
cyclingvic: posts small blind $0.01
Marrcceell: posts big blind $0.02
SunTzuARG: sits out 
*** HOLE CARDS ***
Dealt to Dorex2007 [8s 4s]
dori_vedimak: raises $0.04 to $0.06
Dorex2007: folds 
mazafaka2318: calls $0.06
CPS2017: calls $0.06
Negro-Lavie: folds 
fabri74: folds 
cyclingvic: folds 
Marrcceell: calls $0.04
*** FLOP *** [Ks Qs 5d]
Marrcceell: checks 
dori_vedimak is disconnected 
Negro-Lavie leaves the table
acad2011 joins the table at seat #7 
dori_vedimak has timed out while disconnected
dori_vedimak: checks 
mazafaka2318: bets $0.12
CPS2017: folds 
Marrcceell: calls $0.12
dori_vedimak has timed out while disconnected
dori_vedimak: folds 
*** TURN *** [Ks Qs 5d] [2d]
Marrcceell: checks 
mazafaka2318: checks 
*** RIVER *** [Ks Qs 5d 2d] [3d]
Marrcceell: checks 
mazafaka2318: checks 
*** SHOW DOWN ***
Marrcceell: shows [Jh As] (high card Ace)
mazafaka2318: mucks hand 
Marrcceell collected $0.47 from pot
*** SUMMARY ***
Total pot $0.49 | Rake $0.02 
Board [Ks Qs 5d 2d 3d]
Seat 1: Marrcceell (big blind) showed [Jh As] and won ($0.47) with high card Ace
Seat 2: dori_vedimak folded on the Flop
Seat 3: Dorex2007 folded before Flop (didn't bet)
Seat 4: mazafaka2318 mucked [Tc Ac]
Seat 5: CPS2017 folded on the Flop
Seat 7: Negro-Lavie folded before Flop (didn't bet)
Seat 8: fabri74 (button) folded before Flop (didn't bet)
Seat 9: cyclingvic (small blind) folded before Flop



PokerStars Hand #227285011200:  Hold'em No Limit ($0.01/$0.02 USD) - 2021/06/02 21:20:13 PT [2021/06/03 0:20:13 ET]
Table 'Dufour III' 9-max Seat #4 is the button
Seat 1: Marrcceell ($2.93 in chips) 
Seat 2: dori_vedimak ($1.98 in chips) 
Seat 3: Dorex2007 ($2.40 in chips) 
Seat 4: mazafaka2318 ($0.75 in chips) 
Seat 5: CPS2017 ($3.28 in chips) 
Seat 6: SunTzuARG ($3.05 in chips) 
Seat 8: fabri74 ($2.13 in chips) 
Seat 9: cyclingvic ($0.71 in chips) 
CPS2017: posts small blind $0.01
SunTzuARG: posts big blind $0.02
acad2011: sits out 
dori_vedimak: posts small & big blinds $0.03
Dorex2007: posts small & big blinds $0.03
*** HOLE CARDS ***
Dealt to Dorex2007 [Jh 2c]
fabri74: folds 
cyclingvic: folds 
Marrcceell: calls $0.02
dori_vedimak: checks 
Dorex2007: checks 
mazafaka2318: folds 
CPS2017: calls $0.01
SunTzuARG: checks 
*** FLOP *** [3d Jd 5s]
CPS2017: checks 
SunTzuARG: checks 
Marrcceell: checks 
dori_vedimak: checks 
Dorex2007: bets $0.12
CPS2017: folds 
SunTzuARG: folds 
Marrcceell: folds 
dori_vedimak: folds 
Uncalled bet ($0.12) returned to Dorex2007
Dorex2007 collected $0.12 from pot
Dorex2007: doesn't show hand 
*** SUMMARY ***
Total pot $0.12 | Rake $0 
Board [3d Jd 5s]
Seat 1: Marrcceell folded on the Flop
Seat 2: dori_vedimak folded on the Flop (didn't bet)
Seat 3: Dorex2007 collected ($0.12)
Seat 4: mazafaka2318 (button) folded before Flop (didn't bet)
Seat 5: CPS2017 (small blind) folded on the Flop
Seat 6: SunTzuARG (big blind) folded on the Flop
Seat 8: fabri74 folded before Flop (didn't bet)
Seat 9: cyclingvic folded before Flop (didn't bet)



PokerStars Hand #227285022715:  Hold'em No Limit ($0.01/$0.02 USD) - 2021/06/02 21:21:23 PT [2021/06/03 0:21:23 ET]
Table 'Dufour III' 9-max Seat #5 is the button
Seat 1: Marrcceell ($2.91 in chips) 
Seat 2: dori_vedimak ($1.95 in chips) 
Seat 3: Dorex2007 ($2.49 in chips) 
Seat 4: mazafaka2318 ($0.75 in chips) 
Seat 5: CPS2017 ($3.26 in chips) 
Seat 6: SunTzuARG ($3.03 in chips) 
Seat 7: acad2011 ($1.60 in chips) 
Seat 8: fabri74 ($2.13 in chips) 
Seat 9: cyclingvic ($0.71 in chips) 
SunTzuARG: posts small blind $0.01
acad2011: posts big blind $0.02
*** HOLE CARDS ***
Dealt to Dorex2007 [Td 2h]
fabri74: folds 
cyclingvic: folds 
Marrcceell: calls $0.02
dori_vedimak: calls $0.02
Dorex2007: folds 
mazafaka2318: folds 
CPS2017: calls $0.02
SunTzuARG: folds 
acad2011: checks 
*** FLOP *** [5h 2d 9h]
acad2011: checks 
Marrcceell: checks 
dori_vedimak: checks 
CPS2017: checks 
*** TURN *** [5h 2d 9h] [Qh]
acad2011: checks 
Marrcceell: checks 
dori_vedimak: checks 
CPS2017: checks 
*** RIVER *** [5h 2d 9h Qh] [Jh]
acad2011: checks 
Marrcceell: checks 
dori_vedimak: checks 
CPS2017: bets $0.09
acad2011: calls $0.09
Marrcceell: folds 
dori_vedimak: folds 
*** SHOW DOWN ***
CPS2017: shows [8c Ah] (a flush, Ace high)
acad2011: mucks hand 
CPS2017 collected $0.26 from pot
*** SUMMARY ***
Total pot $0.27 | Rake $0.01 
Board [5h 2d 9h Qh Jh]
Seat 1: Marrcceell folded on the River
Seat 2: dori_vedimak folded on the River
Seat 3: Dorex2007 folded before Flop (didn't bet)
Seat 4: mazafaka2318 folded before Flop (didn't bet)
Seat 5: CPS2017 (button) showed [8c Ah] and won ($0.26) with a flush, Ace high
Seat 6: SunTzuARG (small blind) folded before Flop
Seat 7: acad2011 (big blind) mucked [3d 6h]
Seat 8: fabri74 folded before Flop (didn't bet)
Seat 9: cyclingvic folded before Flop (didn't bet)



PokerStars Hand #227285038010:  Hold'em No Limit ($0.01/$0.02 USD) - 2021/06/02 21:22:57 PT [2021/06/03 0:22:57 ET]
Table 'Dufour III' 9-max Seat #6 is the button
Seat 1: Marrcceell ($2.89 in chips) 
Seat 2: dori_vedimak ($1.93 in chips) 
Seat 3: Dorex2007 ($2.49 in chips) 
Seat 4: mazafaka2318 ($0.75 in chips) 
Seat 5: CPS2017 ($3.41 in chips) 
Seat 6: SunTzuARG ($3.02 in chips) 
Seat 7: acad2011 ($1.49 in chips) 
Seat 8: fabri74 ($2.13 in chips) 
Seat 9: cyclingvic ($0.71 in chips) 
acad2011: posts small blind $0.01
fabri74: posts big blind $0.02
*** HOLE CARDS ***
Dealt to Dorex2007 [8s 6s]
cyclingvic: calls $0.02
Marrcceell: folds 
dori_vedimak: folds 
Dorex2007: folds 
mazafaka2318: raises $0.07 to $0.09
CPS2017: folds 
SunTzuARG: folds 
acad2011: calls $0.08
fabri74: folds 
cyclingvic: folds 
*** FLOP *** [2h Js Jd]
acad2011: checks 
mazafaka2318: checks 
*** TURN *** [2h Js Jd] [9d]
acad2011: bets $0.21
dori_vedimak is disconnected 
mazafaka2318: folds 
Uncalled bet ($0.21) returned to acad2011
acad2011 collected $0.21 from pot
acad2011: doesn't show hand 
*** SUMMARY ***
Total pot $0.22 | Rake $0.01 
Board [2h Js Jd 9d]
Seat 1: Marrcceell folded before Flop (didn't bet)
Seat 2: dori_vedimak folded before Flop (didn't bet)
Seat 3: Dorex2007 folded before Flop (didn't bet)
Seat 4: mazafaka2318 folded on the Turn
Seat 5: CPS2017 folded before Flop (didn't bet)
Seat 6: SunTzuARG (button) folded before Flop (didn't bet)
Seat 7: acad2011 (small blind) collected ($0.21)
Seat 8: fabri74 (big blind) folded before Flop
Seat 9: cyclingvic folded before Flop



PokerStars Hand #227285050188:  Hold'em No Limit ($0.01/$0.02 USD) - 2021/06/02 21:24:03 PT [2021/06/03 0:24:03 ET]
Table 'Dufour III' 9-max Seat #7 is the button
Seat 1: Marrcceell ($2.89 in chips) 
Seat 2: dori_vedimak ($1.93 in chips) 
Seat 3: Dorex2007 ($2.49 in chips) 
Seat 4: mazafaka2318 ($0.66 in chips) 
Seat 5: CPS2017 ($3.41 in chips) 
Seat 6: SunTzuARG ($3.02 in chips) 
Seat 7: acad2011 ($1.61 in chips) 
Seat 8: fabri74 ($2.11 in chips) 
Seat 9: cyclingvic ($0.69 in chips) 
fabri74: posts small blind $0.01
cyclingvic: posts big blind $0.02
*** HOLE CARDS ***
Dealt to Dorex2007 [Js 8c]
Marrcceell: folds 
dori_vedimak has timed out while disconnected
dori_vedimak: folds 
Dorex2007: folds 
mazafaka2318: calls $0.02
CPS2017: calls $0.02
SunTzuARG: folds 
acad2011: calls $0.02
fabri74: folds 
cyclingvic: checks 
*** FLOP *** [7c 3c Jc]
cyclingvic: bets $0.02
mazafaka2318: calls $0.02
CPS2017: folds 
acad2011: folds 
*** TURN *** [7c 3c Jc] [4c]
cyclingvic: bets $0.06
mazafaka2318: folds 
Uncalled bet ($0.06) returned to cyclingvic
cyclingvic collected $0.13 from pot
*** SUMMARY ***
Total pot $0.13 | Rake $0 
Board [7c 3c Jc 4c]
Seat 1: Marrcceell folded before Flop (didn't bet)
Seat 2: dori_vedimak folded before Flop (didn't bet)
Seat 3: Dorex2007 folded before Flop (didn't bet)
Seat 4: mazafaka2318 folded on the Turn
Seat 5: CPS2017 folded on the Flop
Seat 6: SunTzuARG folded before Flop (didn't bet)
Seat 7: acad2011 (button) folded on the Flop
Seat 8: fabri74 (small blind) folded before Flop
Seat 9: cyclingvic (big blind) collected ($0.13)



PokerStars Hand #227285058209:  Hold'em No Limit ($0.01/$0.02 USD) - 2021/06/02 21:24:52 PT [2021/06/03 0:24:52 ET]
Table 'Dufour III' 9-max Seat #8 is the button
Seat 1: Marrcceell ($2.89 in chips) 
Seat 3: Dorex2007 ($2.49 in chips) 
Seat 4: mazafaka2318 ($0.62 in chips) 
Seat 5: CPS2017 ($3.39 in chips) 
Seat 6: SunTzuARG ($3.02 in chips) 
Seat 7: acad2011 ($1.59 in chips) 
Seat 8: fabri74 ($2.10 in chips) 
Seat 9: cyclingvic ($0.78 in chips) 
cyclingvic: posts small blind $0.01
Marrcceell: posts big blind $0.02
*** HOLE CARDS ***
Dealt to Dorex2007 [5d 3h]
Dorex2007: folds 
mazafaka2318: folds 
CPS2017: folds 
SunTzuARG: folds 
acad2011: folds 
fabri74: raises $0.04 to $0.06
cyclingvic: folds 
Marrcceell: calls $0.04
*** FLOP *** [Th 4d Kh]
Marrcceell: checks 
fabri74: bets $0.08
Marrcceell: folds 
Uncalled bet ($0.08) returned to fabri74
fabri74 collected $0.13 from pot
fabri74: doesn't show hand 
*** SUMMARY ***
Total pot $0.13 | Rake $0 
Board [Th 4d Kh]
Seat 1: Marrcceell (big blind) folded on the Flop
Seat 3: Dorex2007 folded before Flop (didn't bet)
Seat 4: mazafaka2318 folded before Flop (didn't bet)
Seat 5: CPS2017 folded before Flop (didn't bet)
Seat 6: SunTzuARG folded before Flop (didn't bet)
Seat 7: acad2011 folded before Flop (didn't bet)
Seat 8: fabri74 (button) collected ($0.13)
Seat 9: cyclingvic (small blind) folded before Flop



PokerStars Hand #227285066673:  Hold'em No Limit ($0.01/$0.02 USD) - 2021/06/02 21:25:44 PT [2021/06/03 0:25:44 ET]
Table 'Dufour III' 9-max Seat #9 is the button
Seat 1: Marrcceell ($2.83 in chips) 
Seat 3: Dorex2007 ($2.49 in chips) 
Seat 4: mazafaka2318 ($0.62 in chips) 
Seat 5: CPS2017 ($3.39 in chips) 
Seat 6: SunTzuARG ($3.02 in chips) 
Seat 7: acad2011 ($1.59 in chips) 
Seat 8: fabri74 ($2.17 in chips) 
Seat 9: cyclingvic ($0.77 in chips) 
Marrcceell: posts small blind $0.01
Dorex2007: posts big blind $0.02
*** HOLE CARDS ***
Dealt to Dorex2007 [4s 8h]
mazafaka2318: raises $0.02 to $0.04
CPS2017: folds 
SunTzuARG: folds 
acad2011: folds 
fabri74: folds 
cyclingvic: calls $0.04
Marrcceell: calls $0.03
Dorex2007: folds 
*** FLOP *** [Qh 8d 3c]
Marrcceell: checks 
mazafaka2318: checks 
cyclingvic: checks 
*** TURN *** [Qh 8d 3c] [4d]
Marrcceell: checks 
mazafaka2318: bets $0.14
cyclingvic: folds 
Marrcceell: folds 
Uncalled bet ($0.14) returned to mazafaka2318
mazafaka2318 collected $0.14 from pot
mazafaka2318: doesn't show hand 
*** SUMMARY ***
Total pot $0.14 | Rake $0 
Board [Qh 8d 3c 4d]
Seat 1: Marrcceell (small blind) folded on the Turn
Seat 3: Dorex2007 (big blind) folded before Flop
Seat 4: mazafaka2318 collected ($0.14)
Seat 5: CPS2017 folded before Flop (didn't bet)
Seat 6: SunTzuARG folded before Flop (didn't bet)
Seat 7: acad2011 folded before Flop (didn't bet)
Seat 8: fabri74 folded before Flop (didn't bet)
Seat 9: cyclingvic (button) folded on the Turn



PokerStars Hand #227285074397:  Hold'em No Limit ($0.01/$0.02 USD) - 2021/06/02 21:26:32 PT [2021/06/03 0:26:32 ET]
Table 'Dufour III' 9-max Seat #1 is the button
Seat 1: Marrcceell ($2.79 in chips) 
Seat 3: Dorex2007 ($2.47 in chips) 
Seat 4: mazafaka2318 ($0.72 in chips) 
Seat 5: CPS2017 ($3.39 in chips) 
Seat 6: SunTzuARG ($3.02 in chips) 
Seat 7: acad2011 ($1.59 in chips) 
Seat 8: fabri74 ($2.17 in chips) 
Seat 9: cyclingvic ($0.73 in chips) 
Dorex2007: posts small blind $0.01
mazafaka2318: posts big blind $0.02
*** HOLE CARDS ***
Dealt to Dorex2007 [Kc Ad]
CPS2017: folds 
SunTzuARG: folds 
acad2011: calls $0.02
fabri74: raises $0.06 to $0.08
cyclingvic: folds 
Marrcceell: raises $0.06 to $0.14
Dorex2007: raises $0.18 to $0.32
mazafaka2318: folds 
acad2011: folds 
fabri74: folds 
Marrcceell: raises $2.47 to $2.79 and is all-in
Dorex2007: calls $2.15 and is all-in
Uncalled bet ($0.32) returned to Marrcceell
*** FLOP *** [7c 5d 2s]
*** TURN *** [7c 5d 2s] [Qd]
*** RIVER *** [7c 5d 2s Qd] [6h]
*** SHOW DOWN ***
Dorex2007: shows [Kc Ad] (high card Ace)
Marrcceell: shows [Ks Kd] (a pair of Kings)
Marrcceell collected $4.88 from pot
*** SUMMARY ***
Total pot $5.06 | Rake $0.18 
Board [7c 5d 2s Qd 6h]
Seat 1: Marrcceell (button) showed [Ks Kd] and won ($4.88) with a pair of Kings
Seat 3: Dorex2007 (small blind) showed [Kc Ad] and lost with high card Ace
Seat 4: mazafaka2318 (big blind) folded before Flop
Seat 5: CPS2017 folded before Flop (didn't bet)
Seat 6: SunTzuARG folded before Flop (didn't bet)
Seat 7: acad2011 folded before Flop
Seat 8: fabri74 folded before Flop
Seat 9: cyclingvic folded before Flop (didn't bet)



PokerStars Hand #227285108662:  Hold'em No Limit ($0.01/$0.02 USD) - 2021/06/02 21:29:31 PT [2021/06/03 0:29:31 ET]
Table 'Dufour III' 9-max Seat #5 is the button
Seat 1: Marrcceell ($5.20 in chips) 
Seat 3: Dorex2007 ($2 in chips) 
Seat 4: mazafaka2318 ($0.66 in chips) 
Seat 5: CPS2017 ($3.37 in chips) 
Seat 6: SunTzuARG ($3 in chips) 
Seat 7: acad2011 ($1.57 in chips) 
Seat 8: fabri74 ($2.09 in chips) 
Seat 9: cyclingvic ($0.81 in chips) 
SunTzuARG: posts small blind $0.01
acad2011: posts big blind $0.02
*** HOLE CARDS ***
Dealt to Dorex2007 [3h 3d]
fabri74: folds 
cyclingvic: folds 
Marrcceell: calls $0.02
Dorex2007: calls $0.02
mazafaka2318: raises $0.02 to $0.04
CPS2017: folds 
SunTzuARG: raises $0.20 to $0.24
acad2011: folds 
Marrcceell: folds 
Dorex2007: folds 
mazafaka2318: calls $0.20
*** FLOP *** [Ac Jd As]
SunTzuARG: checks 
mazafaka2318: checks 
*** TURN *** [Ac Jd As] [8h]
SunTzuARG: checks 
mazafaka2318: checks 
*** RIVER *** [Ac Jd As 8h] [3s]
SunTzuARG: bets $0.17
mazafaka2318: calls $0.17
*** SHOW DOWN ***
SunTzuARG: shows [Ks Ad] (three of a kind, Aces)
mazafaka2318: mucks hand 
SunTzuARG collected $0.85 from pot
*** SUMMARY ***
Total pot $0.88 | Rake $0.03 
Board [Ac Jd As 8h 3s]
Seat 1: Marrcceell folded before Flop
Seat 3: Dorex2007 folded before Flop
Seat 4: mazafaka2318 mucked [9s 9h]
Seat 5: CPS2017 (button) folded before Flop (didn't bet)
Seat 6: SunTzuARG (small blind) showed [Ks Ad] and won ($0.85) with three of a kind, Aces
Seat 7: acad2011 (big blind) folded before Flop
Seat 8: fabri74 folded before Flop (didn't bet)
Seat 9: cyclingvic folded before Flop (didn't bet)



PokerStars Hand #227285119010:  Hold'em No Limit ($0.01/$0.02 USD) - 2021/06/02 21:30:35 PT [2021/06/03 0:30:35 ET]
Table 'Dufour III' 9-max Seat #6 is the button
Seat 1: Marrcceell ($5.18 in chips) 
Seat 3: Dorex2007 ($1.98 in chips) 
Seat 4: mazafaka2318 ($0.25 in chips) 
Seat 5: CPS2017 ($3.37 in chips) 
Seat 6: SunTzuARG ($3.44 in chips) 
Seat 7: acad2011 ($1.55 in chips) 
Seat 8: fabri74 ($2.09 in chips) 
Seat 9: cyclingvic ($0.81 in chips) 
acad2011: posts small blind $0.01
fabri74: posts big blind $0.02
*** HOLE CARDS ***
Dealt to Dorex2007 [2s Tc]
cyclingvic: folds 
Marrcceell: calls $0.02
Dorex2007: folds 
mazafaka2318: folds 
CPS2017: folds 
SunTzuARG: raises $0.06 to $0.08
acad2011: calls $0.07
fabri74: calls $0.06
Marrcceell: calls $0.06
*** FLOP *** [2d 6s 3s]
acad2011: checks 
fabri74: checks 
Marrcceell: checks 
SunTzuARG: checks 
*** TURN *** [2d 6s 3s] [Jh]
acad2011: bets $0.06
fabri74: raises $0.22 to $0.28
Marrcceell: folds 
acad2011 said, "o(whew)"
SunTzuARG: folds 
acad2011: calls $0.22
*** RIVER *** [2d 6s 3s Jh] [Th]
acad2011: checks 
fabri74: checks 
*** SHOW DOWN ***
acad2011: shows [5s As] (high card Ace)
fabri74: shows [Ac Jc] (a pair of Jacks)
fabri74 collected $0.85 from pot
*** SUMMARY ***
Total pot $0.88 | Rake $0.03 
Board [2d 6s 3s Jh Th]
Seat 1: Marrcceell folded on the Turn
Seat 3: Dorex2007 folded before Flop (didn't bet)
Seat 4: mazafaka2318 folded before Flop (didn't bet)
Seat 5: CPS2017 folded before Flop (didn't bet)
Seat 6: SunTzuARG (button) folded on the Turn
Seat 7: acad2011 (small blind) showed [5s As] and lost with high card Ace
Seat 8: fabri74 (big blind) showed [Ac Jc] and won ($0.85) with a pair of Jacks
Seat 9: cyclingvic folded before Flop (didn't bet)



PokerStars Hand #227285132612:  Hold'em No Limit ($0.01/$0.02 USD) - 2021/06/02 21:32:01 PT [2021/06/03 0:32:01 ET]
Table 'Dufour III' 9-max Seat #7 is the button
Seat 1: Marrcceell ($5.10 in chips) 
Seat 3: Dorex2007 ($1.98 in chips) 
Seat 4: mazafaka2318 ($0.25 in chips) 
Seat 5: CPS2017 ($3.37 in chips) 
Seat 6: SunTzuARG ($3.36 in chips) 
Seat 7: acad2011 ($1.19 in chips) 
Seat 8: fabri74 ($2.58 in chips) 
Seat 9: cyclingvic ($0.81 in chips) 
fabri74: posts small blind $0.01
cyclingvic: posts big blind $0.02
*** HOLE CARDS ***
Dealt to Dorex2007 [Jc 6d]
Marrcceell: calls $0.02
Dorex2007: folds 
mazafaka2318: folds 
CPS2017: folds 
SunTzuARG: folds 
acad2011: folds 
fabri74: folds 
cyclingvic: checks 
*** FLOP *** [8h Qs Qh]
cyclingvic: checks 
Marrcceell: checks 
*** TURN *** [8h Qs Qh] [Ks]
cyclingvic: bets $0.02
Marrcceell: calls $0.02
*** RIVER *** [8h Qs Qh Ks] [Kd]
cyclingvic: bets $0.77 and is all-in
Marrcceell: folds 
Uncalled bet ($0.77) returned to cyclingvic
cyclingvic collected $0.09 from pot
*** SUMMARY ***
Total pot $0.09 | Rake $0 
Board [8h Qs Qh Ks Kd]
Seat 1: Marrcceell folded on the River
Seat 3: Dorex2007 folded before Flop (didn't bet)
Seat 4: mazafaka2318 folded before Flop (didn't bet)
Seat 5: CPS2017 folded before Flop (didn't bet)
Seat 6: SunTzuARG folded before Flop (didn't bet)
Seat 7: acad2011 (button) folded before Flop (didn't bet)
Seat 8: fabri74 (small blind) folded before Flop
Seat 9: cyclingvic (big blind) collected ($0.09)



PokerStars Hand #227285138188:  Hold'em No Limit ($0.01/$0.02 USD) - 2021/06/02 21:32:36 PT [2021/06/03 0:32:36 ET]
Table 'Dufour III' 9-max Seat #8 is the button
Seat 1: Marrcceell ($5.06 in chips) 
Seat 3: Dorex2007 ($1.98 in chips) 
Seat 4: mazafaka2318 ($0.25 in chips) 
Seat 5: CPS2017 ($3.37 in chips) 
Seat 6: SunTzuARG ($3.36 in chips) 
Seat 7: acad2011 ($1.19 in chips) 
Seat 8: fabri74 ($2.57 in chips) 
Seat 9: cyclingvic ($0.86 in chips) 
cyclingvic: posts small blind $0.01
Marrcceell: posts big blind $0.02
*** HOLE CARDS ***
Dealt to Dorex2007 [Th 7c]
Dorex2007: folds 
mazafaka2318: calls $0.02
CPS2017: folds 
SunTzuARG: folds 
acad2011: calls $0.02
fabri74: folds 
cyclingvic: calls $0.01
Marrcceell: checks 
*** FLOP *** [Jh Kh 4d]
cyclingvic: checks 
Marrcceell: checks 
mazafaka2318: checks 
acad2011: checks 
*** TURN *** [Jh Kh 4d] [3h]
cyclingvic: checks 
Marrcceell: checks 
mazafaka2318: checks 
acad2011: checks 
*** RIVER *** [Jh Kh 4d 3h] [Ts]
cyclingvic: bets $0.03
Marrcceell: folds 
Marrcceell leaves the table
mazafaka2318: raises $0.14 to $0.17
acad2011: folds 
cyclingvic: folds [9h Tc]
Uncalled bet ($0.14) returned to mazafaka2318
mazafaka2318 collected $0.14 from pot
mazafaka2318: doesn't show hand 
*** SUMMARY ***
Total pot $0.14 | Rake $0 
Board [Jh Kh 4d 3h Ts]
Seat 1: Marrcceell (big blind) folded on the River
Seat 3: Dorex2007 folded before Flop (didn't bet)
Seat 4: mazafaka2318 collected ($0.14)
Seat 5: CPS2017 folded before Flop (didn't bet)
Seat 6: SunTzuARG folded before Flop (didn't bet)
Seat 7: acad2011 folded on the River
Seat 8: fabri74 (button) folded before Flop (didn't bet)
Seat 9: cyclingvic (small blind) folded on the River



PokerStars Hand #227285147881:  Hold'em No Limit ($0.01/$0.02 USD) - 2021/06/02 21:33:38 PT [2021/06/03 0:33:38 ET]
Table 'Dufour III' 9-max Seat #9 is the button
Seat 3: Dorex2007 ($1.98 in chips) 
Seat 4: mazafaka2318 ($0.34 in chips) 
Seat 5: CPS2017 ($3.37 in chips) 
Seat 6: SunTzuARG ($3.36 in chips) 
Seat 7: acad2011 ($1.17 in chips) 
Seat 8: fabri74 ($2.57 in chips) 
Seat 9: cyclingvic ($0.81 in chips) 
Dorex2007: posts small blind $0.01
mazafaka2318: posts big blind $0.02
*** HOLE CARDS ***
Dealt to Dorex2007 [4d 2s]
CPS2017: folds 
SunTzuARG: folds 
acad2011: folds 
fabri74: folds 
cyclingvic: calls $0.02
Dorex2007: folds 
dori_vedimak leaves the table
mazafaka2318: checks 
*** FLOP *** [Tc 2c 5h]
mazafaka2318: checks 
cyclingvic: bets $0.02
mazafaka2318: calls $0.02
*** TURN *** [Tc 2c 5h] [Ad]
mazafaka2318: checks 
cyclingvic: bets $0.02
mazafaka2318: calls $0.02
*** RIVER *** [Tc 2c 5h Ad] [As]
mazafaka2318: checks 
cyclingvic: checks 
*** SHOW DOWN ***
mazafaka2318: shows [6d Ts] (two pair, Aces and Tens)
cyclingvic: shows [5d Ks] (two pair, Aces and Fives)
mazafaka2318 collected $0.13 from pot
*** SUMMARY ***
Total pot $0.13 | Rake $0 
Board [Tc 2c 5h Ad As]
Seat 3: Dorex2007 (small blind) folded before Flop
Seat 4: mazafaka2318 (big blind) showed [6d Ts] and won ($0.13) with two pair, Aces and Tens
Seat 5: CPS2017 folded before Flop (didn't bet)
Seat 6: SunTzuARG folded before Flop (didn't bet)
Seat 7: acad2011 folded before Flop (didn't bet)
Seat 8: fabri74 folded before Flop (didn't bet)
Seat 9: cyclingvic (button) showed [5d Ks] and lost with two pair, Aces and Fives



PokerStars Hand #227285156180:  Hold'em No Limit ($0.01/$0.02 USD) - 2021/06/02 21:34:31 PT [2021/06/03 0:34:31 ET]
Table 'Dufour III' 9-max Seat #3 is the button
Seat 3: Dorex2007 ($1.97 in chips) 
Seat 4: mazafaka2318 ($0.41 in chips) 
Seat 5: CPS2017 ($3.37 in chips) 
Seat 6: SunTzuARG ($3.36 in chips) 
Seat 7: acad2011 ($1.17 in chips) 
Seat 8: fabri74 ($2.57 in chips) 
Seat 9: cyclingvic ($0.75 in chips) 
mazafaka2318: posts small blind $0.01
CPS2017: posts big blind $0.02
*** HOLE CARDS ***
Dealt to Dorex2007 [2s 7h]
SunTzuARG: folds 
acad2011: calls $0.02
chanilha167 joins the table at seat #1 
fabri74: folds 
cyclingvic: folds 
Dorex2007: folds 
mazafaka2318: folds 
CPS2017: checks 
*** FLOP *** [Ts 5d 4c]
CPS2017: checks 
acad2011: checks 
*** TURN *** [Ts 5d 4c] [8h]
CPS2017: checks 
acad2011: bets $0.03
CPS2017: folds 
Uncalled bet ($0.03) returned to acad2011
acad2011 collected $0.05 from pot
acad2011: doesn't show hand 
*** SUMMARY ***
Total pot $0.05 | Rake $0 
Board [Ts 5d 4c 8h]
Seat 3: Dorex2007 (button) folded before Flop (didn't bet)
Seat 4: mazafaka2318 (small blind) folded before Flop
Seat 5: CPS2017 (big blind) folded on the Turn
Seat 6: SunTzuARG folded before Flop (didn't bet)
Seat 7: acad2011 collected ($0.05)
Seat 8: fabri74 folded before Flop (didn't bet)
Seat 9: cyclingvic folded before Flop (didn't bet)



PokerStars Hand #227285165698:  Hold'em No Limit ($0.01/$0.02 USD) - 2021/06/02 21:35:10 PT [2021/06/03 0:35:10 ET]
Table 'Dufour III' 9-max Seat #4 is the button
Seat 3: Dorex2007 ($1.97 in chips) 
Seat 4: mazafaka2318 ($0.40 in chips) 
Seat 5: CPS2017 ($3.35 in chips) 
Seat 7: acad2011 ($1.20 in chips) 
Seat 8: fabri74 ($2.57 in chips) 
Seat 9: cyclingvic ($0.75 in chips) 
CPS2017: posts small blind $0.01
SunTzuARG: is sitting out 
acad2011: posts big blind $0.02
chanilha167: sits out 
*** HOLE CARDS ***
Dealt to Dorex2007 [6d As]
fabri74: folds 
cyclingvic: raises $0.02 to $0.04
Dorex2007: folds 
mazafaka2318: folds 
CPS2017: folds 
SunTzuARG leaves the table
acad2011: calls $0.02
*** FLOP *** [4d 8h 9c]
CPS2017 leaves the table
acad2011: checks 
cyclingvic: checks 
*** TURN *** [4d 8h 9c] [Ad]
acad2011: checks 
cyclingvic: checks 
*** RIVER *** [4d 8h 9c Ad] [3d]
acad2011: checks 
cyclingvic: bets $0.03
acad2011: folds 
Uncalled bet ($0.03) returned to cyclingvic
cyclingvic collected $0.09 from pot
*** SUMMARY ***
Total pot $0.09 | Rake $0 
Board [4d 8h 9c Ad 3d]
Seat 3: Dorex2007 folded before Flop (didn't bet)
Seat 4: mazafaka2318 (button) folded before Flop (didn't bet)
Seat 5: CPS2017 (small blind) folded before Flop
Seat 7: acad2011 (big blind) folded on the River
Seat 8: fabri74 folded before Flop (didn't bet)
Seat 9: cyclingvic collected ($0.09)



PokerStars Hand #227285171934:  Hold'em No Limit ($0.01/$0.02 USD) - 2021/06/02 21:35:51 PT [2021/06/03 0:35:51 ET]
Table 'Dufour III' 9-max Seat #7 is the button
Seat 3: Dorex2007 ($1.97 in chips) 
Seat 4: mazafaka2318 ($0.40 in chips) 
Seat 7: acad2011 ($1.16 in chips) 
Seat 8: fabri74 ($2.57 in chips) 
Seat 9: cyclingvic ($0.80 in chips) 
fabri74: posts small blind $0.01
cyclingvic: posts big blind $0.02
chanilha167: sits out 
*** HOLE CARDS ***
Dealt to Dorex2007 [9c 2h]
Dorex2007: folds 
mazafaka2318: folds 
acad2011: folds 
fabri74: raises $0.04 to $0.06
cyclingvic: folds [Tc 2d]
Uncalled bet ($0.04) returned to fabri74
fabri74 collected $0.04 from pot
fabri74: doesn't show hand 
*** SUMMARY ***
Total pot $0.04 | Rake $0 
Seat 3: Dorex2007 folded before Flop (didn't bet)
Seat 4: mazafaka2318 folded before Flop (didn't bet)
Seat 7: acad2011 (button) folded before Flop (didn't bet)
Seat 8: fabri74 (small blind) collected ($0.04)
Seat 9: cyclingvic (big blind) folded before Flop



PokerStars Hand #227285174916:  Hold'em No Limit ($0.01/$0.02 USD) - 2021/06/02 21:36:10 PT [2021/06/03 0:36:10 ET]
Table 'Dufour III' 9-max Seat #8 is the button
Seat 1: chanilha167 ($1.60 in chips) 
Seat 3: Dorex2007 ($1.97 in chips) 
Seat 4: mazafaka2318 ($0.40 in chips) 
Seat 7: acad2011 ($1.16 in chips) 
Seat 8: fabri74 ($2.59 in chips) 
Seat 9: cyclingvic ($0.78 in chips) 
cyclingvic: posts small blind $0.01
chanilha167: posts big blind $0.02
*** HOLE CARDS ***
Dealt to Dorex2007 [Ad 7s]
Dorex2007: folds 
mazafaka2318: folds 
acad2011: calls $0.02
fabri74: folds 
cyclingvic: calls $0.01
chanilha167: checks 
*** FLOP *** [Kh Jd Tc]
cyclingvic: bets $0.02
chanilha167: folds 
acad2011: folds 
Uncalled bet ($0.02) returned to cyclingvic
cyclingvic collected $0.06 from pot
*** SUMMARY ***
Total pot $0.06 | Rake $0 
Board [Kh Jd Tc]
Seat 1: chanilha167 (big blind) folded on the Flop
Seat 3: Dorex2007 folded before Flop (didn't bet)
Seat 4: mazafaka2318 folded before Flop (didn't bet)
Seat 7: acad2011 folded on the Flop
Seat 8: fabri74 (button) folded before Flop (didn't bet)
Seat 9: cyclingvic (small blind) collected ($0.06)



