PokerStars Hand #230311669880:  Hold'em No Limit ($0.01/$0.02 USD) - 2021/10/02 20:19:26 PT [2021/10/02 23:19:26 ET]
Table 'Theobalda II' 9-max Seat #5 is the button
Seat 1: Paznak ($2 in chips) 
Seat 2: so0love ($2 in chips) 
Seat 3: 10041980 ($2 in chips) 
Seat 4: Dorex2007 ($2 in chips) 
Seat 5: LuisLlumpo ($1.18 in chips) 
Seat 6: KushKat666 ($9.08 in chips) 
Seat 7: zero grav420 ($4.45 in chips) 
Seat 8: ArfurDaley ($2.05 in chips) 
Seat 9: telles130899 ($2.15 in chips) 
KushKat666: posts small blind $0.01
zero grav420: posts big blind $0.02
Dorex2007: posts big blind $0.02
*** HOLE CARDS ***
Dealt to Dorex2007 [9h 2c]
ArfurDaley: folds 
telles130899: calls $0.02
Paznak: folds 
so0love: folds 
so0love leaves the table
10041980: folds 
Dorex2007: checks 
LuisLlumpo: folds 
KushKat666: calls $0.01
zero grav420: checks 
*** FLOP *** [Ks Ah 5s]
KushKat666: checks 
zero grav420: checks 
telles130899: checks 
Dorex2007: checks 
*** TURN *** [Ks Ah 5s] [As]
KushKat666: checks 
zero grav420: checks 
telles130899: checks 
Dorex2007: checks 
*** RIVER *** [Ks Ah 5s As] [9s]
KushKat666: bets $0.08
zero grav420: raises $0.12 to $0.20
telles130899: folds 
HeavyM420 joins the table at seat #2 
Dorex2007: folds 
KushKat666: folds 
Uncalled bet ($0.12) returned to zero grav420
zero grav420 collected $0.23 from pot
zero grav420: doesn't show hand 
*** SUMMARY ***
Total pot $0.24 | Rake $0.01 
Board [Ks Ah 5s As 9s]
Seat 1: Paznak folded before Flop (didn't bet)
Seat 2: so0love folded before Flop (didn't bet)
Seat 3: 10041980 folded before Flop (didn't bet)
Seat 4: Dorex2007 folded on the River (didn't bet)
Seat 5: LuisLlumpo (button) folded before Flop (didn't bet)
Seat 6: KushKat666 (small blind) folded on the River
Seat 7: zero grav420 (big blind) collected ($0.23)
Seat 8: ArfurDaley folded before Flop (didn't bet)
Seat 9: telles130899 folded on the River



PokerStars Hand #230311684213:  Hold'em No Limit ($0.01/$0.02 USD) - 2021/10/02 20:20:45 PT [2021/10/02 23:20:45 ET]
Table 'Theobalda II' 9-max Seat #6 is the button
Seat 1: Paznak ($2 in chips) 
Seat 3: 10041980 ($2 in chips) 
Seat 4: Dorex2007 ($1.98 in chips) 
Seat 5: LuisLlumpo ($1.18 in chips) 
Seat 6: KushKat666 ($8.98 in chips) 
Seat 7: zero grav420 ($4.58 in chips) 
Seat 8: ArfurDaley ($2.05 in chips) 
Seat 9: telles130899 ($2.13 in chips) 
zero grav420: posts small blind $0.01
ArfurDaley: posts big blind $0.02
HeavyM420: sits out 
*** HOLE CARDS ***
Dealt to Dorex2007 [2s 2h]
telles130899: folds 
Paznak: folds 
10041980: folds 
Dorex2007: raises $0.02 to $0.04
LuisLlumpo: folds 
KushKat666: folds 
zero grav420: calls $0.03
ArfurDaley: calls $0.02
*** FLOP *** [Tc 9d Jd]
zero grav420: checks 
ArfurDaley: checks 
Dorex2007: checks 
*** TURN *** [Tc 9d Jd] [4d]
zero grav420: checks 
ArfurDaley: checks 
Dorex2007: bets $0.08
zero grav420: folds 
ArfurDaley: folds 
Uncalled bet ($0.08) returned to Dorex2007
Dorex2007 collected $0.12 from pot
Dorex2007: doesn't show hand 
*** SUMMARY ***
Total pot $0.12 | Rake $0 
Board [Tc 9d Jd 4d]
Seat 1: Paznak folded before Flop (didn't bet)
Seat 3: 10041980 folded before Flop (didn't bet)
Seat 4: Dorex2007 collected ($0.12)
Seat 5: LuisLlumpo folded before Flop (didn't bet)
Seat 6: KushKat666 (button) folded before Flop (didn't bet)
Seat 7: zero grav420 (small blind) folded on the Turn
Seat 8: ArfurDaley (big blind) folded on the Turn
Seat 9: telles130899 folded before Flop (didn't bet)



PokerStars Hand #230311693260:  Hold'em No Limit ($0.01/$0.02 USD) - 2021/10/02 20:21:34 PT [2021/10/02 23:21:34 ET]
Table 'Theobalda II' 9-max Seat #7 is the button
Seat 1: Paznak ($2 in chips) 
Seat 2: HeavyM420 ($1 in chips) 
Seat 3: 10041980 ($2 in chips) 
Seat 4: Dorex2007 ($2.06 in chips) 
Seat 5: LuisLlumpo ($1.18 in chips) 
Seat 6: KushKat666 ($8.98 in chips) 
Seat 7: zero grav420 ($4.54 in chips) 
Seat 8: ArfurDaley ($2.01 in chips) 
Seat 9: telles130899 ($2.13 in chips) 
ArfurDaley: posts small blind $0.01
telles130899: posts big blind $0.02
HeavyM420: posts big blind $0.02
*** HOLE CARDS ***
Dealt to Dorex2007 [Jh Ah]
Paznak: folds 
HeavyM420: raises $0.04 to $0.06
10041980: folds 
Dorex2007: calls $0.06
LuisLlumpo: calls $0.06
KushKat666: folds 
zero grav420: folds 
ArfurDaley: folds 
telles130899: calls $0.04
*** FLOP *** [8c 7s 6s]
telles130899: checks 
HeavyM420: bets $0.16
Dorex2007: folds 
LuisLlumpo: calls $0.16
telles130899: folds 
*** TURN *** [8c 7s 6s] [2c]
HeavyM420: bets $0.35
LuisLlumpo: folds 
Uncalled bet ($0.35) returned to HeavyM420
HeavyM420 collected $0.55 from pot
HeavyM420: doesn't show hand 
*** SUMMARY ***
Total pot $0.57 | Rake $0.02 
Board [8c 7s 6s 2c]
Seat 1: Paznak folded before Flop (didn't bet)
Seat 2: HeavyM420 collected ($0.55)
Seat 3: 10041980 folded before Flop (didn't bet)
Seat 4: Dorex2007 folded on the Flop
Seat 5: LuisLlumpo folded on the Turn
Seat 6: KushKat666 folded before Flop (didn't bet)
Seat 7: zero grav420 (button) folded before Flop (didn't bet)
Seat 8: ArfurDaley (small blind) folded before Flop
Seat 9: telles130899 (big blind) folded on the Flop



PokerStars Hand #230311706333:  Hold'em No Limit ($0.01/$0.02 USD) - 2021/10/02 20:22:46 PT [2021/10/02 23:22:46 ET]
Table 'Theobalda II' 9-max Seat #8 is the button
Seat 1: Paznak ($2 in chips) 
Seat 2: HeavyM420 ($1.33 in chips) 
Seat 3: 10041980 ($2 in chips) 
Seat 4: Dorex2007 ($2 in chips) 
Seat 5: LuisLlumpo ($0.96 in chips) 
Seat 6: KushKat666 ($8.98 in chips) 
Seat 7: zero grav420 ($4.54 in chips) 
Seat 8: ArfurDaley ($2 in chips) 
Seat 9: telles130899 ($2.07 in chips) 
telles130899: posts small blind $0.01
Paznak: posts big blind $0.02
*** HOLE CARDS ***
Dealt to Dorex2007 [Jd 6c]
HeavyM420: folds 
10041980: folds 
Dorex2007: folds 
LuisLlumpo: calls $0.02
KushKat666: folds 
zero grav420: folds 
ArfurDaley: folds 
telles130899: folds 
Paznak: checks 
*** FLOP *** [6d 4d Ad]
Paznak: checks 
LuisLlumpo: checks 
*** TURN *** [6d 4d Ad] [Kc]
Paznak: checks 
LuisLlumpo: bets $0.02
Paznak: folds 
Uncalled bet ($0.02) returned to LuisLlumpo
LuisLlumpo collected $0.05 from pot
LuisLlumpo: doesn't show hand 
*** SUMMARY ***
Total pot $0.05 | Rake $0 
Board [6d 4d Ad Kc]
Seat 1: Paznak (big blind) folded on the Turn
Seat 2: HeavyM420 folded before Flop (didn't bet)
Seat 3: 10041980 folded before Flop (didn't bet)
Seat 4: Dorex2007 folded before Flop (didn't bet)
Seat 5: LuisLlumpo collected ($0.05)
Seat 6: KushKat666 folded before Flop (didn't bet)
Seat 7: zero grav420 folded before Flop (didn't bet)
Seat 8: ArfurDaley (button) folded before Flop (didn't bet)
Seat 9: telles130899 (small blind) folded before Flop



PokerStars Hand #230311716055:  Hold'em No Limit ($0.01/$0.02 USD) - 2021/10/02 20:23:40 PT [2021/10/02 23:23:40 ET]
Table 'Theobalda II' 9-max Seat #9 is the button
Seat 1: Paznak ($2 in chips) 
Seat 2: HeavyM420 ($1.33 in chips) 
Seat 3: 10041980 ($2 in chips) 
Seat 4: Dorex2007 ($2 in chips) 
Seat 5: LuisLlumpo ($0.99 in chips) 
Seat 6: KushKat666 ($8.98 in chips) 
Seat 7: zero grav420 ($4.54 in chips) 
Seat 8: ArfurDaley ($2 in chips) 
Seat 9: telles130899 ($2.06 in chips) 
Paznak: posts small blind $0.01
HeavyM420: posts big blind $0.02
*** HOLE CARDS ***
Dealt to Dorex2007 [Qs 9s]
10041980: folds 
Dorex2007: calls $0.02
LuisLlumpo: calls $0.02
KushKat666: folds 
zero grav420: raises $0.04 to $0.06
ArfurDaley: folds 
telles130899: calls $0.06
Paznak: folds 
HeavyM420: calls $0.04
Dorex2007: calls $0.04
LuisLlumpo: folds 
*** FLOP *** [4d 2c 6d]
HeavyM420: checks 
Dorex2007: checks 
zero grav420: bets $0.26
telles130899: folds 
HeavyM420: folds 
LuisLlumpo is disconnected 
Dorex2007: folds 
Uncalled bet ($0.26) returned to zero grav420
zero grav420 collected $0.26 from pot
zero grav420: doesn't show hand 
*** SUMMARY ***
Total pot $0.27 | Rake $0.01 
Board [4d 2c 6d]
Seat 1: Paznak (small blind) folded before Flop
Seat 2: HeavyM420 (big blind) folded on the Flop
Seat 3: 10041980 folded before Flop (didn't bet)
Seat 4: Dorex2007 folded on the Flop
Seat 5: LuisLlumpo folded before Flop
Seat 6: KushKat666 folded before Flop (didn't bet)
Seat 7: zero grav420 collected ($0.26)
Seat 8: ArfurDaley folded before Flop (didn't bet)
Seat 9: telles130899 (button) folded on the Flop



PokerStars Hand #230311727963:  Hold'em No Limit ($0.01/$0.02 USD) - 2021/10/02 20:24:44 PT [2021/10/02 23:24:44 ET]
Table 'Theobalda II' 9-max Seat #1 is the button
Seat 1: Paznak ($2 in chips) 
Seat 2: HeavyM420 ($1.27 in chips) 
Seat 3: 10041980 ($2 in chips) 
Seat 4: Dorex2007 ($1.94 in chips) 
Seat 5: LuisLlumpo ($0.97 in chips) 
Seat 6: KushKat666 ($8.98 in chips) 
Seat 7: zero grav420 ($4.74 in chips) 
Seat 8: ArfurDaley ($2 in chips) 
Seat 9: telles130899 ($2 in chips) 
HeavyM420: posts small blind $0.01
10041980: posts big blind $0.02
*** HOLE CARDS ***
Dealt to Dorex2007 [6c 7h]
Dorex2007: folds 
LuisLlumpo has timed out while disconnected
LuisLlumpo: folds 
KushKat666: folds 
zero grav420: folds 
ArfurDaley: folds 
telles130899: folds 
Paznak: folds 
HeavyM420: folds 
Uncalled bet ($0.01) returned to 10041980
10041980 collected $0.02 from pot
*** SUMMARY ***
Total pot $0.02 | Rake $0 
Seat 1: Paznak (button) folded before Flop (didn't bet)
Seat 2: HeavyM420 (small blind) folded before Flop
Seat 3: 10041980 (big blind) collected ($0.02)
Seat 4: Dorex2007 folded before Flop (didn't bet)
Seat 5: LuisLlumpo folded before Flop (didn't bet)
Seat 6: KushKat666 folded before Flop (didn't bet)
Seat 7: zero grav420 folded before Flop (didn't bet)
Seat 8: ArfurDaley folded before Flop (didn't bet)
Seat 9: telles130899 folded before Flop (didn't bet)



PokerStars Hand #230311732871:  Hold'em No Limit ($0.01/$0.02 USD) - 2021/10/02 20:25:11 PT [2021/10/02 23:25:11 ET]
Table 'Theobalda II' 9-max Seat #2 is the button
Seat 1: Paznak ($2 in chips) 
Seat 2: HeavyM420 ($1.26 in chips) 
Seat 3: 10041980 ($2.01 in chips) 
Seat 4: Dorex2007 ($2 in chips) 
Seat 6: KushKat666 ($8.98 in chips) 
Seat 7: zero grav420 ($4.74 in chips) 
Seat 8: ArfurDaley ($2 in chips) 
Seat 9: telles130899 ($2 in chips) 
10041980: posts small blind $0.01
Dorex2007: posts big blind $0.02
*** HOLE CARDS ***
Dealt to Dorex2007 [Tc 6h]
KushKat666: folds 
zero grav420: raises $0.02 to $0.04
ArfurDaley: folds 
telles130899: folds 
Paznak: folds 
HeavyM420: folds 
10041980: calls $0.03
Dorex2007: folds 
*** FLOP *** [9h Kc 8s]
10041980: checks 
zero grav420: checks 
*** TURN *** [9h Kc 8s] [Kd]
10041980: bets $0.05
zero grav420: calls $0.05
*** RIVER *** [9h Kc 8s Kd] [Ah]
ArfurDaley leaves the table
10041980: bets $0.12
zero grav420: calls $0.12
*** SHOW DOWN ***
10041980: shows [8d 8c] (a full house, Eights full of Kings)
zero grav420: mucks hand 
10041980 collected $0.42 from pot
*** SUMMARY ***
Total pot $0.44 | Rake $0.02 
Board [9h Kc 8s Kd Ah]
Seat 1: Paznak folded before Flop (didn't bet)
Seat 2: HeavyM420 (button) folded before Flop (didn't bet)
Seat 3: 10041980 (small blind) showed [8d 8c] and won ($0.42) with a full house, Eights full of Kings
Seat 4: Dorex2007 (big blind) folded before Flop
Seat 6: KushKat666 folded before Flop (didn't bet)
Seat 7: zero grav420 mucked [Ad Qs]
Seat 8: ArfurDaley folded before Flop (didn't bet)
Seat 9: telles130899 folded before Flop (didn't bet)



PokerStars Hand #230311758092:  Hold'em No Limit ($0.01/$0.02 USD) - 2021/10/02 20:26:58 PT [2021/10/02 23:26:58 ET]
Table 'Theobalda II' 9-max Seat #3 is the button
Seat 1: Paznak ($2 in chips) 
Seat 2: HeavyM420 ($1.26 in chips) 
Seat 3: 10041980 ($2.22 in chips) 
Seat 4: Dorex2007 ($2 in chips) 
Seat 6: KushKat666 ($8.98 in chips) 
Seat 7: zero grav420 ($4.53 in chips) 
Seat 9: telles130899 ($2 in chips) 
Dorex2007: posts small blind $0.01
KushKat666: posts big blind $0.02
*** HOLE CARDS ***
Dealt to Dorex2007 [Jd Ac]
zero grav420: raises $0.04 to $0.06
telles130899: folds 
Paznak: calls $0.06
HeavyM420: folds 
10041980: folds 
Dorex2007: calls $0.05
KushKat666: folds 
*** FLOP *** [3d Qh Td]
igor77i joins the table at seat #8 
Dorex2007: checks 
zero grav420: bets $0.19
Paznak: folds 
Dorex2007: folds 
Uncalled bet ($0.19) returned to zero grav420
zero grav420 collected $0.19 from pot
zero grav420: doesn't show hand 
*** SUMMARY ***
Total pot $0.20 | Rake $0.01 
Board [3d Qh Td]
Seat 1: Paznak folded on the Flop
Seat 2: HeavyM420 folded before Flop (didn't bet)
Seat 3: 10041980 (button) folded before Flop (didn't bet)
Seat 4: Dorex2007 (small blind) folded on the Flop
Seat 6: KushKat666 (big blind) folded before Flop
Seat 7: zero grav420 collected ($0.19)
Seat 9: telles130899 folded before Flop (didn't bet)



PokerStars Hand #230311767194:  Hold'em No Limit ($0.01/$0.02 USD) - 2021/10/02 20:27:49 PT [2021/10/02 23:27:49 ET]
Table 'Theobalda II' 9-max Seat #4 is the button
Seat 1: Paznak ($2 in chips) 
Seat 2: HeavyM420 ($1.26 in chips) 
Seat 3: 10041980 ($2.22 in chips) 
Seat 4: Dorex2007 ($2 in chips) 
Seat 6: KushKat666 ($8.96 in chips) 
Seat 7: zero grav420 ($4.66 in chips) 
Seat 9: telles130899 ($2 in chips) 
KushKat666: posts small blind $0.01
zero grav420: posts big blind $0.02
igor77i: sits out 
*** HOLE CARDS ***
Dealt to Dorex2007 [Js Kd]
telles130899: folds 
Paznak: folds 
HeavyM420: raises $0.02 to $0.04
10041980: folds 
Dorex2007: calls $0.04
KushKat666: calls $0.03
zero grav420: calls $0.02
*** FLOP *** [Jc 5d Qc]
KushKat666: bets $0.06
zero grav420: folds 
HeavyM420: raises $0.12 to $0.18
Dorex2007: folds 
KushKat666: calls $0.12
*** TURN *** [Jc 5d Qc] [6h]
KushKat666: checks 
HeavyM420: bets $0.30
KushKat666: calls $0.30
*** RIVER *** [Jc 5d Qc 6h] [8h]
KushKat666: checks 
HeavyM420: bets $0.74 and is all-in
KushKat666: folds 
Uncalled bet ($0.74) returned to HeavyM420
HeavyM420 collected $1.08 from pot
HeavyM420: doesn't show hand 
*** SUMMARY ***
Total pot $1.12 | Rake $0.04 
Board [Jc 5d Qc 6h 8h]
Seat 1: Paznak folded before Flop (didn't bet)
Seat 2: HeavyM420 collected ($1.08)
Seat 3: 10041980 folded before Flop (didn't bet)
Seat 4: Dorex2007 (button) folded on the Flop
Seat 6: KushKat666 (small blind) folded on the River
Seat 7: zero grav420 (big blind) folded on the Flop
Seat 9: telles130899 folded before Flop (didn't bet)



PokerStars Hand #230311787057:  Hold'em No Limit ($0.01/$0.02 USD) - 2021/10/02 20:29:40 PT [2021/10/02 23:29:40 ET]
Table 'Theobalda II' 9-max Seat #6 is the button
Seat 2: HeavyM420 ($1.82 in chips) 
Seat 3: 10041980 ($2.22 in chips) 
Seat 4: Dorex2007 ($2 in chips) 
Seat 5: LuisLlumpo ($0.97 in chips) 
Seat 6: KushKat666 ($8.44 in chips) 
Seat 7: zero grav420 ($4.62 in chips) 
Seat 8: igor77i ($1.60 in chips) 
Seat 9: telles130899 ($2 in chips) 
zero grav420: posts small blind $0.01
igor77i: posts big blind $0.02
LuisLlumpo: posts small & big blinds $0.03
*** HOLE CARDS ***
Dealt to Dorex2007 [8d 4h]
Paznak leaves the table
telles130899: calls $0.02
HeavyM420: folds 
10041980: folds 
Dorex2007: folds 
LuisLlumpo: raises $0.02 to $0.04
KushKat666: folds 
zero grav420: folds 
igor77i: calls $0.02
telles130899: calls $0.02
*** FLOP *** [9c Ah Qs]
KushKat666 said, "you have the Js?"
igor77i: checks 
KushKat666 said, "lol"
telles130899: checks 
LuisLlumpo: bets $0.10
igor77i: folds 
telles130899: folds 
Uncalled bet ($0.10) returned to LuisLlumpo
LuisLlumpo collected $0.14 from pot
LuisLlumpo: doesn't show hand 
*** SUMMARY ***
Total pot $0.14 | Rake $0 
Board [9c Ah Qs]
Seat 2: HeavyM420 folded before Flop (didn't bet)
Seat 3: 10041980 folded before Flop (didn't bet)
Seat 4: Dorex2007 folded before Flop (didn't bet)
Seat 5: LuisLlumpo collected ($0.14)
Seat 6: KushKat666 (button) folded before Flop (didn't bet)
Seat 7: zero grav420 (small blind) folded before Flop
Seat 8: igor77i (big blind) folded on the Flop
Seat 9: telles130899 folded on the Flop



PokerStars Hand #230311795759:  Hold'em No Limit ($0.01/$0.02 USD) - 2021/10/02 20:30:28 PT [2021/10/02 23:30:28 ET]
Table 'Theobalda II' 9-max Seat #7 is the button
Seat 2: HeavyM420 ($1.82 in chips) 
Seat 3: 10041980 ($2.22 in chips) 
Seat 4: Dorex2007 ($2 in chips) 
Seat 5: LuisLlumpo ($1.06 in chips) 
Seat 6: KushKat666 ($8.44 in chips) 
Seat 7: zero grav420 ($4.61 in chips) 
Seat 8: igor77i ($1.56 in chips) 
Seat 9: telles130899 ($1.96 in chips) 
igor77i: posts small blind $0.01
telles130899: posts big blind $0.02
*** HOLE CARDS ***
Dealt to Dorex2007 [3s 9h]
HeavyM420: calls $0.02
10041980: folds 
Dorex2007: folds 
LuisLlumpo: folds 
KushKat666: folds 
zero grav420: folds 
igor77i: calls $0.01
telles130899: checks 
*** FLOP *** [Ah 4h Kd]
igor77i: checks 
telles130899: bets $0.06
HeavyM420: folds 
igor77i: folds 
Uncalled bet ($0.06) returned to telles130899
telles130899 collected $0.06 from pot
telles130899: doesn't show hand 
*** SUMMARY ***
Total pot $0.06 | Rake $0 
Board [Ah 4h Kd]
Seat 2: HeavyM420 folded on the Flop
Seat 3: 10041980 folded before Flop (didn't bet)
Seat 4: Dorex2007 folded before Flop (didn't bet)
Seat 5: LuisLlumpo folded before Flop (didn't bet)
Seat 6: KushKat666 folded before Flop (didn't bet)
Seat 7: zero grav420 (button) folded before Flop (didn't bet)
Seat 8: igor77i (small blind) folded on the Flop
Seat 9: telles130899 (big blind) collected ($0.06)



PokerStars Hand #230311800898:  Hold'em No Limit ($0.01/$0.02 USD) - 2021/10/02 20:30:57 PT [2021/10/02 23:30:57 ET]
Table 'Theobalda II' 9-max Seat #8 is the button
Seat 2: HeavyM420 ($1.80 in chips) 
Seat 3: 10041980 ($2.22 in chips) 
Seat 4: Dorex2007 ($2 in chips) 
Seat 5: LuisLlumpo ($1.06 in chips) 
Seat 6: KushKat666 ($8.44 in chips) 
Seat 7: zero grav420 ($4.61 in chips) 
Seat 8: igor77i ($1.54 in chips) 
Seat 9: telles130899 ($2 in chips) 
telles130899: posts small blind $0.01
HeavyM420: posts big blind $0.02
*** HOLE CARDS ***
Dealt to Dorex2007 [2s Kc]
10041980: folds 
Dorex2007: folds 
LuisLlumpo: raises $0.08 to $0.10
KushKat666: folds 
zero grav420: folds 
igor77i: folds 
telles130899: folds 
HeavyM420: folds 
Uncalled bet ($0.08) returned to LuisLlumpo
LuisLlumpo collected $0.05 from pot
LuisLlumpo: doesn't show hand 
*** SUMMARY ***
Total pot $0.05 | Rake $0 
Seat 2: HeavyM420 (big blind) folded before Flop
Seat 3: 10041980 folded before Flop (didn't bet)
Seat 4: Dorex2007 folded before Flop (didn't bet)
Seat 5: LuisLlumpo collected ($0.05)
Seat 6: KushKat666 folded before Flop (didn't bet)
Seat 7: zero grav420 folded before Flop (didn't bet)
Seat 8: igor77i (button) folded before Flop (didn't bet)
Seat 9: telles130899 (small blind) folded before Flop



PokerStars Hand #230311806111:  Hold'em No Limit ($0.01/$0.02 USD) - 2021/10/02 20:31:26 PT [2021/10/02 23:31:26 ET]
Table 'Theobalda II' 9-max Seat #9 is the button
Seat 2: HeavyM420 ($1.78 in chips) 
Seat 3: 10041980 ($2.22 in chips) 
Seat 4: Dorex2007 ($2 in chips) 
Seat 5: LuisLlumpo ($1.09 in chips) 
Seat 6: KushKat666 ($8.44 in chips) 
Seat 7: zero grav420 ($4.61 in chips) 
Seat 8: igor77i ($1.54 in chips) 
Seat 9: telles130899 ($1.99 in chips) 
HeavyM420: posts small blind $0.01
10041980: posts big blind $0.02
*** HOLE CARDS ***
Dealt to Dorex2007 [8h 5c]
Dorex2007: folds 
LuisLlumpo: raises $0.06 to $0.08
KushKat666: folds 
zero grav420: folds 
igor77i: calls $0.08
telles130899: folds 
HeavyM420: folds 
10041980: folds 
*** FLOP *** [2c Jh Kd]
LuisLlumpo: bets $0.08
igor77i: folds 
Uncalled bet ($0.08) returned to LuisLlumpo
LuisLlumpo collected $0.18 from pot
LuisLlumpo: doesn't show hand 
*** SUMMARY ***
Total pot $0.19 | Rake $0.01 
Board [2c Jh Kd]
Seat 2: HeavyM420 (small blind) folded before Flop
Seat 3: 10041980 (big blind) folded before Flop
Seat 4: Dorex2007 folded before Flop (didn't bet)
Seat 5: LuisLlumpo collected ($0.18)
Seat 6: KushKat666 folded before Flop (didn't bet)
Seat 7: zero grav420 folded before Flop (didn't bet)
Seat 8: igor77i folded on the Flop
Seat 9: telles130899 (button) folded before Flop (didn't bet)



PokerStars Hand #230311813433:  Hold'em No Limit ($0.01/$0.02 USD) - 2021/10/02 20:32:03 PT [2021/10/02 23:32:03 ET]
Table 'Theobalda II' 9-max Seat #2 is the button
Seat 2: HeavyM420 ($1.77 in chips) 
Seat 3: 10041980 ($2.20 in chips) 
Seat 4: Dorex2007 ($2 in chips) 
Seat 5: LuisLlumpo ($1.19 in chips) 
Seat 6: KushKat666 ($8.44 in chips) 
Seat 7: zero grav420 ($4.61 in chips) 
Seat 8: igor77i ($1.46 in chips) 
Seat 9: telles130899 ($1.99 in chips) 
10041980: posts small blind $0.01
Dorex2007: posts big blind $0.02
*** HOLE CARDS ***
Dealt to Dorex2007 [Kd 8d]
LuisLlumpo: calls $0.02
KushKat666: folds 
zero grav420: folds 
igor77i: folds 
telles130899: calls $0.02
HeavyM420: folds 
10041980: folds 
Dorex2007: checks 
*** FLOP *** [8s 2s 2c]
Dorex2007: checks 
LuisLlumpo: bets $0.08
telles130899: folds 
Dorex2007: calls $0.08
*** TURN *** [8s 2s 2c] [4c]
Nagrevala joins the table at seat #1 
Dorex2007: bets $0.11
LuisLlumpo: calls $0.11
*** RIVER *** [8s 2s 2c 4c] [4s]
Dorex2007: bets $0.22
LuisLlumpo: calls $0.22
*** SHOW DOWN ***
Dorex2007: shows [Kd 8d] (two pair, Eights and Fours)
LuisLlumpo: shows [6s Qs] (a flush, Queen high)
LuisLlumpo collected $0.86 from pot
*** SUMMARY ***
Total pot $0.89 | Rake $0.03 
Board [8s 2s 2c 4c 4s]
Seat 2: HeavyM420 (button) folded before Flop (didn't bet)
Seat 3: 10041980 (small blind) folded before Flop
Seat 4: Dorex2007 (big blind) showed [Kd 8d] and lost with two pair, Eights and Fours
Seat 5: LuisLlumpo showed [6s Qs] and won ($0.86) with a flush, Queen high
Seat 6: KushKat666 folded before Flop (didn't bet)
Seat 7: zero grav420 folded before Flop (didn't bet)
Seat 8: igor77i folded before Flop (didn't bet)
Seat 9: telles130899 folded on the Flop



PokerStars Hand #230311822769:  Hold'em No Limit ($0.01/$0.02 USD) - 2021/10/02 20:32:55 PT [2021/10/02 23:32:55 ET]
Table 'Theobalda II' 9-max Seat #3 is the button
Seat 1: Nagrevala ($1 in chips) 
Seat 2: HeavyM420 ($1.77 in chips) 
Seat 3: 10041980 ($2.19 in chips) 
Seat 4: Dorex2007 ($2 in chips) 
Seat 5: LuisLlumpo ($1.62 in chips) 
Seat 6: KushKat666 ($8.44 in chips) 
Seat 7: zero grav420 ($4.61 in chips) 
Seat 8: igor77i ($1.46 in chips) 
Seat 9: telles130899 ($1.97 in chips) 
Dorex2007: posts small blind $0.01
LuisLlumpo: posts big blind $0.02
Nagrevala: posts big blind $0.02
*** HOLE CARDS ***
Dealt to Dorex2007 [Kc 4s]
KushKat666: folds 
zero grav420: folds 
igor77i: raises $0.04 to $0.06
telles130899: folds 
Nagrevala: folds 
HeavyM420: folds 
10041980: folds 
KushKat666 leaves the table
Dorex2007: folds 
LuisLlumpo: calls $0.04
*** FLOP *** [3c Qs 4h]
LuisLlumpo: checks 
igor77i: checks 
*** TURN *** [3c Qs 4h] [Qh]
LuisLlumpo: checks 
igor77i: bets $0.07
LuisLlumpo: calls $0.07
*** RIVER *** [3c Qs 4h Qh] [6s]
LuisLlumpo: checks 
Ilis-@374 joins the table at seat #6 
igor77i: checks 
*** SHOW DOWN ***
LuisLlumpo: shows [Kh 9c] (a pair of Queens)
igor77i: shows [As Th] (a pair of Queens - Ace kicker)
igor77i collected $0.28 from pot
*** SUMMARY ***
Total pot $0.29 | Rake $0.01 
Board [3c Qs 4h Qh 6s]
Seat 1: Nagrevala folded before Flop (didn't bet)
Seat 2: HeavyM420 folded before Flop (didn't bet)
Seat 3: 10041980 (button) folded before Flop (didn't bet)
Seat 4: Dorex2007 (small blind) folded before Flop
Seat 5: LuisLlumpo (big blind) showed [Kh 9c] and lost with a pair of Queens
Seat 6: KushKat666 folded before Flop (didn't bet)
Seat 7: zero grav420 folded before Flop (didn't bet)
Seat 8: igor77i showed [As Th] and won ($0.28) with a pair of Queens
Seat 9: telles130899 folded before Flop (didn't bet)



PokerStars Hand #230311832493:  Hold'em No Limit ($0.01/$0.02 USD) - 2021/10/02 20:33:50 PT [2021/10/02 23:33:50 ET]
Table 'Theobalda II' 9-max Seat #4 is the button
Seat 1: Nagrevala ($0.98 in chips) 
Seat 2: HeavyM420 ($1.77 in chips) 
Seat 3: 10041980 ($2.19 in chips) 
Seat 4: Dorex2007 ($2 in chips) 
Seat 5: LuisLlumpo ($1.49 in chips) 
Seat 6: Ilis-@374 ($0.80 in chips) 
Seat 7: zero grav420 ($4.61 in chips) 
Seat 8: igor77i ($1.61 in chips) 
Seat 9: telles130899 ($1.97 in chips) 
LuisLlumpo: posts small blind $0.01
Ilis-@374: posts big blind $0.02
*** HOLE CARDS ***
Dealt to Dorex2007 [4d 3s]
zero grav420: folds 
igor77i: folds 
telles130899: folds 
Nagrevala: raises $0.04 to $0.06
HeavyM420: folds 
10041980: folds 
Dorex2007: folds 
LuisLlumpo: calls $0.05
Ilis-@374: folds 
*** FLOP *** [5s 9d 8h]
LuisLlumpo: bets $0.08
Nagrevala: calls $0.08
*** TURN *** [5s 9d 8h] [Qh]
LuisLlumpo: checks 
Nagrevala: checks 
*** RIVER *** [5s 9d 8h Qh] [2c]
LuisLlumpo: checks 
Nagrevala: bets $0.14
LuisLlumpo: folds 
Uncalled bet ($0.14) returned to Nagrevala
Nagrevala collected $0.29 from pot
Nagrevala: doesn't show hand 
*** SUMMARY ***
Total pot $0.30 | Rake $0.01 
Board [5s 9d 8h Qh 2c]
Seat 1: Nagrevala collected ($0.29)
Seat 2: HeavyM420 folded before Flop (didn't bet)
Seat 3: 10041980 folded before Flop (didn't bet)
Seat 4: Dorex2007 (button) folded before Flop (didn't bet)
Seat 5: LuisLlumpo (small blind) folded on the River
Seat 6: Ilis-@374 (big blind) folded before Flop
Seat 7: zero grav420 folded before Flop (didn't bet)
Seat 8: igor77i folded before Flop (didn't bet)
Seat 9: telles130899 folded before Flop (didn't bet)



PokerStars Hand #230311849377:  Hold'em No Limit ($0.01/$0.02 USD) - 2021/10/02 20:35:08 PT [2021/10/02 23:35:08 ET]
Table 'Theobalda II' 9-max Seat #5 is the button
Seat 1: Nagrevala ($1.13 in chips) 
Seat 2: HeavyM420 ($1.77 in chips) 
Seat 3: 10041980 ($2.19 in chips) 
Seat 4: Dorex2007 ($2 in chips) 
Seat 5: LuisLlumpo ($1.35 in chips) 
Seat 6: Ilis-@374 ($0.78 in chips) 
Seat 7: zero grav420 ($4.61 in chips) 
Seat 8: igor77i ($1.61 in chips) 
Seat 9: telles130899 ($1.97 in chips) 
Ilis-@374: posts small blind $0.01
zero grav420: posts big blind $0.02
*** HOLE CARDS ***
Dealt to Dorex2007 [2h 3d]
igor77i: raises $0.04 to $0.06
telles130899: folds 
Nagrevala: calls $0.06
HeavyM420: folds 
10041980: folds 
Dorex2007: folds 
LuisLlumpo: calls $0.06
Ilis-@374: calls $0.05
zero grav420: calls $0.04
*** FLOP *** [Td 4d 9s]
Ilis-@374: checks 
zero grav420: checks 
igor77i: bets $0.15
Nagrevala: raises $0.30 to $0.45
LuisLlumpo: calls $0.45
Ilis-@374: folds 
zero grav420: folds 
igor77i: folds 
*** TURN *** [Td 4d 9s] [7h]
Nagrevala: bets $0.62 and is all-in
LuisLlumpo: calls $0.62
*** RIVER *** [Td 4d 9s 7h] [4s]
*** SHOW DOWN ***
Nagrevala: shows [Jd 9d] (two pair, Nines and Fours)
LuisLlumpo: shows [7s Js] (two pair, Sevens and Fours)
Nagrevala collected $2.50 from pot
*** SUMMARY ***
Total pot $2.59 | Rake $0.09 
Board [Td 4d 9s 7h 4s]
Seat 1: Nagrevala showed [Jd 9d] and won ($2.50) with two pair, Nines and Fours
Seat 2: HeavyM420 folded before Flop (didn't bet)
Seat 3: 10041980 folded before Flop (didn't bet)
Seat 4: Dorex2007 folded before Flop (didn't bet)
Seat 5: LuisLlumpo (button) showed [7s Js] and lost with two pair, Sevens and Fours
Seat 6: Ilis-@374 (small blind) folded on the Flop
Seat 7: zero grav420 (big blind) folded on the Flop
Seat 8: igor77i folded on the Flop
Seat 9: telles130899 folded before Flop (didn't bet)



PokerStars Hand #230311866382:  Hold'em No Limit ($0.01/$0.02 USD) - 2021/10/02 20:36:46 PT [2021/10/02 23:36:46 ET]
Table 'Theobalda II' 9-max Seat #6 is the button
Seat 1: Nagrevala ($2.50 in chips) 
Seat 2: HeavyM420 ($1.77 in chips) 
Seat 3: 10041980 ($2.19 in chips) 
Seat 4: Dorex2007 ($2 in chips) 
Seat 5: LuisLlumpo ($0.22 in chips) 
Seat 6: Ilis-@374 ($0.72 in chips) 
Seat 7: zero grav420 ($4.55 in chips) 
Seat 8: igor77i ($1.40 in chips) 
Seat 9: telles130899 ($1.97 in chips) 
zero grav420: posts small blind $0.01
igor77i: posts big blind $0.02
*** HOLE CARDS ***
Dealt to Dorex2007 [7s Qs]
telles130899: folds 
Nagrevala: folds 
HeavyM420: calls $0.02
10041980: folds 
Dorex2007: folds 
LuisLlumpo: raises $0.20 to $0.22 and is all-in
Ilis-@374: folds 
zero grav420: folds 
igor77i: calls $0.20
HeavyM420: calls $0.20
*** FLOP *** [8c 4h 8h]
igor77i: bets $0.33
HeavyM420: folds 
Uncalled bet ($0.33) returned to igor77i
*** TURN *** [8c 4h 8h] [8s]
*** RIVER *** [8c 4h 8h 8s] [Qh]
*** SHOW DOWN ***
igor77i: shows [4c Ad] (a full house, Eights full of Fours)
LuisLlumpo: shows [Qd Ac] (a full house, Eights full of Queens)
LuisLlumpo collected $0.65 from pot
*** SUMMARY ***
Total pot $0.67 | Rake $0.02 
Board [8c 4h 8h 8s Qh]
Seat 1: Nagrevala folded before Flop (didn't bet)
Seat 2: HeavyM420 folded on the Flop
Seat 3: 10041980 folded before Flop (didn't bet)
Seat 4: Dorex2007 folded before Flop (didn't bet)
Seat 5: LuisLlumpo showed [Qd Ac] and won ($0.65) with a full house, Eights full of Queens
Seat 6: Ilis-@374 (button) folded before Flop (didn't bet)
Seat 7: zero grav420 (small blind) folded before Flop
Seat 8: igor77i (big blind) showed [4c Ad] and lost with a full house, Eights full of Fours
Seat 9: telles130899 folded before Flop (didn't bet)



PokerStars Hand #230311875943:  Hold'em No Limit ($0.01/$0.02 USD) - 2021/10/02 20:37:40 PT [2021/10/02 23:37:40 ET]
Table 'Theobalda II' 9-max Seat #7 is the button
Seat 1: Nagrevala ($2.50 in chips) 
Seat 2: HeavyM420 ($1.55 in chips) 
Seat 3: 10041980 ($2.19 in chips) 
Seat 4: Dorex2007 ($2 in chips) 
Seat 5: LuisLlumpo ($0.65 in chips) 
Seat 6: Ilis-@374 ($0.72 in chips) 
Seat 7: zero grav420 ($4.54 in chips) 
Seat 8: igor77i ($1.18 in chips) 
Seat 9: telles130899 ($1.97 in chips) 
igor77i: posts small blind $0.01
telles130899: posts big blind $0.02
*** HOLE CARDS ***
Dealt to Dorex2007 [Qd 3c]
Nagrevala: folds 
HeavyM420: calls $0.02
10041980: folds 
Dorex2007: folds 
LuisLlumpo: calls $0.02
Ilis-@374: calls $0.02
zero grav420: calls $0.02
igor77i: calls $0.01
telles130899: checks 
*** FLOP *** [9c 4h 5c]
igor77i: bets $0.12
telles130899: calls $0.12
HeavyM420: folds 
LuisLlumpo: folds 
Ilis-@374: folds 
HeavyM420 leaves the table
zero grav420: folds 
*** TURN *** [9c 4h 5c] [6d]
igor77i: bets $0.35
castom127 joins the table at seat #2 
telles130899: calls $0.35
*** RIVER *** [9c 4h 5c 6d] [9s]
igor77i: bets $0.69 and is all-in
telles130899: calls $0.69
*** SHOW DOWN ***
igor77i: shows [8d 9d] (three of a kind, Nines)
telles130899: shows [9h 7h] (three of a kind, Nines - lower kicker)
igor77i collected $2.35 from pot
*** SUMMARY ***
Total pot $2.44 | Rake $0.09 
Board [9c 4h 5c 6d 9s]
Seat 1: Nagrevala folded before Flop (didn't bet)
Seat 2: HeavyM420 folded on the Flop
Seat 3: 10041980 folded before Flop (didn't bet)
Seat 4: Dorex2007 folded before Flop (didn't bet)
Seat 5: LuisLlumpo folded on the Flop
Seat 6: Ilis-@374 folded on the Flop
Seat 7: zero grav420 (button) folded on the Flop
Seat 8: igor77i (small blind) showed [8d 9d] and won ($2.35) with three of a kind, Nines
Seat 9: telles130899 (big blind) showed [9h 7h] and lost with three of a kind, Nines



PokerStars Hand #230311892147:  Hold'em No Limit ($0.01/$0.02 USD) - 2021/10/02 20:39:13 PT [2021/10/02 23:39:13 ET]
Table 'Theobalda II' 9-max Seat #8 is the button
Seat 1: Nagrevala ($2.50 in chips) 
Seat 3: 10041980 ($2.19 in chips) 
Seat 4: Dorex2007 ($2 in chips) 
Seat 5: LuisLlumpo ($0.63 in chips) 
Seat 6: Ilis-@374 ($0.70 in chips) 
Seat 7: zero grav420 ($4.52 in chips) 
Seat 8: igor77i ($2.35 in chips) 
Seat 9: telles130899 ($0.79 in chips) 
telles130899: posts small blind $0.01
Nagrevala: posts big blind $0.02
castom127: sits out 
*** HOLE CARDS ***
Dealt to Dorex2007 [Kd 3d]
10041980: folds 
Dorex2007: folds 
LuisLlumpo: calls $0.02
Ilis-@374: calls $0.02
zero grav420: folds 
igor77i: folds 
telles130899: calls $0.01
Nagrevala: checks 
*** FLOP *** [6c 5c Ks]
telles130899: bets $0.08
Nagrevala: folds 
LuisLlumpo: calls $0.08
Ilis-@374: calls $0.08
*** TURN *** [6c 5c Ks] [5h]
telles130899: checks 
LuisLlumpo: checks 
Ilis-@374: checks 
*** RIVER *** [6c 5c Ks 5h] [2c]
telles130899: bets $0.31
LuisLlumpo: folds 
Ilis-@374: folds 
Uncalled bet ($0.31) returned to telles130899
telles130899 collected $0.31 from pot
telles130899: doesn't show hand 
*** SUMMARY ***
Total pot $0.32 | Rake $0.01 
Board [6c 5c Ks 5h 2c]
Seat 1: Nagrevala (big blind) folded on the Flop
Seat 3: 10041980 folded before Flop (didn't bet)
Seat 4: Dorex2007 folded before Flop (didn't bet)
Seat 5: LuisLlumpo folded on the River
Seat 6: Ilis-@374 folded on the River
Seat 7: zero grav420 folded before Flop (didn't bet)
Seat 8: igor77i (button) folded before Flop (didn't bet)
Seat 9: telles130899 (small blind) collected ($0.31)



PokerStars Hand #230311910420:  Hold'em No Limit ($0.01/$0.02 USD) - 2021/10/02 20:40:56 PT [2021/10/02 23:40:56 ET]
Table 'Theobalda II' 9-max Seat #9 is the button
Seat 1: Nagrevala ($2.48 in chips) 
Seat 2: castom127 ($0.80 in chips) 
Seat 3: 10041980 ($2.19 in chips) 
Seat 4: Dorex2007 ($2 in chips) 
Seat 5: LuisLlumpo ($0.53 in chips) 
Seat 6: Ilis-@374 ($0.60 in chips) 
Seat 7: zero grav420 ($4.52 in chips) 
Seat 8: igor77i ($2.35 in chips) 
Seat 9: telles130899 ($1 in chips) 
Nagrevala: posts small blind $0.01
castom127: posts big blind $0.02
*** HOLE CARDS ***
Dealt to Dorex2007 [Qh 2d]
10041980: folds 
Dorex2007: folds 
LuisLlumpo: folds 
Ilis-@374: folds 
zero grav420: raises $0.04 to $0.06
igor77i: calls $0.06
telles130899: folds 
telles130899 leaves the table
Nagrevala: raises $0.20 to $0.26
castom127: folds 
zero grav420: raises $0.60 to $0.86
igor77i: folds 
Nagrevala: calls $0.60
*** FLOP *** [4c Ah Ad]
Nagrevala: checks 
hugojrh joins the table at seat #9 
zero grav420: bets $1.74
Nagrevala: folds 
Uncalled bet ($1.74) returned to zero grav420
zero grav420 collected $1.74 from pot
zero grav420: doesn't show hand 
*** SUMMARY ***
Total pot $1.80 | Rake $0.06 
Board [4c Ah Ad]
Seat 1: Nagrevala (small blind) folded on the Flop
Seat 2: castom127 (big blind) folded before Flop
Seat 3: 10041980 folded before Flop (didn't bet)
Seat 4: Dorex2007 folded before Flop (didn't bet)
Seat 5: LuisLlumpo folded before Flop (didn't bet)
Seat 6: Ilis-@374 folded before Flop (didn't bet)
Seat 7: zero grav420 collected ($1.74)
Seat 8: igor77i folded before Flop
Seat 9: telles130899 (button) folded before Flop (didn't bet)



PokerStars Hand #230311927416:  Hold'em No Limit ($0.01/$0.02 USD) - 2021/10/02 20:42:03 PT [2021/10/02 23:42:03 ET]
Table 'Theobalda II' 9-max Seat #1 is the button
Seat 1: Nagrevala ($1.62 in chips) 
Seat 2: castom127 ($0.78 in chips) 
Seat 3: 10041980 ($2.19 in chips) 
Seat 4: Dorex2007 ($2 in chips) 
Seat 5: LuisLlumpo ($0.53 in chips) 
Seat 6: Ilis-@374 ($0.60 in chips) 
Seat 7: zero grav420 ($5.40 in chips) 
Seat 8: igor77i ($2.29 in chips) 
castom127: posts small blind $0.01
10041980: posts big blind $0.02
hugojrh: sits out 
*** HOLE CARDS ***
Dealt to Dorex2007 [Ac Kd]
Dorex2007: raises $0.04 to $0.06
LuisLlumpo: folds 
Ilis-@374: calls $0.06
zero grav420: folds 
igor77i: folds 
Nagrevala: calls $0.06
castom127: calls $0.05
igor77i leaves the table
10041980: folds 
*** FLOP *** [Jd 4d 6d]
castom127: checks 
Dorex2007: bets $0.25
Ilis-@374: folds 
Nagrevala: calls $0.25
castom127: folds 
*** TURN *** [Jd 4d 6d] [Jc]
OldRasta1984 joins the table at seat #8 
Dorex2007: bets $0.37
Nagrevala: calls $0.37
*** RIVER *** [Jd 4d 6d Jc] [Jh]
Dorex2007: bets $1.32 and is all-in
Nagrevala: calls $0.94 and is all-in
Uncalled bet ($0.38) returned to Dorex2007
*** SHOW DOWN ***
Dorex2007: shows [Ac Kd] (three of a kind, Jacks)
Nagrevala: shows [5d 3d] (a flush, Jack high)
Nagrevala collected $3.26 from pot
*** SUMMARY ***
Total pot $3.38 | Rake $0.12 
Board [Jd 4d 6d Jc Jh]
Seat 1: Nagrevala (button) showed [5d 3d] and won ($3.26) with a flush, Jack high
Seat 2: castom127 (small blind) folded on the Flop
Seat 3: 10041980 (big blind) folded before Flop
Seat 4: Dorex2007 showed [Ac Kd] and lost with three of a kind, Jacks
Seat 5: LuisLlumpo folded before Flop (didn't bet)
Seat 6: Ilis-@374 folded on the Flop
Seat 7: zero grav420 folded before Flop (didn't bet)
Seat 8: igor77i folded before Flop (didn't bet)



PokerStars Hand #230311940674:  Hold'em No Limit ($0.01/$0.02 USD) - 2021/10/02 20:43:19 PT [2021/10/02 23:43:19 ET]
Table 'Theobalda II' 9-max Seat #2 is the button
Seat 1: Nagrevala ($3.26 in chips) 
Seat 2: castom127 ($0.72 in chips) 
Seat 3: 10041980 ($2.17 in chips) 
Seat 4: Dorex2007 ($2 in chips) 
Seat 5: LuisLlumpo ($0.53 in chips) 
Seat 6: Ilis-@374 ($0.54 in chips) 
Seat 7: zero grav420 ($5.40 in chips) 
Seat 9: hugojrh ($2 in chips) 
10041980: posts small blind $0.01
Dorex2007: posts big blind $0.02
OldRasta1984: sits out 
hugojrh: posts big blind $0.02
*** HOLE CARDS ***
Dealt to Dorex2007 [5h 8c]
LuisLlumpo: folds 
Ilis-@374: raises $0.02 to $0.04
zero grav420: folds 
hugojrh: folds 
Nagrevala: folds 
castom127: calls $0.04
10041980: folds 
Dorex2007: folds 
*** FLOP *** [9h 5s 6c]
Ilis-@374: bets $0.02
castom127: calls $0.02
*** TURN *** [9h 5s 6c] [Jd]
Ilis-@374: bets $0.02
castom127: calls $0.02
*** RIVER *** [9h 5s 6c Jd] [As]
Ilis-@374: bets $0.02
castom127: folds 
Uncalled bet ($0.02) returned to Ilis-@374
Ilis-@374 collected $0.20 from pot
Ilis-@374: doesn't show hand 
*** SUMMARY ***
Total pot $0.21 | Rake $0.01 
Board [9h 5s 6c Jd As]
Seat 1: Nagrevala folded before Flop (didn't bet)
Seat 2: castom127 (button) folded on the River
Seat 3: 10041980 (small blind) folded before Flop
Seat 4: Dorex2007 (big blind) folded before Flop
Seat 5: LuisLlumpo folded before Flop (didn't bet)
Seat 6: Ilis-@374 collected ($0.20)
Seat 7: zero grav420 folded before Flop (didn't bet)
Seat 9: hugojrh folded before Flop (didn't bet)



PokerStars Hand #230311954539:  Hold'em No Limit ($0.01/$0.02 USD) - 2021/10/02 20:44:22 PT [2021/10/02 23:44:22 ET]
Table 'Theobalda II' 9-max Seat #3 is the button
Seat 1: Nagrevala ($3.26 in chips) 
Seat 2: castom127 ($0.64 in chips) 
Seat 3: 10041980 ($2.16 in chips) 
Seat 4: Dorex2007 ($2 in chips) 
Seat 5: LuisLlumpo ($0.53 in chips) 
Seat 6: Ilis-@374 ($0.66 in chips) 
Seat 7: zero grav420 ($5.40 in chips) 
Seat 9: hugojrh ($1.98 in chips) 
Dorex2007: posts small blind $0.01
LuisLlumpo: posts big blind $0.02
OldRasta1984: sits out 
*** HOLE CARDS ***
Dealt to Dorex2007 [2h Qc]
Ilis-@374: folds 
zero grav420: folds 
hugojrh: folds 
Nagrevala: raises $0.02 to $0.04
castom127: folds 
10041980: folds 
Dorex2007: folds 
LuisLlumpo: raises $0.06 to $0.10
Nagrevala: folds 
Uncalled bet ($0.06) returned to LuisLlumpo
LuisLlumpo collected $0.09 from pot
LuisLlumpo: doesn't show hand 
*** SUMMARY ***
Total pot $0.09 | Rake $0 
Seat 1: Nagrevala folded before Flop
Seat 2: castom127 folded before Flop (didn't bet)
Seat 3: 10041980 (button) folded before Flop (didn't bet)
Seat 4: Dorex2007 (small blind) folded before Flop
Seat 5: LuisLlumpo (big blind) collected ($0.09)
Seat 6: Ilis-@374 folded before Flop (didn't bet)
Seat 7: zero grav420 folded before Flop (didn't bet)
Seat 9: hugojrh folded before Flop (didn't bet)



PokerStars Hand #230311960824:  Hold'em No Limit ($0.01/$0.02 USD) - 2021/10/02 20:44:58 PT [2021/10/02 23:44:58 ET]
Table 'Theobalda II' 9-max Seat #4 is the button
Seat 1: Nagrevala ($3.22 in chips) 
Seat 2: castom127 ($0.64 in chips) 
Seat 3: 10041980 ($2.16 in chips) 
Seat 4: Dorex2007 ($2 in chips) 
Seat 5: LuisLlumpo ($0.58 in chips) 
Seat 6: Ilis-@374 ($0.66 in chips) 
Seat 7: zero grav420 ($5.40 in chips) 
Seat 9: hugojrh ($1.98 in chips) 
LuisLlumpo: posts small blind $0.01
Ilis-@374: posts big blind $0.02
OldRasta1984: sits out 
*** HOLE CARDS ***
Dealt to Dorex2007 [8d 3h]
zero grav420: calls $0.02
hugojrh: folds 
Nagrevala: raises $0.04 to $0.06
castom127: raises $0.12 to $0.18
10041980: folds 
Dorex2007: folds 
LuisLlumpo: folds 
Ilis-@374: folds 
zero grav420: folds 
Nagrevala: folds 
Uncalled bet ($0.12) returned to castom127
castom127 collected $0.17 from pot
castom127: doesn't show hand 
*** SUMMARY ***
Total pot $0.17 | Rake $0 
Seat 1: Nagrevala folded before Flop
Seat 2: castom127 collected ($0.17)
Seat 3: 10041980 folded before Flop (didn't bet)
Seat 4: Dorex2007 (button) folded before Flop (didn't bet)
Seat 5: LuisLlumpo (small blind) folded before Flop
Seat 6: Ilis-@374 (big blind) folded before Flop
Seat 7: zero grav420 folded before Flop
Seat 9: hugojrh folded before Flop (didn't bet)



PokerStars Hand #230311969608:  Hold'em No Limit ($0.01/$0.02 USD) - 2021/10/02 20:45:49 PT [2021/10/02 23:45:49 ET]
Table 'Theobalda II' 9-max Seat #5 is the button
Seat 1: Nagrevala ($3.16 in chips) 
Seat 2: castom127 ($0.75 in chips) 
Seat 3: 10041980 ($2.16 in chips) 
Seat 4: Dorex2007 ($2 in chips) 
Seat 5: LuisLlumpo ($0.57 in chips) 
Seat 6: Ilis-@374 ($0.64 in chips) 
Seat 7: zero grav420 ($5.38 in chips) 
Seat 9: hugojrh ($1.98 in chips) 
Ilis-@374: posts small blind $0.01
zero grav420: posts big blind $0.02
OldRasta1984: sits out 
*** HOLE CARDS ***
Dealt to Dorex2007 [6d Td]
hugojrh: folds 
Nagrevala: folds 
castom127: calls $0.02
10041980: folds 
Dorex2007: folds 
LuisLlumpo: calls $0.02
Ilis-@374: calls $0.01
zero grav420 is disconnected 
zero grav420 is connected 
zero grav420: checks 
*** FLOP *** [Qc 9d 6c]
Ilis-@374: checks 
zero grav420: bets $0.08
castom127: folds 
LuisLlumpo: calls $0.08
Ilis-@374: folds 
*** TURN *** [Qc 9d 6c] [3d]
zero grav420: bets $0.12
LuisLlumpo: folds 
Uncalled bet ($0.12) returned to zero grav420
zero grav420 collected $0.23 from pot
zero grav420: doesn't show hand 
*** SUMMARY ***
Total pot $0.24 | Rake $0.01 
Board [Qc 9d 6c 3d]
Seat 1: Nagrevala folded before Flop (didn't bet)
Seat 2: castom127 folded on the Flop
Seat 3: 10041980 folded before Flop (didn't bet)
Seat 4: Dorex2007 folded before Flop (didn't bet)
Seat 5: LuisLlumpo (button) folded on the Turn
Seat 6: Ilis-@374 (small blind) folded on the Flop
Seat 7: zero grav420 (big blind) collected ($0.23)
Seat 9: hugojrh folded before Flop (didn't bet)



PokerStars Hand #230311986903:  Hold'em No Limit ($0.01/$0.02 USD) - 2021/10/02 20:47:29 PT [2021/10/02 23:47:29 ET]
Table 'Theobalda II' 9-max Seat #6 is the button
Seat 1: Nagrevala ($3.16 in chips) 
Seat 2: castom127 ($0.73 in chips) 
Seat 3: 10041980 ($2.16 in chips) 
Seat 4: Dorex2007 ($2 in chips) 
Seat 5: LuisLlumpo ($0.47 in chips) 
Seat 6: Ilis-@374 ($0.62 in chips) 
Seat 7: zero grav420 ($5.51 in chips) 
Seat 8: OldRasta1984 ($0.80 in chips) 
Seat 9: hugojrh ($1.98 in chips) 
zero grav420: posts small blind $0.01
OldRasta1984: posts big blind $0.02
*** HOLE CARDS ***
Dealt to Dorex2007 [7c Th]
hugojrh: folds 
Nagrevala: raises $0.04 to $0.06
castom127: folds 
10041980: folds 
Dorex2007: folds 
LuisLlumpo: folds 
Ilis-@374: calls $0.06
zero grav420: calls $0.05
OldRasta1984: folds 
*** FLOP *** [9d Ks Qh]
zero grav420: bets $0.19
Nagrevala: calls $0.19
Ilis-@374: raises $0.19 to $0.38
zero grav420: raises $1.14 to $1.52
Nagrevala: raises $1.58 to $3.10 and is all-in
Ilis-@374: calls $0.18 and is all-in
zero grav420: calls $1.58
*** TURN *** [9d Ks Qh] [7d]
*** RIVER *** [9d Ks Qh 7d] [9s]
*** SHOW DOWN ***
zero grav420: shows [Kc 9h] (a full house, Nines full of Kings)
Nagrevala: shows [Qc Qd] (a full house, Queens full of Nines)
Nagrevala collected $4.91 from side pot
Ilis-@374: shows [8d Kd] (two pair, Kings and Nines)
Nagrevala collected $1.81 from main pot
*** SUMMARY ***
Total pot $6.96 Main pot $1.81. Side pot $4.91. | Rake $0.24 
Board [9d Ks Qh 7d 9s]
Seat 1: Nagrevala showed [Qc Qd] and won ($6.72) with a full house, Queens full of Nines
Seat 2: castom127 folded before Flop (didn't bet)
Seat 3: 10041980 folded before Flop (didn't bet)
Seat 4: Dorex2007 folded before Flop (didn't bet)
Seat 5: LuisLlumpo folded before Flop (didn't bet)
Seat 6: Ilis-@374 (button) showed [8d Kd] and lost with two pair, Kings and Nines
Seat 7: zero grav420 (small blind) showed [Kc 9h] and lost with a full house, Nines full of Kings
Seat 8: OldRasta1984 (big blind) folded before Flop
Seat 9: hugojrh folded before Flop (didn't bet)



PokerStars Hand #230311999236:  Hold'em No Limit ($0.01/$0.02 USD) - 2021/10/02 20:48:40 PT [2021/10/02 23:48:40 ET]
Table 'Theobalda II' 9-max Seat #7 is the button
Seat 1: Nagrevala ($6.72 in chips) 
Seat 2: castom127 ($0.73 in chips) 
Seat 3: 10041980 ($2.16 in chips) 
Seat 4: Dorex2007 ($2 in chips) 
Seat 5: LuisLlumpo ($0.47 in chips) 
Seat 7: zero grav420 ($2.35 in chips) 
Seat 8: OldRasta1984 ($0.78 in chips) 
Seat 9: hugojrh ($1.98 in chips) 
OldRasta1984: posts small blind $0.01
hugojrh: posts big blind $0.02
*** HOLE CARDS ***
Dealt to Dorex2007 [8s 3s]
Nagrevala: folds 
castom127: folds 
Ilis-@374 leaves the table
Nagrevala leaves the table
zero grav420 said, "nh"
10041980: raises $0.02 to $0.04
Dorex2007: folds 
LuisLlumpo: folds 
LuisLlumpo leaves the table
zero grav420: folds 
OldRasta1984: folds 
hugojrh: folds 
Uncalled bet ($0.02) returned to 10041980
10041980 collected $0.05 from pot
*** SUMMARY ***
Total pot $0.05 | Rake $0 
Seat 1: Nagrevala folded before Flop (didn't bet)
Seat 2: castom127 folded before Flop (didn't bet)
Seat 3: 10041980 collected ($0.05)
Seat 4: Dorex2007 folded before Flop (didn't bet)
Seat 5: LuisLlumpo folded before Flop (didn't bet)
Seat 7: zero grav420 (button) folded before Flop (didn't bet)
Seat 8: OldRasta1984 (small blind) folded before Flop
Seat 9: hugojrh (big blind) folded before Flop



PokerStars Hand #230312004942:  Hold'em No Limit ($0.01/$0.02 USD) - 2021/10/02 20:49:13 PT [2021/10/02 23:49:13 ET]
Table 'Theobalda II' 9-max Seat #8 is the button
Seat 2: castom127 ($0.73 in chips) 
Seat 3: 10041980 ($2.19 in chips) 
Seat 4: Dorex2007 ($2 in chips) 
Seat 7: zero grav420 ($2.35 in chips) 
Seat 8: OldRasta1984 ($0.77 in chips) 
Seat 9: hugojrh ($1.96 in chips) 
hugojrh: posts small blind $0.01
castom127: posts big blind $0.02
*** HOLE CARDS ***
Dealt to Dorex2007 [8h 6h]
10041980: folds 
Dorex2007: folds 
zero grav420: raises $0.05 to $0.07
OldRasta1984: folds 
hugojrh: folds 
nanedsRS joins the table at seat #5 
castom127: raises $0.66 to $0.73 and is all-in
zero grav420: calls $0.66
*** FLOP *** [8c 6d 9s]
*** TURN *** [8c 6d 9s] [3d]
*** RIVER *** [8c 6d 9s 3d] [Ks]
*** SHOW DOWN ***
castom127: shows [Tc Ts] (a pair of Tens)
zero grav420: shows [Qh Th] (high card King)
castom127 collected $1.42 from pot
*** SUMMARY ***
Total pot $1.47 | Rake $0.05 
Board [8c 6d 9s 3d Ks]
Seat 2: castom127 (big blind) showed [Tc Ts] and won ($1.42) with a pair of Tens
Seat 3: 10041980 folded before Flop (didn't bet)
Seat 4: Dorex2007 folded before Flop (didn't bet)
Seat 7: zero grav420 showed [Qh Th] and lost with high card King
Seat 8: OldRasta1984 (button) folded before Flop (didn't bet)
Seat 9: hugojrh (small blind) folded before Flop



PokerStars Hand #230312013054:  Hold'em No Limit ($0.01/$0.02 USD) - 2021/10/02 20:49:55 PT [2021/10/02 23:49:55 ET]
Table 'Theobalda II' 9-max Seat #9 is the button
Seat 2: castom127 ($1.42 in chips) 
Seat 3: 10041980 ($2.19 in chips) 
Seat 4: Dorex2007 ($2 in chips) 
Seat 7: zero grav420 ($1.62 in chips) 
Seat 8: OldRasta1984 ($0.77 in chips) 
Seat 9: hugojrh ($1.95 in chips) 
castom127: posts small blind $0.01
10041980: posts big blind $0.02
nanedsRS: sits out 
*** HOLE CARDS ***
Dealt to Dorex2007 [Js Jc]
Dorex2007: raises $0.04 to $0.06
zero grav420: calls $0.06
OldRasta1984: folds 
hugojrh: folds 
castom127: folds 
10041980: folds 
*** FLOP *** [Td Th Kd]
Dorex2007: checks 
zero grav420: bets $0.14
Dorex2007: folds 
Uncalled bet ($0.14) returned to zero grav420
zero grav420 collected $0.14 from pot
zero grav420: doesn't show hand 
*** SUMMARY ***
Total pot $0.15 | Rake $0.01 
Board [Td Th Kd]
Seat 2: castom127 (small blind) folded before Flop
Seat 3: 10041980 (big blind) folded before Flop
Seat 4: Dorex2007 folded on the Flop
Seat 7: zero grav420 collected ($0.14)
Seat 8: OldRasta1984 folded before Flop (didn't bet)
Seat 9: hugojrh (button) folded before Flop (didn't bet)



PokerStars Hand #230312019606:  Hold'em No Limit ($0.01/$0.02 USD) - 2021/10/02 20:50:33 PT [2021/10/02 23:50:33 ET]
Table 'Theobalda II' 9-max Seat #2 is the button
Seat 2: castom127 ($1.41 in chips) 
Seat 3: 10041980 ($2.17 in chips) 
Seat 4: Dorex2007 ($2 in chips) 
Seat 7: zero grav420 ($1.70 in chips) 
Seat 8: OldRasta1984 ($0.77 in chips) 
Seat 9: hugojrh ($1.95 in chips) 
10041980: posts small blind $0.01
Dorex2007: posts big blind $0.02
nanedsRS: sits out 
*** HOLE CARDS ***
Dealt to Dorex2007 [4s 6h]
zero grav420: folds 
OldRasta1984: folds 
hugojrh: folds 
castom127: calls $0.02
10041980: folds 
Dorex2007: checks 
*** FLOP *** [Jh 7c 8h]
DoubleAngle314 joins the table at seat #6 
Dorex2007: checks 
castom127: bets $0.04
Dorex2007: folds 
Uncalled bet ($0.04) returned to castom127
castom127 collected $0.05 from pot
castom127: doesn't show hand 
*** SUMMARY ***
Total pot $0.05 | Rake $0 
Board [Jh 7c 8h]
Seat 2: castom127 (button) collected ($0.05)
Seat 3: 10041980 (small blind) folded before Flop
Seat 4: Dorex2007 (big blind) folded on the Flop
Seat 7: zero grav420 folded before Flop (didn't bet)
Seat 8: OldRasta1984 folded before Flop (didn't bet)
Seat 9: hugojrh folded before Flop (didn't bet)



PokerStars Hand #230312028026:  Hold'em No Limit ($0.01/$0.02 USD) - 2021/10/02 20:51:22 PT [2021/10/02 23:51:22 ET]
Table 'Theobalda II' 9-max Seat #3 is the button
Seat 2: castom127 ($1.44 in chips) 
Seat 3: 10041980 ($2.16 in chips) 
Seat 4: Dorex2007 ($2 in chips) 
Seat 5: nanedsRS ($1.21 in chips) 
Seat 7: zero grav420 ($1.70 in chips) 
Seat 8: OldRasta1984 ($0.77 in chips) 
Seat 9: hugojrh ($1.95 in chips) 
Dorex2007: posts small blind $0.01
nanedsRS: posts big blind $0.02
DoubleAngle314: sits out 
*** HOLE CARDS ***
Dealt to Dorex2007 [Th 4d]
nadokesh joins the table at seat #1 
zero grav420: raises $0.04 to $0.06
OldRasta1984: folds 
hugojrh has timed out
hugojrh: folds 
castom127: folds 
10041980: folds 
Dorex2007: calls $0.05
nanedsRS: calls $0.04
*** FLOP *** [3s 5c Qc]
Dorex2007: checks 
nanedsRS: bets $0.02
zero grav420: raises $0.21 to $0.23
Dorex2007: folds 
nanedsRS: calls $0.21
*** TURN *** [3s 5c Qc] [3h]
nanedsRS: bets $0.02
zero grav420: calls $0.02
*** RIVER *** [3s 5c Qc 3h] [7d]
nanedsRS: bets $0.02
zero grav420: calls $0.02
*** SHOW DOWN ***
nanedsRS: shows [Qd 9d] (two pair, Queens and Threes)
zero grav420: mucks hand 
nanedsRS collected $0.69 from pot
*** SUMMARY ***
Total pot $0.72 | Rake $0.03 
Board [3s 5c Qc 3h 7d]
Seat 2: castom127 folded before Flop (didn't bet)
Seat 3: 10041980 (button) folded before Flop (didn't bet)
Seat 4: Dorex2007 (small blind) folded on the Flop
Seat 5: nanedsRS (big blind) showed [Qd 9d] and won ($0.69) with two pair, Queens and Threes
Seat 7: zero grav420 mucked [Ac 7c]
Seat 8: OldRasta1984 folded before Flop (didn't bet)
Seat 9: hugojrh folded before Flop (didn't bet)



PokerStars Hand #230312039191:  Hold'em No Limit ($0.01/$0.02 USD) - 2021/10/02 20:52:27 PT [2021/10/02 23:52:27 ET]
Table 'Theobalda II' 9-max Seat #4 is the button
Seat 2: castom127 ($1.44 in chips) 
Seat 3: 10041980 ($2.16 in chips) 
Seat 4: Dorex2007 ($2 in chips) 
Seat 5: nanedsRS ($1.57 in chips) 
Seat 6: DoubleAngle314 ($2 in chips) 
Seat 7: zero grav420 ($1.37 in chips) 
Seat 8: OldRasta1984 ($0.77 in chips) 
Seat 9: hugojrh ($1.95 in chips) 
nanedsRS: posts small blind $0.01
DoubleAngle314: posts big blind $0.02
nadokesh: sits out 
*** HOLE CARDS ***
Dealt to Dorex2007 [Jh 6c]
zero grav420: folds 
OldRasta1984: folds 
hugojrh is disconnected 
hugojrh is connected 
hugojrh: calls $0.02
castom127: raises $0.02 to $0.04
10041980: folds 
Dorex2007: folds 
nanedsRS: calls $0.03
DoubleAngle314: calls $0.02
hugojrh: raises $0.16 to $0.20
castom127: calls $0.16
nanedsRS: folds 
DoubleAngle314: calls $0.16
*** FLOP *** [4c Th 4s]
DoubleAngle314: checks 
hugojrh: bets $0.37
castom127: folds 
DoubleAngle314: folds 
Uncalled bet ($0.37) returned to hugojrh
hugojrh collected $0.62 from pot
hugojrh: doesn't show hand 
*** SUMMARY ***
Total pot $0.64 | Rake $0.02 
Board [4c Th 4s]
Seat 2: castom127 folded on the Flop
Seat 3: 10041980 folded before Flop (didn't bet)
Seat 4: Dorex2007 (button) folded before Flop (didn't bet)
Seat 5: nanedsRS (small blind) folded before Flop
Seat 6: DoubleAngle314 (big blind) folded on the Flop
Seat 7: zero grav420 folded before Flop (didn't bet)
Seat 8: OldRasta1984 folded before Flop (didn't bet)
Seat 9: hugojrh collected ($0.62)



PokerStars Hand #230312051967:  Hold'em No Limit ($0.01/$0.02 USD) - 2021/10/02 20:53:27 PT [2021/10/02 23:53:27 ET]
Table 'Theobalda II' 9-max Seat #5 is the button
Seat 2: castom127 ($1.24 in chips) 
Seat 3: 10041980 ($2.16 in chips) 
Seat 4: Dorex2007 ($2 in chips) 
Seat 5: nanedsRS ($1.53 in chips) 
Seat 6: DoubleAngle314 ($1.80 in chips) 
Seat 7: zero grav420 ($1.37 in chips) 
Seat 8: OldRasta1984 ($0.77 in chips) 
Seat 9: hugojrh ($2.37 in chips) 
DoubleAngle314: posts small blind $0.01
zero grav420: posts big blind $0.02
nadokesh: sits out 
*** HOLE CARDS ***
Dealt to Dorex2007 [3s Ad]
OldRasta1984: folds 
hugojrh has timed out
hugojrh: folds 
castom127: raises $0.02 to $0.04
10041980: folds 
Dorex2007: folds 
nanedsRS: folds 
DoubleAngle314: folds 
zero grav420: calls $0.02
*** FLOP *** [Qc Ac 3d]
zero grav420: checks 
castom127: bets $0.06
zero grav420: folds 
Uncalled bet ($0.06) returned to castom127
castom127 collected $0.09 from pot
castom127: doesn't show hand 
*** SUMMARY ***
Total pot $0.09 | Rake $0 
Board [Qc Ac 3d]
Seat 2: castom127 collected ($0.09)
Seat 3: 10041980 folded before Flop (didn't bet)
Seat 4: Dorex2007 folded before Flop (didn't bet)
Seat 5: nanedsRS (button) folded before Flop (didn't bet)
Seat 6: DoubleAngle314 (small blind) folded before Flop
Seat 7: zero grav420 (big blind) folded on the Flop
Seat 8: OldRasta1984 folded before Flop (didn't bet)
Seat 9: hugojrh folded before Flop (didn't bet)



PokerStars Hand #230312059683:  Hold'em No Limit ($0.01/$0.02 USD) - 2021/10/02 20:54:13 PT [2021/10/02 23:54:13 ET]
Table 'Theobalda II' 9-max Seat #6 is the button
Seat 2: castom127 ($1.29 in chips) 
Seat 3: 10041980 ($2.16 in chips) 
Seat 4: Dorex2007 ($2 in chips) 
Seat 5: nanedsRS ($1.53 in chips) 
Seat 6: DoubleAngle314 ($1.79 in chips) 
Seat 7: zero grav420 ($1.33 in chips) 
Seat 8: OldRasta1984 ($0.77 in chips) 
zero grav420: posts small blind $0.01
OldRasta1984: posts big blind $0.02
nadokesh: sits out 
*** HOLE CARDS ***
Dealt to Dorex2007 [4d 6d]
castom127: folds 
10041980: folds 
Dorex2007: folds 
nanedsRS: calls $0.02
DoubleAngle314: calls $0.02
zero grav420: calls $0.01
OldRasta1984: raises $0.08 to $0.10
nanedsRS: raises $0.08 to $0.18
DoubleAngle314: folds 
zero grav420: folds 
OldRasta1984: calls $0.08
*** FLOP *** [6c 9h Ad]
OldRasta1984: checks 
nanedsRS: bets $0.02
OldRasta1984: calls $0.02
*** TURN *** [6c 9h Ad] [8h]
OldRasta1984: checks 
nanedsRS: bets $0.02
OldRasta1984: raises $0.28 to $0.30
nanedsRS: calls $0.28
*** RIVER *** [6c 9h Ad 8h] [7d]
OldRasta1984: bets $0.27 and is all-in
nanedsRS: calls $0.27
*** SHOW DOWN ***
OldRasta1984: shows [Kd As] (a pair of Aces)
nanedsRS: shows [Jd Ts] (a straight, Seven to Jack)
nanedsRS collected $1.52 from pot
*** SUMMARY ***
Total pot $1.58 | Rake $0.06 
Board [6c 9h Ad 8h 7d]
Seat 2: castom127 folded before Flop (didn't bet)
Seat 3: 10041980 folded before Flop (didn't bet)
Seat 4: Dorex2007 folded before Flop (didn't bet)
Seat 5: nanedsRS showed [Jd Ts] and won ($1.52) with a straight, Seven to Jack
Seat 6: DoubleAngle314 (button) folded before Flop
Seat 7: zero grav420 (small blind) folded before Flop
Seat 8: OldRasta1984 (big blind) showed [Kd As] and lost with a pair of Aces



PokerStars Hand #230312070946:  Hold'em No Limit ($0.01/$0.02 USD) - 2021/10/02 20:55:24 PT [2021/10/02 23:55:24 ET]
Table 'Theobalda II' 9-max Seat #7 is the button
Seat 2: castom127 ($1.29 in chips) 
Seat 3: 10041980 ($2.16 in chips) 
Seat 4: Dorex2007 ($2 in chips) 
Seat 5: nanedsRS ($2.28 in chips) 
Seat 6: DoubleAngle314 ($1.77 in chips) 
Seat 7: zero grav420 ($1.31 in chips) 
Seat 8: OldRasta1984 ($0.80 in chips) 
Seat 9: hugojrh ($2.37 in chips) 
OldRasta1984: posts small blind $0.01
hugojrh: posts big blind $0.02
nadokesh: sits out 
*** HOLE CARDS ***
Dealt to Dorex2007 [Ts Kd]
castom127: calls $0.02
10041980: folds 
Dorex2007: folds 
nanedsRS: folds 
DoubleAngle314: folds 
zero grav420: calls $0.02
OldRasta1984: folds 
hugojrh: checks 
*** FLOP *** [6c 8c 6h]
hugojrh: checks 
castom127: checks 
zero grav420: bets $0.07
nanedsRS leaves the table
hugojrh: folds 
castom127: folds 
Uncalled bet ($0.07) returned to zero grav420
zero grav420 collected $0.07 from pot
zero grav420: doesn't show hand 
*** SUMMARY ***
Total pot $0.07 | Rake $0 
Board [6c 8c 6h]
Seat 2: castom127 folded on the Flop
Seat 3: 10041980 folded before Flop (didn't bet)
Seat 4: Dorex2007 folded before Flop (didn't bet)
Seat 5: nanedsRS folded before Flop (didn't bet)
Seat 6: DoubleAngle314 folded before Flop (didn't bet)
Seat 7: zero grav420 (button) collected ($0.07)
Seat 8: OldRasta1984 (small blind) folded before Flop
Seat 9: hugojrh (big blind) folded on the Flop



PokerStars Hand #230312080800:  Hold'em No Limit ($0.01/$0.02 USD) - 2021/10/02 20:56:02 PT [2021/10/02 23:56:02 ET]
Table 'Theobalda II' 9-max Seat #8 is the button
Seat 1: nadokesh ($2 in chips) 
Seat 2: castom127 ($1.27 in chips) 
Seat 3: 10041980 ($2.16 in chips) 
Seat 4: Dorex2007 ($2 in chips) 
Seat 6: DoubleAngle314 ($1.77 in chips) 
Seat 7: zero grav420 ($1.36 in chips) 
Seat 8: OldRasta1984 ($0.79 in chips) 
Seat 9: hugojrh ($2.35 in chips) 
hugojrh: posts small blind $0.01
nadokesh: posts big blind $0.02
*** HOLE CARDS ***
Dealt to Dorex2007 [2d Js]
Sweettooth1984 joins the table at seat #5 
castom127: folds 
10041980: folds 
Dorex2007: folds 
DoubleAngle314: folds 
zero grav420: folds 
OldRasta1984: folds 
hugojrh: calls $0.01
castom127 leaves the table
nadokesh has timed out
nadokesh: checks 
*** FLOP *** [Td Jh 6c]
hugojrh: checks 
shawmoney joins the table at seat #2 
nadokesh: checks 
*** TURN *** [Td Jh 6c] [Kc]
hugojrh: checks 
nadokesh: checks 
*** RIVER *** [Td Jh 6c Kc] [Jc]
hugojrh: checks 
nadokesh: checks 
*** SHOW DOWN ***
hugojrh: shows [Ad 4d] (a pair of Jacks)
nadokesh: shows [5c Th] (two pair, Jacks and Tens)
nadokesh collected $0.04 from pot
*** SUMMARY ***
Total pot $0.04 | Rake $0 
Board [Td Jh 6c Kc Jc]
Seat 1: nadokesh (big blind) showed [5c Th] and won ($0.04) with two pair, Jacks and Tens
Seat 2: castom127 folded before Flop (didn't bet)
Seat 3: 10041980 folded before Flop (didn't bet)
Seat 4: Dorex2007 folded before Flop (didn't bet)
Seat 6: DoubleAngle314 folded before Flop (didn't bet)
Seat 7: zero grav420 folded before Flop (didn't bet)
Seat 8: OldRasta1984 (button) folded before Flop (didn't bet)
Seat 9: hugojrh (small blind) showed [Ad 4d] and lost with a pair of Jacks



PokerStars Hand #230312090051:  Hold'em No Limit ($0.01/$0.02 USD) - 2021/10/02 20:57:10 PT [2021/10/02 23:57:10 ET]
Table 'Theobalda II' 9-max Seat #9 is the button
Seat 1: nadokesh ($2.02 in chips) 
Seat 2: shawmoney ($1.60 in chips) 
Seat 3: 10041980 ($2.16 in chips) 
Seat 4: Dorex2007 ($2 in chips) 
Seat 6: DoubleAngle314 ($1.77 in chips) 
Seat 7: zero grav420 ($1.36 in chips) 
Seat 8: OldRasta1984 ($0.79 in chips) 
Seat 9: hugojrh ($2.33 in chips) 
nadokesh: posts small blind $0.01
shawmoney: posts big blind $0.02
Sweettooth1984: sits out 
*** HOLE CARDS ***
Dealt to Dorex2007 [Js Qd]
10041980: folds 
Dorex2007: folds 
DoubleAngle314: raises $0.04 to $0.06
zero grav420: raises $0.04 to $0.10
OldRasta1984: folds 
hugojrh: folds 
nadokesh: folds 
shawmoney: folds 
DoubleAngle314: calls $0.04
*** FLOP *** [Ks 9c Jc]
DoubleAngle314: checks 
zero grav420: bets $0.22
DoubleAngle314: calls $0.22
*** TURN *** [Ks 9c Jc] [4s]
DoubleAngle314: checks 
zero grav420: bets $0.65
DoubleAngle314: raises $0.80 to $1.45 and is all-in
zero grav420: calls $0.39 and is all-in
Uncalled bet ($0.41) returned to DoubleAngle314
*** RIVER *** [Ks 9c Jc 4s] [3h]
*** SHOW DOWN ***
DoubleAngle314: shows [Tc Kd] (a pair of Kings)
zero grav420: shows [Ac Ad] (a pair of Aces)
zero grav420 collected $2.65 from pot
*** SUMMARY ***
Total pot $2.75 | Rake $0.10 
Board [Ks 9c Jc 4s 3h]
Seat 1: nadokesh (small blind) folded before Flop
Seat 2: shawmoney (big blind) folded before Flop
Seat 3: 10041980 folded before Flop (didn't bet)
Seat 4: Dorex2007 folded before Flop (didn't bet)
Seat 6: DoubleAngle314 showed [Tc Kd] and lost with a pair of Kings
Seat 7: zero grav420 showed [Ac Ad] and won ($2.65) with a pair of Aces
Seat 8: OldRasta1984 folded before Flop (didn't bet)
Seat 9: hugojrh (button) folded before Flop (didn't bet)



PokerStars Hand #230312098278:  Hold'em No Limit ($0.01/$0.02 USD) - 2021/10/02 20:58:08 PT [2021/10/02 23:58:08 ET]
Table 'Theobalda II' 9-max Seat #1 is the button
Seat 1: nadokesh ($2.01 in chips) 
Seat 2: shawmoney ($1.58 in chips) 
Seat 3: 10041980 ($2.16 in chips) 
Seat 4: Dorex2007 ($2 in chips) 
Seat 6: DoubleAngle314 ($0.41 in chips) 
Seat 7: zero grav420 ($2.65 in chips) 
Seat 8: OldRasta1984 ($0.79 in chips) 
Seat 9: hugojrh ($2.33 in chips) 
shawmoney: posts small blind $0.01
10041980: posts big blind $0.02
Sweettooth1984: sits out 
*** HOLE CARDS ***
Dealt to Dorex2007 [Ac Ts]
Dorex2007: folds 
DoubleAngle314: folds 
zero grav420: calls $0.02
OldRasta1984: folds 
hugojrh: folds 
nadokesh: folds 
shawmoney: folds 
10041980: checks 
*** FLOP *** [9d 9h Jd]
10041980: checks 
zero grav420: bets $0.05
10041980: folds 
Uncalled bet ($0.05) returned to zero grav420
zero grav420 collected $0.05 from pot
zero grav420: doesn't show hand 
*** SUMMARY ***
Total pot $0.05 | Rake $0 
Board [9d 9h Jd]
Seat 1: nadokesh (button) folded before Flop (didn't bet)
Seat 2: shawmoney (small blind) folded before Flop
Seat 3: 10041980 (big blind) folded on the Flop
Seat 4: Dorex2007 folded before Flop (didn't bet)
Seat 6: DoubleAngle314 folded before Flop (didn't bet)
Seat 7: zero grav420 collected ($0.05)
Seat 8: OldRasta1984 folded before Flop (didn't bet)
Seat 9: hugojrh folded before Flop (didn't bet)



PokerStars Hand #230312114670:  Hold'em No Limit ($0.01/$0.02 USD) - 2021/10/02 20:59:01 PT [2021/10/02 23:59:01 ET]
Table 'Theobalda II' 9-max Seat #2 is the button
Seat 1: nadokesh ($2.01 in chips) 
Seat 2: shawmoney ($1.57 in chips) 
Seat 3: 10041980 ($2.14 in chips) 
Seat 4: Dorex2007 ($2 in chips) 
Seat 6: DoubleAngle314 ($0.41 in chips) 
Seat 7: zero grav420 ($2.68 in chips) 
Seat 8: OldRasta1984 ($0.79 in chips) 
Seat 9: hugojrh ($2.33 in chips) 
10041980: posts small blind $0.01
Dorex2007: posts big blind $0.02
Sweettooth1984: sits out 
*** HOLE CARDS ***
Dealt to Dorex2007 [Ah 3s]
DoubleAngle314: folds 
zero grav420: calls $0.02
OldRasta1984: folds 
hugojrh: folds 
nadokesh: folds 
shawmoney: folds 
10041980: calls $0.01
Dorex2007: checks 
*** FLOP *** [Jd 9c 6s]
10041980: checks 
Dorex2007: checks 
zero grav420: checks 
*** TURN *** [Jd 9c 6s] [7s]
10041980: checks 
Dorex2007: checks 
zero grav420: checks 
*** RIVER *** [Jd 9c 6s 7s] [3c]
10041980: checks 
Dorex2007: bets $0.06
zero grav420: folds 
10041980: folds 
Uncalled bet ($0.06) returned to Dorex2007
Dorex2007 collected $0.06 from pot
Dorex2007: doesn't show hand 
*** SUMMARY ***
Total pot $0.06 | Rake $0 
Board [Jd 9c 6s 7s 3c]
Seat 1: nadokesh folded before Flop (didn't bet)
Seat 2: shawmoney (button) folded before Flop (didn't bet)
Seat 3: 10041980 (small blind) folded on the River
Seat 4: Dorex2007 (big blind) collected ($0.06)
Seat 6: DoubleAngle314 folded before Flop (didn't bet)
Seat 7: zero grav420 folded on the River
Seat 8: OldRasta1984 folded before Flop (didn't bet)
Seat 9: hugojrh folded before Flop (didn't bet)



