PokerStars Hand #237305106189:  Hold'em No Limit ($0.01/$0.02 USD) - 2022/07/11 16:33:56 PT [2022/07/11 19:33:56 ET]
Table 'Prylis III' 9-max Seat #4 is the button
Seat 2: The_Reiver ($2 in chips) 
Seat 3: Dorex2007 ($2 in chips) 
Seat 4: brunoqpires ($0.48 in chips) 
Seat 5: rafaster20 ($0.74 in chips) 
Seat 6: geyza15 ($4.27 in chips) 
Seat 7: caiotressi ($2.02 in chips) 
Seat 9: Almanza63 ($2.80 in chips) 
rafaster20: posts small blind $0.01
geyza15: posts big blind $0.02
Jessypcx: sits out 
0010110010: sits out 
Dorex2007: posts big blind $0.02
*** HOLE CARDS ***
Dealt to Dorex2007 [Qh 7d]
caiotressi has timed out
caiotressi: folds 
Almanza63: folds 
The_Reiver: folds 
Dorex2007: checks 
brunoqpires: folds 
rafaster20: calls $0.01
geyza15: raises $0.06 to $0.08
Dorex2007: folds 
rafaster20: folds 
Uncalled bet ($0.06) returned to geyza15
geyza15 collected $0.06 from pot
*** SUMMARY ***
Total pot $0.06 | Rake $0 
Seat 2: The_Reiver folded before Flop (didn't bet)
Seat 3: Dorex2007 folded before Flop (didn't bet)
Seat 4: brunoqpires (button) folded before Flop (didn't bet)
Seat 5: rafaster20 (small blind) folded before Flop
Seat 6: geyza15 (big blind) collected ($0.06)
Seat 7: caiotressi folded before Flop (didn't bet)
Seat 9: Almanza63 folded before Flop (didn't bet)



PokerStars Hand #237305114203:  Hold'em No Limit ($0.01/$0.02 USD) - 2022/07/11 16:34:26 PT [2022/07/11 19:34:26 ET]
Table 'Prylis III' 9-max Seat #5 is the button
Seat 2: The_Reiver ($2 in chips) 
Seat 3: Dorex2007 ($2 in chips) 
Seat 4: brunoqpires ($0.48 in chips) 
Seat 5: rafaster20 ($0.72 in chips) 
Seat 6: geyza15 ($4.31 in chips) 
Seat 7: caiotressi ($2.02 in chips) 
Seat 9: Almanza63 ($2.80 in chips) 
geyza15: posts small blind $0.01
caiotressi: posts big blind $0.02
Jessypcx: sits out 
0010110010: sits out 
*** HOLE CARDS ***
Dealt to Dorex2007 [Th 9d]
Almanza63: folds 
The_Reiver: folds 
Dorex2007: folds 
brunoqpires: raises $0.02 to $0.04
rafaster20: folds 
geyza15: folds 
caiotressi: calls $0.02
*** FLOP *** [Ah 6c 5d]
caiotressi: checks 
brunoqpires: bets $0.10
caiotressi: folds 
Uncalled bet ($0.10) returned to brunoqpires
brunoqpires collected $0.09 from pot
*** SUMMARY ***
Total pot $0.09 | Rake $0 
Board [Ah 6c 5d]
Seat 2: The_Reiver folded before Flop (didn't bet)
Seat 3: Dorex2007 folded before Flop (didn't bet)
Seat 4: brunoqpires collected ($0.09)
Seat 5: rafaster20 (button) folded before Flop (didn't bet)
Seat 6: geyza15 (small blind) folded before Flop
Seat 7: caiotressi (big blind) folded on the Flop
Seat 9: Almanza63 folded before Flop (didn't bet)



PokerStars Hand #237305124622:  Hold'em No Limit ($0.01/$0.02 USD) - 2022/07/11 16:35:06 PT [2022/07/11 19:35:06 ET]
Table 'Prylis III' 9-max Seat #6 is the button
Seat 2: The_Reiver ($2 in chips) 
Seat 3: Dorex2007 ($2 in chips) 
Seat 4: brunoqpires ($0.53 in chips) 
Seat 5: rafaster20 ($0.72 in chips) 
Seat 6: geyza15 ($4.30 in chips) 
Seat 7: caiotressi ($1.98 in chips) 
Seat 8: Jessypcx ($0.80 in chips) 
Seat 9: Almanza63 ($2.80 in chips) 
caiotressi: posts small blind $0.01
Jessypcx: posts big blind $0.02
0010110010: sits out 
*** HOLE CARDS ***
Dealt to Dorex2007 [6c 3h]
Almanza63: folds 
The_Reiver: folds 
Dorex2007: folds 
brunoqpires: folds 
rafaster20: folds 
geyza15: raises $0.02 to $0.04
caiotressi: calls $0.03
Jessypcx: folds 
*** FLOP *** [Td 7d Ad]
caiotressi: checks 
geyza15: bets $0.02
caiotressi: folds 
Uncalled bet ($0.02) returned to geyza15
geyza15 collected $0.10 from pot
*** SUMMARY ***
Total pot $0.10 | Rake $0 
Board [Td 7d Ad]
Seat 2: The_Reiver folded before Flop (didn't bet)
Seat 3: Dorex2007 folded before Flop (didn't bet)
Seat 4: brunoqpires folded before Flop (didn't bet)
Seat 5: rafaster20 folded before Flop (didn't bet)
Seat 6: geyza15 (button) collected ($0.10)
Seat 7: caiotressi (small blind) folded on the Flop
Seat 8: Jessypcx (big blind) folded before Flop
Seat 9: Almanza63 folded before Flop (didn't bet)



PokerStars Hand #237305142130:  Hold'em No Limit ($0.01/$0.02 USD) - 2022/07/11 16:35:55 PT [2022/07/11 19:35:55 ET]
Table 'Prylis III' 9-max Seat #7 is the button
Seat 2: The_Reiver ($2 in chips) 
Seat 3: Dorex2007 ($2 in chips) 
Seat 4: brunoqpires ($0.53 in chips) 
Seat 5: rafaster20 ($0.72 in chips) 
Seat 6: geyza15 ($4.36 in chips) 
Seat 7: caiotressi ($1.94 in chips) 
Seat 8: Jessypcx ($0.78 in chips) 
Seat 9: Almanza63 ($2.80 in chips) 
Jessypcx: posts small blind $0.01
Almanza63: posts big blind $0.02
0010110010: sits out 
*** HOLE CARDS ***
Dealt to Dorex2007 [9c Qs]
The_Reiver: folds 
Dorex2007: folds 
brunoqpires: folds 
rafaster20: folds 
geyza15: folds 
caiotressi: folds 
Jessypcx: calls $0.01
Almanza63: checks 
*** FLOP *** [Ah 9s 8d]
Jessypcx: bets $0.02
Almanza63: folds 
Uncalled bet ($0.02) returned to Jessypcx
Jessypcx collected $0.04 from pot
*** SUMMARY ***
Total pot $0.04 | Rake $0 
Board [Ah 9s 8d]
Seat 2: The_Reiver folded before Flop (didn't bet)
Seat 3: Dorex2007 folded before Flop (didn't bet)
Seat 4: brunoqpires folded before Flop (didn't bet)
Seat 5: rafaster20 folded before Flop (didn't bet)
Seat 6: geyza15 folded before Flop (didn't bet)
Seat 7: caiotressi (button) folded before Flop (didn't bet)
Seat 8: Jessypcx (small blind) collected ($0.04)
Seat 9: Almanza63 (big blind) folded on the Flop



PokerStars Hand #237305151269:  Hold'em No Limit ($0.01/$0.02 USD) - 2022/07/11 16:36:31 PT [2022/07/11 19:36:31 ET]
Table 'Prylis III' 9-max Seat #8 is the button
Seat 1: 0010110010 ($2 in chips) 
Seat 2: The_Reiver ($2 in chips) 
Seat 3: Dorex2007 ($2 in chips) 
Seat 4: brunoqpires ($0.53 in chips) 
Seat 5: rafaster20 ($0.72 in chips) 
Seat 6: geyza15 ($4.36 in chips) 
Seat 7: caiotressi ($1.94 in chips) 
Seat 8: Jessypcx ($0.80 in chips) 
Seat 9: Almanza63 ($2.78 in chips) 
Almanza63: posts small blind $0.01
0010110010: posts big blind $0.02
*** HOLE CARDS ***
Dealt to Dorex2007 [6d 2h]
The_Reiver: folds 
Dorex2007: folds 
brunoqpires: calls $0.02
rafaster20: folds 
geyza15: folds 
caiotressi: folds 
Jessypcx: calls $0.02
Almanza63: calls $0.01
0010110010: checks 
*** FLOP *** [5d 9d Kd]
Almanza63: checks 
0010110010: checks 
brunoqpires: bets $0.06
Jessypcx: folds 
Almanza63: folds 
0010110010: folds 
Uncalled bet ($0.06) returned to brunoqpires
brunoqpires collected $0.08 from pot
*** SUMMARY ***
Total pot $0.08 | Rake $0 
Board [5d 9d Kd]
Seat 1: 0010110010 (big blind) folded on the Flop
Seat 2: The_Reiver folded before Flop (didn't bet)
Seat 3: Dorex2007 folded before Flop (didn't bet)
Seat 4: brunoqpires collected ($0.08)
Seat 5: rafaster20 folded before Flop (didn't bet)
Seat 6: geyza15 folded before Flop (didn't bet)
Seat 7: caiotressi folded before Flop (didn't bet)
Seat 8: Jessypcx (button) folded on the Flop
Seat 9: Almanza63 (small blind) folded on the Flop



PokerStars Hand #237305169192:  Hold'em No Limit ($0.01/$0.02 USD) - 2022/07/11 16:37:40 PT [2022/07/11 19:37:40 ET]
Table 'Prylis III' 9-max Seat #9 is the button
Seat 1: 0010110010 ($2 in chips) 
Seat 2: The_Reiver ($2 in chips) 
Seat 3: Dorex2007 ($2 in chips) 
Seat 4: brunoqpires ($0.59 in chips) 
Seat 5: rafaster20 ($0.72 in chips) 
Seat 6: geyza15 ($4.36 in chips) 
Seat 7: caiotressi ($1.94 in chips) 
Seat 8: Jessypcx ($0.78 in chips) 
Seat 9: Almanza63 ($2.76 in chips) 
0010110010: posts small blind $0.01
The_Reiver: posts big blind $0.02
*** HOLE CARDS ***
Dealt to Dorex2007 [Ah 5s]
Dorex2007: folds 
brunoqpires: calls $0.02
rafaster20: folds 
geyza15: folds 
caiotressi: folds 
rafaster20 leaves the table
Jessypcx: calls $0.02
Almanza63: folds 
0010110010: calls $0.01
The_Reiver: checks 
*** FLOP *** [Ks 2c As]
0010110010: checks 
The_Reiver: checks 
brunoqpires: checks 
mmmartendal joins the table at seat #5 
Jessypcx: checks 
*** TURN *** [Ks 2c As] [Kc]
0010110010: checks 
The_Reiver: checks 
brunoqpires: bets $0.06
Jessypcx: folds 
0010110010: folds 
The_Reiver: folds 
Uncalled bet ($0.06) returned to brunoqpires
brunoqpires collected $0.08 from pot
*** SUMMARY ***
Total pot $0.08 | Rake $0 
Board [Ks 2c As Kc]
Seat 1: 0010110010 (small blind) folded on the Turn
Seat 2: The_Reiver (big blind) folded on the Turn
Seat 3: Dorex2007 folded before Flop (didn't bet)
Seat 4: brunoqpires collected ($0.08)
Seat 5: rafaster20 folded before Flop (didn't bet)
Seat 6: geyza15 folded before Flop (didn't bet)
Seat 7: caiotressi folded before Flop (didn't bet)
Seat 8: Jessypcx folded on the Turn
Seat 9: Almanza63 (button) folded before Flop (didn't bet)



PokerStars Hand #237305181742:  Hold'em No Limit ($0.01/$0.02 USD) - 2022/07/11 16:38:28 PT [2022/07/11 19:38:28 ET]
Table 'Prylis III' 9-max Seat #1 is the button
Seat 1: 0010110010 ($2 in chips) 
Seat 2: The_Reiver ($2 in chips) 
Seat 3: Dorex2007 ($2 in chips) 
Seat 4: brunoqpires ($0.65 in chips) 
Seat 6: geyza15 ($4.36 in chips) 
Seat 7: caiotressi ($1.94 in chips) 
Seat 8: Jessypcx ($0.76 in chips) 
Seat 9: Almanza63 ($2.76 in chips) 
The_Reiver: posts small blind $0.01
Dorex2007: posts big blind $0.02
mmmartendal: sits out 
*** HOLE CARDS ***
Dealt to Dorex2007 [Kh Kd]
brunoqpires: folds 
geyza15: folds 
caiotressi: raises $0.04 to $0.06
Jessypcx: folds 
Almanza63: raises $0.13 to $0.19
0010110010: folds 
The_Reiver: folds 
Dorex2007: raises $0.27 to $0.46
caiotressi: folds 
Almanza63: calls $0.27
*** FLOP *** [2h 4s 5d]
Dorex2007: checks 
Almanza63: checks 
*** TURN *** [2h 4s 5d] [9h]
Dorex2007: checks 
Almanza63: bets $0.48
Dorex2007: calls $0.48
*** RIVER *** [2h 4s 5d 9h] [Tc]
Dorex2007: bets $0.20
Almanza63: calls $0.20
*** SHOW DOWN ***
Dorex2007: shows [Kh Kd] (a pair of Kings)
Almanza63: mucks hand 
Dorex2007 collected $2.27 from pot
*** SUMMARY ***
Total pot $2.35 | Rake $0.08 
Board [2h 4s 5d 9h Tc]
Seat 1: 0010110010 (button) folded before Flop (didn't bet)
Seat 2: The_Reiver (small blind) folded before Flop
Seat 3: Dorex2007 (big blind) showed [Kh Kd] and won ($2.27) with a pair of Kings
Seat 4: brunoqpires folded before Flop (didn't bet)
Seat 6: geyza15 folded before Flop (didn't bet)
Seat 7: caiotressi folded before Flop
Seat 8: Jessypcx folded before Flop (didn't bet)
Seat 9: Almanza63 mucked [8d 8c]



PokerStars Hand #237305203253:  Hold'em No Limit ($0.01/$0.02 USD) - 2022/07/11 16:39:52 PT [2022/07/11 19:39:52 ET]
Table 'Prylis III' 9-max Seat #2 is the button
Seat 1: 0010110010 ($2 in chips) 
Seat 2: The_Reiver ($2 in chips) 
Seat 3: Dorex2007 ($3.13 in chips) 
Seat 4: brunoqpires ($0.65 in chips) 
Seat 5: mmmartendal ($0.80 in chips) 
Seat 6: geyza15 ($4.36 in chips) 
Seat 7: caiotressi ($1.88 in chips) 
Seat 8: Jessypcx ($0.76 in chips) 
Seat 9: Almanza63 ($1.62 in chips) 
Dorex2007: posts small blind $0.01
brunoqpires: posts big blind $0.02
mmmartendal: posts big blind $0.02
*** HOLE CARDS ***
Dealt to Dorex2007 [7d Ad]
mmmartendal: checks 
geyza15: folds 
caiotressi: folds 
Jessypcx: folds 
Almanza63: folds 
0010110010: folds 
The_Reiver: folds 
Dorex2007: folds 
brunoqpires: checks 
*** FLOP *** [3s Kh Ah]
brunoqpires: checks 
mmmartendal: checks 
*** TURN *** [3s Kh Ah] [As]
brunoqpires: checks 
mmmartendal: checks 
*** RIVER *** [3s Kh Ah As] [Qd]
brunoqpires: checks 
mmmartendal: checks 
*** SHOW DOWN ***
brunoqpires: shows [8c 3h] (two pair, Aces and Threes)
mmmartendal: shows [Qs 6h] (two pair, Aces and Queens)
mmmartendal collected $0.05 from pot
*** SUMMARY ***
Total pot $0.05 | Rake $0 
Board [3s Kh Ah As Qd]
Seat 1: 0010110010 folded before Flop (didn't bet)
Seat 2: The_Reiver (button) folded before Flop (didn't bet)
Seat 3: Dorex2007 (small blind) folded before Flop
Seat 4: brunoqpires (big blind) showed [8c 3h] and lost with two pair, Aces and Threes
Seat 5: mmmartendal showed [Qs 6h] and won ($0.05) with two pair, Aces and Queens
Seat 6: geyza15 folded before Flop (didn't bet)
Seat 7: caiotressi folded before Flop (didn't bet)
Seat 8: Jessypcx folded before Flop (didn't bet)
Seat 9: Almanza63 folded before Flop (didn't bet)



PokerStars Hand #237305214159:  Hold'em No Limit ($0.01/$0.02 USD) - 2022/07/11 16:40:35 PT [2022/07/11 19:40:35 ET]
Table 'Prylis III' 9-max Seat #3 is the button
Seat 1: 0010110010 ($2 in chips) 
Seat 2: The_Reiver ($2 in chips) 
Seat 3: Dorex2007 ($3.12 in chips) 
Seat 4: brunoqpires ($0.63 in chips) 
Seat 5: mmmartendal ($0.83 in chips) 
Seat 6: geyza15 ($4.36 in chips) 
Seat 7: caiotressi ($1.88 in chips) 
Seat 8: Jessypcx ($0.76 in chips) 
Seat 9: Almanza63 ($2 in chips) 
brunoqpires: posts small blind $0.01
mmmartendal: posts big blind $0.02
*** HOLE CARDS ***
Dealt to Dorex2007 [Kh Qs]
geyza15: folds 
caiotressi: folds 
Jessypcx: folds 
Almanza63: folds 
0010110010: folds 
The_Reiver: folds 
Dorex2007: raises $0.04 to $0.06
brunoqpires: calls $0.05
mmmartendal: calls $0.04
*** FLOP *** [Jc Qd 3s]
brunoqpires: checks 
mmmartendal: bets $0.02
Dorex2007: raises $0.12 to $0.14
brunoqpires: calls $0.14
mmmartendal: calls $0.12
*** TURN *** [Jc Qd 3s] [4h]
brunoqpires: checks 
mmmartendal: checks 
Dorex2007: bets $0.64
brunoqpires: folds 
mmmartendal: folds 
Uncalled bet ($0.64) returned to Dorex2007
Dorex2007 collected $0.58 from pot
*** SUMMARY ***
Total pot $0.60 | Rake $0.02 
Board [Jc Qd 3s 4h]
Seat 1: 0010110010 folded before Flop (didn't bet)
Seat 2: The_Reiver folded before Flop (didn't bet)
Seat 3: Dorex2007 (button) collected ($0.58)
Seat 4: brunoqpires (small blind) folded on the Turn
Seat 5: mmmartendal (big blind) folded on the Turn
Seat 6: geyza15 folded before Flop (didn't bet)
Seat 7: caiotressi folded before Flop (didn't bet)
Seat 8: Jessypcx folded before Flop (didn't bet)
Seat 9: Almanza63 folded before Flop (didn't bet)



PokerStars Hand #237305233717:  Hold'em No Limit ($0.01/$0.02 USD) - 2022/07/11 16:41:52 PT [2022/07/11 19:41:52 ET]
Table 'Prylis III' 9-max Seat #4 is the button
Seat 1: 0010110010 ($2 in chips) 
Seat 2: The_Reiver ($2 in chips) 
Seat 3: Dorex2007 ($3.50 in chips) 
Seat 4: brunoqpires ($0.43 in chips) 
Seat 5: mmmartendal ($0.63 in chips) 
Seat 6: geyza15 ($4.36 in chips) 
Seat 7: caiotressi ($1.88 in chips) 
Seat 8: Jessypcx ($0.76 in chips) 
Seat 9: Almanza63 ($2 in chips) 
mmmartendal: posts small blind $0.01
geyza15: posts big blind $0.02
*** HOLE CARDS ***
Dealt to Dorex2007 [7s 6h]
caiotressi: folds 
Jessypcx: folds 
Almanza63: folds 
0010110010: folds 
The_Reiver: folds 
Dorex2007: folds 
brunoqpires: folds 
mmmartendal: calls $0.01
geyza15: raises $0.06 to $0.08
mmmartendal: folds 
Uncalled bet ($0.06) returned to geyza15
geyza15 collected $0.04 from pot
*** SUMMARY ***
Total pot $0.04 | Rake $0 
Seat 1: 0010110010 folded before Flop (didn't bet)
Seat 2: The_Reiver folded before Flop (didn't bet)
Seat 3: Dorex2007 folded before Flop (didn't bet)
Seat 4: brunoqpires (button) folded before Flop (didn't bet)
Seat 5: mmmartendal (small blind) folded before Flop
Seat 6: geyza15 (big blind) collected ($0.04)
Seat 7: caiotressi folded before Flop (didn't bet)
Seat 8: Jessypcx folded before Flop (didn't bet)
Seat 9: Almanza63 folded before Flop (didn't bet)



PokerStars Hand #237305241519:  Hold'em No Limit ($0.01/$0.02 USD) - 2022/07/11 16:42:22 PT [2022/07/11 19:42:22 ET]
Table 'Prylis III' 9-max Seat #5 is the button
Seat 1: 0010110010 ($2 in chips) 
Seat 2: The_Reiver ($2 in chips) 
Seat 3: Dorex2007 ($3.50 in chips) 
Seat 4: brunoqpires ($0.43 in chips) 
Seat 5: mmmartendal ($0.61 in chips) 
Seat 6: geyza15 ($4.38 in chips) 
Seat 7: caiotressi ($1.88 in chips) 
Seat 8: Jessypcx ($0.76 in chips) 
Seat 9: Almanza63 ($2 in chips) 
geyza15: posts small blind $0.01
caiotressi: posts big blind $0.02
*** HOLE CARDS ***
Dealt to Dorex2007 [6h 6s]
Jessypcx: folds 
Almanza63: folds 
0010110010: folds 
The_Reiver: folds 
Dorex2007: calls $0.02
brunoqpires: raises $0.02 to $0.04
mmmartendal: raises $0.57 to $0.61 and is all-in
geyza15: folds 
caiotressi: calls $0.59
Dorex2007: folds 
brunoqpires: calls $0.39 and is all-in
*** FLOP *** [9c Jh Th]
*** TURN *** [9c Jh Th] [Jc]
*** RIVER *** [9c Jh Th Jc] [8d]
*** SHOW DOWN ***
caiotressi: shows [Qh Qs] (a straight, Eight to Queen)
mmmartendal: shows [Ah Kd] (a pair of Jacks)
caiotressi collected $0.35 from side pot
brunoqpires: shows [Ks Qd] (a straight, Nine to King)
brunoqpires collected $1.27 from main pot
*** SUMMARY ***
Total pot $1.68 Main pot $1.27. Side pot $0.35. | Rake $0.06 
Board [9c Jh Th Jc 8d]
Seat 1: 0010110010 folded before Flop (didn't bet)
Seat 2: The_Reiver folded before Flop (didn't bet)
Seat 3: Dorex2007 folded before Flop
Seat 4: brunoqpires showed [Ks Qd] and won ($1.27) with a straight, Nine to King
Seat 5: mmmartendal (button) showed [Ah Kd] and lost with a pair of Jacks
Seat 6: geyza15 (small blind) folded before Flop
Seat 7: caiotressi (big blind) showed [Qh Qs] and won ($0.35) with a straight, Eight to Queen
Seat 8: Jessypcx folded before Flop (didn't bet)
Seat 9: Almanza63 folded before Flop (didn't bet)



PokerStars Hand #237305256153:  Hold'em No Limit ($0.01/$0.02 USD) - 2022/07/11 16:43:19 PT [2022/07/11 19:43:19 ET]
Table 'Prylis III' 9-max Seat #6 is the button
Seat 1: 0010110010 ($2 in chips) 
Seat 2: The_Reiver ($2 in chips) 
Seat 3: Dorex2007 ($3.48 in chips) 
Seat 4: brunoqpires ($1.27 in chips) 
Seat 6: geyza15 ($4.37 in chips) 
Seat 7: caiotressi ($1.62 in chips) 
Seat 8: Jessypcx ($0.76 in chips) 
Seat 9: Almanza63 ($2 in chips) 
caiotressi: posts small blind $0.01
Jessypcx: posts big blind $0.02
*** HOLE CARDS ***
Dealt to Dorex2007 [Qs Ah]
Almanza63: folds 
0010110010: folds 
The_Reiver: folds 
Dorex2007: raises $0.04 to $0.06
brunoqpires: calls $0.06
geyza15: calls $0.06
caiotressi: folds 
Jessypcx: folds 
*** FLOP *** [8d 5d 8c]
Dorex2007: bets $0.10
brunoqpires: folds 
geyza15: folds 
Uncalled bet ($0.10) returned to Dorex2007
Dorex2007 collected $0.20 from pot
*** SUMMARY ***
Total pot $0.21 | Rake $0.01 
Board [8d 5d 8c]
Seat 1: 0010110010 folded before Flop (didn't bet)
Seat 2: The_Reiver folded before Flop (didn't bet)
Seat 3: Dorex2007 collected ($0.20)
Seat 4: brunoqpires folded on the Flop
Seat 6: geyza15 (button) folded on the Flop
Seat 7: caiotressi (small blind) folded before Flop
Seat 8: Jessypcx (big blind) folded before Flop
Seat 9: Almanza63 folded before Flop (didn't bet)



PokerStars Hand #237305267158:  Hold'em No Limit ($0.01/$0.02 USD) - 2022/07/11 16:44:04 PT [2022/07/11 19:44:04 ET]
Table 'Prylis III' 9-max Seat #7 is the button
Seat 1: 0010110010 ($2 in chips) 
Seat 2: The_Reiver ($2 in chips) 
Seat 3: Dorex2007 ($3.62 in chips) 
Seat 4: brunoqpires ($1.21 in chips) 
Seat 6: geyza15 ($4.31 in chips) 
Seat 7: caiotressi ($1.61 in chips) 
Seat 8: Jessypcx ($0.74 in chips) 
Seat 9: Almanza63 ($2 in chips) 
Jessypcx: posts small blind $0.01
Almanza63: posts big blind $0.02
*** HOLE CARDS ***
Dealt to Dorex2007 [5s 6h]
0010110010: folds 
The_Reiver: folds 
Dorex2007: folds 
brunoqpires: folds 
geyza15: folds 
caiotressi: folds 
Jessypcx: calls $0.01
Almanza63: raises $0.04 to $0.06
Jessypcx: calls $0.04
*** FLOP *** [Kh Td 8h]
Jessypcx: checks 
Almanza63: bets $0.08
Jessypcx: folds 
Uncalled bet ($0.08) returned to Almanza63
Almanza63 collected $0.12 from pot
*** SUMMARY ***
Total pot $0.12 | Rake $0 
Board [Kh Td 8h]
Seat 1: 0010110010 folded before Flop (didn't bet)
Seat 2: The_Reiver folded before Flop (didn't bet)
Seat 3: Dorex2007 folded before Flop (didn't bet)
Seat 4: brunoqpires folded before Flop (didn't bet)
Seat 6: geyza15 folded before Flop (didn't bet)
Seat 7: caiotressi (button) folded before Flop (didn't bet)
Seat 8: Jessypcx (small blind) folded on the Flop
Seat 9: Almanza63 (big blind) collected ($0.12)



PokerStars Hand #237305277128:  Hold'em No Limit ($0.01/$0.02 USD) - 2022/07/11 16:44:43 PT [2022/07/11 19:44:43 ET]
Table 'Prylis III' 9-max Seat #8 is the button
Seat 1: 0010110010 ($2 in chips) 
Seat 2: The_Reiver ($2 in chips) 
Seat 3: Dorex2007 ($3.62 in chips) 
Seat 4: brunoqpires ($1.21 in chips) 
Seat 6: geyza15 ($4.31 in chips) 
Seat 7: caiotressi ($1.61 in chips) 
Seat 8: Jessypcx ($0.68 in chips) 
Seat 9: Almanza63 ($2.06 in chips) 
Almanza63: posts small blind $0.01
0010110010: posts big blind $0.02
*** HOLE CARDS ***
Dealt to Dorex2007 [7s 8s]
The_Reiver: folds 
Dorex2007: folds 
brunoqpires: folds 
geyza15: folds 
caiotressi: raises $0.04 to $0.06
Jessypcx: calls $0.06
Almanza63: folds 
0010110010: folds 
*** FLOP *** [9d Qs 7c]
caiotressi: checks 
Jessypcx: bets $0.06
caiotressi: calls $0.06
*** TURN *** [9d Qs 7c] [9h]
caiotressi: checks 
Jessypcx: bets $0.13
caiotressi: calls $0.13
*** RIVER *** [9d Qs 7c 9h] [3c]
caiotressi: checks 
Jessypcx: bets $0.25
caiotressi: folds 
Uncalled bet ($0.25) returned to Jessypcx
Jessypcx collected $0.51 from pot
*** SUMMARY ***
Total pot $0.53 | Rake $0.02 
Board [9d Qs 7c 9h 3c]
Seat 1: 0010110010 (big blind) folded before Flop
Seat 2: The_Reiver folded before Flop (didn't bet)
Seat 3: Dorex2007 folded before Flop (didn't bet)
Seat 4: brunoqpires folded before Flop (didn't bet)
Seat 6: geyza15 folded before Flop (didn't bet)
Seat 7: caiotressi folded on the River
Seat 8: Jessypcx (button) collected ($0.51)
Seat 9: Almanza63 (small blind) folded before Flop



PokerStars Hand #237305291215:  Hold'em No Limit ($0.01/$0.02 USD) - 2022/07/11 16:45:39 PT [2022/07/11 19:45:39 ET]
Table 'Prylis III' 9-max Seat #9 is the button
Seat 1: 0010110010 ($2 in chips) 
Seat 2: The_Reiver ($2 in chips) 
Seat 3: Dorex2007 ($3.62 in chips) 
Seat 4: brunoqpires ($1.21 in chips) 
Seat 6: geyza15 ($4.31 in chips) 
Seat 7: caiotressi ($1.36 in chips) 
Seat 8: Jessypcx ($0.94 in chips) 
Seat 9: Almanza63 ($2.05 in chips) 
0010110010: posts small blind $0.01
The_Reiver: posts big blind $0.02
*** HOLE CARDS ***
Dealt to Dorex2007 [2h Kd]
Dorex2007: folds 
brunoqpires: folds 
geyza15: folds 
caiotressi: folds 
Jessypcx: folds 
Almanza63: folds 
0010110010: folds 
Uncalled bet ($0.01) returned to The_Reiver
The_Reiver collected $0.02 from pot
*** SUMMARY ***
Total pot $0.02 | Rake $0 
Seat 1: 0010110010 (small blind) folded before Flop
Seat 2: The_Reiver (big blind) collected ($0.02)
Seat 3: Dorex2007 folded before Flop (didn't bet)
Seat 4: brunoqpires folded before Flop (didn't bet)
Seat 6: geyza15 folded before Flop (didn't bet)
Seat 7: caiotressi folded before Flop (didn't bet)
Seat 8: Jessypcx folded before Flop (didn't bet)
Seat 9: Almanza63 (button) folded before Flop (didn't bet)



PokerStars Hand #237305294341:  Hold'em No Limit ($0.01/$0.02 USD) - 2022/07/11 16:45:52 PT [2022/07/11 19:45:52 ET]
Table 'Prylis III' 9-max Seat #1 is the button
Seat 1: 0010110010 ($2 in chips) 
Seat 2: The_Reiver ($2.01 in chips) 
Seat 3: Dorex2007 ($3.62 in chips) 
Seat 4: brunoqpires ($1.21 in chips) 
Seat 6: geyza15 ($4.31 in chips) 
Seat 7: caiotressi ($1.36 in chips) 
Seat 8: Jessypcx ($0.94 in chips) 
Seat 9: Almanza63 ($2.05 in chips) 
The_Reiver: posts small blind $0.01
Dorex2007: posts big blind $0.02
*** HOLE CARDS ***
Dealt to Dorex2007 [5c 5h]
brunoqpires: folds 
geyza15: folds 
caiotressi: raises $0.04 to $0.06
Jessypcx: folds 
Almanza63: calls $0.06
0010110010: calls $0.06
The_Reiver: folds 
Dorex2007: calls $0.04
*** FLOP *** [9h 5s Js]
Dorex2007: bets $0.12
mmmartendal leaves the table
caiotressi: raises $0.48 to $0.60
Almanza63: folds 
0010110010: folds 
Dorex2007: raises $2.96 to $3.56 and is all-in
pedrontervtn joins the table at seat #5 
caiotressi: calls $0.70 and is all-in
Uncalled bet ($2.26) returned to Dorex2007
*** TURN *** [9h 5s Js] [Qs]
*** RIVER *** [9h 5s Js Qs] [3c]
*** SHOW DOWN ***
Dorex2007: shows [5c 5h] (three of a kind, Fives)
caiotressi: shows [Ac Ad] (a pair of Aces)
Dorex2007 cashed out the hand for $2.48 | Cash Out Fee $0.02
*** SUMMARY ***
Total pot $2.85 | Rake $0.10 
Board [9h 5s Js Qs 3c]
Seat 1: 0010110010 (button) folded on the Flop
Seat 2: The_Reiver (small blind) folded before Flop
Seat 3: Dorex2007 (big blind) showed [5c 5h] and won ($2.75) with three of a kind, Fives (pot not awarded as player cashed out)
Seat 4: brunoqpires folded before Flop (didn't bet)
Seat 6: geyza15 folded before Flop (didn't bet)
Seat 7: caiotressi showed [Ac Ad] and lost with a pair of Aces
Seat 8: Jessypcx folded before Flop (didn't bet)
Seat 9: Almanza63 folded on the Flop



PokerStars Hand #237305317753:  Hold'em No Limit ($0.01/$0.02 USD) - 2022/07/11 16:46:58 PT [2022/07/11 19:46:58 ET]
Table 'Prylis III' 9-max Seat #2 is the button
Seat 1: 0010110010 ($2 in chips) 
Seat 2: The_Reiver ($2 in chips) 
Seat 3: Dorex2007 ($4.74 in chips) 
Seat 4: brunoqpires ($1.21 in chips) 
Seat 6: geyza15 ($4.31 in chips) 
Seat 8: Jessypcx ($0.94 in chips) 
Seat 9: Almanza63 ($1.99 in chips) 
Dorex2007: posts small blind $0.01
brunoqpires: posts big blind $0.02
pedrontervtn: sits out 
*** HOLE CARDS ***
Dealt to Dorex2007 [Jh 5d]
geyza15: folds 
Jessypcx: folds 
Almanza63: folds 
0010110010: folds 
The_Reiver: folds 
Dorex2007: folds 
Uncalled bet ($0.01) returned to brunoqpires
brunoqpires collected $0.02 from pot
*** SUMMARY ***
Total pot $0.02 | Rake $0 
Seat 1: 0010110010 folded before Flop (didn't bet)
Seat 2: The_Reiver (button) folded before Flop (didn't bet)
Seat 3: Dorex2007 (small blind) folded before Flop
Seat 4: brunoqpires (big blind) collected ($0.02)
Seat 6: geyza15 folded before Flop (didn't bet)
Seat 8: Jessypcx folded before Flop (didn't bet)
Seat 9: Almanza63 folded before Flop (didn't bet)



PokerStars Hand #237305319791:  Hold'em No Limit ($0.01/$0.02 USD) - 2022/07/11 16:47:06 PT [2022/07/11 19:47:06 ET]
Table 'Prylis III' 9-max Seat #3 is the button
Seat 1: 0010110010 ($2 in chips) 
Seat 2: The_Reiver ($2 in chips) 
Seat 3: Dorex2007 ($4.73 in chips) 
Seat 4: brunoqpires ($1.22 in chips) 
Seat 5: pedrontervtn ($2 in chips) 
Seat 6: geyza15 ($4.31 in chips) 
Seat 7: caiotressi ($2 in chips) 
Seat 8: Jessypcx ($0.94 in chips) 
Seat 9: Almanza63 ($1.99 in chips) 
brunoqpires: posts small blind $0.01
pedrontervtn: posts big blind $0.02
*** HOLE CARDS ***
Dealt to Dorex2007 [9s Ks]
geyza15: folds 
caiotressi: folds 
Jessypcx: folds 
Almanza63: folds 
0010110010: folds 
The_Reiver: folds 
Dorex2007: raises $0.04 to $0.06
brunoqpires: calls $0.05
pedrontervtn: calls $0.04
*** FLOP *** [Ts Ah 6s]
brunoqpires: checks 
pedrontervtn: checks 
Dorex2007: checks 
*** TURN *** [Ts Ah 6s] [5s]
brunoqpires: checks 
pedrontervtn: checks 
Dorex2007: checks 
*** RIVER *** [Ts Ah 6s 5s] [2c]
brunoqpires: bets $0.06
pedrontervtn: folds 
Dorex2007: raises $0.08 to $0.14
brunoqpires: calls $0.08
*** SHOW DOWN ***
Dorex2007: shows [9s Ks] (a flush, King high)
brunoqpires: mucks hand 
Dorex2007 collected $0.44 from pot
*** SUMMARY ***
Total pot $0.46 | Rake $0.02 
Board [Ts Ah 6s 5s 2c]
Seat 1: 0010110010 folded before Flop (didn't bet)
Seat 2: The_Reiver folded before Flop (didn't bet)
Seat 3: Dorex2007 (button) showed [9s Ks] and won ($0.44) with a flush, King high
Seat 4: brunoqpires (small blind) mucked [5h 2h]
Seat 5: pedrontervtn (big blind) folded on the River
Seat 6: geyza15 folded before Flop (didn't bet)
Seat 7: caiotressi folded before Flop (didn't bet)
Seat 8: Jessypcx folded before Flop (didn't bet)
Seat 9: Almanza63 folded before Flop (didn't bet)



PokerStars Hand #237305342313:  Hold'em No Limit ($0.01/$0.02 USD) - 2022/07/11 16:48:36 PT [2022/07/11 19:48:36 ET]
Table 'Prylis III' 9-max Seat #4 is the button
Seat 1: 0010110010 ($2 in chips) 
Seat 2: The_Reiver ($2 in chips) 
Seat 3: Dorex2007 ($4.97 in chips) 
Seat 4: brunoqpires ($1.02 in chips) 
Seat 5: pedrontervtn ($1.94 in chips) 
Seat 6: geyza15 ($4.31 in chips) 
Seat 7: caiotressi ($2 in chips) 
Seat 8: Jessypcx ($0.94 in chips) 
Seat 9: Almanza63 ($1.99 in chips) 
pedrontervtn: posts small blind $0.01
geyza15: posts big blind $0.02
*** HOLE CARDS ***
Dealt to Dorex2007 [Td Js]
caiotressi: folds 
Jessypcx: folds 
Almanza63: raises $0.04 to $0.06
0010110010: folds 
The_Reiver: folds 
Dorex2007: folds 
brunoqpires: folds 
pedrontervtn: folds 
geyza15: folds 
Uncalled bet ($0.04) returned to Almanza63
Almanza63 collected $0.05 from pot
*** SUMMARY ***
Total pot $0.05 | Rake $0 
Seat 1: 0010110010 folded before Flop (didn't bet)
Seat 2: The_Reiver folded before Flop (didn't bet)
Seat 3: Dorex2007 folded before Flop (didn't bet)
Seat 4: brunoqpires (button) folded before Flop (didn't bet)
Seat 5: pedrontervtn (small blind) folded before Flop
Seat 6: geyza15 (big blind) folded before Flop
Seat 7: caiotressi folded before Flop (didn't bet)
Seat 8: Jessypcx folded before Flop (didn't bet)
Seat 9: Almanza63 collected ($0.05)



PokerStars Hand #237305349980:  Hold'em No Limit ($0.01/$0.02 USD) - 2022/07/11 16:49:07 PT [2022/07/11 19:49:07 ET]
Table 'Prylis III' 9-max Seat #5 is the button
Seat 1: 0010110010 ($2 in chips) 
Seat 2: The_Reiver ($2 in chips) 
Seat 3: Dorex2007 ($4.97 in chips) 
Seat 4: brunoqpires ($1.02 in chips) 
Seat 5: pedrontervtn ($1.93 in chips) 
Seat 6: geyza15 ($4.29 in chips) 
Seat 7: caiotressi ($2 in chips) 
Seat 8: Jessypcx ($0.94 in chips) 
Seat 9: Almanza63 ($2.02 in chips) 
geyza15: posts small blind $0.01
caiotressi: posts big blind $0.02
*** HOLE CARDS ***
Dealt to Dorex2007 [Kh 3c]
Jessypcx: folds 
Almanza63: raises $0.08 to $0.10
0010110010: folds 
The_Reiver: folds 
Dorex2007: folds 
brunoqpires: folds 
pedrontervtn: folds 
geyza15: folds 
caiotressi: folds 
Uncalled bet ($0.08) returned to Almanza63
Almanza63 collected $0.05 from pot
*** SUMMARY ***
Total pot $0.05 | Rake $0 
Seat 1: 0010110010 folded before Flop (didn't bet)
Seat 2: The_Reiver folded before Flop (didn't bet)
Seat 3: Dorex2007 folded before Flop (didn't bet)
Seat 4: brunoqpires folded before Flop (didn't bet)
Seat 5: pedrontervtn (button) folded before Flop (didn't bet)
Seat 6: geyza15 (small blind) folded before Flop
Seat 7: caiotressi (big blind) folded before Flop
Seat 8: Jessypcx folded before Flop (didn't bet)
Seat 9: Almanza63 collected ($0.05)



PokerStars Hand #237305353724:  Hold'em No Limit ($0.01/$0.02 USD) - 2022/07/11 16:49:23 PT [2022/07/11 19:49:23 ET]
Table 'Prylis III' 9-max Seat #6 is the button
Seat 1: 0010110010 ($2 in chips) 
Seat 2: The_Reiver ($2 in chips) 
Seat 3: Dorex2007 ($4.97 in chips) 
Seat 4: brunoqpires ($1.02 in chips) 
Seat 5: pedrontervtn ($1.93 in chips) 
Seat 6: geyza15 ($4.28 in chips) 
Seat 7: caiotressi ($1.98 in chips) 
Seat 8: Jessypcx ($0.94 in chips) 
Seat 9: Almanza63 ($2.05 in chips) 
caiotressi: posts small blind $0.01
Jessypcx: posts big blind $0.02
*** HOLE CARDS ***
Dealt to Dorex2007 [4h 8h]
Almanza63: folds 
0010110010: folds 
The_Reiver: folds 
Dorex2007: folds 
brunoqpires: raises $0.02 to $0.04
pedrontervtn: calls $0.04
geyza15: calls $0.04
caiotressi: calls $0.03
Jessypcx: calls $0.02
*** FLOP *** [7s 4d Td]
caiotressi: checks 
Jessypcx: checks 
brunoqpires: checks 
pedrontervtn: checks 
geyza15: checks 
*** TURN *** [7s 4d Td] [6h]
caiotressi: checks 
Jessypcx: checks 
brunoqpires: bets $0.06
pedrontervtn: folds 
geyza15: folds 
caiotressi: folds 
Jessypcx: calls $0.06
*** RIVER *** [7s 4d Td 6h] [8d]
Jessypcx: checks 
brunoqpires: bets $0.14
Jessypcx: folds 
Uncalled bet ($0.14) returned to brunoqpires
brunoqpires collected $0.31 from pot
*** SUMMARY ***
Total pot $0.32 | Rake $0.01 
Board [7s 4d Td 6h 8d]
Seat 1: 0010110010 folded before Flop (didn't bet)
Seat 2: The_Reiver folded before Flop (didn't bet)
Seat 3: Dorex2007 folded before Flop (didn't bet)
Seat 4: brunoqpires collected ($0.31)
Seat 5: pedrontervtn folded on the Turn
Seat 6: geyza15 (button) folded on the Turn
Seat 7: caiotressi (small blind) folded on the Turn
Seat 8: Jessypcx (big blind) folded on the River
Seat 9: Almanza63 folded before Flop (didn't bet)



PokerStars Hand #237305374896:  Hold'em No Limit ($0.01/$0.02 USD) - 2022/07/11 16:50:48 PT [2022/07/11 19:50:48 ET]
Table 'Prylis III' 9-max Seat #7 is the button
Seat 1: 0010110010 ($2 in chips) 
Seat 2: The_Reiver ($2 in chips) 
Seat 3: Dorex2007 ($4.97 in chips) 
Seat 4: brunoqpires ($1.23 in chips) 
Seat 5: pedrontervtn ($1.89 in chips) 
Seat 6: geyza15 ($4.24 in chips) 
Seat 7: caiotressi ($1.94 in chips) 
Seat 8: Jessypcx ($0.84 in chips) 
Seat 9: Almanza63 ($2.05 in chips) 
Jessypcx: posts small blind $0.01
Almanza63: posts big blind $0.02
*** HOLE CARDS ***
Dealt to Dorex2007 [Td 8d]
0010110010: raises $0.04 to $0.06
The_Reiver: folds 
Dorex2007: folds 
brunoqpires: folds 
pedrontervtn: folds 
geyza15: calls $0.06
caiotressi: folds 
Jessypcx: folds 
Almanza63: calls $0.04
*** FLOP *** [9s Kd Tc]
Almanza63: checks 
0010110010: bets $0.08
geyza15: calls $0.08
Almanza63: folds 
*** TURN *** [9s Kd Tc] [3h]
0010110010: bets $0.07
geyza15: raises $0.17 to $0.24
0010110010: calls $0.17
*** RIVER *** [9s Kd Tc 3h] [7d]
0010110010: checks 
geyza15: bets $0.54
0010110010: folds 
Uncalled bet ($0.54) returned to geyza15
geyza15 collected $0.80 from pot
*** SUMMARY ***
Total pot $0.83 | Rake $0.03 
Board [9s Kd Tc 3h 7d]
Seat 1: 0010110010 folded on the River
Seat 2: The_Reiver folded before Flop (didn't bet)
Seat 3: Dorex2007 folded before Flop (didn't bet)
Seat 4: brunoqpires folded before Flop (didn't bet)
Seat 5: pedrontervtn folded before Flop (didn't bet)
Seat 6: geyza15 collected ($0.80)
Seat 7: caiotressi (button) folded before Flop (didn't bet)
Seat 8: Jessypcx (small blind) folded before Flop
Seat 9: Almanza63 (big blind) folded on the Flop



PokerStars Hand #237305399196:  Hold'em No Limit ($0.01/$0.02 USD) - 2022/07/11 16:52:26 PT [2022/07/11 19:52:26 ET]
Table 'Prylis III' 9-max Seat #8 is the button
Seat 3: Dorex2007 ($4.97 in chips) 
Seat 4: brunoqpires ($1.23 in chips) 
Seat 5: pedrontervtn ($1.89 in chips) 
Seat 6: geyza15 ($4.66 in chips) 
Seat 7: caiotressi ($1.94 in chips) 
Seat 8: Jessypcx ($0.83 in chips) 
Seat 9: Almanza63 ($1.99 in chips) 
Almanza63: posts small blind $0.01
0010110010: is sitting out 
0010110010 leaves the table
The_Reiver: is sitting out 
Dorex2007: posts big blind $0.02
*** HOLE CARDS ***
Dealt to Dorex2007 [5d 7c]
brunoqpires: raises $0.02 to $0.04
Biorn iironside joins the table at seat #1 
The_Reiver leaves the table
pedrontervtn: calls $0.04
geyza15: folds 
caiotressi: folds 
Jessypcx: folds 
Almanza63: folds 
Dorex2007: folds 
*** FLOP *** [Th 6c Ad]
brunoqpires: checks 
pedrontervtn: checks 
*** TURN *** [Th 6c Ad] [Kd]
brunoqpires: checks 
pedrontervtn: checks 
*** RIVER *** [Th 6c Ad Kd] [7d]
brunoqpires: bets $0.06
pedrontervtn: folds 
Uncalled bet ($0.06) returned to brunoqpires
brunoqpires collected $0.11 from pot
*** SUMMARY ***
Total pot $0.11 | Rake $0 
Board [Th 6c Ad Kd 7d]
Seat 3: Dorex2007 (big blind) folded before Flop
Seat 4: brunoqpires collected ($0.11)
Seat 5: pedrontervtn folded on the River
Seat 6: geyza15 folded before Flop (didn't bet)
Seat 7: caiotressi folded before Flop (didn't bet)
Seat 8: Jessypcx (button) folded before Flop (didn't bet)
Seat 9: Almanza63 (small blind) folded before Flop



PokerStars Hand #237305411641:  Hold'em No Limit ($0.01/$0.02 USD) - 2022/07/11 16:53:17 PT [2022/07/11 19:53:17 ET]
Table 'Prylis III' 9-max Seat #9 is the button
Seat 3: Dorex2007 ($4.95 in chips) 
Seat 4: brunoqpires ($1.30 in chips) 
Seat 5: pedrontervtn ($1.85 in chips) 
Seat 6: geyza15 ($4.66 in chips) 
Seat 7: caiotressi ($1.94 in chips) 
Seat 8: Jessypcx ($0.83 in chips) 
Seat 9: Almanza63 ($1.98 in chips) 
Dorex2007: posts small blind $0.01
brunoqpires: posts big blind $0.02
*** HOLE CARDS ***
Dealt to Dorex2007 [Jh 2s]
pedrontervtn: calls $0.02
geyza15: folds 
caiotressi: calls $0.02
Jessypcx: folds 
Almanza63: folds 
Dorex2007: folds 
brunoqpires: checks 
*** FLOP *** [8d 4d 6h]
brunoqpires: checks 
pedrontervtn: checks 
caiotressi: bets $0.07
brunoqpires: calls $0.07
pedrontervtn: folds 
*** TURN *** [8d 4d 6h] [Ah]
brunoqpires: checks 
caiotressi: bets $0.10
brunoqpires: folds 
Uncalled bet ($0.10) returned to caiotressi
caiotressi collected $0.20 from pot
*** SUMMARY ***
Total pot $0.21 | Rake $0.01 
Board [8d 4d 6h Ah]
Seat 3: Dorex2007 (small blind) folded before Flop
Seat 4: brunoqpires (big blind) folded on the Turn
Seat 5: pedrontervtn folded on the Flop
Seat 6: geyza15 folded before Flop (didn't bet)
Seat 7: caiotressi collected ($0.20)
Seat 8: Jessypcx folded before Flop (didn't bet)
Seat 9: Almanza63 (button) folded before Flop (didn't bet)



PokerStars Hand #237305426330:  Hold'em No Limit ($0.01/$0.02 USD) - 2022/07/11 16:54:17 PT [2022/07/11 19:54:17 ET]
Table 'Prylis III' 9-max Seat #3 is the button
Seat 1: Biorn iironside ($1.60 in chips) 
Seat 3: Dorex2007 ($4.94 in chips) 
Seat 4: brunoqpires ($1.21 in chips) 
Seat 5: pedrontervtn ($1.83 in chips) 
Seat 6: geyza15 ($4.66 in chips) 
Seat 7: caiotressi ($2.05 in chips) 
Seat 8: Jessypcx ($0.83 in chips) 
Seat 9: Almanza63 ($1.98 in chips) 
brunoqpires: posts small blind $0.01
pedrontervtn: posts big blind $0.02
Biorn iironside: posts big blind $0.02
*** HOLE CARDS ***
Dealt to Dorex2007 [2s Ks]
geyza15: calls $0.02
caiotressi: folds 
Jessypcx: calls $0.02
Almanza63: raises $0.04 to $0.06
Biorn iironside: calls $0.04
Dorex2007: folds 
brunoqpires: calls $0.05
pedrontervtn: calls $0.04
geyza15: calls $0.04
Jessypcx: calls $0.04
*** FLOP *** [Qd 2h 5c]
brunoqpires: checks 
pedrontervtn: checks 
geyza15: checks 
Abugasse joins the table at seat #2 
Jessypcx: checks 
Almanza63: checks 
Biorn iironside: checks 
*** TURN *** [Qd 2h 5c] [4h]
brunoqpires: bets $0.06
pedrontervtn: folds 
geyza15: folds 
Jessypcx: folds 
Almanza63: folds 
Biorn iironside: folds 
Uncalled bet ($0.06) returned to brunoqpires
brunoqpires collected $0.35 from pot
*** SUMMARY ***
Total pot $0.36 | Rake $0.01 
Board [Qd 2h 5c 4h]
Seat 1: Biorn iironside folded on the Turn
Seat 3: Dorex2007 (button) folded before Flop (didn't bet)
Seat 4: brunoqpires (small blind) collected ($0.35)
Seat 5: pedrontervtn (big blind) folded on the Turn
Seat 6: geyza15 folded on the Turn
Seat 7: caiotressi folded before Flop (didn't bet)
Seat 8: Jessypcx folded on the Turn
Seat 9: Almanza63 folded on the Turn



PokerStars Hand #237305446424:  Hold'em No Limit ($0.01/$0.02 USD) - 2022/07/11 16:55:45 PT [2022/07/11 19:55:45 ET]
Table 'Prylis III' 9-max Seat #4 is the button
Seat 1: Biorn iironside ($1.54 in chips) 
Seat 2: Abugasse ($1.60 in chips) 
Seat 3: Dorex2007 ($4.94 in chips) 
Seat 4: brunoqpires ($1.50 in chips) 
Seat 5: pedrontervtn ($1.77 in chips) 
Seat 6: geyza15 ($4.60 in chips) 
Seat 7: caiotressi ($2.05 in chips) 
Seat 8: Jessypcx ($0.77 in chips) 
Seat 9: Almanza63 ($1.92 in chips) 
pedrontervtn: posts small blind $0.01
geyza15: posts big blind $0.02
Abugasse: posts big blind $0.02
*** HOLE CARDS ***
Dealt to Dorex2007 [3h Ac]
caiotressi: folds 
Jessypcx: folds 
Almanza63: folds 
Biorn iironside: calls $0.02
Abugasse: checks 
Dorex2007: folds 
brunoqpires: calls $0.02
pedrontervtn: raises $0.02 to $0.04
geyza15: calls $0.02
Biorn iironside: calls $0.02
Abugasse: calls $0.02
brunoqpires: calls $0.02
*** FLOP *** [7h 9h 5c]
pedrontervtn: bets $0.06
geyza15: folds 
Biorn iironside: calls $0.06
Abugasse: calls $0.06
brunoqpires: raises $0.14 to $0.20
pedrontervtn: folds 
Biorn iironside: raises $0.14 to $0.34
Abugasse: folds 
brunoqpires: raises $1.12 to $1.46 and is all-in
Biorn iironside: calls $1.12
*** TURN *** [7h 9h 5c] [Jc]
*** RIVER *** [7h 9h 5c Jc] [Tc]
*** SHOW DOWN ***
Biorn iironside: shows [7s 7c] (three of a kind, Sevens)
brunoqpires: shows [5d 5h] (three of a kind, Fives)
Biorn iironside collected $3.13 from pot
*** SUMMARY ***
Total pot $3.24 | Rake $0.11 
Board [7h 9h 5c Jc Tc]
Seat 1: Biorn iironside showed [7s 7c] and won ($3.13) with three of a kind, Sevens
Seat 2: Abugasse folded on the Flop
Seat 3: Dorex2007 folded before Flop (didn't bet)
Seat 4: brunoqpires (button) showed [5d 5h] and lost with three of a kind, Fives
Seat 5: pedrontervtn (small blind) folded on the Flop
Seat 6: geyza15 (big blind) folded on the Flop
Seat 7: caiotressi folded before Flop (didn't bet)
Seat 8: Jessypcx folded before Flop (didn't bet)
Seat 9: Almanza63 folded before Flop (didn't bet)



PokerStars Hand #237305461838:  Hold'em No Limit ($0.01/$0.02 USD) - 2022/07/11 16:57:00 PT [2022/07/11 19:57:00 ET]
Table 'Prylis III' 9-max Seat #5 is the button
Seat 1: Biorn iironside ($3.17 in chips) 
Seat 2: Abugasse ($1.50 in chips) 
Seat 3: Dorex2007 ($4.94 in chips) 
Seat 5: pedrontervtn ($1.67 in chips) 
Seat 6: geyza15 ($4.56 in chips) 
Seat 7: caiotressi ($2.05 in chips) 
Seat 8: Jessypcx ($0.77 in chips) 
Seat 9: Almanza63 ($1.92 in chips) 
geyza15: posts small blind $0.01
caiotressi: posts big blind $0.02
*** HOLE CARDS ***
Dealt to Dorex2007 [2s 3h]
Jessypcx: folds 
Almanza63: folds 
Biorn iironside: calls $0.02
Abugasse: calls $0.02
Dorex2007: folds 
pedrontervtn: calls $0.02
geyza15: calls $0.01
brunoqpires leaves the table
caiotressi: checks 
*** FLOP *** [6s 3d Tc]
blopisanz joins the table at seat #4 
geyza15: checks 
caiotressi: checks 
Biorn iironside: checks 
Abugasse: bets $0.04
pedrontervtn: folds 
geyza15: calls $0.04
caiotressi: folds 
Biorn iironside: folds 
*** TURN *** [6s 3d Tc] [6d]
geyza15: bets $0.09
Abugasse: calls $0.09
*** RIVER *** [6s 3d Tc 6d] [2d]
geyza15: bets $0.20
Abugasse: calls $0.20
*** SHOW DOWN ***
geyza15: shows [8c 6c] (three of a kind, Sixes)
Abugasse: mucks hand 
geyza15 collected $0.73 from pot
*** SUMMARY ***
Total pot $0.76 | Rake $0.03 
Board [6s 3d Tc 6d 2d]
Seat 1: Biorn iironside folded on the Flop
Seat 2: Abugasse mucked [Ad 3c]
Seat 3: Dorex2007 folded before Flop (didn't bet)
Seat 5: pedrontervtn (button) folded on the Flop
Seat 6: geyza15 (small blind) showed [8c 6c] and won ($0.73) with three of a kind, Sixes
Seat 7: caiotressi (big blind) folded on the Flop
Seat 8: Jessypcx folded before Flop (didn't bet)
Seat 9: Almanza63 folded before Flop (didn't bet)



PokerStars Hand #237305483094:  Hold'em No Limit ($0.01/$0.02 USD) - 2022/07/11 16:58:15 PT [2022/07/11 19:58:15 ET]
Table 'Prylis III' 9-max Seat #6 is the button
Seat 1: Biorn iironside ($3.15 in chips) 
Seat 2: Abugasse ($1.15 in chips) 
Seat 3: Dorex2007 ($4.94 in chips) 
Seat 5: pedrontervtn ($1.65 in chips) 
Seat 6: geyza15 ($4.94 in chips) 
Seat 7: caiotressi ($2.03 in chips) 
Seat 8: Jessypcx ($0.77 in chips) 
Seat 9: Almanza63 ($1.92 in chips) 
caiotressi: posts small blind $0.01
Jessypcx: posts big blind $0.02
blopisanz: sits out 
*** HOLE CARDS ***
Dealt to Dorex2007 [Kd 4h]
Almanza63: folds 
Biorn iironside: calls $0.02
Abugasse: calls $0.02
Dorex2007: folds 
pedrontervtn: folds 
geyza15: folds 
caiotressi: folds 
Jessypcx: checks 
*** FLOP *** [7c Qh 2d]
Jessypcx: checks 
Biorn iironside: bets $0.02
Abugasse: folds 
Jessypcx: folds 
Uncalled bet ($0.02) returned to Biorn iironside
Biorn iironside collected $0.07 from pot
*** SUMMARY ***
Total pot $0.07 | Rake $0 
Board [7c Qh 2d]
Seat 1: Biorn iironside collected ($0.07)
Seat 2: Abugasse folded on the Flop
Seat 3: Dorex2007 folded before Flop (didn't bet)
Seat 5: pedrontervtn folded before Flop (didn't bet)
Seat 6: geyza15 (button) folded before Flop (didn't bet)
Seat 7: caiotressi (small blind) folded before Flop
Seat 8: Jessypcx (big blind) folded on the Flop
Seat 9: Almanza63 folded before Flop (didn't bet)



PokerStars Hand #237305490009:  Hold'em No Limit ($0.01/$0.02 USD) - 2022/07/11 16:58:49 PT [2022/07/11 19:58:49 ET]
Table 'Prylis III' 9-max Seat #7 is the button
Seat 1: Biorn iironside ($3.20 in chips) 
Seat 2: Abugasse ($1.13 in chips) 
Seat 3: Dorex2007 ($4.94 in chips) 
Seat 5: pedrontervtn ($1.65 in chips) 
Seat 6: geyza15 ($4.94 in chips) 
Seat 7: caiotressi ($2.02 in chips) 
Seat 8: Jessypcx ($0.75 in chips) 
Seat 9: Almanza63 ($1.92 in chips) 
Jessypcx: posts small blind $0.01
Almanza63: posts big blind $0.02
blopisanz: sits out 
*** HOLE CARDS ***
Dealt to Dorex2007 [6h Kc]
Biorn iironside: folds 
Abugasse: calls $0.02
Dorex2007: folds 
pedrontervtn: folds 
geyza15: calls $0.02
caiotressi: folds 
Jessypcx: folds 
Almanza63: raises $0.08 to $0.10
Abugasse: calls $0.08
geyza15: folds 
*** FLOP *** [Jc 9h Js]
Almanza63: checks 
Abugasse: checks 
*** TURN *** [Jc 9h Js] [2s]
Almanza63: checks 
Abugasse: checks 
*** RIVER *** [Jc 9h Js 2s] [2c]
Almanza63: bets $0.12
Abugasse: folds 
Uncalled bet ($0.12) returned to Almanza63
Almanza63 collected $0.22 from pot
*** SUMMARY ***
Total pot $0.23 | Rake $0.01 
Board [Jc 9h Js 2s 2c]
Seat 1: Biorn iironside folded before Flop (didn't bet)
Seat 2: Abugasse folded on the River
Seat 3: Dorex2007 folded before Flop (didn't bet)
Seat 5: pedrontervtn folded before Flop (didn't bet)
Seat 6: geyza15 folded before Flop
Seat 7: caiotressi (button) folded before Flop (didn't bet)
Seat 8: Jessypcx (small blind) folded before Flop
Seat 9: Almanza63 (big blind) collected ($0.22)



PokerStars Hand #237305501218:  Hold'em No Limit ($0.01/$0.02 USD) - 2022/07/11 16:59:44 PT [2022/07/11 19:59:44 ET]
Table 'Prylis III' 9-max Seat #8 is the button
Seat 1: Biorn iironside ($3.20 in chips) 
Seat 2: Abugasse ($1.03 in chips) 
Seat 3: Dorex2007 ($4.94 in chips) 
Seat 5: pedrontervtn ($1.65 in chips) 
Seat 6: geyza15 ($4.92 in chips) 
Seat 7: caiotressi ($2.02 in chips) 
Seat 8: Jessypcx ($0.74 in chips) 
Seat 9: Almanza63 ($2.04 in chips) 
Almanza63: posts small blind $0.01
Biorn iironside: posts big blind $0.02
blopisanz: sits out 
*** HOLE CARDS ***
Dealt to Dorex2007 [6h 2h]
Abugasse: calls $0.02
Dorex2007: folds 
pedrontervtn: raises $0.02 to $0.04
geyza15: calls $0.04
caiotressi: folds 
Jessypcx: calls $0.04
Almanza63: calls $0.03
Biorn iironside: calls $0.02
Abugasse: calls $0.02
*** FLOP *** [2s Jh 6d]
Almanza63: checks 
Biorn iironside: bets $0.02
Abugasse: calls $0.02
pedrontervtn: calls $0.02
geyza15: raises $0.14 to $0.16
Jessypcx: folds 
Almanza63: folds 
Biorn iironside: calls $0.14
Abugasse: folds 
pedrontervtn: folds 
*** TURN *** [2s Jh 6d] [3h]
Biorn iironside: checks 
geyza15: bets $0.30
Biorn iironside: calls $0.30
*** RIVER *** [2s Jh 6d 3h] [Tc]
Biorn iironside: checks 
geyza15: checks 
*** SHOW DOWN ***
Biorn iironside: shows [8h Jc] (a pair of Jacks)
geyza15: shows [Ah Js] (a pair of Jacks - Ace kicker)
geyza15 collected $1.16 from pot
*** SUMMARY ***
Total pot $1.20 | Rake $0.04 
Board [2s Jh 6d 3h Tc]
Seat 1: Biorn iironside (big blind) showed [8h Jc] and lost with a pair of Jacks
Seat 2: Abugasse folded on the Flop
Seat 3: Dorex2007 folded before Flop (didn't bet)
Seat 5: pedrontervtn folded on the Flop
Seat 6: geyza15 showed [Ah Js] and won ($1.16) with a pair of Jacks
Seat 7: caiotressi folded before Flop (didn't bet)
Seat 8: Jessypcx (button) folded on the Flop
Seat 9: Almanza63 (small blind) folded on the Flop



PokerStars Hand #237305518594:  Hold'em No Limit ($0.01/$0.02 USD) - 2022/07/11 17:01:04 PT [2022/07/11 20:01:04 ET]
Table 'Prylis III' 9-max Seat #9 is the button
Seat 1: Biorn iironside ($2.70 in chips) 
Seat 2: Abugasse ($0.97 in chips) 
Seat 3: Dorex2007 ($4.94 in chips) 
Seat 5: pedrontervtn ($1.59 in chips) 
Seat 6: geyza15 ($5.58 in chips) 
Seat 7: caiotressi ($2.02 in chips) 
Seat 8: Jessypcx ($0.70 in chips) 
Seat 9: Almanza63 ($2 in chips) 
Biorn iironside: posts small blind $0.01
Abugasse: posts big blind $0.02
blopisanz: sits out 
*** HOLE CARDS ***
Dealt to Dorex2007 [As Jh]
Dorex2007: calls $0.02
pedrontervtn: calls $0.02
geyza15: folds 
caiotressi: folds 
Jessypcx: folds 
Almanza63: raises $0.10 to $0.12
Biorn iironside: calls $0.11
Abugasse: folds 
Dorex2007: folds 
pedrontervtn: folds 
*** FLOP *** [8s 8c 6d]
Biorn iironside: bets $0.06
Almanza63: raises $0.06 to $0.12
Biorn iironside: calls $0.06
*** TURN *** [8s 8c 6d] [Ts]
Biorn iironside: checks 
Almanza63: bets $0.26
Biorn iironside: folds 
Uncalled bet ($0.26) returned to Almanza63
Almanza63 collected $0.52 from pot
*** SUMMARY ***
Total pot $0.54 | Rake $0.02 
Board [8s 8c 6d Ts]
Seat 1: Biorn iironside (small blind) folded on the Turn
Seat 2: Abugasse (big blind) folded before Flop
Seat 3: Dorex2007 folded before Flop
Seat 5: pedrontervtn folded before Flop
Seat 6: geyza15 folded before Flop (didn't bet)
Seat 7: caiotressi folded before Flop (didn't bet)
Seat 8: Jessypcx folded before Flop (didn't bet)
Seat 9: Almanza63 (button) collected ($0.52)



PokerStars Hand #237305530095:  Hold'em No Limit ($0.01/$0.02 USD) - 2022/07/11 17:01:53 PT [2022/07/11 20:01:53 ET]
Table 'Prylis III' 9-max Seat #1 is the button
Seat 1: Biorn iironside ($2.46 in chips) 
Seat 2: Abugasse ($0.95 in chips) 
Seat 3: Dorex2007 ($4.92 in chips) 
Seat 5: pedrontervtn ($1.57 in chips) 
Seat 6: geyza15 ($5.58 in chips) 
Seat 7: caiotressi ($2.02 in chips) 
Seat 8: Jessypcx ($0.70 in chips) 
Seat 9: Almanza63 ($2.28 in chips) 
Abugasse: posts small blind $0.01
Dorex2007: posts big blind $0.02
blopisanz: sits out 
*** HOLE CARDS ***
Dealt to Dorex2007 [5h 6d]
pedrontervtn: folds 
geyza15: raises $0.04 to $0.06
caiotressi: folds 
Jessypcx: calls $0.06
Almanza63: calls $0.06
Biorn iironside: calls $0.06
Abugasse: folds 
Dorex2007: folds 
*** FLOP *** [6h Ac 2s]
geyza15: checks 
Jessypcx: checks 
Almanza63: checks 
Biorn iironside: checks 
*** TURN *** [6h Ac 2s] [3s]
geyza15: bets $0.09
Jessypcx: folds 
Almanza63: folds 
Biorn iironside: folds 
Uncalled bet ($0.09) returned to geyza15
geyza15 collected $0.26 from pot
*** SUMMARY ***
Total pot $0.27 | Rake $0.01 
Board [6h Ac 2s 3s]
Seat 1: Biorn iironside (button) folded on the Turn
Seat 2: Abugasse (small blind) folded before Flop
Seat 3: Dorex2007 (big blind) folded before Flop
Seat 5: pedrontervtn folded before Flop (didn't bet)
Seat 6: geyza15 collected ($0.26)
Seat 7: caiotressi folded before Flop (didn't bet)
Seat 8: Jessypcx folded on the Turn
Seat 9: Almanza63 folded on the Turn



PokerStars Hand #237305542868:  Hold'em No Limit ($0.01/$0.02 USD) - 2022/07/11 17:02:47 PT [2022/07/11 20:02:47 ET]
Table 'Prylis III' 9-max Seat #2 is the button
Seat 1: Biorn iironside ($2.40 in chips) 
Seat 2: Abugasse ($0.94 in chips) 
Seat 3: Dorex2007 ($4.90 in chips) 
Seat 4: blopisanz ($2 in chips) 
Seat 5: pedrontervtn ($1.57 in chips) 
Seat 6: geyza15 ($5.78 in chips) 
Seat 7: caiotressi ($2.02 in chips) 
Seat 8: Jessypcx ($0.64 in chips) 
Seat 9: Almanza63 ($2.22 in chips) 
Dorex2007: posts small blind $0.01
blopisanz: posts big blind $0.02
*** HOLE CARDS ***
Dealt to Dorex2007 [Qc Ah]
pedrontervtn: calls $0.02
geyza15: folds 
caiotressi: folds 
Jessypcx: folds 
Almanza63: folds 
Biorn iironside: folds 
Abugasse: calls $0.02
Dorex2007: calls $0.01
blopisanz: checks 
*** FLOP *** [Tc 9c 4d]
Dorex2007: checks 
blopisanz: checks 
pedrontervtn: bets $0.02
Abugasse: folds 
Dorex2007: calls $0.02
blopisanz: folds 
*** TURN *** [Tc 9c 4d] [3c]
Dorex2007: checks 
pedrontervtn: checks 
*** RIVER *** [Tc 9c 4d 3c] [5c]
Dorex2007: bets $0.12
pedrontervtn: folds 
Uncalled bet ($0.12) returned to Dorex2007
Dorex2007 collected $0.12 from pot
*** SUMMARY ***
Total pot $0.12 | Rake $0 
Board [Tc 9c 4d 3c 5c]
Seat 1: Biorn iironside folded before Flop (didn't bet)
Seat 2: Abugasse (button) folded on the Flop
Seat 3: Dorex2007 (small blind) collected ($0.12)
Seat 4: blopisanz (big blind) folded on the Flop
Seat 5: pedrontervtn folded on the River
Seat 6: geyza15 folded before Flop (didn't bet)
Seat 7: caiotressi folded before Flop (didn't bet)
Seat 8: Jessypcx folded before Flop (didn't bet)
Seat 9: Almanza63 folded before Flop (didn't bet)



PokerStars Hand #237305554866:  Hold'em No Limit ($0.01/$0.02 USD) - 2022/07/11 17:03:37 PT [2022/07/11 20:03:37 ET]
Table 'Prylis III' 9-max Seat #3 is the button
Seat 1: Biorn iironside ($2.40 in chips) 
Seat 2: Abugasse ($0.92 in chips) 
Seat 3: Dorex2007 ($4.98 in chips) 
Seat 4: blopisanz ($1.98 in chips) 
Seat 5: pedrontervtn ($1.53 in chips) 
Seat 6: geyza15 ($5.78 in chips) 
Seat 7: caiotressi ($2.02 in chips) 
Seat 8: Jessypcx ($0.64 in chips) 
Seat 9: Almanza63 ($2.22 in chips) 
blopisanz: posts small blind $0.01
pedrontervtn: posts big blind $0.02
*** HOLE CARDS ***
Dealt to Dorex2007 [7h 7c]
geyza15: folds 
caiotressi: raises $0.04 to $0.06
Jessypcx: folds 
Almanza63: folds 
Biorn iironside: calls $0.06
Abugasse: calls $0.06
Dorex2007: calls $0.06
blopisanz: folds 
pedrontervtn: folds 
*** FLOP *** [7s 9s 2s]
caiotressi: bets $0.13
Biorn iironside: calls $0.13
Abugasse: folds 
Dorex2007: raises $0.13 to $0.26
caiotressi: folds 
Biorn iironside: calls $0.13
*** TURN *** [7s 9s 2s] [Kc]
Biorn iironside: checks 
Dorex2007: bets $0.89
Biorn iironside: folds 
Uncalled bet ($0.89) returned to Dorex2007
Dorex2007 collected $0.89 from pot
*** SUMMARY ***
Total pot $0.92 | Rake $0.03 
Board [7s 9s 2s Kc]
Seat 1: Biorn iironside folded on the Turn
Seat 2: Abugasse folded on the Flop
Seat 3: Dorex2007 (button) collected ($0.89)
Seat 4: blopisanz (small blind) folded before Flop
Seat 5: pedrontervtn (big blind) folded before Flop
Seat 6: geyza15 folded before Flop (didn't bet)
Seat 7: caiotressi folded on the Flop
Seat 8: Jessypcx folded before Flop (didn't bet)
Seat 9: Almanza63 folded before Flop (didn't bet)



PokerStars Hand #237305580351:  Hold'em No Limit ($0.01/$0.02 USD) - 2022/07/11 17:04:43 PT [2022/07/11 20:04:43 ET]
Table 'Prylis III' 9-max Seat #4 is the button
Seat 1: Biorn iironside ($2.08 in chips) 
Seat 2: Abugasse ($0.86 in chips) 
Seat 3: Dorex2007 ($5.55 in chips) 
Seat 4: blopisanz ($1.97 in chips) 
Seat 5: pedrontervtn ($1.51 in chips) 
Seat 6: geyza15 ($5.78 in chips) 
Seat 7: caiotressi ($1.83 in chips) 
Seat 8: Jessypcx ($0.64 in chips) 
Seat 9: Almanza63 ($2.22 in chips) 
pedrontervtn: posts small blind $0.01
geyza15: posts big blind $0.02
*** HOLE CARDS ***
Dealt to Dorex2007 [7d 7h]
caiotressi: folds 
Jessypcx: folds 
Almanza63: raises $0.08 to $0.10
Biorn iironside: folds 
Abugasse: folds 
Dorex2007: folds 
blopisanz: folds 
pedrontervtn: folds 
geyza15: folds 
Uncalled bet ($0.08) returned to Almanza63
Almanza63 collected $0.05 from pot
*** SUMMARY ***
Total pot $0.05 | Rake $0 
Seat 1: Biorn iironside folded before Flop (didn't bet)
Seat 2: Abugasse folded before Flop (didn't bet)
Seat 3: Dorex2007 folded before Flop (didn't bet)
Seat 4: blopisanz (button) folded before Flop (didn't bet)
Seat 5: pedrontervtn (small blind) folded before Flop
Seat 6: geyza15 (big blind) folded before Flop
Seat 7: caiotressi folded before Flop (didn't bet)
Seat 8: Jessypcx folded before Flop (didn't bet)
Seat 9: Almanza63 collected ($0.05)



PokerStars Hand #237305584114:  Hold'em No Limit ($0.01/$0.02 USD) - 2022/07/11 17:04:59 PT [2022/07/11 20:04:59 ET]
Table 'Prylis III' 9-max Seat #5 is the button
Seat 1: Biorn iironside ($2.08 in chips) 
Seat 2: Abugasse ($0.86 in chips) 
Seat 3: Dorex2007 ($5.55 in chips) 
Seat 4: blopisanz ($1.97 in chips) 
Seat 5: pedrontervtn ($1.50 in chips) 
Seat 6: geyza15 ($5.76 in chips) 
Seat 7: caiotressi ($1.83 in chips) 
Seat 8: Jessypcx ($0.64 in chips) 
Seat 9: Almanza63 ($2.25 in chips) 
geyza15: posts small blind $0.01
caiotressi: posts big blind $0.02
*** HOLE CARDS ***
Dealt to Dorex2007 [4c 4h]
Jessypcx: folds 
Almanza63: folds 
Biorn iironside: calls $0.02
Abugasse: calls $0.02
Dorex2007: calls $0.02
blopisanz: folds 
pedrontervtn: calls $0.02
geyza15: folds 
caiotressi: checks 
*** FLOP *** [Th Ah Ks]
caiotressi: checks 
Biorn iironside: bets $0.02
Abugasse: folds 
Dorex2007: calls $0.02
pedrontervtn: calls $0.02
caiotressi: folds 
*** TURN *** [Th Ah Ks] [5c]
Biorn iironside: bets $0.02
Dorex2007: folds 
pedrontervtn: calls $0.02
*** RIVER *** [Th Ah Ks 5c] [4d]
Biorn iironside: bets $0.08
pedrontervtn: calls $0.08
*** SHOW DOWN ***
Biorn iironside: shows [5h Td] (two pair, Tens and Fives)
pedrontervtn: mucks hand 
Biorn iironside collected $0.36 from pot
*** SUMMARY ***
Total pot $0.37 | Rake $0.01 
Board [Th Ah Ks 5c 4d]
Seat 1: Biorn iironside showed [5h Td] and won ($0.36) with two pair, Tens and Fives
Seat 2: Abugasse folded on the Flop
Seat 3: Dorex2007 folded on the Turn
Seat 4: blopisanz folded before Flop (didn't bet)
Seat 5: pedrontervtn (button) mucked [7d Ad]
Seat 6: geyza15 (small blind) folded before Flop
Seat 7: caiotressi (big blind) folded on the Flop
Seat 8: Jessypcx folded before Flop (didn't bet)
Seat 9: Almanza63 folded before Flop (didn't bet)



PokerStars Hand #237305601240:  Hold'em No Limit ($0.01/$0.02 USD) - 2022/07/11 17:06:11 PT [2022/07/11 20:06:11 ET]
Table 'Prylis III' 9-max Seat #6 is the button
Seat 1: Biorn iironside ($2.30 in chips) 
Seat 2: Abugasse ($0.84 in chips) 
Seat 3: Dorex2007 ($5.51 in chips) 
Seat 4: blopisanz ($1.97 in chips) 
Seat 5: pedrontervtn ($1.36 in chips) 
Seat 6: geyza15 ($5.75 in chips) 
Seat 7: caiotressi ($1.81 in chips) 
Seat 8: Jessypcx ($0.64 in chips) 
Seat 9: Almanza63 ($2.25 in chips) 
caiotressi: posts small blind $0.01
Jessypcx: posts big blind $0.02
*** HOLE CARDS ***
Dealt to Dorex2007 [5c Ac]
Almanza63: folds 
Biorn iironside: calls $0.02
Abugasse: folds 
Dorex2007: calls $0.02
blopisanz: calls $0.02
pedrontervtn: calls $0.02
geyza15: folds 
caiotressi: calls $0.01
Jessypcx: checks 
*** FLOP *** [Kc 4h 3s]
caiotressi: checks 
Jessypcx: checks 
Biorn iironside: bets $0.02
Dorex2007: calls $0.02
blopisanz: folds 
pedrontervtn: calls $0.02
caiotressi: folds 
Jessypcx: folds 
*** TURN *** [Kc 4h 3s] [Th]
Biorn iironside: bets $0.04
Dorex2007: folds 
pedrontervtn: folds 
Uncalled bet ($0.04) returned to Biorn iironside
Biorn iironside collected $0.17 from pot
*** SUMMARY ***
Total pot $0.18 | Rake $0.01 
Board [Kc 4h 3s Th]
Seat 1: Biorn iironside collected ($0.17)
Seat 2: Abugasse folded before Flop (didn't bet)
Seat 3: Dorex2007 folded on the Turn
Seat 4: blopisanz folded on the Flop
Seat 5: pedrontervtn folded on the Turn
Seat 6: geyza15 (button) folded before Flop (didn't bet)
Seat 7: caiotressi (small blind) folded on the Flop
Seat 8: Jessypcx (big blind) folded on the Flop
Seat 9: Almanza63 folded before Flop (didn't bet)



PokerStars Hand #237305613823:  Hold'em No Limit ($0.01/$0.02 USD) - 2022/07/11 17:07:03 PT [2022/07/11 20:07:03 ET]
Table 'Prylis III' 9-max Seat #7 is the button
Seat 1: Biorn iironside ($2.43 in chips) 
Seat 2: Abugasse ($0.84 in chips) 
Seat 3: Dorex2007 ($5.47 in chips) 
Seat 4: blopisanz ($1.95 in chips) 
Seat 5: pedrontervtn ($1.32 in chips) 
Seat 6: geyza15 ($5.75 in chips) 
Seat 7: caiotressi ($1.79 in chips) 
Seat 8: Jessypcx ($0.62 in chips) 
Seat 9: Almanza63 ($2.25 in chips) 
Jessypcx: posts small blind $0.01
Almanza63: posts big blind $0.02
*** HOLE CARDS ***
Dealt to Dorex2007 [Ac 3s]
Biorn iironside: calls $0.02
Abugasse: folds 
Dorex2007: folds 
blopisanz: folds 
pedrontervtn: calls $0.02
geyza15: folds 
caiotressi: calls $0.02
Jessypcx: folds 
Almanza63: raises $0.08 to $0.10
Biorn iironside: folds 
pedrontervtn: folds 
caiotressi: folds 
Uncalled bet ($0.08) returned to Almanza63
Almanza63 collected $0.09 from pot
*** SUMMARY ***
Total pot $0.09 | Rake $0 
Seat 1: Biorn iironside folded before Flop
Seat 2: Abugasse folded before Flop (didn't bet)
Seat 3: Dorex2007 folded before Flop (didn't bet)
Seat 4: blopisanz folded before Flop (didn't bet)
Seat 5: pedrontervtn folded before Flop
Seat 6: geyza15 folded before Flop (didn't bet)
Seat 7: caiotressi (button) folded before Flop
Seat 8: Jessypcx (small blind) folded before Flop
Seat 9: Almanza63 (big blind) collected ($0.09)



PokerStars Hand #237305626428:  Hold'em No Limit ($0.01/$0.02 USD) - 2022/07/11 17:07:55 PT [2022/07/11 20:07:55 ET]
Table 'Prylis III' 9-max Seat #8 is the button
Seat 1: Biorn iironside ($2.41 in chips) 
Seat 2: Abugasse ($0.84 in chips) 
Seat 3: Dorex2007 ($5.47 in chips) 
Seat 4: blopisanz ($1.95 in chips) 
Seat 5: pedrontervtn ($1.30 in chips) 
Seat 6: geyza15 ($5.75 in chips) 
Seat 7: caiotressi ($1.77 in chips) 
Seat 8: Jessypcx ($0.61 in chips) 
Seat 9: Almanza63 ($2.32 in chips) 
Almanza63: posts small blind $0.01
Biorn iironside: posts big blind $0.02
*** HOLE CARDS ***
Dealt to Dorex2007 [8s Ah]
Abugasse: calls $0.02
Dorex2007: folds 
blopisanz: folds 
pedrontervtn: raises $0.02 to $0.04
geyza15: folds 
caiotressi: folds 
Jessypcx: folds 
Almanza63: folds 
Biorn iironside: calls $0.02
Abugasse: calls $0.02
*** FLOP *** [2c Ts 2h]
Biorn iironside: checks 
Abugasse: checks 
pedrontervtn: bets $0.04
Biorn iironside: raises $0.04 to $0.08
Abugasse: folds 
pedrontervtn: calls $0.04
*** TURN *** [2c Ts 2h] [7d]
Biorn iironside: bets $0.02
pedrontervtn: raises $0.08 to $0.10
Biorn iironside: calls $0.08
*** RIVER *** [2c Ts 2h 7d] [Ac]
Biorn iironside: checks 
pedrontervtn: bets $0.14
Biorn iironside: calls $0.14
*** SHOW DOWN ***
pedrontervtn: shows [Th As] (two pair, Aces and Tens)
Biorn iironside: mucks hand 
pedrontervtn collected $0.74 from pot
*** SUMMARY ***
Total pot $0.77 | Rake $0.03 
Board [2c Ts 2h 7d Ac]
Seat 1: Biorn iironside (big blind) mucked [Qh Kh]
Seat 2: Abugasse folded on the Flop
Seat 3: Dorex2007 folded before Flop (didn't bet)
Seat 4: blopisanz folded before Flop (didn't bet)
Seat 5: pedrontervtn showed [Th As] and won ($0.74) with two pair, Aces and Tens
Seat 6: geyza15 folded before Flop (didn't bet)
Seat 7: caiotressi folded before Flop (didn't bet)
Seat 8: Jessypcx (button) folded before Flop (didn't bet)
Seat 9: Almanza63 (small blind) folded before Flop



PokerStars Hand #237305651491:  Hold'em No Limit ($0.01/$0.02 USD) - 2022/07/11 17:09:04 PT [2022/07/11 20:09:04 ET]
Table 'Prylis III' 9-max Seat #9 is the button
Seat 1: Biorn iironside ($2.05 in chips) 
Seat 2: Abugasse ($0.80 in chips) 
Seat 3: Dorex2007 ($5.47 in chips) 
Seat 4: blopisanz ($1.95 in chips) 
Seat 5: pedrontervtn ($1.68 in chips) 
Seat 6: geyza15 ($5.75 in chips) 
Seat 7: caiotressi ($1.77 in chips) 
Seat 8: Jessypcx ($0.61 in chips) 
Seat 9: Almanza63 ($2.31 in chips) 
Biorn iironside: posts small blind $0.01
Abugasse: posts big blind $0.02
*** HOLE CARDS ***
Dealt to Dorex2007 [2d Tc]
Dorex2007: folds 
blopisanz: folds 
pedrontervtn: raises $0.02 to $0.04
geyza15: folds 
caiotressi: folds 
Jessypcx: calls $0.04
Almanza63: folds 
Biorn iironside: calls $0.03
Abugasse: folds 
*** FLOP *** [4d As Td]
Biorn iironside: bets $0.02
pedrontervtn: raises $0.02 to $0.04
Jessypcx: folds 
Biorn iironside: calls $0.02
*** TURN *** [4d As Td] [Jd]
Biorn iironside: bets $0.02
pedrontervtn: calls $0.02
*** RIVER *** [4d As Td Jd] [2h]
Biorn iironside: bets $0.42
pedrontervtn: folds 
Uncalled bet ($0.42) returned to Biorn iironside
Biorn iironside collected $0.25 from pot
*** SUMMARY ***
Total pot $0.26 | Rake $0.01 
Board [4d As Td Jd 2h]
Seat 1: Biorn iironside (small blind) collected ($0.25)
Seat 2: Abugasse (big blind) folded before Flop
Seat 3: Dorex2007 folded before Flop (didn't bet)
Seat 4: blopisanz folded before Flop (didn't bet)
Seat 5: pedrontervtn folded on the River
Seat 6: geyza15 folded before Flop (didn't bet)
Seat 7: caiotressi folded before Flop (didn't bet)
Seat 8: Jessypcx folded on the Flop
Seat 9: Almanza63 (button) folded before Flop (didn't bet)



PokerStars Hand #237305663187:  Hold'em No Limit ($0.01/$0.02 USD) - 2022/07/11 17:09:54 PT [2022/07/11 20:09:54 ET]
Table 'Prylis III' 9-max Seat #1 is the button
Seat 1: Biorn iironside ($2.20 in chips) 
Seat 2: Abugasse ($0.78 in chips) 
Seat 3: Dorex2007 ($5.47 in chips) 
Seat 4: blopisanz ($1.95 in chips) 
Seat 5: pedrontervtn ($1.58 in chips) 
Seat 6: geyza15 ($5.75 in chips) 
Seat 7: caiotressi ($1.77 in chips) 
Seat 8: Jessypcx ($0.57 in chips) 
Seat 9: Almanza63 ($2.31 in chips) 
Abugasse: posts small blind $0.01
Dorex2007: posts big blind $0.02
*** HOLE CARDS ***
Dealt to Dorex2007 [3s Th]
blopisanz: calls $0.02
pedrontervtn: folds 
geyza15: folds 
caiotressi: calls $0.02
Jessypcx: raises $0.06 to $0.08
Almanza63: folds 
Biorn iironside: folds 
Abugasse: folds 
Dorex2007: folds 
blopisanz: folds 
caiotressi: calls $0.06
*** FLOP *** [5d Td Kh]
caiotressi: checks 
Jessypcx: bets $0.10
caiotressi: calls $0.10
*** TURN *** [5d Td Kh] [Ks]
caiotressi: checks 
Jessypcx: bets $0.14
caiotressi: calls $0.14
*** RIVER *** [5d Td Kh Ks] [5c]
caiotressi: checks 
Jessypcx: bets $0.25 and is all-in
caiotressi: folds 
Uncalled bet ($0.25) returned to Jessypcx
Jessypcx collected $0.67 from pot
*** SUMMARY ***
Total pot $0.69 | Rake $0.02 
Board [5d Td Kh Ks 5c]
Seat 1: Biorn iironside (button) folded before Flop (didn't bet)
Seat 2: Abugasse (small blind) folded before Flop
Seat 3: Dorex2007 (big blind) folded before Flop
Seat 4: blopisanz folded before Flop
Seat 5: pedrontervtn folded before Flop (didn't bet)
Seat 6: geyza15 folded before Flop (didn't bet)
Seat 7: caiotressi folded on the River
Seat 8: Jessypcx collected ($0.67)
Seat 9: Almanza63 folded before Flop (didn't bet)



PokerStars Hand #237305680036:  Hold'em No Limit ($0.01/$0.02 USD) - 2022/07/11 17:11:07 PT [2022/07/11 20:11:07 ET]
Table 'Prylis III' 9-max Seat #2 is the button
Seat 1: Biorn iironside ($2.20 in chips) 
Seat 2: Abugasse ($0.77 in chips) 
Seat 3: Dorex2007 ($5.45 in chips) 
Seat 4: blopisanz ($1.93 in chips) 
Seat 5: pedrontervtn ($1.58 in chips) 
Seat 6: geyza15 ($5.75 in chips) 
Seat 7: caiotressi ($1.45 in chips) 
Seat 8: Jessypcx ($0.92 in chips) 
Seat 9: Almanza63 ($2.31 in chips) 
Dorex2007: posts small blind $0.01
blopisanz: posts big blind $0.02
*** HOLE CARDS ***
Dealt to Dorex2007 [9d 3c]
pedrontervtn: raises $0.02 to $0.04
geyza15: calls $0.04
caiotressi: folds 
Jessypcx: calls $0.04
Almanza63: folds 
Biorn iironside: folds 
Abugasse: folds 
Dorex2007: folds 
blopisanz: folds 
*** FLOP *** [3d Ks Js]
pedrontervtn: bets $0.02
geyza15: folds 
Jessypcx: calls $0.02
*** TURN *** [3d Ks Js] [9h]
pedrontervtn: bets $0.02
Jessypcx: calls $0.02
*** RIVER *** [3d Ks Js 9h] [8s]
pedrontervtn: bets $0.10
Jessypcx: folds 
Uncalled bet ($0.10) returned to pedrontervtn
pedrontervtn collected $0.22 from pot
*** SUMMARY ***
Total pot $0.23 | Rake $0.01 
Board [3d Ks Js 9h 8s]
Seat 1: Biorn iironside folded before Flop (didn't bet)
Seat 2: Abugasse (button) folded before Flop (didn't bet)
Seat 3: Dorex2007 (small blind) folded before Flop
Seat 4: blopisanz (big blind) folded before Flop
Seat 5: pedrontervtn collected ($0.22)
Seat 6: geyza15 folded on the Flop
Seat 7: caiotressi folded before Flop (didn't bet)
Seat 8: Jessypcx folded on the River
Seat 9: Almanza63 folded before Flop (didn't bet)



PokerStars Hand #237305691045:  Hold'em No Limit ($0.01/$0.02 USD) - 2022/07/11 17:11:53 PT [2022/07/11 20:11:53 ET]
Table 'Prylis III' 9-max Seat #3 is the button
Seat 1: Biorn iironside ($2.20 in chips) 
Seat 2: Abugasse ($0.77 in chips) 
Seat 3: Dorex2007 ($5.44 in chips) 
Seat 4: blopisanz ($1.91 in chips) 
Seat 5: pedrontervtn ($1.72 in chips) 
Seat 6: geyza15 ($5.71 in chips) 
Seat 7: caiotressi ($1.45 in chips) 
Seat 8: Jessypcx ($0.84 in chips) 
Seat 9: Almanza63 ($2.31 in chips) 
blopisanz: posts small blind $0.01
pedrontervtn: posts big blind $0.02
*** HOLE CARDS ***
Dealt to Dorex2007 [9s Ah]
geyza15: folds 
caiotressi: folds 
Jessypcx: folds 
Almanza63: folds 
Biorn iironside: calls $0.02
Abugasse: calls $0.02
Dorex2007: folds 
blopisanz: folds 
pedrontervtn: raises $0.02 to $0.04
Biorn iironside: calls $0.02
Abugasse: calls $0.02
*** FLOP *** [6d 7s Tc]
pedrontervtn: bets $0.06
Biorn iironside: calls $0.06
Abugasse: calls $0.06
*** TURN *** [6d 7s Tc] [4s]
pedrontervtn: checks 
Biorn iironside: checks 
Abugasse: checks 
*** RIVER *** [6d 7s Tc 4s] [Kd]
pedrontervtn: checks 
Biorn iironside: checks 
Abugasse: checks 
*** SHOW DOWN ***
pedrontervtn: shows [Jc Ac] (high card Ace)
Biorn iironside: shows [Jh Ad] (high card Ace)
Abugasse: shows [Kh 8s] (a pair of Kings)
Abugasse collected $0.30 from pot
*** SUMMARY ***
Total pot $0.31 | Rake $0.01 
Board [6d 7s Tc 4s Kd]
Seat 1: Biorn iironside showed [Jh Ad] and lost with high card Ace
Seat 2: Abugasse showed [Kh 8s] and won ($0.30) with a pair of Kings
Seat 3: Dorex2007 (button) folded before Flop (didn't bet)
Seat 4: blopisanz (small blind) folded before Flop
Seat 5: pedrontervtn (big blind) showed [Jc Ac] and lost with high card Ace
Seat 6: geyza15 folded before Flop (didn't bet)
Seat 7: caiotressi folded before Flop (didn't bet)
Seat 8: Jessypcx folded before Flop (didn't bet)
Seat 9: Almanza63 folded before Flop (didn't bet)



PokerStars Hand #237305702624:  Hold'em No Limit ($0.01/$0.02 USD) - 2022/07/11 17:12:43 PT [2022/07/11 20:12:43 ET]
Table 'Prylis III' 9-max Seat #4 is the button
Seat 1: Biorn iironside ($2.10 in chips) 
Seat 2: Abugasse ($0.97 in chips) 
Seat 3: Dorex2007 ($5.44 in chips) 
Seat 4: blopisanz ($1.90 in chips) 
Seat 5: pedrontervtn ($1.62 in chips) 
Seat 6: geyza15 ($5.71 in chips) 
Seat 7: caiotressi ($1.45 in chips) 
Seat 8: Jessypcx ($0.84 in chips) 
Seat 9: Almanza63 ($2.31 in chips) 
pedrontervtn: posts small blind $0.01
geyza15: posts big blind $0.02
*** HOLE CARDS ***
Dealt to Dorex2007 [8d Ks]
caiotressi: folds 
Jessypcx: raises $0.02 to $0.04
Almanza63: folds 
Biorn iironside: folds 
Abugasse: calls $0.04
Dorex2007: folds 
blopisanz: folds 
pedrontervtn: calls $0.03
geyza15: folds 
*** FLOP *** [9h 7h 4h]
pedrontervtn: bets $0.02
Jessypcx: raises $0.09 to $0.11
Abugasse: folds 
pedrontervtn: calls $0.09
*** TURN *** [9h 7h 4h] [3c]
pedrontervtn: checks 
Jessypcx: checks 
*** RIVER *** [9h 7h 4h 3c] [9d]
pedrontervtn: checks 
Jessypcx: bets $0.17
pedrontervtn: folds 
Uncalled bet ($0.17) returned to Jessypcx
Jessypcx collected $0.35 from pot
*** SUMMARY ***
Total pot $0.36 | Rake $0.01 
Board [9h 7h 4h 3c 9d]
Seat 1: Biorn iironside folded before Flop (didn't bet)
Seat 2: Abugasse folded on the Flop
Seat 3: Dorex2007 folded before Flop (didn't bet)
Seat 4: blopisanz (button) folded before Flop (didn't bet)
Seat 5: pedrontervtn (small blind) folded on the River
Seat 6: geyza15 (big blind) folded before Flop
Seat 7: caiotressi folded before Flop (didn't bet)
Seat 8: Jessypcx collected ($0.35)
Seat 9: Almanza63 folded before Flop (didn't bet)



PokerStars Hand #237305719395:  Hold'em No Limit ($0.01/$0.02 USD) - 2022/07/11 17:13:55 PT [2022/07/11 20:13:55 ET]
Table 'Prylis III' 9-max Seat #5 is the button
Seat 1: Biorn iironside ($2.10 in chips) 
Seat 2: Abugasse ($0.93 in chips) 
Seat 3: Dorex2007 ($5.44 in chips) 
Seat 4: blopisanz ($1.90 in chips) 
Seat 5: pedrontervtn ($1.47 in chips) 
Seat 6: geyza15 ($5.69 in chips) 
Seat 7: caiotressi ($1.45 in chips) 
Seat 8: Jessypcx ($1.04 in chips) 
Seat 9: Almanza63 ($2.31 in chips) 
geyza15: posts small blind $0.01
caiotressi: posts big blind $0.02
*** HOLE CARDS ***
Dealt to Dorex2007 [Ac 4c]
Jessypcx: raises $0.02 to $0.04
Almanza63: folds 
Biorn iironside: calls $0.04
Abugasse: folds 
Dorex2007: calls $0.04
blopisanz: folds 
pedrontervtn: folds 
geyza15: folds 
caiotressi: folds 
*** FLOP *** [Ah 6c Tc]
Jessypcx: bets $0.06
Biorn iironside: folds 
Dorex2007: calls $0.06
*** TURN *** [Ah 6c Tc] [Ts]
Jessypcx: checks 
Dorex2007: bets $0.13
Jessypcx: folds 
Uncalled bet ($0.13) returned to Dorex2007
Dorex2007 collected $0.26 from pot
*** SUMMARY ***
Total pot $0.27 | Rake $0.01 
Board [Ah 6c Tc Ts]
Seat 1: Biorn iironside folded on the Flop
Seat 2: Abugasse folded before Flop (didn't bet)
Seat 3: Dorex2007 collected ($0.26)
Seat 4: blopisanz folded before Flop (didn't bet)
Seat 5: pedrontervtn (button) folded before Flop (didn't bet)
Seat 6: geyza15 (small blind) folded before Flop
Seat 7: caiotressi (big blind) folded before Flop
Seat 8: Jessypcx folded on the Turn
Seat 9: Almanza63 folded before Flop (didn't bet)



PokerStars Hand #237305731830:  Hold'em No Limit ($0.01/$0.02 USD) - 2022/07/11 17:14:48 PT [2022/07/11 20:14:48 ET]
Table 'Prylis III' 9-max Seat #6 is the button
Seat 1: Biorn iironside ($2.06 in chips) 
Seat 2: Abugasse ($0.93 in chips) 
Seat 3: Dorex2007 ($5.60 in chips) 
Seat 4: blopisanz ($1.90 in chips) 
Seat 5: pedrontervtn ($1.47 in chips) 
Seat 6: geyza15 ($5.68 in chips) 
Seat 7: caiotressi ($1.43 in chips) 
Seat 8: Jessypcx ($0.94 in chips) 
Seat 9: Almanza63 ($2.31 in chips) 
caiotressi: posts small blind $0.01
Jessypcx: posts big blind $0.02
*** HOLE CARDS ***
Dealt to Dorex2007 [Th 5c]
Almanza63: raises $0.08 to $0.10
Biorn iironside: calls $0.10
Abugasse: folds 
Dorex2007: folds 
blopisanz: folds 
pedrontervtn: folds 
geyza15: calls $0.10
caiotressi: folds 
Jessypcx: folds 
*** FLOP *** [5s 8h 2d]
Almanza63: checks 
Biorn iironside: checks 
geyza15: bets $0.17
Almanza63: folds 
Biorn iironside: folds 
Uncalled bet ($0.17) returned to geyza15
geyza15 collected $0.32 from pot
*** SUMMARY ***
Total pot $0.33 | Rake $0.01 
Board [5s 8h 2d]
Seat 1: Biorn iironside folded on the Flop
Seat 2: Abugasse folded before Flop (didn't bet)
Seat 3: Dorex2007 folded before Flop (didn't bet)
Seat 4: blopisanz folded before Flop (didn't bet)
Seat 5: pedrontervtn folded before Flop (didn't bet)
Seat 6: geyza15 (button) collected ($0.32)
Seat 7: caiotressi (small blind) folded before Flop
Seat 8: Jessypcx (big blind) folded before Flop
Seat 9: Almanza63 folded on the Flop



PokerStars Hand #237305743987:  Hold'em No Limit ($0.01/$0.02 USD) - 2022/07/11 17:15:39 PT [2022/07/11 20:15:39 ET]
Table 'Prylis III' 9-max Seat #7 is the button
Seat 1: Biorn iironside ($1.96 in chips) 
Seat 2: Abugasse ($0.93 in chips) 
Seat 3: Dorex2007 ($5.60 in chips) 
Seat 4: blopisanz ($1.90 in chips) 
Seat 5: pedrontervtn ($1.47 in chips) 
Seat 6: geyza15 ($5.90 in chips) 
Seat 7: caiotressi ($1.42 in chips) 
Seat 8: Jessypcx ($0.92 in chips) 
Seat 9: Almanza63 ($2.21 in chips) 
Jessypcx: posts small blind $0.01
Almanza63: posts big blind $0.02
*** HOLE CARDS ***
Dealt to Dorex2007 [3h Qh]
Biorn iironside: calls $0.02
Abugasse: calls $0.02
Dorex2007: folds 
blopisanz: folds 
pedrontervtn: calls $0.02
geyza15: calls $0.02
caiotressi: folds 
Jessypcx: calls $0.01
Almanza63: checks 
*** FLOP *** [Jc 7d 6h]
Jessypcx: checks 
Almanza63: checks 
Biorn iironside: bets $0.02
Abugasse: raises $0.02 to $0.04
pedrontervtn: folds 
pedrontervtn leaves the table
geyza15: folds 
Jessypcx: calls $0.04
Almanza63: folds 
Biorn iironside: calls $0.02
*** TURN *** [Jc 7d 6h] [Tc]
mariodelore joins the table at seat #5 
Jessypcx: checks 
Biorn iironside: checks 
Abugasse: checks 
*** RIVER *** [Jc 7d 6h Tc] [4h]
Jessypcx: checks 
Biorn iironside: bets $0.10
Abugasse: calls $0.10
Jessypcx: folds 
*** SHOW DOWN ***
Biorn iironside: shows [Js Qc] (a pair of Jacks)
Abugasse: shows [6s Jd] (two pair, Jacks and Sixes)
Abugasse collected $0.42 from pot
*** SUMMARY ***
Total pot $0.44 | Rake $0.02 
Board [Jc 7d 6h Tc 4h]
Seat 1: Biorn iironside showed [Js Qc] and lost with a pair of Jacks
Seat 2: Abugasse showed [6s Jd] and won ($0.42) with two pair, Jacks and Sixes
Seat 3: Dorex2007 folded before Flop (didn't bet)
Seat 4: blopisanz folded before Flop (didn't bet)
Seat 5: pedrontervtn folded on the Flop
Seat 6: geyza15 folded on the Flop
Seat 7: caiotressi (button) folded before Flop (didn't bet)
Seat 8: Jessypcx (small blind) folded on the River
Seat 9: Almanza63 (big blind) folded on the Flop



PokerStars Hand #237305758167:  Hold'em No Limit ($0.01/$0.02 USD) - 2022/07/11 17:16:40 PT [2022/07/11 20:16:40 ET]
Table 'Prylis III' 9-max Seat #8 is the button
Seat 1: Biorn iironside ($1.80 in chips) 
Seat 2: Abugasse ($1.19 in chips) 
Seat 3: Dorex2007 ($5.60 in chips) 
Seat 4: blopisanz ($1.90 in chips) 
Seat 6: geyza15 ($5.88 in chips) 
Seat 7: caiotressi ($1.42 in chips) 
Seat 8: Jessypcx ($0.86 in chips) 
Seat 9: Almanza63 ($2.19 in chips) 
Almanza63: posts small blind $0.01
Biorn iironside: posts big blind $0.02
mariodelore: sits out 
*** HOLE CARDS ***
Dealt to Dorex2007 [9h Jd]
Abugasse: calls $0.02
Dorex2007: folds 
blopisanz: folds 
geyza15: folds 
caiotressi: folds 
Jessypcx: raises $0.04 to $0.06
Almanza63: calls $0.05
Biorn iironside: calls $0.04
Abugasse: calls $0.04
*** FLOP *** [Qc Qd 6c]
Almanza63: checks 
Biorn iironside: bets $0.02
Abugasse: calls $0.02
Jessypcx: folds 
Almanza63: folds 
*** TURN *** [Qc Qd 6c] [Kc]
Biorn iironside: checks 
Abugasse: bets $0.08
Biorn iironside: folds 
Uncalled bet ($0.08) returned to Abugasse
Abugasse collected $0.27 from pot
*** SUMMARY ***
Total pot $0.28 | Rake $0.01 
Board [Qc Qd 6c Kc]
Seat 1: Biorn iironside (big blind) folded on the Turn
Seat 2: Abugasse collected ($0.27)
Seat 3: Dorex2007 folded before Flop (didn't bet)
Seat 4: blopisanz folded before Flop (didn't bet)
Seat 6: geyza15 folded before Flop (didn't bet)
Seat 7: caiotressi folded before Flop (didn't bet)
Seat 8: Jessypcx (button) folded on the Flop
Seat 9: Almanza63 (small blind) folded on the Flop



PokerStars Hand #237305774063:  Hold'em No Limit ($0.01/$0.02 USD) - 2022/07/11 17:17:47 PT [2022/07/11 20:17:47 ET]
Table 'Prylis III' 9-max Seat #9 is the button
Seat 1: Biorn iironside ($1.72 in chips) 
Seat 2: Abugasse ($1.38 in chips) 
Seat 3: Dorex2007 ($5.60 in chips) 
Seat 4: blopisanz ($1.90 in chips) 
Seat 6: geyza15 ($5.88 in chips) 
Seat 7: caiotressi ($1.42 in chips) 
Seat 8: Jessypcx ($0.80 in chips) 
Seat 9: Almanza63 ($2.13 in chips) 
Biorn iironside: posts small blind $0.01
Abugasse: posts big blind $0.02
mariodelore: sits out 
*** HOLE CARDS ***
Dealt to Dorex2007 [7d Kc]
Dorex2007: folds 
blopisanz: folds 
geyza15: raises $0.02 to $0.04
caiotressi: folds 
Jessypcx: calls $0.04
Almanza63: calls $0.04
Biorn iironside: folds 
Abugasse: calls $0.02
*** FLOP *** [7h 5h Qs]
Abugasse: checks 
geyza15: checks 
Jessypcx: checks 
Almanza63: bets $0.12
Abugasse: folds 
geyza15: folds 
Jessypcx: folds 
Uncalled bet ($0.12) returned to Almanza63
Almanza63 collected $0.16 from pot
*** SUMMARY ***
Total pot $0.17 | Rake $0.01 
Board [7h 5h Qs]
Seat 1: Biorn iironside (small blind) folded before Flop
Seat 2: Abugasse (big blind) folded on the Flop
Seat 3: Dorex2007 folded before Flop (didn't bet)
Seat 4: blopisanz folded before Flop (didn't bet)
Seat 6: geyza15 folded on the Flop
Seat 7: caiotressi folded before Flop (didn't bet)
Seat 8: Jessypcx folded on the Flop
Seat 9: Almanza63 (button) collected ($0.16)



PokerStars Hand #237305786566:  Hold'em No Limit ($0.01/$0.02 USD) - 2022/07/11 17:18:41 PT [2022/07/11 20:18:41 ET]
Table 'Prylis III' 9-max Seat #1 is the button
Seat 1: Biorn iironside ($1.71 in chips) 
Seat 2: Abugasse ($1.34 in chips) 
Seat 3: Dorex2007 ($5.60 in chips) 
Seat 4: blopisanz ($1.90 in chips) 
Seat 6: geyza15 ($5.84 in chips) 
Seat 7: caiotressi ($1.42 in chips) 
Seat 8: Jessypcx ($0.76 in chips) 
Seat 9: Almanza63 ($2.25 in chips) 
Abugasse: posts small blind $0.01
Dorex2007: posts big blind $0.02
mariodelore: sits out 
*** HOLE CARDS ***
Dealt to Dorex2007 [4c Jh]
blopisanz: folds 
geyza15: folds 
caiotressi has timed out
caiotressi: folds 
Jessypcx: folds 
Almanza63: folds 
Biorn iironside: calls $0.02
Abugasse: calls $0.01
Dorex2007: checks 
*** FLOP *** [Th 9d 4s]
Abugasse: bets $0.06
Dorex2007: calls $0.06
Biorn iironside: raises $0.06 to $0.12
Abugasse: calls $0.06
Dorex2007: folds 
*** TURN *** [Th 9d 4s] [5h]
Abugasse: checks 
Biorn iironside: bets $0.20
Abugasse: calls $0.20
*** RIVER *** [Th 9d 4s 5h] [Ad]
Abugasse: checks 
Biorn iironside: checks 
*** SHOW DOWN ***
Abugasse: shows [Js Qh] (high card Ace)
Biorn iironside: shows [Ts 2h] (a pair of Tens)
Biorn iironside collected $0.73 from pot
*** SUMMARY ***
Total pot $0.76 | Rake $0.03 
Board [Th 9d 4s 5h Ad]
Seat 1: Biorn iironside (button) showed [Ts 2h] and won ($0.73) with a pair of Tens
Seat 2: Abugasse (small blind) showed [Js Qh] and lost with high card Ace
Seat 3: Dorex2007 (big blind) folded on the Flop
Seat 4: blopisanz folded before Flop (didn't bet)
Seat 6: geyza15 folded before Flop (didn't bet)
Seat 7: caiotressi folded before Flop (didn't bet)
Seat 8: Jessypcx folded before Flop (didn't bet)
Seat 9: Almanza63 folded before Flop (didn't bet)



PokerStars Hand #237305802646:  Hold'em No Limit ($0.01/$0.02 USD) - 2022/07/11 17:19:51 PT [2022/07/11 20:19:51 ET]
Table 'Prylis III' 9-max Seat #2 is the button
Seat 1: Biorn iironside ($2.10 in chips) 
Seat 2: Abugasse ($1 in chips) 
Seat 3: Dorex2007 ($5.52 in chips) 
Seat 4: blopisanz ($1.90 in chips) 
Seat 6: geyza15 ($5.84 in chips) 
Seat 7: caiotressi ($1.42 in chips) 
Seat 8: Jessypcx ($0.76 in chips) 
Seat 9: Almanza63 ($2.25 in chips) 
Dorex2007: posts small blind $0.01
blopisanz: posts big blind $0.02
mariodelore: sits out 
*** HOLE CARDS ***
Dealt to Dorex2007 [6h 2h]
geyza15: folds 
caiotressi: raises $0.04 to $0.06
Jessypcx: calls $0.06
Almanza63: folds 
Biorn iironside: calls $0.06
Abugasse: calls $0.06
Dorex2007: folds 
blopisanz: folds 
*** FLOP *** [3h 7c Kd]
caiotressi: checks 
Jessypcx: checks 
Biorn iironside: checks 
Abugasse: checks 
*** TURN *** [3h 7c Kd] [9s]
caiotressi: checks 
Jessypcx: checks 
Biorn iironside: bets $0.02
Abugasse: calls $0.02
caiotressi: calls $0.02
Jessypcx: folds 
*** RIVER *** [3h 7c Kd 9s] [4d]
caiotressi: checks 
Biorn iironside: checks 
Abugasse: checks 
*** SHOW DOWN ***
caiotressi: shows [Qs Jh] (high card King)
Biorn iironside: shows [6s 6c] (a pair of Sixes)
Abugasse: mucks hand 
Biorn iironside collected $0.32 from pot
*** SUMMARY ***
Total pot $0.33 | Rake $0.01 
Board [3h 7c Kd 9s 4d]
Seat 1: Biorn iironside showed [6s 6c] and won ($0.32) with a pair of Sixes
Seat 2: Abugasse (button) mucked [Td Qh]
Seat 3: Dorex2007 (small blind) folded before Flop
Seat 4: blopisanz (big blind) folded before Flop
Seat 6: geyza15 folded before Flop (didn't bet)
Seat 7: caiotressi showed [Qs Jh] and lost with high card King
Seat 8: Jessypcx folded on the Turn
Seat 9: Almanza63 folded before Flop (didn't bet)



PokerStars Hand #237305820763:  Hold'em No Limit ($0.01/$0.02 USD) - 2022/07/11 17:21:09 PT [2022/07/11 20:21:09 ET]
Table 'Prylis III' 9-max Seat #3 is the button
Seat 1: Biorn iironside ($2.34 in chips) 
Seat 2: Abugasse ($0.92 in chips) 
Seat 3: Dorex2007 ($5.51 in chips) 
Seat 4: blopisanz ($1.88 in chips) 
Seat 5: mariodelore ($2 in chips) 
Seat 6: geyza15 ($5.84 in chips) 
Seat 7: caiotressi ($1.34 in chips) 
Seat 8: Jessypcx ($0.70 in chips) 
Seat 9: Almanza63 ($2.25 in chips) 
blopisanz: posts small blind $0.01
mariodelore: posts big blind $0.02
*** HOLE CARDS ***
Dealt to Dorex2007 [Qh 6s]
geyza15: raises $0.03 to $0.05
caiotressi: folds 
Jessypcx: folds 
Almanza63: folds 
Biorn iironside: folds 
Abugasse: folds 
Dorex2007: folds 
blopisanz: folds 
mariodelore: raises $0.11 to $0.16
geyza15: folds 
Uncalled bet ($0.11) returned to mariodelore
mariodelore collected $0.11 from pot
*** SUMMARY ***
Total pot $0.11 | Rake $0 
Seat 1: Biorn iironside folded before Flop (didn't bet)
Seat 2: Abugasse folded before Flop (didn't bet)
Seat 3: Dorex2007 (button) folded before Flop (didn't bet)
Seat 4: blopisanz (small blind) folded before Flop
Seat 5: mariodelore (big blind) collected ($0.11)
Seat 6: geyza15 folded before Flop
Seat 7: caiotressi folded before Flop (didn't bet)
Seat 8: Jessypcx folded before Flop (didn't bet)
Seat 9: Almanza63 folded before Flop (didn't bet)



PokerStars Hand #237305827766:  Hold'em No Limit ($0.01/$0.02 USD) - 2022/07/11 17:21:40 PT [2022/07/11 20:21:40 ET]
Table 'Prylis III' 9-max Seat #4 is the button
Seat 1: Biorn iironside ($2.34 in chips) 
Seat 2: Abugasse ($0.92 in chips) 
Seat 3: Dorex2007 ($5.51 in chips) 
Seat 4: blopisanz ($1.87 in chips) 
Seat 5: mariodelore ($2.06 in chips) 
Seat 6: geyza15 ($5.79 in chips) 
Seat 7: caiotressi ($1.34 in chips) 
Seat 8: Jessypcx ($0.70 in chips) 
Seat 9: Almanza63 ($2.25 in chips) 
mariodelore: posts small blind $0.01
geyza15: posts big blind $0.02
*** HOLE CARDS ***
Dealt to Dorex2007 [Qc 3c]
caiotressi: folds 
Jessypcx: folds 
Almanza63: folds 
Biorn iironside: calls $0.02
Abugasse: calls $0.02
Dorex2007: folds 
blopisanz: calls $0.02
mariodelore: calls $0.01
geyza15: checks 
*** FLOP *** [2c 6c Qd]
mariodelore: checks 
geyza15: checks 
Biorn iironside: bets $0.02
Abugasse: folds 
blopisanz: folds 
mariodelore: folds 
geyza15: folds 
Uncalled bet ($0.02) returned to Biorn iironside
Biorn iironside collected $0.10 from pot
*** SUMMARY ***
Total pot $0.10 | Rake $0 
Board [2c 6c Qd]
Seat 1: Biorn iironside collected ($0.10)
Seat 2: Abugasse folded on the Flop
Seat 3: Dorex2007 folded before Flop (didn't bet)
Seat 4: blopisanz (button) folded on the Flop
Seat 5: mariodelore (small blind) folded on the Flop
Seat 6: geyza15 (big blind) folded on the Flop
Seat 7: caiotressi folded before Flop (didn't bet)
Seat 8: Jessypcx folded before Flop (didn't bet)
Seat 9: Almanza63 folded before Flop (didn't bet)



PokerStars Hand #237305837259:  Hold'em No Limit ($0.01/$0.02 USD) - 2022/07/11 17:22:21 PT [2022/07/11 20:22:21 ET]
Table 'Prylis III' 9-max Seat #5 is the button
Seat 1: Biorn iironside ($2.42 in chips) 
Seat 2: Abugasse ($0.90 in chips) 
Seat 3: Dorex2007 ($5.51 in chips) 
Seat 4: blopisanz ($1.85 in chips) 
Seat 5: mariodelore ($2.04 in chips) 
Seat 6: geyza15 ($5.77 in chips) 
Seat 7: caiotressi ($1.34 in chips) 
Seat 8: Jessypcx ($0.70 in chips) 
Seat 9: Almanza63 ($2.25 in chips) 
geyza15: posts small blind $0.01
caiotressi: posts big blind $0.02
*** HOLE CARDS ***
Dealt to Dorex2007 [Jc 3h]
Jessypcx: raises $0.02 to $0.04
Almanza63: folds 
Biorn iironside: folds 
Abugasse: calls $0.04
Dorex2007: folds 
blopisanz: folds 
mariodelore: folds 
geyza15: calls $0.03
caiotressi: calls $0.02
*** FLOP *** [Kh Th 5s]
geyza15: checks 
caiotressi: checks 
Jessypcx: checks 
Abugasse: checks 
*** TURN *** [Kh Th 5s] [9c]
geyza15: bets $0.08
caiotressi: folds 
Jessypcx: folds 
Abugasse: folds 
Uncalled bet ($0.08) returned to geyza15
geyza15 collected $0.15 from pot
*** SUMMARY ***
Total pot $0.16 | Rake $0.01 
Board [Kh Th 5s 9c]
Seat 1: Biorn iironside folded before Flop (didn't bet)
Seat 2: Abugasse folded on the Turn
Seat 3: Dorex2007 folded before Flop (didn't bet)
Seat 4: blopisanz folded before Flop (didn't bet)
Seat 5: mariodelore (button) folded before Flop (didn't bet)
Seat 6: geyza15 (small blind) collected ($0.15)
Seat 7: caiotressi (big blind) folded on the Turn
Seat 8: Jessypcx folded on the Turn
Seat 9: Almanza63 folded before Flop (didn't bet)



PokerStars Hand #237305852235:  Hold'em No Limit ($0.01/$0.02 USD) - 2022/07/11 17:23:26 PT [2022/07/11 20:23:26 ET]
Table 'Prylis III' 9-max Seat #6 is the button
Seat 1: Biorn iironside ($2.42 in chips) 
Seat 2: Abugasse ($0.86 in chips) 
Seat 3: Dorex2007 ($5.51 in chips) 
Seat 4: blopisanz ($1.85 in chips) 
Seat 5: mariodelore ($2.04 in chips) 
Seat 6: geyza15 ($5.88 in chips) 
Seat 7: caiotressi ($1.30 in chips) 
Seat 8: Jessypcx ($0.66 in chips) 
Seat 9: Almanza63 ($2.25 in chips) 
caiotressi: posts small blind $0.01
Jessypcx: posts big blind $0.02
*** HOLE CARDS ***
Dealt to Dorex2007 [9c 9s]
Almanza63: folds 
Biorn iironside: calls $0.02
Abugasse: calls $0.02
Dorex2007: calls $0.02
blopisanz: folds 
mariodelore: raises $0.11 to $0.13
geyza15: folds 
caiotressi: calls $0.12
Jessypcx: folds 
Biorn iironside: calls $0.11
Abugasse: calls $0.11
Dorex2007: calls $0.11
*** FLOP *** [7s Ac 3c]
caiotressi: checks 
Biorn iironside: checks 
Abugasse: checks 
Dorex2007: checks 
mariodelore: checks 
*** TURN *** [7s Ac 3c] [Ad]
caiotressi: checks 
Biorn iironside: bets $0.02
Abugasse: calls $0.02
Dorex2007: raises $0.06 to $0.08
mariodelore: folds 
caiotressi: folds 
Biorn iironside: calls $0.06
Abugasse: folds 
*** RIVER *** [7s Ac 3c Ad] [2s]
Biorn iironside: checks 
Dorex2007: checks 
*** SHOW DOWN ***
Biorn iironside: shows [3h Kc] (two pair, Aces and Threes)
Dorex2007: shows [9c 9s] (two pair, Aces and Nines)
Dorex2007 collected $0.82 from pot
*** SUMMARY ***
Total pot $0.85 | Rake $0.03 
Board [7s Ac 3c Ad 2s]
Seat 1: Biorn iironside showed [3h Kc] and lost with two pair, Aces and Threes
Seat 2: Abugasse folded on the Turn
Seat 3: Dorex2007 showed [9c 9s] and won ($0.82) with two pair, Aces and Nines
Seat 4: blopisanz folded before Flop (didn't bet)
Seat 5: mariodelore folded on the Turn
Seat 6: geyza15 (button) folded before Flop (didn't bet)
Seat 7: caiotressi (small blind) folded on the Turn
Seat 8: Jessypcx (big blind) folded before Flop
Seat 9: Almanza63 folded before Flop (didn't bet)



PokerStars Hand #237305872773:  Hold'em No Limit ($0.01/$0.02 USD) - 2022/07/11 17:24:56 PT [2022/07/11 20:24:56 ET]
Table 'Prylis III' 9-max Seat #7 is the button
Seat 1: Biorn iironside ($2.21 in chips) 
Seat 2: Abugasse ($0.71 in chips) 
Seat 3: Dorex2007 ($6.12 in chips) 
Seat 4: blopisanz ($1.85 in chips) 
Seat 5: mariodelore ($1.91 in chips) 
Seat 6: geyza15 ($5.88 in chips) 
Seat 7: caiotressi ($1.17 in chips) 
Seat 8: Jessypcx ($0.64 in chips) 
Seat 9: Almanza63 ($2.25 in chips) 
Jessypcx: posts small blind $0.01
Almanza63: posts big blind $0.02
*** HOLE CARDS ***
Dealt to Dorex2007 [Ad Jd]
Biorn iironside: calls $0.02
Abugasse: calls $0.02
Dorex2007: calls $0.02
blopisanz: folds 
mariodelore: folds 
geyza15: calls $0.02
caiotressi: calls $0.02
Jessypcx: folds 
Almanza63: checks 
*** FLOP *** [4c 6s 3s]
Almanza63: checks 
Biorn iironside: bets $0.02
Abugasse: calls $0.02
Dorex2007: calls $0.02
geyza15: calls $0.02
caiotressi: folds 
Almanza63: folds 
*** TURN *** [4c 6s 3s] [Jc]
Biorn iironside: bets $0.02
Abugasse: calls $0.02
Dorex2007: raises $0.15 to $0.17
geyza15: folds 
Biorn iironside: raises $0.15 to $0.32
Abugasse: folds 
Dorex2007: calls $0.15
*** RIVER *** [4c 6s 3s Jc] [Kd]
Biorn iironside: bets $1.85 and is all-in
Dorex2007: folds 
Uncalled bet ($1.85) returned to Biorn iironside
Biorn iironside collected $0.84 from pot
*** SUMMARY ***
Total pot $0.87 | Rake $0.03 
Board [4c 6s 3s Jc Kd]
Seat 1: Biorn iironside collected ($0.84)
Seat 2: Abugasse folded on the Turn
Seat 3: Dorex2007 folded on the River
Seat 4: blopisanz folded before Flop (didn't bet)
Seat 5: mariodelore folded before Flop (didn't bet)
Seat 6: geyza15 folded on the Turn
Seat 7: caiotressi (button) folded on the Flop
Seat 8: Jessypcx (small blind) folded before Flop
Seat 9: Almanza63 (big blind) folded on the Flop



PokerStars Hand #237305903633:  Hold'em No Limit ($0.01/$0.02 USD) - 2022/07/11 17:26:32 PT [2022/07/11 20:26:32 ET]
Table 'Prylis III' 9-max Seat #8 is the button
Seat 1: Biorn iironside ($2.69 in chips) 
Seat 2: Abugasse ($0.65 in chips) 
Seat 3: Dorex2007 ($5.76 in chips) 
Seat 4: blopisanz ($1.85 in chips) 
Seat 5: mariodelore ($1.91 in chips) 
Seat 6: geyza15 ($5.84 in chips) 
Seat 7: caiotressi ($1.15 in chips) 
Seat 8: Jessypcx ($0.63 in chips) 
Seat 9: Almanza63 ($2.23 in chips) 
Almanza63: posts small blind $0.01
Biorn iironside: posts big blind $0.02
*** HOLE CARDS ***
Dealt to Dorex2007 [Jd 6c]
Abugasse: calls $0.02
Dorex2007: folds 
blopisanz: folds 
mariodelore: folds 
geyza15: calls $0.02
caiotressi: folds 
Jessypcx: folds 
Almanza63: calls $0.01
Biorn iironside: checks 
*** FLOP *** [8h 2s As]
Almanza63: bets $0.04
Biorn iironside: folds 
Abugasse: folds 
geyza15: folds 
Uncalled bet ($0.04) returned to Almanza63
Almanza63 collected $0.08 from pot
*** SUMMARY ***
Total pot $0.08 | Rake $0 
Board [8h 2s As]
Seat 1: Biorn iironside (big blind) folded on the Flop
Seat 2: Abugasse folded on the Flop
Seat 3: Dorex2007 folded before Flop (didn't bet)
Seat 4: blopisanz folded before Flop (didn't bet)
Seat 5: mariodelore folded before Flop (didn't bet)
Seat 6: geyza15 folded on the Flop
Seat 7: caiotressi folded before Flop (didn't bet)
Seat 8: Jessypcx (button) folded before Flop (didn't bet)
Seat 9: Almanza63 (small blind) collected ($0.08)



PokerStars Hand #237305914088:  Hold'em No Limit ($0.01/$0.02 USD) - 2022/07/11 17:27:19 PT [2022/07/11 20:27:19 ET]
Table 'Prylis III' 9-max Seat #9 is the button
Seat 1: Biorn iironside ($2.67 in chips) 
Seat 2: Abugasse ($0.63 in chips) 
Seat 3: Dorex2007 ($5.76 in chips) 
Seat 4: blopisanz ($1.85 in chips) 
Seat 5: mariodelore ($1.91 in chips) 
Seat 6: geyza15 ($5.82 in chips) 
Seat 7: caiotressi ($1.15 in chips) 
Seat 8: Jessypcx ($0.63 in chips) 
Seat 9: Almanza63 ($2.29 in chips) 
Biorn iironside: posts small blind $0.01
Abugasse: posts big blind $0.02
*** HOLE CARDS ***
Dealt to Dorex2007 [3d 2c]
Dorex2007 has timed out
Dorex2007: folds 
blopisanz: folds 
mariodelore: raises $0.04 to $0.06
geyza15: calls $0.06
caiotressi: folds 
Jessypcx: folds 
Almanza63: calls $0.06
Biorn iironside: folds 
Abugasse: calls $0.04
*** FLOP *** [2d 8d Kd]
Abugasse: checks 
mariodelore: checks 
geyza15: checks 
Almanza63: checks 
*** TURN *** [2d 8d Kd] [8s]
Abugasse: checks 
mariodelore: checks 
geyza15: checks 
Almanza63: checks 
*** RIVER *** [2d 8d Kd 8s] [4h]
Abugasse: bets $0.12
mariodelore: folds 
geyza15: folds 
Almanza63: folds 
Uncalled bet ($0.12) returned to Abugasse
Abugasse collected $0.24 from pot
*** SUMMARY ***
Total pot $0.25 | Rake $0.01 
Board [2d 8d Kd 8s 4h]
Seat 1: Biorn iironside (small blind) folded before Flop
Seat 2: Abugasse (big blind) collected ($0.24)
Seat 3: Dorex2007 folded before Flop (didn't bet)
Seat 4: blopisanz folded before Flop (didn't bet)
Seat 5: mariodelore folded on the River
Seat 6: geyza15 folded on the River
Seat 7: caiotressi folded before Flop (didn't bet)
Seat 8: Jessypcx folded before Flop (didn't bet)
Seat 9: Almanza63 (button) folded on the River



PokerStars Hand #237305932989:  Hold'em No Limit ($0.01/$0.02 USD) - 2022/07/11 17:28:42 PT [2022/07/11 20:28:42 ET]
Table 'Prylis III' 9-max Seat #1 is the button
Seat 1: Biorn iironside ($2.66 in chips) 
Seat 2: Abugasse ($0.81 in chips) 
Seat 3: Dorex2007 ($5.76 in chips) 
Seat 4: blopisanz ($1.85 in chips) 
Seat 5: mariodelore ($1.85 in chips) 
Seat 6: geyza15 ($5.76 in chips) 
Seat 7: caiotressi ($1.15 in chips) 
Seat 8: Jessypcx ($0.63 in chips) 
Seat 9: Almanza63 ($2.23 in chips) 
Abugasse: posts small blind $0.01
Dorex2007: posts big blind $0.02
*** HOLE CARDS ***
Dealt to Dorex2007 [9c 6s]
blopisanz: folds 
mariodelore: raises $0.04 to $0.06
geyza15: folds 
caiotressi: folds 
Jessypcx: folds 
Almanza63: folds 
Biorn iironside: calls $0.06
Abugasse: calls $0.05
Dorex2007: folds 
*** FLOP *** [5h 2h 8d]
Abugasse: checks 
mariodelore: bets $0.13
Biorn iironside: folds 
Abugasse: calls $0.13
*** TURN *** [5h 2h 8d] [Ac]
Abugasse: checks 
mariodelore: bets $0.29
Abugasse: calls $0.29
*** RIVER *** [5h 2h 8d Ac] [7s]
Abugasse: checks 
mariodelore: bets $1.37 and is all-in
Abugasse: calls $0.33 and is all-in
Uncalled bet ($1.04) returned to mariodelore
*** SHOW DOWN ***
mariodelore: shows [Jh Ad] (a pair of Aces)
Abugasse: shows [Ah 9h] (a pair of Aces - lower kicker)
mariodelore collected $1.64 from pot
*** SUMMARY ***
Total pot $1.70 | Rake $0.06 
Board [5h 2h 8d Ac 7s]
Seat 1: Biorn iironside (button) folded on the Flop
Seat 2: Abugasse (small blind) showed [Ah 9h] and lost with a pair of Aces
Seat 3: Dorex2007 (big blind) folded before Flop
Seat 4: blopisanz folded before Flop (didn't bet)
Seat 5: mariodelore showed [Jh Ad] and won ($1.64) with a pair of Aces
Seat 6: geyza15 folded before Flop (didn't bet)
Seat 7: caiotressi folded before Flop (didn't bet)
Seat 8: Jessypcx folded before Flop (didn't bet)
Seat 9: Almanza63 folded before Flop (didn't bet)



PokerStars Hand #237305947812:  Hold'em No Limit ($0.01/$0.02 USD) - 2022/07/11 17:29:47 PT [2022/07/11 20:29:47 ET]
Table 'Prylis III' 9-max Seat #3 is the button
Seat 1: Biorn iironside ($2.60 in chips) 
Seat 3: Dorex2007 ($5.74 in chips) 
Seat 4: blopisanz ($1.85 in chips) 
Seat 5: mariodelore ($2.68 in chips) 
Seat 6: geyza15 ($5.76 in chips) 
Seat 7: caiotressi ($1.15 in chips) 
Seat 8: Jessypcx ($0.63 in chips) 
Seat 9: Almanza63 ($2.23 in chips) 
blopisanz: posts small blind $0.01
mariodelore: posts big blind $0.02
*** HOLE CARDS ***
Dealt to Dorex2007 [Qh Js]
geyza15: folds 
caiotressi: folds 
Jessypcx: folds 
Almanza63: folds 
Biorn iironside: calls $0.02
Dorex2007: calls $0.02
blopisanz: folds 
mariodelore: checks 
*** FLOP *** [Ah 9s 3s]
mariodelore: checks 
Biorn iironside: checks 
Dorex2007: checks 
*** TURN *** [Ah 9s 3s] [Kc]
mariodelore: checks 
Biorn iironside: bets $0.02
Dorex2007: calls $0.02
mariodelore: calls $0.02
*** RIVER *** [Ah 9s 3s Kc] [7d]
mariodelore: checks 
Biorn iironside: checks 
Dorex2007: checks 
*** SHOW DOWN ***
mariodelore: shows [8c Jd] (high card Ace)
Biorn iironside: shows [9h Qc] (a pair of Nines)
Dorex2007: mucks hand 
Biorn iironside collected $0.13 from pot
*** SUMMARY ***
Total pot $0.13 | Rake $0 
Board [Ah 9s 3s Kc 7d]
Seat 1: Biorn iironside showed [9h Qc] and won ($0.13) with a pair of Nines
Seat 3: Dorex2007 (button) mucked [Qh Js]
Seat 4: blopisanz (small blind) folded before Flop
Seat 5: mariodelore (big blind) showed [8c Jd] and lost with high card Ace
Seat 6: geyza15 folded before Flop (didn't bet)
Seat 7: caiotressi folded before Flop (didn't bet)
Seat 8: Jessypcx folded before Flop (didn't bet)
Seat 9: Almanza63 folded before Flop (didn't bet)



PokerStars Hand #237305959736:  Hold'em No Limit ($0.01/$0.02 USD) - 2022/07/11 17:30:40 PT [2022/07/11 20:30:40 ET]
Table 'Prylis III' 9-max Seat #4 is the button
Seat 1: Biorn iironside ($2.69 in chips) 
Seat 2: Abugasse ($1.58 in chips) 
Seat 3: Dorex2007 ($5.70 in chips) 
Seat 4: blopisanz ($1.84 in chips) 
Seat 5: mariodelore ($2.64 in chips) 
Seat 6: geyza15 ($5.76 in chips) 
Seat 7: caiotressi ($1.15 in chips) 
Seat 8: Jessypcx ($0.63 in chips) 
Seat 9: Almanza63 ($2.23 in chips) 
mariodelore: posts small blind $0.01
geyza15: posts big blind $0.02
*** HOLE CARDS ***
Dealt to Dorex2007 [5s 6h]
caiotressi: folds 
Jessypcx: folds 
Almanza63: folds 
Biorn iironside: folds 
Abugasse: calls $0.02
Dorex2007: folds 
blopisanz: folds 
mariodelore: calls $0.01
geyza15: checks 
*** FLOP *** [As Jh Ts]
mariodelore: checks 
geyza15: checks 
Abugasse: bets $0.06
mariodelore: calls $0.06
geyza15: calls $0.06
*** TURN *** [As Jh Ts] [Jc]
mariodelore: checks 
geyza15: checks 
Abugasse: checks 
*** RIVER *** [As Jh Ts Jc] [3h]
mariodelore: checks 
geyza15: checks 
Abugasse: bets $0.11
mariodelore: calls $0.11
geyza15: folds 
*** SHOW DOWN ***
Abugasse: shows [4s Ah] (two pair, Aces and Jacks)
mariodelore: shows [2s Ac] (two pair, Aces and Jacks)
mariodelore collected $0.22 from pot
Abugasse collected $0.22 from pot
*** SUMMARY ***
Total pot $0.46 | Rake $0.02 
Board [As Jh Ts Jc 3h]
Seat 1: Biorn iironside folded before Flop (didn't bet)
Seat 2: Abugasse showed [4s Ah] and won ($0.22) with two pair, Aces and Jacks
Seat 3: Dorex2007 folded before Flop (didn't bet)
Seat 4: blopisanz (button) folded before Flop (didn't bet)
Seat 5: mariodelore (small blind) showed [2s Ac] and won ($0.22) with two pair, Aces and Jacks
Seat 6: geyza15 (big blind) folded on the River
Seat 7: caiotressi folded before Flop (didn't bet)
Seat 8: Jessypcx folded before Flop (didn't bet)
Seat 9: Almanza63 folded before Flop (didn't bet)



PokerStars Hand #237305982210:  Hold'em No Limit ($0.01/$0.02 USD) - 2022/07/11 17:32:19 PT [2022/07/11 20:32:19 ET]
Table 'Prylis III' 9-max Seat #5 is the button
Seat 1: Biorn iironside ($2.69 in chips) 
Seat 2: Abugasse ($1.61 in chips) 
Seat 3: Dorex2007 ($5.70 in chips) 
Seat 4: blopisanz ($1.84 in chips) 
Seat 5: mariodelore ($2.67 in chips) 
Seat 6: geyza15 ($5.68 in chips) 
Seat 7: caiotressi ($1.15 in chips) 
Seat 8: Jessypcx ($0.63 in chips) 
Seat 9: Almanza63 ($2.23 in chips) 
geyza15: posts small blind $0.01
caiotressi: posts big blind $0.02
*** HOLE CARDS ***
Dealt to Dorex2007 [9h 9d]
Jessypcx: folds 
Almanza63: folds 
Biorn iironside has timed out
Biorn iironside: folds 
Abugasse: folds 
Dorex2007: calls $0.02
blopisanz: folds 
mariodelore: folds 
geyza15: calls $0.01
caiotressi: checks 
*** FLOP *** [Tc 4s 3d]
geyza15: bets $0.06
caiotressi: folds 
Dorex2007: folds 
Uncalled bet ($0.06) returned to geyza15
geyza15 collected $0.06 from pot
*** SUMMARY ***
Total pot $0.06 | Rake $0 
Board [Tc 4s 3d]
Seat 1: Biorn iironside folded before Flop (didn't bet)
Seat 2: Abugasse folded before Flop (didn't bet)
Seat 3: Dorex2007 folded on the Flop
Seat 4: blopisanz folded before Flop (didn't bet)
Seat 5: mariodelore (button) folded before Flop (didn't bet)
Seat 6: geyza15 (small blind) collected ($0.06)
Seat 7: caiotressi (big blind) folded on the Flop
Seat 8: Jessypcx folded before Flop (didn't bet)
Seat 9: Almanza63 folded before Flop (didn't bet)



PokerStars Hand #237305990754:  Hold'em No Limit ($0.01/$0.02 USD) - 2022/07/11 17:32:56 PT [2022/07/11 20:32:56 ET]
Table 'Prylis III' 9-max Seat #6 is the button
Seat 1: Biorn iironside ($2.69 in chips) 
Seat 2: Abugasse ($1.61 in chips) 
Seat 3: Dorex2007 ($5.68 in chips) 
Seat 4: blopisanz ($1.84 in chips) 
Seat 5: mariodelore ($2.67 in chips) 
Seat 6: geyza15 ($5.72 in chips) 
Seat 7: caiotressi ($1.13 in chips) 
Seat 8: Jessypcx ($0.63 in chips) 
Seat 9: Almanza63 ($2.23 in chips) 
caiotressi: posts small blind $0.01
Jessypcx: posts big blind $0.02
*** HOLE CARDS ***
Dealt to Dorex2007 [9h 9d]
Almanza63: folds 
Biorn iironside: calls $0.02
Abugasse: folds 
Dorex2007: calls $0.02
blopisanz: folds 
mariodelore: raises $0.09 to $0.11
geyza15: calls $0.11
caiotressi: folds 
Jessypcx: folds 
Biorn iironside: calls $0.09
Dorex2007: calls $0.09
*** FLOP *** [6s Kh Ah]
Biorn iironside: checks 
Dorex2007: checks 
mariodelore: bets $0.30
geyza15: folds 
Biorn iironside: calls $0.30
Dorex2007: folds 
*** TURN *** [6s Kh Ah] [2d]
Biorn iironside: checks 
mariodelore: bets $0.69
Biorn iironside: raises $0.69 to $1.38
mariodelore: raises $0.88 to $2.26 and is all-in
Biorn iironside: calls $0.88
*** RIVER *** [6s Kh Ah 2d] [Qc]
*** SHOW DOWN ***
Biorn iironside: shows [6h Ac] (two pair, Aces and Sixes)
mariodelore: shows [Kc Ad] (two pair, Aces and Kings)
mariodelore collected $5.39 from pot
*** SUMMARY ***
Total pot $5.59 | Rake $0.20 
Board [6s Kh Ah 2d Qc]
Seat 1: Biorn iironside showed [6h Ac] and lost with two pair, Aces and Sixes
Seat 2: Abugasse folded before Flop (didn't bet)
Seat 3: Dorex2007 folded on the Flop
Seat 4: blopisanz folded before Flop (didn't bet)
Seat 5: mariodelore showed [Kc Ad] and won ($5.39) with two pair, Aces and Kings
Seat 6: geyza15 (button) folded on the Flop
Seat 7: caiotressi (small blind) folded before Flop
Seat 8: Jessypcx (big blind) folded before Flop
Seat 9: Almanza63 folded before Flop (didn't bet)



PokerStars Hand #237306011484:  Hold'em No Limit ($0.01/$0.02 USD) - 2022/07/11 17:34:28 PT [2022/07/11 20:34:28 ET]
Table 'Prylis III' 9-max Seat #7 is the button
Seat 1: Biorn iironside ($0.02 in chips) 
Seat 2: Abugasse ($1.61 in chips) 
Seat 3: Dorex2007 ($5.57 in chips) 
Seat 4: blopisanz ($1.84 in chips) 
Seat 5: mariodelore ($5.39 in chips) 
Seat 6: geyza15 ($5.61 in chips) 
Seat 7: caiotressi ($1.12 in chips) 
Seat 8: Jessypcx ($0.61 in chips) 
Seat 9: Almanza63 ($2.23 in chips) 
Jessypcx: posts small blind $0.01
Almanza63: posts big blind $0.02
*** HOLE CARDS ***
Dealt to Dorex2007 [4d 6s]
Biorn iironside: folds 
Abugasse: calls $0.02
Dorex2007: folds 
blopisanz: folds 
mariodelore: folds 
geyza15: folds 
caiotressi: folds 
Jessypcx: calls $0.01
Almanza63: checks 
*** FLOP *** [Jd 2d 4s]
Biorn iironside leaves the table
Jessypcx: bets $0.03
Almanza63: folds 
Abugasse: folds 
Uncalled bet ($0.03) returned to Jessypcx
Jessypcx collected $0.06 from pot
*** SUMMARY ***
Total pot $0.06 | Rake $0 
Board [Jd 2d 4s]
Seat 1: Biorn iironside folded before Flop (didn't bet)
Seat 2: Abugasse folded on the Flop
Seat 3: Dorex2007 folded before Flop (didn't bet)
Seat 4: blopisanz folded before Flop (didn't bet)
Seat 5: mariodelore folded before Flop (didn't bet)
Seat 6: geyza15 folded before Flop (didn't bet)
Seat 7: caiotressi (button) folded before Flop (didn't bet)
Seat 8: Jessypcx (small blind) collected ($0.06)
Seat 9: Almanza63 (big blind) folded on the Flop



PokerStars Hand #237306023752:  Hold'em No Limit ($0.01/$0.02 USD) - 2022/07/11 17:35:05 PT [2022/07/11 20:35:05 ET]
Table 'Prylis III' 9-max Seat #8 is the button
Seat 2: Abugasse ($1.59 in chips) 
Seat 3: Dorex2007 ($5.57 in chips) 
Seat 4: blopisanz ($1.84 in chips) 
Seat 5: mariodelore ($5.39 in chips) 
Seat 6: geyza15 ($5.61 in chips) 
Seat 7: caiotressi ($1.12 in chips) 
Seat 8: Jessypcx ($0.65 in chips) 
Seat 9: Almanza63 ($2.21 in chips) 
Almanza63: posts small blind $0.01
Abugasse: posts big blind $0.02
*** HOLE CARDS ***
Dealt to Dorex2007 [3c 9s]
Dorex2007: folds 
blopisanz: folds 
mariodelore: folds 
geyza15: folds 
mariglen46 joins the table at seat #1 
caiotressi: folds 
Jessypcx: folds 
Almanza63: raises $0.08 to $0.10
Abugasse: calls $0.08
*** FLOP *** [6s Js 3h]
Almanza63: bets $0.10
mariglen46 leaves the table
Abugasse: folds 
Uncalled bet ($0.10) returned to Almanza63
Almanza63 collected $0.19 from pot
*** SUMMARY ***
Total pot $0.20 | Rake $0.01 
Board [6s Js 3h]
Seat 2: Abugasse (big blind) folded on the Flop
Seat 3: Dorex2007 folded before Flop (didn't bet)
Seat 4: blopisanz folded before Flop (didn't bet)
Seat 5: mariodelore folded before Flop (didn't bet)
Seat 6: geyza15 folded before Flop (didn't bet)
Seat 7: caiotressi folded before Flop (didn't bet)
Seat 8: Jessypcx (button) folded before Flop (didn't bet)
Seat 9: Almanza63 (small blind) collected ($0.19)



PokerStars Hand #237306032363:  Hold'em No Limit ($0.01/$0.02 USD) - 2022/07/11 17:35:43 PT [2022/07/11 20:35:43 ET]
Table 'Prylis III' 9-max Seat #9 is the button
Seat 2: Abugasse ($1.49 in chips) 
Seat 3: Dorex2007 ($5.57 in chips) 
Seat 4: blopisanz ($1.84 in chips) 
Seat 5: mariodelore ($5.39 in chips) 
Seat 6: geyza15 ($5.61 in chips) 
Seat 7: caiotressi ($1.12 in chips) 
Seat 8: Jessypcx ($0.65 in chips) 
Seat 9: Almanza63 ($2.30 in chips) 
Abugasse: posts small blind $0.01
Dorex2007: posts big blind $0.02
*** HOLE CARDS ***
Dealt to Dorex2007 [2c Ah]
blopisanz: folds 
mariodelore: raises $0.04 to $0.06
geyza15: folds 
caiotressi: folds 
Jessypcx: folds 
Almanza63: folds 
Abugasse: folds 
Dorex2007: folds 
Uncalled bet ($0.04) returned to mariodelore
mariodelore collected $0.05 from pot
*** SUMMARY ***
Total pot $0.05 | Rake $0 
Seat 2: Abugasse (small blind) folded before Flop
Seat 3: Dorex2007 (big blind) folded before Flop
Seat 4: blopisanz folded before Flop (didn't bet)
Seat 5: mariodelore collected ($0.05)
Seat 6: geyza15 folded before Flop (didn't bet)
Seat 7: caiotressi folded before Flop (didn't bet)
Seat 8: Jessypcx folded before Flop (didn't bet)
Seat 9: Almanza63 (button) folded before Flop (didn't bet)



PokerStars Hand #237306037423:  Hold'em No Limit ($0.01/$0.02 USD) - 2022/07/11 17:36:06 PT [2022/07/11 20:36:06 ET]
Table 'Prylis III' 9-max Seat #2 is the button
Seat 2: Abugasse ($1.48 in chips) 
Seat 3: Dorex2007 ($5.55 in chips) 
Seat 4: blopisanz ($1.84 in chips) 
Seat 5: mariodelore ($5.42 in chips) 
Seat 6: geyza15 ($5.61 in chips) 
Seat 7: caiotressi ($1.12 in chips) 
Seat 8: Jessypcx ($0.65 in chips) 
Seat 9: Almanza63 ($2.30 in chips) 
Dorex2007: posts small blind $0.01
blopisanz: posts big blind $0.02
*** HOLE CARDS ***
Dealt to Dorex2007 [6c Td]
mariodelore: folds 
geyza15: folds 
caiotressi: raises $0.04 to $0.06
Jessypcx: folds 
Almanza63: folds 
Abugasse: calls $0.06
Dorex2007: folds 
blopisanz: folds 
*** FLOP *** [Ac 4s 3h]
caiotressi: checks 
Abugasse: checks 
*** TURN *** [Ac 4s 3h] [3c]
caiotressi: checks 
Abugasse: checks 
*** RIVER *** [Ac 4s 3h 3c] [6d]
Marcelo964 joins the table at seat #1 
caiotressi: checks 
Abugasse: checks 
*** SHOW DOWN ***
caiotressi: shows [Jc 5c] (a pair of Threes)
Abugasse: shows [2h Qh] (a pair of Threes - Ace+Queen kicker)
Abugasse collected $0.14 from pot
*** SUMMARY ***
Total pot $0.15 | Rake $0.01 
Board [Ac 4s 3h 3c 6d]
Seat 2: Abugasse (button) showed [2h Qh] and won ($0.14) with a pair of Threes
Seat 3: Dorex2007 (small blind) folded before Flop
Seat 4: blopisanz (big blind) folded before Flop
Seat 5: mariodelore folded before Flop (didn't bet)
Seat 6: geyza15 folded before Flop (didn't bet)
Seat 7: caiotressi showed [Jc 5c] and lost with a pair of Threes
Seat 8: Jessypcx folded before Flop (didn't bet)
Seat 9: Almanza63 folded before Flop (didn't bet)



PokerStars Hand #237306049323:  Hold'em No Limit ($0.01/$0.02 USD) - 2022/07/11 17:36:59 PT [2022/07/11 20:36:59 ET]
Table 'Prylis III' 9-max Seat #3 is the button
Seat 1: Marcelo964 ($0.80 in chips) 
Seat 2: Abugasse ($1.56 in chips) 
Seat 3: Dorex2007 ($5.54 in chips) 
Seat 4: blopisanz ($1.82 in chips) 
Seat 5: mariodelore ($5.42 in chips) 
Seat 6: geyza15 ($5.61 in chips) 
Seat 7: caiotressi ($1.06 in chips) 
Seat 8: Jessypcx ($0.65 in chips) 
Seat 9: Almanza63 ($2.30 in chips) 
blopisanz: posts small blind $0.01
mariodelore: posts big blind $0.02
Marcelo964: posts big blind $0.02
*** HOLE CARDS ***
Dealt to Dorex2007 [7d 5d]
geyza15: calls $0.02
caiotressi: folds 
Jessypcx: folds 
Almanza63: folds 
Marcelo964: checks 
Abugasse: calls $0.02
Dorex2007: folds 
blopisanz: folds 
mariodelore: checks 
*** FLOP *** [6s Qs 3c]
mariodelore: bets $0.06
geyza15: folds 
Marcelo964: folds 
Abugasse: folds 
Uncalled bet ($0.06) returned to mariodelore
mariodelore collected $0.09 from pot
*** SUMMARY ***
Total pot $0.09 | Rake $0 
Board [6s Qs 3c]
Seat 1: Marcelo964 folded on the Flop (didn't bet)
Seat 2: Abugasse folded on the Flop
Seat 3: Dorex2007 (button) folded before Flop (didn't bet)
Seat 4: blopisanz (small blind) folded before Flop
Seat 5: mariodelore (big blind) collected ($0.09)
Seat 6: geyza15 folded on the Flop
Seat 7: caiotressi folded before Flop (didn't bet)
Seat 8: Jessypcx folded before Flop (didn't bet)
Seat 9: Almanza63 folded before Flop (didn't bet)



PokerStars Hand #237306056412:  Hold'em No Limit ($0.01/$0.02 USD) - 2022/07/11 17:37:32 PT [2022/07/11 20:37:32 ET]
Table 'Prylis III' 9-max Seat #4 is the button
Seat 1: Marcelo964 ($0.78 in chips) 
Seat 2: Abugasse ($1.54 in chips) 
Seat 3: Dorex2007 ($5.54 in chips) 
Seat 4: blopisanz ($1.81 in chips) 
Seat 5: mariodelore ($5.49 in chips) 
Seat 6: geyza15 ($5.59 in chips) 
Seat 7: caiotressi ($1.06 in chips) 
Seat 8: Jessypcx ($0.65 in chips) 
Seat 9: Almanza63 ($2.30 in chips) 
mariodelore: posts small blind $0.01
geyza15: posts big blind $0.02
*** HOLE CARDS ***
Dealt to Dorex2007 [5d 6h]
caiotressi: raises $1.04 to $1.06 and is all-in
Jessypcx: folds 
Almanza63: folds 
Marcelo964: calls $0.78 and is all-in
Abugasse: folds 
Dorex2007: folds 
blopisanz: folds 
mariodelore: folds 
geyza15: folds 
Uncalled bet ($0.28) returned to caiotressi
*** FLOP *** [8d Th 9h]
*** TURN *** [8d Th 9h] [4d]
*** RIVER *** [8d Th 9h 4d] [Ts]
*** SHOW DOWN ***
caiotressi: shows [Jd Jh] (two pair, Jacks and Tens)
Marcelo964: shows [9d 8c] (two pair, Tens and Nines)
caiotressi collected $1.53 from pot
*** SUMMARY ***
Total pot $1.59 | Rake $0.06 
Board [8d Th 9h 4d Ts]
Seat 1: Marcelo964 showed [9d 8c] and lost with two pair, Tens and Nines
Seat 2: Abugasse folded before Flop (didn't bet)
Seat 3: Dorex2007 folded before Flop (didn't bet)
Seat 4: blopisanz (button) folded before Flop (didn't bet)
Seat 5: mariodelore (small blind) folded before Flop
Seat 6: geyza15 (big blind) folded before Flop
Seat 7: caiotressi showed [Jd Jh] and won ($1.53) with two pair, Jacks and Tens
Seat 8: Jessypcx folded before Flop (didn't bet)
Seat 9: Almanza63 folded before Flop (didn't bet)



PokerStars Hand #237306062937:  Hold'em No Limit ($0.01/$0.02 USD) - 2022/07/11 17:38:01 PT [2022/07/11 20:38:01 ET]
Table 'Prylis III' 9-max Seat #5 is the button
Seat 2: Abugasse ($1.54 in chips) 
Seat 3: Dorex2007 ($5.54 in chips) 
Seat 4: blopisanz ($1.81 in chips) 
Seat 5: mariodelore ($5.48 in chips) 
Seat 6: geyza15 ($5.57 in chips) 
Seat 7: caiotressi ($1.81 in chips) 
Seat 8: Jessypcx ($0.65 in chips) 
Seat 9: Almanza63 ($2.30 in chips) 
geyza15: posts small blind $0.01
caiotressi: posts big blind $0.02
*** HOLE CARDS ***
Dealt to Dorex2007 [4c As]
Jessypcx: folds 
Almanza63: folds 
Abugasse: calls $0.02
Dorex2007: folds 
blopisanz: folds 
mariodelore: folds 
geyza15: calls $0.01
caiotressi: checks 
*** FLOP *** [3h 7h 9s]
geyza15: checks 
caiotressi: checks 
Abugasse: bets $0.02
geyza15: folds 
caiotressi: folds 
Uncalled bet ($0.02) returned to Abugasse
Abugasse collected $0.06 from pot
*** SUMMARY ***
Total pot $0.06 | Rake $0 
Board [3h 7h 9s]
Seat 2: Abugasse collected ($0.06)
Seat 3: Dorex2007 folded before Flop (didn't bet)
Seat 4: blopisanz folded before Flop (didn't bet)
Seat 5: mariodelore (button) folded before Flop (didn't bet)
Seat 6: geyza15 (small blind) folded on the Flop
Seat 7: caiotressi (big blind) folded on the Flop
Seat 8: Jessypcx folded before Flop (didn't bet)
Seat 9: Almanza63 folded before Flop (didn't bet)



PokerStars Hand #237306070132:  Hold'em No Limit ($0.01/$0.02 USD) - 2022/07/11 17:38:34 PT [2022/07/11 20:38:34 ET]
Table 'Prylis III' 9-max Seat #6 is the button
Seat 1: Marcelo964 ($0.80 in chips) 
Seat 2: Abugasse ($1.58 in chips) 
Seat 3: Dorex2007 ($5.54 in chips) 
Seat 4: blopisanz ($1.81 in chips) 
Seat 5: mariodelore ($5.48 in chips) 
Seat 6: geyza15 ($5.55 in chips) 
Seat 7: caiotressi ($1.79 in chips) 
Seat 8: Jessypcx ($0.65 in chips) 
Seat 9: Almanza63 ($2.30 in chips) 
caiotressi: posts small blind $0.01
Jessypcx: posts big blind $0.02
*** HOLE CARDS ***
Dealt to Dorex2007 [6h Kc]
Almanza63: folds 
Marcelo964: folds 
Abugasse: raises $0.02 to $0.04
Dorex2007: folds 
blopisanz: folds 
mariodelore: folds 
geyza15: folds 
caiotressi: calls $0.03
Jessypcx: calls $0.02
*** FLOP *** [2h 3d 9s]
caiotressi: checks 
Jessypcx: checks 
Abugasse: checks 
*** TURN *** [2h 3d 9s] [Jd]
caiotressi: bets $0.12
Jessypcx: folds 
Abugasse: calls $0.12
*** RIVER *** [2h 3d 9s Jd] [Ks]
caiotressi: checks 
Abugasse: checks 
*** SHOW DOWN ***
caiotressi: shows [4d Ad] (high card Ace)
Abugasse: shows [Tc Ac] (high card Ace - King+Jack+Ten kicker)
Abugasse collected $0.35 from pot
*** SUMMARY ***
Total pot $0.36 | Rake $0.01 
Board [2h 3d 9s Jd Ks]
Seat 1: Marcelo964 folded before Flop (didn't bet)
Seat 2: Abugasse showed [Tc Ac] and won ($0.35) with high card Ace
Seat 3: Dorex2007 folded before Flop (didn't bet)
Seat 4: blopisanz folded before Flop (didn't bet)
Seat 5: mariodelore folded before Flop (didn't bet)
Seat 6: geyza15 (button) folded before Flop (didn't bet)
Seat 7: caiotressi (small blind) showed [4d Ad] and lost with high card Ace
Seat 8: Jessypcx (big blind) folded on the Turn
Seat 9: Almanza63 folded before Flop (didn't bet)



PokerStars Hand #237306086204:  Hold'em No Limit ($0.01/$0.02 USD) - 2022/07/11 17:39:45 PT [2022/07/11 20:39:45 ET]
Table 'Prylis III' 9-max Seat #7 is the button
Seat 1: Marcelo964 ($0.80 in chips) 
Seat 2: Abugasse ($1.77 in chips) 
Seat 3: Dorex2007 ($5.54 in chips) 
Seat 4: blopisanz ($1.81 in chips) 
Seat 5: mariodelore ($5.48 in chips) 
Seat 6: geyza15 ($5.55 in chips) 
Seat 7: caiotressi ($1.63 in chips) 
Seat 8: Jessypcx ($0.61 in chips) 
Seat 9: Almanza63 ($2.30 in chips) 
Jessypcx: posts small blind $0.01
Almanza63: posts big blind $0.02
*** HOLE CARDS ***
Dealt to Dorex2007 [5h Jd]
Marcelo964 has timed out
Marcelo964: folds 
Abugasse: calls $0.02
Dorex2007: folds 
blopisanz: folds 
mariodelore: folds 
geyza15: calls $0.02
caiotressi: raises $0.04 to $0.06
Jessypcx: raises $0.10 to $0.16
Almanza63: folds 
Abugasse: folds 
geyza15: folds 
caiotressi: calls $0.10
*** FLOP *** [Qs 7h 2h]
Jessypcx: bets $0.45 and is all-in
caiotressi: folds 
Uncalled bet ($0.45) returned to Jessypcx
Jessypcx collected $0.37 from pot
*** SUMMARY ***
Total pot $0.38 | Rake $0.01 
Board [Qs 7h 2h]
Seat 1: Marcelo964 folded before Flop (didn't bet)
Seat 2: Abugasse folded before Flop
Seat 3: Dorex2007 folded before Flop (didn't bet)
Seat 4: blopisanz folded before Flop (didn't bet)
Seat 5: mariodelore folded before Flop (didn't bet)
Seat 6: geyza15 folded before Flop
Seat 7: caiotressi (button) folded on the Flop
Seat 8: Jessypcx (small blind) collected ($0.37)
Seat 9: Almanza63 (big blind) folded before Flop



PokerStars Hand #237306101892:  Hold'em No Limit ($0.01/$0.02 USD) - 2022/07/11 17:40:43 PT [2022/07/11 20:40:43 ET]
Table 'Prylis III' 9-max Seat #8 is the button
Seat 1: Marcelo964 ($0.80 in chips) 
Seat 2: Abugasse ($1.75 in chips) 
Seat 3: Dorex2007 ($5.54 in chips) 
Seat 4: blopisanz ($1.81 in chips) 
Seat 5: mariodelore ($5.48 in chips) 
Seat 6: geyza15 ($5.53 in chips) 
Seat 7: caiotressi ($1.47 in chips) 
Seat 8: Jessypcx ($0.82 in chips) 
Seat 9: Almanza63 ($2.28 in chips) 
Almanza63: posts small blind $0.01
Marcelo964: posts big blind $0.02
*** HOLE CARDS ***
Dealt to Dorex2007 [3h 2h]
Abugasse: calls $0.02
Dorex2007: folds 
blopisanz: calls $0.02
mariodelore: folds 
geyza15: calls $0.02
caiotressi: raises $0.04 to $0.06
Jessypcx: folds 
Jessypcx leaves the table
Almanza63: folds 
Marcelo964: calls $0.04
Abugasse: calls $0.04
blopisanz: calls $0.04
geyza15: calls $0.04
*** FLOP *** [Ad 5d 5h]
jbjpp joins the table at seat #8 
Marcelo964: checks 
Abugasse: checks 
blopisanz: checks 
geyza15: checks 
caiotressi: checks 
*** TURN *** [Ad 5d 5h] [3d]
Marcelo964: bets $0.08
Abugasse: folds 
blopisanz: folds 
geyza15: folds 
caiotressi: folds 
Uncalled bet ($0.08) returned to Marcelo964
Marcelo964 collected $0.30 from pot
*** SUMMARY ***
Total pot $0.31 | Rake $0.01 
Board [Ad 5d 5h 3d]
Seat 1: Marcelo964 (big blind) collected ($0.30)
Seat 2: Abugasse folded on the Turn
Seat 3: Dorex2007 folded before Flop (didn't bet)
Seat 4: blopisanz folded on the Turn
Seat 5: mariodelore folded before Flop (didn't bet)
Seat 6: geyza15 folded on the Turn
Seat 7: caiotressi folded on the Turn
Seat 8: Jessypcx (button) folded before Flop (didn't bet)
Seat 9: Almanza63 (small blind) folded before Flop



PokerStars Hand #237306118339:  Hold'em No Limit ($0.01/$0.02 USD) - 2022/07/11 17:41:57 PT [2022/07/11 20:41:57 ET]
Table 'Prylis III' 9-max Seat #9 is the button
Seat 1: Marcelo964 ($1.04 in chips) 
Seat 2: Abugasse ($1.69 in chips) 
Seat 3: Dorex2007 ($5.54 in chips) 
Seat 4: blopisanz ($1.75 in chips) 
Seat 5: mariodelore ($5.48 in chips) 
Seat 6: geyza15 ($5.47 in chips) 
Seat 7: caiotressi ($1.41 in chips) 
Seat 8: jbjpp ($1.60 in chips) 
Seat 9: Almanza63 ($2.27 in chips) 
Marcelo964: posts small blind $0.01
Abugasse: posts big blind $0.02
jbjpp: posts big blind $0.02
*** HOLE CARDS ***
Dealt to Dorex2007 [8d 7s]
Dorex2007: folds 
blopisanz: folds 
mariodelore: raises $0.07 to $0.09
geyza15: folds 
caiotressi: folds 
jbjpp: calls $0.07
Almanza63: folds 
Marcelo964: calls $0.08
Abugasse: calls $0.07
*** FLOP *** [6h 2h 6c]
Marcelo964: checks 
Abugasse: checks 
mariodelore: bets $0.20
jbjpp: folds 
Marcelo964: folds 
Abugasse: folds 
Uncalled bet ($0.20) returned to mariodelore
mariodelore collected $0.35 from pot
*** SUMMARY ***
Total pot $0.36 | Rake $0.01 
Board [6h 2h 6c]
Seat 1: Marcelo964 (small blind) folded on the Flop
Seat 2: Abugasse (big blind) folded on the Flop
Seat 3: Dorex2007 folded before Flop (didn't bet)
Seat 4: blopisanz folded before Flop (didn't bet)
Seat 5: mariodelore collected ($0.35)
Seat 6: geyza15 folded before Flop (didn't bet)
Seat 7: caiotressi folded before Flop (didn't bet)
Seat 8: jbjpp folded on the Flop
Seat 9: Almanza63 (button) folded before Flop (didn't bet)



PokerStars Hand #237306130876:  Hold'em No Limit ($0.01/$0.02 USD) - 2022/07/11 17:42:49 PT [2022/07/11 20:42:49 ET]
Table 'Prylis III' 9-max Seat #1 is the button
Seat 1: Marcelo964 ($0.95 in chips) 
Seat 2: Abugasse ($1.60 in chips) 
Seat 3: Dorex2007 ($5.54 in chips) 
Seat 4: blopisanz ($1.75 in chips) 
Seat 5: mariodelore ($5.74 in chips) 
Seat 6: geyza15 ($5.47 in chips) 
Seat 7: caiotressi ($1.41 in chips) 
Seat 8: jbjpp ($1.51 in chips) 
Seat 9: Almanza63 ($2.27 in chips) 
Abugasse: posts small blind $0.01
Dorex2007: posts big blind $0.02
*** HOLE CARDS ***
Dealt to Dorex2007 [Kh Kc]
blopisanz: calls $0.02
mariodelore: folds 
geyza15 has timed out
geyza15: folds 
caiotressi: calls $0.02
jbjpp has timed out
jbjpp: folds 
Almanza63: folds 
Marcelo964: raises $0.09 to $0.11
Abugasse: folds 
Dorex2007: raises $0.17 to $0.28
blopisanz: folds 
caiotressi: folds 
Marcelo964: calls $0.17
*** FLOP *** [7h 5c Qd]
jbjpp leaves the table
Dorex2007: bets $0.68
Marcelo964: folds 
Uncalled bet ($0.68) returned to Dorex2007
Dorex2007 collected $0.59 from pot
*** SUMMARY ***
Total pot $0.61 | Rake $0.02 
Board [7h 5c Qd]
Seat 1: Marcelo964 (button) folded on the Flop
Seat 2: Abugasse (small blind) folded before Flop
Seat 3: Dorex2007 (big blind) collected ($0.59)
Seat 4: blopisanz folded before Flop
Seat 5: mariodelore folded before Flop (didn't bet)
Seat 6: geyza15 folded before Flop (didn't bet)
Seat 7: caiotressi folded before Flop
Seat 8: jbjpp folded before Flop (didn't bet)
Seat 9: Almanza63 folded before Flop (didn't bet)



PokerStars Hand #237306144660:  Hold'em No Limit ($0.01/$0.02 USD) - 2022/07/11 17:43:54 PT [2022/07/11 20:43:54 ET]
Table 'Prylis III' 9-max Seat #2 is the button
Seat 1: Marcelo964 ($0.67 in chips) 
Seat 2: Abugasse ($1.59 in chips) 
Seat 3: Dorex2007 ($5.85 in chips) 
Seat 4: blopisanz ($1.73 in chips) 
Seat 5: mariodelore ($5.74 in chips) 
Seat 6: geyza15 ($5.47 in chips) 
Seat 7: caiotressi ($1.39 in chips) 
Seat 9: Almanza63 ($2.27 in chips) 
Dorex2007: posts small blind $0.01
blopisanz: posts big blind $0.02
*** HOLE CARDS ***
Dealt to Dorex2007 [Td Tc]
mariodelore: folds 
geyza15: calls $0.02
caiotressi: folds 
Almanza63: folds 
Marcelo964: raises $0.65 to $0.67 and is all-in
Abugasse: calls $0.67
Dorex2007: folds 
blopisanz: folds 
geyza15: raises $1.15 to $1.82
diegito2013 joins the table at seat #8 
Abugasse: folds 
Uncalled bet ($1.15) returned to geyza15
*** FLOP *** [4d 8c 5c]
*** TURN *** [4d 8c 5c] [6h]
*** RIVER *** [4d 8c 5c 6h] [Th]
*** SHOW DOWN ***
geyza15: shows [Ah Ac] (a pair of Aces)
Marcelo964: shows [As 8d] (a pair of Eights)
geyza15 cashed out the hand for $1.81 | Cash Out Fee $0.02
*** SUMMARY ***
Total pot $2.04 | Rake $0.07 
Board [4d 8c 5c 6h Th]
Seat 1: Marcelo964 showed [As 8d] and lost with a pair of Eights
Seat 2: Abugasse (button) folded before Flop
Seat 3: Dorex2007 (small blind) folded before Flop
Seat 4: blopisanz (big blind) folded before Flop
Seat 5: mariodelore folded before Flop (didn't bet)
Seat 6: geyza15 showed [Ah Ac] and won ($1.97) with a pair of Aces (pot not awarded as player cashed out)
Seat 7: caiotressi folded before Flop (didn't bet)
Seat 9: Almanza63 folded before Flop (didn't bet)



PokerStars Hand #237306158468:  Hold'em No Limit ($0.01/$0.02 USD) - 2022/07/11 17:44:58 PT [2022/07/11 20:44:58 ET]
Table 'Prylis III' 9-max Seat #3 is the button
Seat 2: Abugasse ($0.92 in chips) 
Seat 3: Dorex2007 ($5.84 in chips) 
Seat 4: blopisanz ($2 in chips) 
Seat 5: mariodelore ($5.74 in chips) 
Seat 6: geyza15 ($6.61 in chips) 
Seat 7: caiotressi ($1.39 in chips) 
Seat 8: diegito2013 ($0.80 in chips) 
Seat 9: Almanza63 ($2.27 in chips) 
blopisanz: posts small blind $0.01
mariodelore: posts big blind $0.02
diegito2013: posts big blind $0.02
*** HOLE CARDS ***
Dealt to Dorex2007 [Kc 3c]
geyza15: folds 
caiotressi: folds 
Marcelo964 is disconnected 
diegito2013: raises $0.10 to $0.12
Almanza63: folds 
Abugasse: folds 
Dorex2007: folds 
blopisanz: folds 
mariodelore: folds 
Uncalled bet ($0.10) returned to diegito2013
diegito2013 collected $0.05 from pot
*** SUMMARY ***
Total pot $0.05 | Rake $0 
Seat 2: Abugasse folded before Flop (didn't bet)
Seat 3: Dorex2007 (button) folded before Flop (didn't bet)
Seat 4: blopisanz (small blind) folded before Flop
Seat 5: mariodelore (big blind) folded before Flop
Seat 6: geyza15 folded before Flop (didn't bet)
Seat 7: caiotressi folded before Flop (didn't bet)
Seat 8: diegito2013 collected ($0.05)
Seat 9: Almanza63 folded before Flop (didn't bet)



PokerStars Hand #237306173404:  Hold'em No Limit ($0.01/$0.02 USD) - 2022/07/11 17:45:37 PT [2022/07/11 20:45:37 ET]
Table 'Prylis III' 9-max Seat #4 is the button
Seat 2: Abugasse ($0.92 in chips) 
Seat 3: Dorex2007 ($5.84 in chips) 
Seat 4: blopisanz ($1.99 in chips) 
Seat 5: mariodelore ($5.72 in chips) 
Seat 6: geyza15 ($6.61 in chips) 
Seat 7: caiotressi ($1.39 in chips) 
Seat 8: diegito2013 ($0.83 in chips) 
Seat 9: Almanza63 ($2.27 in chips) 
mariodelore: posts small blind $0.01
geyza15: posts big blind $0.02
*** HOLE CARDS ***
Dealt to Dorex2007 [2d 4d]
caiotressi: folds 
diegito2013: folds 
Almanza63: folds 
Abugasse: calls $0.02
Dorex2007: folds 
blopisanz: folds 
mariodelore: folds 
geyza15: checks 
*** FLOP *** [Ts Kh 2h]
geyza15: checks 
Abugasse: checks 
*** TURN *** [Ts Kh 2h] [Qd]
geyza15: checks 
Abugasse: checks 
*** RIVER *** [Ts Kh 2h Qd] [6c]
geyza15: checks 
Abugasse: bets $0.20
geyza15: folds 
Uncalled bet ($0.20) returned to Abugasse
Abugasse collected $0.05 from pot
*** SUMMARY ***
Total pot $0.05 | Rake $0 
Board [Ts Kh 2h Qd 6c]
Seat 2: Abugasse collected ($0.05)
Seat 3: Dorex2007 folded before Flop (didn't bet)
Seat 4: blopisanz (button) folded before Flop (didn't bet)
Seat 5: mariodelore (small blind) folded before Flop
Seat 6: geyza15 (big blind) folded on the River
Seat 7: caiotressi folded before Flop (didn't bet)
Seat 8: diegito2013 folded before Flop (didn't bet)
Seat 9: Almanza63 folded before Flop (didn't bet)



PokerStars Hand #237306182638:  Hold'em No Limit ($0.01/$0.02 USD) - 2022/07/11 17:46:19 PT [2022/07/11 20:46:19 ET]
Table 'Prylis III' 9-max Seat #5 is the button
Seat 2: Abugasse ($0.95 in chips) 
Seat 3: Dorex2007 ($5.84 in chips) 
Seat 4: blopisanz ($1.99 in chips) 
Seat 5: mariodelore ($5.71 in chips) 
Seat 6: geyza15 ($6.59 in chips) 
Seat 7: caiotressi ($1.39 in chips) 
Seat 8: diegito2013 ($0.83 in chips) 
Seat 9: Almanza63 ($2.27 in chips) 
geyza15: posts small blind $0.01
caiotressi: posts big blind $0.02
*** HOLE CARDS ***
Dealt to Dorex2007 [8h 6c]
diegito2013: folds 
Almanza63: folds 
Abugasse: folds 
Dorex2007: folds 
blopisanz: folds 
mariodelore: raises $0.04 to $0.06
geyza15: folds 
caiotressi: folds 
Uncalled bet ($0.04) returned to mariodelore
mariodelore collected $0.05 from pot
*** SUMMARY ***
Total pot $0.05 | Rake $0 
Seat 2: Abugasse folded before Flop (didn't bet)
Seat 3: Dorex2007 folded before Flop (didn't bet)
Seat 4: blopisanz folded before Flop (didn't bet)
Seat 5: mariodelore (button) collected ($0.05)
Seat 6: geyza15 (small blind) folded before Flop
Seat 7: caiotressi (big blind) folded before Flop
Seat 8: diegito2013 folded before Flop (didn't bet)
Seat 9: Almanza63 folded before Flop (didn't bet)



PokerStars Hand #237306186937:  Hold'em No Limit ($0.01/$0.02 USD) - 2022/07/11 17:46:38 PT [2022/07/11 20:46:38 ET]
Table 'Prylis III' 9-max Seat #6 is the button
Seat 2: Abugasse ($0.95 in chips) 
Seat 3: Dorex2007 ($5.84 in chips) 
Seat 4: blopisanz ($1.99 in chips) 
Seat 5: mariodelore ($5.74 in chips) 
Seat 6: geyza15 ($6.58 in chips) 
Seat 7: caiotressi ($1.37 in chips) 
Seat 8: diegito2013 ($0.83 in chips) 
Seat 9: Almanza63 ($2.27 in chips) 
caiotressi: posts small blind $0.01
diegito2013: posts big blind $0.02
*** HOLE CARDS ***
Dealt to Dorex2007 [2s Ad]
Almanza63: folds 
Abugasse: folds 
Dorex2007: folds 
blopisanz: folds 
mariodelore: raises $0.04 to $0.06
geyza15: calls $0.06
caiotressi: calls $0.05
diegito2013: calls $0.04
*** FLOP *** [4d 5h Ks]
caiotressi: checks 
diegito2013: bets $0.06
mariodelore: folds 
geyza15: raises $0.08 to $0.14
caiotressi: folds 
diegito2013: folds 
Uncalled bet ($0.08) returned to geyza15
geyza15 collected $0.35 from pot
*** SUMMARY ***
Total pot $0.36 | Rake $0.01 
Board [4d 5h Ks]
Seat 2: Abugasse folded before Flop (didn't bet)
Seat 3: Dorex2007 folded before Flop (didn't bet)
Seat 4: blopisanz folded before Flop (didn't bet)
Seat 5: mariodelore folded on the Flop
Seat 6: geyza15 (button) collected ($0.35)
Seat 7: caiotressi (small blind) folded on the Flop
Seat 8: diegito2013 (big blind) folded on the Flop
Seat 9: Almanza63 folded before Flop (didn't bet)



PokerStars Hand #237306203251:  Hold'em No Limit ($0.01/$0.02 USD) - 2022/07/11 17:47:53 PT [2022/07/11 20:47:53 ET]
Table 'Prylis III' 9-max Seat #7 is the button
Seat 2: Abugasse ($0.95 in chips) 
Seat 3: Dorex2007 ($5.84 in chips) 
Seat 4: blopisanz ($1.99 in chips) 
Seat 5: mariodelore ($5.68 in chips) 
Seat 6: geyza15 ($6.81 in chips) 
Seat 7: caiotressi ($1.31 in chips) 
Seat 8: diegito2013 ($0.71 in chips) 
Seat 9: Almanza63 ($2.27 in chips) 
diegito2013: posts small blind $0.01
Almanza63: posts big blind $0.02
*** HOLE CARDS ***
Dealt to Dorex2007 [4d 9s]
Abugasse: folds 
Dorex2007: folds 
blopisanz has timed out
blopisanz: folds 
mariodelore: folds 
geyza15: folds 
caiotressi: raises $0.04 to $0.06
diegito2013: folds 
Almanza63: calls $0.04
*** FLOP *** [Th 5s Jc]
Almanza63: checks 
caiotressi: checks 
*** TURN *** [Th 5s Jc] [2s]
Almanza63: checks 
caiotressi: checks 
*** RIVER *** [Th 5s Jc 2s] [Tc]
Almanza63: checks 
caiotressi: checks 
*** SHOW DOWN ***
Almanza63: shows [9c Ks] (a pair of Tens)
caiotressi: shows [Ac 7h] (a pair of Tens - Ace kicker)
caiotressi collected $0.13 from pot
*** SUMMARY ***
Total pot $0.13 | Rake $0 
Board [Th 5s Jc 2s Tc]
Seat 2: Abugasse folded before Flop (didn't bet)
Seat 3: Dorex2007 folded before Flop (didn't bet)
Seat 4: blopisanz folded before Flop (didn't bet)
Seat 5: mariodelore folded before Flop (didn't bet)
Seat 6: geyza15 folded before Flop (didn't bet)
Seat 7: caiotressi (button) showed [Ac 7h] and won ($0.13) with a pair of Tens
Seat 8: diegito2013 (small blind) folded before Flop
Seat 9: Almanza63 (big blind) showed [9c Ks] and lost with a pair of Tens



PokerStars Hand #237306217305:  Hold'em No Limit ($0.01/$0.02 USD) - 2022/07/11 17:48:58 PT [2022/07/11 20:48:58 ET]
Table 'Prylis III' 9-max Seat #8 is the button
Seat 2: Abugasse ($0.95 in chips) 
Seat 3: Dorex2007 ($5.84 in chips) 
Seat 4: blopisanz ($1.99 in chips) 
Seat 5: mariodelore ($5.68 in chips) 
Seat 6: geyza15 ($6.81 in chips) 
Seat 7: caiotressi ($1.38 in chips) 
Seat 8: diegito2013 ($0.70 in chips) 
Seat 9: Almanza63 ($2.21 in chips) 
Almanza63: posts small blind $0.01
Abugasse: posts big blind $0.02
*** HOLE CARDS ***
Dealt to Dorex2007 [3d 2c]
Dorex2007: folds 
blopisanz: folds 
mariodelore: folds 
geyza15: folds 
geyza15 leaves the table
caiotressi: folds 
diegito2013: raises $0.02 to $0.04
Almanza63: folds 
Abugasse: calls $0.02
*** FLOP *** [6s 9h Qs]
Abugasse: bets $0.09
diegito2013: calls $0.09
*** TURN *** [6s 9h Qs] [3s]
Abugasse: bets $0.82 and is all-in
diegito2013: folds 
Uncalled bet ($0.82) returned to Abugasse
Abugasse collected $0.26 from pot
*** SUMMARY ***
Total pot $0.27 | Rake $0.01 
Board [6s 9h Qs 3s]
Seat 2: Abugasse (big blind) collected ($0.26)
Seat 3: Dorex2007 folded before Flop (didn't bet)
Seat 4: blopisanz folded before Flop (didn't bet)
Seat 5: mariodelore folded before Flop (didn't bet)
Seat 6: geyza15 folded before Flop (didn't bet)
Seat 7: caiotressi folded before Flop (didn't bet)
Seat 8: diegito2013 (button) folded on the Turn
Seat 9: Almanza63 (small blind) folded before Flop



PokerStars Hand #237306230387:  Hold'em No Limit ($0.01/$0.02 USD) - 2022/07/11 17:49:52 PT [2022/07/11 20:49:52 ET]
Table 'Prylis III' 9-max Seat #9 is the button
Seat 2: Abugasse ($1.08 in chips) 
Seat 3: Dorex2007 ($5.84 in chips) 
Seat 4: blopisanz ($1.99 in chips) 
Seat 5: mariodelore ($5.68 in chips) 
Seat 7: caiotressi ($1.38 in chips) 
Seat 8: diegito2013 ($0.57 in chips) 
Seat 9: Almanza63 ($2.20 in chips) 
Abugasse: posts small blind $0.01
Dorex2007: posts big blind $0.02
*** HOLE CARDS ***
Dealt to Dorex2007 [2c Qs]
blopisanz: folds 
mariodelore: folds 
caiotressi: folds 
diegito2013: calls $0.02
Almanza63: folds 
Abugasse: calls $0.01
Dorex2007: checks 
*** FLOP *** [4d 2h As]
Abugasse: bets $0.06
Dorex2007: folds 
diegito2013: raises $0.49 to $0.55 and is all-in
Abugasse: folds 
Uncalled bet ($0.49) returned to diegito2013
diegito2013 collected $0.17 from pot
*** SUMMARY ***
Total pot $0.18 | Rake $0.01 
Board [4d 2h As]
Seat 2: Abugasse (small blind) folded on the Flop
Seat 3: Dorex2007 (big blind) folded on the Flop
Seat 4: blopisanz folded before Flop (didn't bet)
Seat 5: mariodelore folded before Flop (didn't bet)
Seat 7: caiotressi folded before Flop (didn't bet)
Seat 8: diegito2013 collected ($0.17)
Seat 9: Almanza63 (button) folded before Flop (didn't bet)



PokerStars Hand #237306240805:  Hold'em No Limit ($0.01/$0.02 USD) - 2022/07/11 17:50:41 PT [2022/07/11 20:50:41 ET]
Table 'Prylis III' 9-max Seat #2 is the button
Seat 2: Abugasse ($1 in chips) 
Seat 3: Dorex2007 ($5.82 in chips) 
Seat 4: blopisanz ($1.99 in chips) 
Seat 5: mariodelore ($5.68 in chips) 
Seat 7: caiotressi ($1.38 in chips) 
Seat 8: diegito2013 ($0.66 in chips) 
Seat 9: Almanza63 ($2.20 in chips) 
Dorex2007: posts small blind $0.01
blopisanz: posts big blind $0.02
*** HOLE CARDS ***
Dealt to Dorex2007 [Qc Ac]
mariodelore: folds 
YanoTurtle joins the table at seat #6 
caiotressi: raises $0.04 to $0.06
diegito2013: calls $0.06
Almanza63: folds 
Abugasse: folds 
Dorex2007: calls $0.05
blopisanz: folds 
*** FLOP *** [3c Td 2h]
Dorex2007: checks 
caiotressi: checks 
diegito2013: checks 
*** TURN *** [3c Td 2h] [7h]
Dorex2007: checks 
caiotressi: checks 
diegito2013: checks 
*** RIVER *** [3c Td 2h 7h] [4c]
Dorex2007: checks 
caiotressi: checks 
diegito2013: checks 
*** SHOW DOWN ***
Dorex2007: shows [Qc Ac] (high card Ace)
caiotressi: shows [Qs Ad] (high card Ace)
diegito2013: mucks hand 
Dorex2007 collected $0.10 from pot
caiotressi collected $0.09 from pot
*** SUMMARY ***
Total pot $0.20 | Rake $0.01 
Board [3c Td 2h 7h 4c]
Seat 2: Abugasse (button) folded before Flop (didn't bet)
Seat 3: Dorex2007 (small blind) showed [Qc Ac] and won ($0.10) with high card Ace
Seat 4: blopisanz (big blind) folded before Flop
Seat 5: mariodelore folded before Flop (didn't bet)
Seat 7: caiotressi showed [Qs Ad] and won ($0.09) with high card Ace
Seat 8: diegito2013 mucked [9c Ah]
Seat 9: Almanza63 folded before Flop (didn't bet)



PokerStars Hand #237306258247:  Hold'em No Limit ($0.01/$0.02 USD) - 2022/07/11 17:52:03 PT [2022/07/11 20:52:03 ET]
Table 'Prylis III' 9-max Seat #3 is the button
Seat 2: Abugasse ($1 in chips) 
Seat 3: Dorex2007 ($5.86 in chips) 
Seat 4: blopisanz ($1.97 in chips) 
Seat 5: mariodelore ($5.68 in chips) 
Seat 6: YanoTurtle ($2 in chips) 
Seat 7: caiotressi ($1.41 in chips) 
Seat 8: diegito2013 ($0.60 in chips) 
Seat 9: Almanza63 ($2.20 in chips) 
blopisanz: posts small blind $0.01
mariodelore: posts big blind $0.02
YanoTurtle: posts big blind $0.02
*** HOLE CARDS ***
Dealt to Dorex2007 [7d 5c]
YanoTurtle: checks 
caiotressi: folds 
diegito2013 has timed out
diegito2013: folds 
Almanza63: folds 
Abugasse: folds 
Dorex2007: folds 
blopisanz: folds 
mariodelore: checks 
*** FLOP *** [Jh 9h Jc]
mariodelore: checks 
YanoTurtle: checks 
*** TURN *** [Jh 9h Jc] [5d]
mariodelore: checks 
YanoTurtle: checks 
*** RIVER *** [Jh 9h Jc 5d] [3h]
mariodelore: checks 
YanoTurtle: checks 
*** SHOW DOWN ***
mariodelore: shows [3d Ah] (two pair, Jacks and Threes)
YanoTurtle: mucks hand 
mariodelore collected $0.05 from pot
*** SUMMARY ***
Total pot $0.05 | Rake $0 
Board [Jh 9h Jc 5d 3h]
Seat 2: Abugasse folded before Flop (didn't bet)
Seat 3: Dorex2007 (button) folded before Flop (didn't bet)
Seat 4: blopisanz (small blind) folded before Flop
Seat 5: mariodelore (big blind) showed [3d Ah] and won ($0.05) with two pair, Jacks and Threes
Seat 6: YanoTurtle mucked [Ks 7c]
Seat 7: caiotressi folded before Flop (didn't bet)
Seat 8: diegito2013 folded before Flop (didn't bet)
Seat 9: Almanza63 folded before Flop (didn't bet)



PokerStars Hand #237306268015:  Hold'em No Limit ($0.01/$0.02 USD) - 2022/07/11 17:52:49 PT [2022/07/11 20:52:49 ET]
Table 'Prylis III' 9-max Seat #4 is the button
Seat 2: Abugasse ($1 in chips) 
Seat 3: Dorex2007 ($5.86 in chips) 
Seat 4: blopisanz ($1.96 in chips) 
Seat 5: mariodelore ($5.71 in chips) 
Seat 6: YanoTurtle ($1.98 in chips) 
Seat 7: caiotressi ($1.41 in chips) 
Seat 8: diegito2013 ($0.60 in chips) 
Seat 9: Almanza63 ($2.20 in chips) 
mariodelore: posts small blind $0.01
YanoTurtle: posts big blind $0.02
*** HOLE CARDS ***
Dealt to Dorex2007 [5d 3h]
caiotressi: folds 
diegito2013: calls $0.02
Almanza63: folds 
Abugasse: calls $0.02
Dorex2007: folds 
blopisanz: folds 
mariodelore: folds 
YanoTurtle: checks 
*** FLOP *** [Tc 4h 9c]
YanoTurtle: checks 
diegito2013: bets $0.02
Abugasse: calls $0.02
YanoTurtle: calls $0.02
*** TURN *** [Tc 4h 9c] [6s]
YanoTurtle: checks 
diegito2013: bets $0.08
Abugasse: folds 
YanoTurtle: folds 
Uncalled bet ($0.08) returned to diegito2013
diegito2013 collected $0.13 from pot
*** SUMMARY ***
Total pot $0.13 | Rake $0 
Board [Tc 4h 9c 6s]
Seat 2: Abugasse folded on the Turn
Seat 3: Dorex2007 folded before Flop (didn't bet)
Seat 4: blopisanz (button) folded before Flop (didn't bet)
Seat 5: mariodelore (small blind) folded before Flop
Seat 6: YanoTurtle (big blind) folded on the Turn
Seat 7: caiotressi folded before Flop (didn't bet)
Seat 8: diegito2013 collected ($0.13)
Seat 9: Almanza63 folded before Flop (didn't bet)



PokerStars Hand #237306284762:  Hold'em No Limit ($0.01/$0.02 USD) - 2022/07/11 17:53:44 PT [2022/07/11 20:53:44 ET]
Table 'Prylis III' 9-max Seat #5 is the button
Seat 2: Abugasse ($0.96 in chips) 
Seat 3: Dorex2007 ($5.86 in chips) 
Seat 4: blopisanz ($1.96 in chips) 
Seat 5: mariodelore ($5.70 in chips) 
Seat 6: YanoTurtle ($1.94 in chips) 
Seat 7: caiotressi ($1.41 in chips) 
Seat 8: diegito2013 ($0.69 in chips) 
Seat 9: Almanza63 ($2.20 in chips) 
YanoTurtle: posts small blind $0.01
caiotressi: posts big blind $0.02
*** HOLE CARDS ***
Dealt to Dorex2007 [3d 6h]
diegito2013: calls $0.02
Almanza63: folds 
Abugasse: folds 
Dorex2007: folds 
blopisanz: folds 
mariodelore: folds 
YanoTurtle: calls $0.01
caiotressi: raises $0.14 to $0.16
diegito2013: folds 
YanoTurtle: folds 
Uncalled bet ($0.14) returned to caiotressi
caiotressi collected $0.06 from pot
*** SUMMARY ***
Total pot $0.06 | Rake $0 
Seat 2: Abugasse folded before Flop (didn't bet)
Seat 3: Dorex2007 folded before Flop (didn't bet)
Seat 4: blopisanz folded before Flop (didn't bet)
Seat 5: mariodelore (button) folded before Flop (didn't bet)
Seat 6: YanoTurtle (small blind) folded before Flop
Seat 7: caiotressi (big blind) collected ($0.06)
Seat 8: diegito2013 folded before Flop
Seat 9: Almanza63 folded before Flop (didn't bet)



PokerStars Hand #237306290764:  Hold'em No Limit ($0.01/$0.02 USD) - 2022/07/11 17:54:12 PT [2022/07/11 20:54:12 ET]
Table 'Prylis III' 9-max Seat #6 is the button
Seat 2: Abugasse ($0.96 in chips) 
Seat 3: Dorex2007 ($5.86 in chips) 
Seat 4: blopisanz ($1.96 in chips) 
Seat 5: mariodelore ($5.70 in chips) 
Seat 6: YanoTurtle ($1.92 in chips) 
Seat 7: caiotressi ($1.45 in chips) 
Seat 8: diegito2013 ($0.67 in chips) 
Seat 9: Almanza63 ($2.20 in chips) 
caiotressi: posts small blind $0.01
diegito2013: posts big blind $0.02
*** HOLE CARDS ***
Dealt to Dorex2007 [Tc 5d]
Almanza63: folds 
Abugasse: calls $0.02
Dorex2007: folds 
blopisanz: folds 
mariodelore: folds 
YanoTurtle: raises $0.04 to $0.06
caiotressi: folds 
diegito2013: calls $0.04
Abugasse: calls $0.04
*** FLOP *** [6h 3c 7c]
diegito2013: bets $0.14
Abugasse: folds 
YanoTurtle: folds 
Uncalled bet ($0.14) returned to diegito2013
diegito2013 collected $0.18 from pot
*** SUMMARY ***
Total pot $0.19 | Rake $0.01 
Board [6h 3c 7c]
Seat 2: Abugasse folded on the Flop
Seat 3: Dorex2007 folded before Flop (didn't bet)
Seat 4: blopisanz folded before Flop (didn't bet)
Seat 5: mariodelore folded before Flop (didn't bet)
Seat 6: YanoTurtle (button) folded on the Flop
Seat 7: caiotressi (small blind) folded before Flop
Seat 8: diegito2013 (big blind) collected ($0.18)
Seat 9: Almanza63 folded before Flop (didn't bet)



PokerStars Hand #237306299232:  Hold'em No Limit ($0.01/$0.02 USD) - 2022/07/11 17:54:53 PT [2022/07/11 20:54:53 ET]
Table 'Prylis III' 9-max Seat #7 is the button
Seat 2: Abugasse ($0.90 in chips) 
Seat 3: Dorex2007 ($5.86 in chips) 
Seat 4: blopisanz ($1.96 in chips) 
Seat 5: mariodelore ($5.70 in chips) 
Seat 6: YanoTurtle ($1.86 in chips) 
Seat 7: caiotressi ($1.44 in chips) 
Seat 8: diegito2013 ($0.79 in chips) 
Seat 9: Almanza63 ($2.20 in chips) 
diegito2013: posts small blind $0.01
Almanza63: posts big blind $0.02
*** HOLE CARDS ***
Dealt to Dorex2007 [3s Kc]
Abugasse: calls $0.02
Dorex2007: folds 
blopisanz: folds 
mariodelore: folds 
YanoTurtle: raises $0.04 to $0.06
caiotressi: calls $0.06
diegito2013: folds 
Almanza63: folds 
Abugasse: calls $0.04
*** FLOP *** [Kh 6s 4h]
Abugasse: checks 
YanoTurtle: bets $0.10
caiotressi: calls $0.10
Abugasse: calls $0.10
*** TURN *** [Kh 6s 4h] [As]
Abugasse: checks 
YanoTurtle: bets $0.28
caiotressi: calls $0.28
Abugasse: calls $0.28
*** RIVER *** [Kh 6s 4h As] [9d]
Abugasse: checks 
YanoTurtle: bets $1.42 and is all-in
caiotressi: calls $1 and is all-in
Abugasse: calls $0.46 and is all-in
Uncalled bet ($0.42) returned to YanoTurtle
*** SHOW DOWN ***
YanoTurtle: shows [9s 5s] (a pair of Nines)
caiotressi: shows [6d 6c] (three of a kind, Sixes)
caiotressi collected $1.05 from side pot
Abugasse: shows [Qc Ad] (a pair of Aces)
caiotressi collected $2.63 from main pot
*** SUMMARY ***
Total pot $3.81 Main pot $2.63. Side pot $1.05. | Rake $0.13 
Board [Kh 6s 4h As 9d]
Seat 2: Abugasse showed [Qc Ad] and lost with a pair of Aces
Seat 3: Dorex2007 folded before Flop (didn't bet)
Seat 4: blopisanz folded before Flop (didn't bet)
Seat 5: mariodelore folded before Flop (didn't bet)
Seat 6: YanoTurtle showed [9s 5s] and lost with a pair of Nines
Seat 7: caiotressi (button) showed [6d 6c] and won ($3.68) with three of a kind, Sixes
Seat 8: diegito2013 (small blind) folded before Flop
Seat 9: Almanza63 (big blind) folded before Flop



PokerStars Hand #237306313708:  Hold'em No Limit ($0.01/$0.02 USD) - 2022/07/11 17:56:13 PT [2022/07/11 20:56:13 ET]
Table 'Prylis III' 9-max Seat #8 is the button
Seat 3: Dorex2007 ($5.86 in chips) 
Seat 4: blopisanz ($1.96 in chips) 
Seat 5: mariodelore ($5.70 in chips) 
Seat 6: YanoTurtle ($0.42 in chips) 
Seat 7: caiotressi ($3.68 in chips) 
Seat 8: diegito2013 ($0.78 in chips) 
Seat 9: Almanza63 ($2.18 in chips) 
Almanza63: posts small blind $0.01
Dorex2007: posts big blind $0.02
*** HOLE CARDS ***
Dealt to Dorex2007 [6h Kh]
blopisanz: folds 
Abugasse leaves the table
mariodelore: folds 
YanoTurtle: folds 
YanoTurtle leaves the table
caiotressi: folds 
diegito2013: calls $0.02
Almanza63: calls $0.01
Dorex2007: checks 
*** FLOP *** [Tc 2s Qh]
Abugasse joins the table at seat #2 
Almanza63: checks 
Dorex2007: checks 
diegito2013: bets $0.02
Almanza63: folds 
Dorex2007: folds 
Uncalled bet ($0.02) returned to diegito2013
diegito2013 collected $0.06 from pot
*** SUMMARY ***
Total pot $0.06 | Rake $0 
Board [Tc 2s Qh]
Seat 3: Dorex2007 (big blind) folded on the Flop
Seat 4: blopisanz folded before Flop (didn't bet)
Seat 5: mariodelore folded before Flop (didn't bet)
Seat 6: YanoTurtle folded before Flop (didn't bet)
Seat 7: caiotressi folded before Flop (didn't bet)
Seat 8: diegito2013 (button) collected ($0.06)
Seat 9: Almanza63 (small blind) folded on the Flop



PokerStars Hand #237306320307:  Hold'em No Limit ($0.01/$0.02 USD) - 2022/07/11 17:56:49 PT [2022/07/11 20:56:49 ET]
Table 'Prylis III' 9-max Seat #9 is the button
Seat 3: Dorex2007 ($5.84 in chips) 
Seat 4: blopisanz ($1.96 in chips) 
Seat 5: mariodelore ($5.70 in chips) 
Seat 7: caiotressi ($3.68 in chips) 
Seat 8: diegito2013 ($0.82 in chips) 
Seat 9: Almanza63 ($2.16 in chips) 
Dorex2007: posts small blind $0.01
blopisanz: posts big blind $0.02
*** HOLE CARDS ***
Dealt to Dorex2007 [4h 5h]
mariodelore: raises $0.04 to $0.06
caiotressi: folds 
kiling1 joins the table at seat #6 
Abugasse leaves the table
diegito2013 has timed out
diegito2013: folds 
Almanza63: folds 
Dorex2007: folds 
blopisanz: folds 
Uncalled bet ($0.04) returned to mariodelore
mariodelore collected $0.05 from pot
*** SUMMARY ***
Total pot $0.05 | Rake $0 
Seat 3: Dorex2007 (small blind) folded before Flop
Seat 4: blopisanz (big blind) folded before Flop
Seat 5: mariodelore collected ($0.05)
Seat 7: caiotressi folded before Flop (didn't bet)
Seat 8: diegito2013 folded before Flop (didn't bet)
Seat 9: Almanza63 (button) folded before Flop (didn't bet)



PokerStars Hand #237306325504:  Hold'em No Limit ($0.01/$0.02 USD) - 2022/07/11 17:57:19 PT [2022/07/11 20:57:19 ET]
Table 'Prylis III' 9-max Seat #3 is the button
Seat 3: Dorex2007 ($5.83 in chips) 
Seat 4: blopisanz ($1.94 in chips) 
Seat 5: mariodelore ($5.73 in chips) 
Seat 7: caiotressi ($3.68 in chips) 
Seat 9: Almanza63 ($2.16 in chips) 
blopisanz: posts small blind $0.01
mariodelore: posts big blind $0.02
kiling1: sits out 
*** HOLE CARDS ***
Dealt to Dorex2007 [5s 7s]
caiotressi: folds 
Almanza63: folds 
Dorex2007: folds 
blopisanz: folds 
Uncalled bet ($0.01) returned to mariodelore
mariodelore collected $0.02 from pot
*** SUMMARY ***
Total pot $0.02 | Rake $0 
Seat 3: Dorex2007 (button) folded before Flop (didn't bet)
Seat 4: blopisanz (small blind) folded before Flop
Seat 5: mariodelore (big blind) collected ($0.02)
Seat 7: caiotressi folded before Flop (didn't bet)
Seat 9: Almanza63 folded before Flop (didn't bet)



PokerStars Hand #237306329368:  Hold'em No Limit ($0.01/$0.02 USD) - 2022/07/11 17:57:40 PT [2022/07/11 20:57:40 ET]
Table 'Prylis III' 9-max Seat #4 is the button
Seat 3: Dorex2007 ($5.83 in chips) 
Seat 4: blopisanz ($1.93 in chips) 
Seat 5: mariodelore ($5.74 in chips) 
Seat 6: kiling1 ($2 in chips) 
Seat 7: caiotressi ($3.68 in chips) 
Seat 8: diegito2013 ($0.82 in chips) 
Seat 9: Almanza63 ($2.16 in chips) 
mariodelore: posts small blind $0.01
kiling1: posts big blind $0.02
*** HOLE CARDS ***
Dealt to Dorex2007 [2c Qd]
caiotressi: folds 
diegito2013: folds 
Almanza63: folds 
Dorex2007: folds 
Gust4v0_7 joins the table at seat #2 
blopisanz has timed out
blopisanz: folds 
mariodelore: folds 
Uncalled bet ($0.01) returned to kiling1
kiling1 collected $0.02 from pot
*** SUMMARY ***
Total pot $0.02 | Rake $0 
Seat 3: Dorex2007 folded before Flop (didn't bet)
Seat 4: blopisanz (button) folded before Flop (didn't bet)
Seat 5: mariodelore (small blind) folded before Flop
Seat 6: kiling1 (big blind) collected ($0.02)
Seat 7: caiotressi folded before Flop (didn't bet)
Seat 8: diegito2013 folded before Flop (didn't bet)
Seat 9: Almanza63 folded before Flop (didn't bet)



PokerStars Hand #237306335332:  Hold'em No Limit ($0.01/$0.02 USD) - 2022/07/11 17:58:14 PT [2022/07/11 20:58:14 ET]
Table 'Prylis III' 9-max Seat #5 is the button
Seat 2: Gust4v0_7 ($0.80 in chips) 
Seat 3: Dorex2007 ($5.83 in chips) 
Seat 4: blopisanz ($1.93 in chips) 
Seat 5: mariodelore ($5.73 in chips) 
Seat 6: kiling1 ($2.01 in chips) 
Seat 7: caiotressi ($3.68 in chips) 
Seat 8: diegito2013 ($0.82 in chips) 
Seat 9: Almanza63 ($2.16 in chips) 
kiling1: posts small blind $0.01
caiotressi: posts big blind $0.02
Gust4v0_7: posts big blind $0.02
*** HOLE CARDS ***
Dealt to Dorex2007 [7d 7h]
diegito2013: folds 
Almanza63: folds 
Gust4v0_7: checks 
Dorex2007: raises $0.04 to $0.06
blopisanz: folds 
mariodelore: folds 
kiling1: folds 
caiotressi: calls $0.04
Gust4v0_7: folds 
*** FLOP *** [4c Qd 5d]
caiotressi: checks 
Dorex2007: checks 
*** TURN *** [4c Qd 5d] [Jc]
caiotressi: bets $0.07
Dorex2007: calls $0.07
*** RIVER *** [4c Qd 5d Jc] [4h]
caiotressi: checks 
Dorex2007: bets $0.14
caiotressi: calls $0.14
*** SHOW DOWN ***
Dorex2007: shows [7d 7h] (two pair, Sevens and Fours)
caiotressi: shows [9c Jh] (two pair, Jacks and Fours)
caiotressi collected $0.55 from pot
*** SUMMARY ***
Total pot $0.57 | Rake $0.02 
Board [4c Qd 5d Jc 4h]
Seat 2: Gust4v0_7 folded before Flop (didn't bet)
Seat 3: Dorex2007 showed [7d 7h] and lost with two pair, Sevens and Fours
Seat 4: blopisanz folded before Flop (didn't bet)
Seat 5: mariodelore (button) folded before Flop (didn't bet)
Seat 6: kiling1 (small blind) folded before Flop
Seat 7: caiotressi (big blind) showed [9c Jh] and won ($0.55) with two pair, Jacks and Fours
Seat 8: diegito2013 folded before Flop (didn't bet)
Seat 9: Almanza63 folded before Flop (didn't bet)



PokerStars Hand #237306363724:  Hold'em No Limit ($0.01/$0.02 USD) - 2022/07/11 17:59:29 PT [2022/07/11 20:59:29 ET]
Table 'Prylis III' 9-max Seat #6 is the button
Seat 2: Gust4v0_7 ($0.78 in chips) 
Seat 3: Dorex2007 ($5.56 in chips) 
Seat 4: blopisanz ($1.93 in chips) 
Seat 5: mariodelore ($5.73 in chips) 
Seat 6: kiling1 ($2 in chips) 
Seat 7: caiotressi ($3.96 in chips) 
Seat 8: diegito2013 ($0.82 in chips) 
Seat 9: Almanza63 ($2.16 in chips) 
caiotressi: posts small blind $0.01
diegito2013: posts big blind $0.02
*** HOLE CARDS ***
Dealt to Dorex2007 [Jc 5h]
Almanza63: folds 
Gust4v0_7: folds 
Dorex2007: folds 
blopisanz: folds 
mariodelore: folds 
kiling1 has timed out
kiling1: folds 
caiotressi: raises $0.04 to $0.06
diegito2013: folds 
Uncalled bet ($0.04) returned to caiotressi
caiotressi collected $0.04 from pot
*** SUMMARY ***
Total pot $0.04 | Rake $0 
Seat 2: Gust4v0_7 folded before Flop (didn't bet)
Seat 3: Dorex2007 folded before Flop (didn't bet)
Seat 4: blopisanz folded before Flop (didn't bet)
Seat 5: mariodelore folded before Flop (didn't bet)
Seat 6: kiling1 (button) folded before Flop (didn't bet)
Seat 7: caiotressi (small blind) collected ($0.04)
Seat 8: diegito2013 (big blind) folded before Flop
Seat 9: Almanza63 folded before Flop (didn't bet)



PokerStars Hand #237306372991:  Hold'em No Limit ($0.01/$0.02 USD) - 2022/07/11 18:00:20 PT [2022/07/11 21:00:20 ET]
Table 'Prylis III' 9-max Seat #7 is the button
Seat 2: Gust4v0_7 ($0.78 in chips) 
Seat 3: Dorex2007 ($5.56 in chips) 
Seat 4: blopisanz ($1.93 in chips) 
Seat 5: mariodelore ($5.73 in chips) 
Seat 7: caiotressi ($3.98 in chips) 
Seat 8: diegito2013 ($0.80 in chips) 
Seat 9: Almanza63 ($2.16 in chips) 
diegito2013: posts small blind $0.01
Almanza63: posts big blind $0.02
*** HOLE CARDS ***
Dealt to Dorex2007 [8d Kd]
Gust4v0_7: folds 
Dorex2007: raises $0.04 to $0.06
blopisanz: folds 
mariodelore: folds 
caiotressi: calls $0.06
diegito2013: folds 
Almanza63: folds 
*** FLOP *** [Tc 2c 7h]
Dorex2007: checks 
caiotressi: checks 
*** TURN *** [Tc 2c 7h] [Ad]
Dorex2007: checks 
caiotressi: checks 
*** RIVER *** [Tc 2c 7h Ad] [3c]
Dorex2007: checks 
caiotressi: bets $0.07
Dorex2007: folds 
Uncalled bet ($0.07) returned to caiotressi
caiotressi collected $0.14 from pot
*** SUMMARY ***
Total pot $0.15 | Rake $0.01 
Board [Tc 2c 7h Ad 3c]
Seat 2: Gust4v0_7 folded before Flop (didn't bet)
Seat 3: Dorex2007 folded on the River
Seat 4: blopisanz folded before Flop (didn't bet)
Seat 5: mariodelore folded before Flop (didn't bet)
Seat 7: caiotressi (button) collected ($0.14)
Seat 8: diegito2013 (small blind) folded before Flop
Seat 9: Almanza63 (big blind) folded before Flop



PokerStars Hand #237306390681:  Hold'em No Limit ($0.01/$0.02 USD) - 2022/07/11 18:01:47 PT [2022/07/11 21:01:47 ET]
Table 'Prylis III' 9-max Seat #8 is the button
Seat 2: Gust4v0_7 ($0.78 in chips) 
Seat 3: Dorex2007 ($5.50 in chips) 
Seat 4: blopisanz ($1.93 in chips) 
Seat 5: mariodelore ($5.73 in chips) 
Seat 6: kiling1 ($2 in chips) 
Seat 7: caiotressi ($4.06 in chips) 
Seat 8: diegito2013 ($0.79 in chips) 
Seat 9: Almanza63 ($2.14 in chips) 
Almanza63: posts small blind $0.01
Gust4v0_7: posts big blind $0.02
*** HOLE CARDS ***
Dealt to Dorex2007 [Jd 3c]
Dorex2007: folds 
blopisanz: folds 
mariodelore: folds 
kiling1: folds 
caiotressi: folds 
diegito2013 has timed out
diegito2013: folds 
Almanza63: raises $0.06 to $0.08
Gust4v0_7: folds 
Uncalled bet ($0.06) returned to Almanza63
Almanza63 collected $0.04 from pot
*** SUMMARY ***
Total pot $0.04 | Rake $0 
Seat 2: Gust4v0_7 (big blind) folded before Flop
Seat 3: Dorex2007 folded before Flop (didn't bet)
Seat 4: blopisanz folded before Flop (didn't bet)
Seat 5: mariodelore folded before Flop (didn't bet)
Seat 6: kiling1 folded before Flop (didn't bet)
Seat 7: caiotressi folded before Flop (didn't bet)
Seat 8: diegito2013 (button) folded before Flop (didn't bet)
Seat 9: Almanza63 (small blind) collected ($0.04)



PokerStars Hand #237306398623:  Hold'em No Limit ($0.01/$0.02 USD) - 2022/07/11 18:02:25 PT [2022/07/11 21:02:25 ET]
Table 'Prylis III' 9-max Seat #9 is the button
Seat 2: Gust4v0_7 ($0.76 in chips) 
Seat 3: Dorex2007 ($5.50 in chips) 
Seat 4: blopisanz ($1.93 in chips) 
Seat 5: mariodelore ($5.73 in chips) 
Seat 6: kiling1 ($2 in chips) 
Seat 7: caiotressi ($4.06 in chips) 
Seat 9: Almanza63 ($2.16 in chips) 
Gust4v0_7: posts small blind $0.01
Dorex2007: posts big blind $0.02
*** HOLE CARDS ***
Dealt to Dorex2007 [3d 2d]
blopisanz has timed out
blopisanz: folds 
mariodelore: folds 
kiling1: folds 
caiotressi: folds 
Almanza63: folds 
Gust4v0_7: calls $0.01
Dorex2007: checks 
*** FLOP *** [4c 8s Th]
Gust4v0_7: checks 
Dorex2007: checks 
*** TURN *** [4c 8s Th] [Qd]
Gust4v0_7: bets $0.04
Dorex2007: folds 
Uncalled bet ($0.04) returned to Gust4v0_7
Gust4v0_7 collected $0.04 from pot
*** SUMMARY ***
Total pot $0.04 | Rake $0 
Board [4c 8s Th Qd]
Seat 2: Gust4v0_7 (small blind) collected ($0.04)
Seat 3: Dorex2007 (big blind) folded on the Turn
Seat 4: blopisanz folded before Flop (didn't bet)
Seat 5: mariodelore folded before Flop (didn't bet)
Seat 6: kiling1 folded before Flop (didn't bet)
Seat 7: caiotressi folded before Flop (didn't bet)
Seat 9: Almanza63 (button) folded before Flop (didn't bet)



PokerStars Hand #237306407876:  Hold'em No Limit ($0.01/$0.02 USD) - 2022/07/11 18:03:08 PT [2022/07/11 21:03:08 ET]
Table 'Prylis III' 9-max Seat #2 is the button
Seat 2: Gust4v0_7 ($0.78 in chips) 
Seat 3: Dorex2007 ($5.48 in chips) 
Seat 4: blopisanz ($1.93 in chips) 
Seat 5: mariodelore ($5.73 in chips) 
Seat 6: kiling1 ($2 in chips) 
Seat 7: caiotressi ($4.06 in chips) 
Seat 9: Almanza63 ($2.16 in chips) 
Dorex2007: posts small blind $0.01
blopisanz: posts big blind $0.02
*** HOLE CARDS ***
Dealt to Dorex2007 [Qd 4d]
mariodelore: folds 
kiling1: folds 
caiotressi: folds 
Almanza63: folds 
Gust4v0_7: calls $0.02
Dorex2007: calls $0.01
blopisanz: checks 
*** FLOP *** [Ad Td 2d]
Dorex2007: checks 
blopisanz: checks 
Gust4v0_7: checks 
*** TURN *** [Ad Td 2d] [9h]
Dorex2007: bets $0.06
blopisanz: folds 
Gust4v0_7: folds 
Uncalled bet ($0.06) returned to Dorex2007
Dorex2007 collected $0.06 from pot
*** SUMMARY ***
Total pot $0.06 | Rake $0 
Board [Ad Td 2d 9h]
Seat 2: Gust4v0_7 (button) folded on the Turn
Seat 3: Dorex2007 (small blind) collected ($0.06)
Seat 4: blopisanz (big blind) folded on the Turn
Seat 5: mariodelore folded before Flop (didn't bet)
Seat 6: kiling1 folded before Flop (didn't bet)
Seat 7: caiotressi folded before Flop (didn't bet)
Seat 9: Almanza63 folded before Flop (didn't bet)



PokerStars Hand #237306429839:  Hold'em No Limit ($0.01/$0.02 USD) - 2022/07/11 18:04:50 PT [2022/07/11 21:04:50 ET]
Table 'Prylis III' 9-max Seat #3 is the button
Seat 2: Gust4v0_7 ($0.76 in chips) 
Seat 3: Dorex2007 ($5.52 in chips) 
Seat 4: blopisanz ($1.91 in chips) 
Seat 5: mariodelore ($5.73 in chips) 
Seat 6: kiling1 ($2 in chips) 
Seat 7: caiotressi ($4.06 in chips) 
Seat 9: Almanza63 ($2.16 in chips) 
blopisanz: posts small blind $0.01
mariodelore: posts big blind $0.02
*** HOLE CARDS ***
Dealt to Dorex2007 [5h 8d]
kiling1: raises $0.04 to $0.06
caiotressi: folds 
Almanza63: folds 
Gust4v0_7: folds 
Dorex2007: folds 
blopisanz: raises $1.85 to $1.91 and is all-in
mariodelore: folds 
kiling1: calls $1.85
kiling1 has timed out
*** FLOP *** [8h 4c Qc]
*** TURN *** [8h 4c Qc] [As]
*** RIVER *** [8h 4c Qc As] [5d]
*** SHOW DOWN ***
blopisanz: shows [Kd Kh] (a pair of Kings)
kiling1: shows [Ks Kc] (a pair of Kings)
kiling1 collected $1.85 from pot
blopisanz cashed out the hand for $1.84 | Cash Out Fee $0.02
*** SUMMARY ***
Total pot $3.84 | Rake $0.13 
Board [8h 4c Qc As 5d]
Seat 2: Gust4v0_7 folded before Flop (didn't bet)
Seat 3: Dorex2007 (button) folded before Flop (didn't bet)
Seat 4: blopisanz (small blind) showed [Kd Kh] and won ($1.86) with a pair of Kings (pot not awarded as player cashed out)
Seat 5: mariodelore (big blind) folded before Flop
Seat 6: kiling1 showed [Ks Kc] and won ($1.85) with a pair of Kings
Seat 7: caiotressi folded before Flop (didn't bet)
Seat 9: Almanza63 folded before Flop (didn't bet)



PokerStars Hand #237306439315:  Hold'em No Limit ($0.01/$0.02 USD) - 2022/07/11 18:05:34 PT [2022/07/11 21:05:34 ET]
Table 'Prylis III' 9-max Seat #4 is the button
Seat 2: Gust4v0_7 ($0.76 in chips) 
Seat 3: Dorex2007 ($5.52 in chips) 
Seat 4: blopisanz ($1.84 in chips) 
Seat 5: mariodelore ($5.71 in chips) 
Seat 6: kiling1 ($1.94 in chips) 
Seat 7: caiotressi ($4.06 in chips) 
Seat 9: Almanza63 ($2.16 in chips) 
mariodelore: posts small blind $0.01
kiling1: posts big blind $0.02
*** HOLE CARDS ***
Dealt to Dorex2007 [Ah Kc]
caiotressi has timed out
caiotressi: folds 
Almanza63: folds 
Gust4v0_7: folds 
Dorex2007: raises $0.04 to $0.06
blopisanz: folds 
mariodelore: calls $0.05
kiling1: folds 
*** FLOP *** [Tc 6c Kh]
mariodelore: checks 
Dorex2007: bets $0.14
mariodelore: calls $0.14
*** TURN *** [Tc 6c Kh] [Td]
mariodelore: checks 
Dorex2007: bets $0.20
mariodelore: raises $0.30 to $0.50
Dorex2007: calls $0.30
*** RIVER *** [Tc 6c Kh Td] [Kd]
mariodelore: checks 
Dorex2007: bets $0.68
mariodelore: folds 
Uncalled bet ($0.68) returned to Dorex2007
Dorex2007 collected $1.37 from pot
*** SUMMARY ***
Total pot $1.42 | Rake $0.05 
Board [Tc 6c Kh Td Kd]
Seat 2: Gust4v0_7 folded before Flop (didn't bet)
Seat 3: Dorex2007 collected ($1.37)
Seat 4: blopisanz (button) folded before Flop (didn't bet)
Seat 5: mariodelore (small blind) folded on the River
Seat 6: kiling1 (big blind) folded before Flop
Seat 7: caiotressi folded before Flop (didn't bet)
Seat 9: Almanza63 folded before Flop (didn't bet)



PokerStars Hand #237306460995:  Hold'em No Limit ($0.01/$0.02 USD) - 2022/07/11 18:07:16 PT [2022/07/11 21:07:16 ET]
Table 'Prylis III' 9-max Seat #5 is the button
Seat 2: Gust4v0_7 ($0.76 in chips) 
Seat 3: Dorex2007 ($6.19 in chips) 
Seat 4: blopisanz ($1.84 in chips) 
Seat 5: mariodelore ($5.01 in chips) 
Seat 6: kiling1 ($1.92 in chips) 
Seat 7: caiotressi ($4.06 in chips) 
Seat 9: Almanza63 ($2.16 in chips) 
kiling1: posts small blind $0.01
caiotressi: posts big blind $0.02
*** HOLE CARDS ***
Dealt to Dorex2007 [Kh 6d]
Almanza63: folds 
Gust4v0_7: folds 
Dorex2007: folds 
blopisanz: folds 
mariodelore: folds 
kiling1: raises $0.06 to $0.08
caiotressi: folds 
Uncalled bet ($0.06) returned to kiling1
kiling1 collected $0.04 from pot
*** SUMMARY ***
Total pot $0.04 | Rake $0 
Seat 2: Gust4v0_7 folded before Flop (didn't bet)
Seat 3: Dorex2007 folded before Flop (didn't bet)
Seat 4: blopisanz folded before Flop (didn't bet)
Seat 5: mariodelore (button) folded before Flop (didn't bet)
Seat 6: kiling1 (small blind) collected ($0.04)
Seat 7: caiotressi (big blind) folded before Flop
Seat 9: Almanza63 folded before Flop (didn't bet)



PokerStars Hand #237306464514:  Hold'em No Limit ($0.01/$0.02 USD) - 2022/07/11 18:07:32 PT [2022/07/11 21:07:32 ET]
Table 'Prylis III' 9-max Seat #6 is the button
Seat 2: Gust4v0_7 ($0.76 in chips) 
Seat 3: Dorex2007 ($6.19 in chips) 
Seat 4: blopisanz ($1.84 in chips) 
Seat 5: mariodelore ($5.01 in chips) 
Seat 6: kiling1 ($1.94 in chips) 
Seat 7: caiotressi ($4.04 in chips) 
Seat 9: Almanza63 ($2.16 in chips) 
caiotressi: posts small blind $0.01
Almanza63: posts big blind $0.02
*** HOLE CARDS ***
Dealt to Dorex2007 [4d 9h]
Gust4v0_7: folds 
Dorex2007: folds 
blopisanz: folds 
mariodelore: folds 
kiling1: folds 
caiotressi: folds 
Uncalled bet ($0.01) returned to Almanza63
Almanza63 collected $0.02 from pot
*** SUMMARY ***
Total pot $0.02 | Rake $0 
Seat 2: Gust4v0_7 folded before Flop (didn't bet)
Seat 3: Dorex2007 folded before Flop (didn't bet)
Seat 4: blopisanz folded before Flop (didn't bet)
Seat 5: mariodelore folded before Flop (didn't bet)
Seat 6: kiling1 (button) folded before Flop (didn't bet)
Seat 7: caiotressi (small blind) folded before Flop
Seat 9: Almanza63 (big blind) collected ($0.02)



PokerStars Hand #237306467015:  Hold'em No Limit ($0.01/$0.02 USD) - 2022/07/11 18:07:44 PT [2022/07/11 21:07:44 ET]
Table 'Prylis III' 9-max Seat #7 is the button
Seat 2: Gust4v0_7 ($0.76 in chips) 
Seat 3: Dorex2007 ($6.19 in chips) 
Seat 4: blopisanz ($1.84 in chips) 
Seat 5: mariodelore ($5.01 in chips) 
Seat 6: kiling1 ($1.94 in chips) 
Seat 7: caiotressi ($4.03 in chips) 
Seat 9: Almanza63 ($2.17 in chips) 
Almanza63: posts small blind $0.01
Gust4v0_7: posts big blind $0.02
*** HOLE CARDS ***
Dealt to Dorex2007 [5d 7c]
Dorex2007: folds 
blopisanz: folds 
mariodelore: folds 
kiling1: raises $0.04 to $0.06
caiotressi: folds 
Almanza63: folds 
Gust4v0_7: calls $0.04
*** FLOP *** [4d 5s 9c]
Gust4v0_7: checks 
kiling1: bets $0.04
Gust4v0_7: folds 
Uncalled bet ($0.04) returned to kiling1
kiling1 collected $0.13 from pot
Marcelo964 leaves the table
*** SUMMARY ***
Total pot $0.13 | Rake $0 
Board [4d 5s 9c]
Seat 2: Gust4v0_7 (big blind) folded on the Flop
Seat 3: Dorex2007 folded before Flop (didn't bet)
Seat 4: blopisanz folded before Flop (didn't bet)
Seat 5: mariodelore folded before Flop (didn't bet)
Seat 6: kiling1 collected ($0.13)
Seat 7: caiotressi (button) folded before Flop (didn't bet)
Seat 9: Almanza63 (small blind) folded before Flop



PokerStars Hand #237306476196:  Hold'em No Limit ($0.01/$0.02 USD) - 2022/07/11 18:08:27 PT [2022/07/11 21:08:27 ET]
Table 'Prylis III' 9-max Seat #9 is the button
Seat 2: Gust4v0_7 ($0.70 in chips) 
Seat 3: Dorex2007 ($6.19 in chips) 
Seat 4: blopisanz ($1.84 in chips) 
Seat 5: mariodelore ($5.01 in chips) 
Seat 6: kiling1 ($2.01 in chips) 
Seat 7: caiotressi ($4.03 in chips) 
Seat 9: Almanza63 ($2.16 in chips) 
Gust4v0_7: posts small blind $0.01
Dorex2007: posts big blind $0.02
*** HOLE CARDS ***
Dealt to Dorex2007 [Ks As]
blopisanz: folds 
mariodelore: folds 
kiling1: folds 
caiotressi: folds 
Almanza63: folds 
Gust4v0_7: calls $0.01
Dorex2007: raises $0.04 to $0.06
Gust4v0_7: folds 
Uncalled bet ($0.04) returned to Dorex2007
Dorex2007 collected $0.04 from pot
*** SUMMARY ***
Total pot $0.04 | Rake $0 
Seat 2: Gust4v0_7 (small blind) folded before Flop
Seat 3: Dorex2007 (big blind) collected ($0.04)
Seat 4: blopisanz folded before Flop (didn't bet)
Seat 5: mariodelore folded before Flop (didn't bet)
Seat 6: kiling1 folded before Flop (didn't bet)
Seat 7: caiotressi folded before Flop (didn't bet)
Seat 9: Almanza63 (button) folded before Flop (didn't bet)



PokerStars Hand #237306481650:  Hold'em No Limit ($0.01/$0.02 USD) - 2022/07/11 18:08:53 PT [2022/07/11 21:08:53 ET]
Table 'Prylis III' 9-max Seat #2 is the button
Seat 2: Gust4v0_7 ($0.68 in chips) 
Seat 3: Dorex2007 ($6.21 in chips) 
Seat 4: blopisanz ($1.84 in chips) 
Seat 5: mariodelore ($5.01 in chips) 
Seat 6: kiling1 ($2.01 in chips) 
Seat 7: caiotressi ($4.03 in chips) 
Seat 9: Almanza63 ($2.16 in chips) 
Dorex2007: posts small blind $0.01
blopisanz: posts big blind $0.02
*** HOLE CARDS ***
Dealt to Dorex2007 [Qd Tc]
mariodelore: folds 
kiling1: folds 
caiotressi: raises $0.04 to $0.06
Almanza63: folds 
Gust4v0_7: folds 
Dorex2007: calls $0.05
blopisanz: folds 
*** FLOP *** [5s 2c Qh]
Dorex2007: checks 
caiotressi: checks 
*** TURN *** [5s 2c Qh] [Qs]
Dorex2007: bets $0.09
caiotressi: calls $0.09
*** RIVER *** [5s 2c Qh Qs] [9h]
Dorex2007: bets $0.31
Patrycjusz1125 joins the table at seat #1 
caiotressi: raises $0.47 to $0.78
Dorex2007: calls $0.47
*** SHOW DOWN ***
caiotressi: shows [Qc 7c] (three of a kind, Queens)
Dorex2007: shows [Qd Tc] (three of a kind, Queens - Ten kicker)
Dorex2007 collected $1.81 from pot
*** SUMMARY ***
Total pot $1.88 | Rake $0.07 
Board [5s 2c Qh Qs 9h]
Seat 2: Gust4v0_7 (button) folded before Flop (didn't bet)
Seat 3: Dorex2007 (small blind) showed [Qd Tc] and won ($1.81) with three of a kind, Queens
Seat 4: blopisanz (big blind) folded before Flop
Seat 5: mariodelore folded before Flop (didn't bet)
Seat 6: kiling1 folded before Flop (didn't bet)
Seat 7: caiotressi showed [Qc 7c] and lost with three of a kind, Queens
Seat 9: Almanza63 folded before Flop (didn't bet)



PokerStars Hand #237306502819:  Hold'em No Limit ($0.01/$0.02 USD) - 2022/07/11 18:10:00 PT [2022/07/11 21:10:00 ET]
Table 'Prylis III' 9-max Seat #3 is the button
Seat 1: Patrycjusz1125 ($1.60 in chips) 
Seat 2: Gust4v0_7 ($0.68 in chips) 
Seat 3: Dorex2007 ($7.09 in chips) 
Seat 4: blopisanz ($1.82 in chips) 
Seat 5: mariodelore ($5.01 in chips) 
Seat 6: kiling1 ($2.01 in chips) 
Seat 7: caiotressi ($3.10 in chips) 
Seat 9: Almanza63 ($2.16 in chips) 
blopisanz: posts small blind $0.01
mariodelore: posts big blind $0.02
Patrycjusz1125: posts big blind $0.02
*** HOLE CARDS ***
Dealt to Dorex2007 [Kh Tc]
kiling1: folds 
caiotressi: folds 
Almanza63: folds 
Patrycjusz1125: checks 
Gust4v0_7: folds 
Dorex2007: raises $0.02 to $0.04
blopisanz: folds 
mariodelore: calls $0.02
Patrycjusz1125: calls $0.02
*** FLOP *** [Ts 2s 3d]
mariodelore: bets $0.09
Patrycjusz1125: calls $0.09
Dorex2007: calls $0.09
*** TURN *** [Ts 2s 3d] [8c]
mariodelore: bets $0.26
Patrycjusz1125: folds 
Dorex2007: folds 
Uncalled bet ($0.26) returned to mariodelore
mariodelore collected $0.39 from pot
*** SUMMARY ***
Total pot $0.40 | Rake $0.01 
Board [Ts 2s 3d 8c]
Seat 1: Patrycjusz1125 folded on the Turn
Seat 2: Gust4v0_7 folded before Flop (didn't bet)
Seat 3: Dorex2007 (button) folded on the Turn
Seat 4: blopisanz (small blind) folded before Flop
Seat 5: mariodelore (big blind) collected ($0.39)
Seat 6: kiling1 folded before Flop (didn't bet)
Seat 7: caiotressi folded before Flop (didn't bet)
Seat 9: Almanza63 folded before Flop (didn't bet)



PokerStars Hand #237306516015:  Hold'em No Limit ($0.01/$0.02 USD) - 2022/07/11 18:11:03 PT [2022/07/11 21:11:03 ET]
Table 'Prylis III' 9-max Seat #4 is the button
Seat 1: Patrycjusz1125 ($1.47 in chips) 
Seat 2: Gust4v0_7 ($0.68 in chips) 
Seat 3: Dorex2007 ($6.96 in chips) 
Seat 4: blopisanz ($1.81 in chips) 
Seat 5: mariodelore ($5.27 in chips) 
Seat 6: kiling1 ($2.01 in chips) 
Seat 7: caiotressi ($3.10 in chips) 
Seat 9: Almanza63 ($2.16 in chips) 
mariodelore: posts small blind $0.01
kiling1: posts big blind $0.02
*** HOLE CARDS ***
Dealt to Dorex2007 [Js 7c]
caiotressi: folds 
Almanza63: folds 
Patrycjusz1125: folds 
Gust4v0_7: folds 
Dorex2007: folds 
blopisanz: folds 
mariodelore: raises $0.04 to $0.06
kiling1: calls $0.04
*** FLOP *** [5h 4d Tc]
mariodelore: bets $0.08
kiling1: calls $0.08
*** TURN *** [5h 4d Tc] [8s]
mariodelore: bets $0.18
kiling1: calls $0.18
*** RIVER *** [5h 4d Tc 8s] [9s]
mariodelore: bets $0.41
kiling1: folds 
Uncalled bet ($0.41) returned to mariodelore
mariodelore collected $0.62 from pot
*** SUMMARY ***
Total pot $0.64 | Rake $0.02 
Board [5h 4d Tc 8s 9s]
Seat 1: Patrycjusz1125 folded before Flop (didn't bet)
Seat 2: Gust4v0_7 folded before Flop (didn't bet)
Seat 3: Dorex2007 folded before Flop (didn't bet)
Seat 4: blopisanz (button) folded before Flop (didn't bet)
Seat 5: mariodelore (small blind) collected ($0.62)
Seat 6: kiling1 (big blind) folded on the River
Seat 7: caiotressi folded before Flop (didn't bet)
Seat 9: Almanza63 folded before Flop (didn't bet)



PokerStars Hand #237306540850:  Hold'em No Limit ($0.01/$0.02 USD) - 2022/07/11 18:12:13 PT [2022/07/11 21:12:13 ET]
Table 'Prylis III' 9-max Seat #5 is the button
Seat 1: Patrycjusz1125 ($1.47 in chips) 
Seat 2: Gust4v0_7 ($0.68 in chips) 
Seat 3: Dorex2007 ($6.96 in chips) 
Seat 4: blopisanz ($1.81 in chips) 
Seat 5: mariodelore ($5.57 in chips) 
Seat 6: kiling1 ($1.69 in chips) 
Seat 7: caiotressi ($3.10 in chips) 
Seat 9: Almanza63 ($2.16 in chips) 
kiling1: posts small blind $0.01
caiotressi: posts big blind $0.02
*** HOLE CARDS ***
Dealt to Dorex2007 [7c Kh]
Almanza63: folds 
Patrycjusz1125: calls $0.02
Gust4v0_7: folds 
Dorex2007: folds 
blopisanz: folds 
mariodelore: folds 
kiling1: folds 
caiotressi: folds 
caiotressi leaves the table
Patrycjusz1125 collected $0.05 from pot
*** SUMMARY ***
Total pot $0.05 | Rake $0 
Seat 1: Patrycjusz1125 collected ($0.05)
Seat 2: Gust4v0_7 folded before Flop (didn't bet)
Seat 3: Dorex2007 folded before Flop (didn't bet)
Seat 4: blopisanz folded before Flop (didn't bet)
Seat 5: mariodelore (button) folded before Flop (didn't bet)
Seat 6: kiling1 (small blind) folded before Flop
Seat 7: caiotressi (big blind) folded before Flop
Seat 9: Almanza63 folded before Flop (didn't bet)



PokerStars Hand #237306545389:  Hold'em No Limit ($0.01/$0.02 USD) - 2022/07/11 18:12:35 PT [2022/07/11 21:12:35 ET]
Table 'Prylis III' 9-max Seat #6 is the button
Seat 1: Patrycjusz1125 ($1.50 in chips) 
Seat 2: Gust4v0_7 ($0.68 in chips) 
Seat 3: Dorex2007 ($6.96 in chips) 
Seat 4: blopisanz ($1.81 in chips) 
Seat 5: mariodelore ($5.57 in chips) 
Seat 6: kiling1 ($1.68 in chips) 
Seat 9: Almanza63 ($2.16 in chips) 
Almanza63: posts small blind $0.01
Patrycjusz1125: posts big blind $0.02
*** HOLE CARDS ***
Dealt to Dorex2007 [Qc 4d]
Gust4v0_7: folds 
Dorex2007: folds 
blopisanz: calls $0.02
mariodelore: raises $0.07 to $0.09
kiling1: folds 
Almanza63: calls $0.08
Patrycjusz1125: folds 
blopisanz: calls $0.07
*** FLOP *** [3d 9s 8s]
Almanza63: checks 
blopisanz: checks 
mariodelore: bets $0.19
Almanza63: folds 
blopisanz: raises $1.53 to $1.72 and is all-in
mariodelore: folds 
Uncalled bet ($1.53) returned to blopisanz
blopisanz collected $0.65 from pot
*** SUMMARY ***
Total pot $0.67 | Rake $0.02 
Board [3d 9s 8s]
Seat 1: Patrycjusz1125 (big blind) folded before Flop
Seat 2: Gust4v0_7 folded before Flop (didn't bet)
Seat 3: Dorex2007 folded before Flop (didn't bet)
Seat 4: blopisanz collected ($0.65)
Seat 5: mariodelore folded on the Flop
Seat 6: kiling1 (button) folded before Flop (didn't bet)
Seat 9: Almanza63 (small blind) folded on the Flop



PokerStars Hand #237306555464:  Hold'em No Limit ($0.01/$0.02 USD) - 2022/07/11 18:13:23 PT [2022/07/11 21:13:23 ET]
Table 'Prylis III' 9-max Seat #9 is the button
Seat 1: Patrycjusz1125 ($1.48 in chips) 
Seat 2: Gust4v0_7 ($0.68 in chips) 
Seat 3: Dorex2007 ($6.96 in chips) 
Seat 4: blopisanz ($2.18 in chips) 
Seat 5: mariodelore ($5.29 in chips) 
Seat 6: kiling1 ($1.68 in chips) 
Seat 9: Almanza63 ($2.07 in chips) 
Patrycjusz1125: posts small blind $0.01
Gust4v0_7: posts big blind $0.02
*** HOLE CARDS ***
Dealt to Dorex2007 [Qh Jh]
Dorex2007: raises $0.04 to $0.06
blopisanz: folds 
mariodelore: folds 
kiling1: folds 
Almanza63: calls $0.06
Patrycjusz1125: calls $0.05
Gust4v0_7: folds 
*** FLOP *** [Tc 7c 3s]
Patrycjusz1125: checks 
Dorex2007: checks 
Almanza63: checks 
*** TURN *** [Tc 7c 3s] [4d]
Patrycjusz1125: bets $0.02
Dorex2007: calls $0.02
Almanza63: folds 
*** RIVER *** [Tc 7c 3s 4d] [2c]
Patrycjusz1125: bets $0.11
Dorex2007: folds 
Uncalled bet ($0.11) returned to Patrycjusz1125
Patrycjusz1125 collected $0.23 from pot
*** SUMMARY ***
Total pot $0.24 | Rake $0.01 
Board [Tc 7c 3s 4d 2c]
Seat 1: Patrycjusz1125 (small blind) collected ($0.23)
Seat 2: Gust4v0_7 (big blind) folded before Flop
Seat 3: Dorex2007 folded on the River
Seat 4: blopisanz folded before Flop (didn't bet)
Seat 5: mariodelore folded before Flop (didn't bet)
Seat 6: kiling1 folded before Flop (didn't bet)
Seat 9: Almanza63 (button) folded on the Turn



PokerStars Hand #237306563575:  Hold'em No Limit ($0.01/$0.02 USD) - 2022/07/11 18:14:01 PT [2022/07/11 21:14:01 ET]
Table 'Prylis III' 9-max Seat #1 is the button
Seat 1: Patrycjusz1125 ($1.63 in chips) 
Seat 2: Gust4v0_7 ($0.66 in chips) 
Seat 3: Dorex2007 ($6.88 in chips) 
Seat 4: blopisanz ($2.18 in chips) 
Seat 5: mariodelore ($5.29 in chips) 
Seat 6: kiling1 ($1.68 in chips) 
Seat 9: Almanza63 ($2.01 in chips) 
Gust4v0_7: posts small blind $0.01
Dorex2007: posts big blind $0.02
*** HOLE CARDS ***
Dealt to Dorex2007 [Jh Qs]
blopisanz: folds 
mariodelore: folds 
kiling1 has timed out
kiling1: folds 
Almanza63: raises $0.08 to $0.10
Patrycjusz1125: folds 
Gust4v0_7: calls $0.09
Dorex2007: folds 
*** FLOP *** [4d 5c 6d]
Gust4v0_7: checks 
ribas_rios joins the table at seat #7 
Almanza63: checks 
*** TURN *** [4d 5c 6d] [8s]
Gust4v0_7: bets $0.21
Almanza63: calls $0.21
*** RIVER *** [4d 5c 6d 8s] [Ah]
Gust4v0_7: checks 
Almanza63: checks 
*** SHOW DOWN ***
Gust4v0_7: shows [3s 3c] (a pair of Threes)
Almanza63: shows [Js Jd] (a pair of Jacks)
Almanza63 collected $0.62 from pot
*** SUMMARY ***
Total pot $0.64 | Rake $0.02 
Board [4d 5c 6d 8s Ah]
Seat 1: Patrycjusz1125 (button) folded before Flop (didn't bet)
Seat 2: Gust4v0_7 (small blind) showed [3s 3c] and lost with a pair of Threes
Seat 3: Dorex2007 (big blind) folded before Flop
Seat 4: blopisanz folded before Flop (didn't bet)
Seat 5: mariodelore folded before Flop (didn't bet)
Seat 6: kiling1 folded before Flop (didn't bet)
Seat 9: Almanza63 showed [Js Jd] and won ($0.62) with a pair of Jacks



PokerStars Hand #237306576259:  Hold'em No Limit ($0.01/$0.02 USD) - 2022/07/11 18:15:02 PT [2022/07/11 21:15:02 ET]
Table 'Prylis III' 9-max Seat #2 is the button
Seat 1: Patrycjusz1125 ($1.63 in chips) 
Seat 2: Gust4v0_7 ($0.35 in chips) 
Seat 3: Dorex2007 ($6.86 in chips) 
Seat 4: blopisanz ($2.18 in chips) 
Seat 5: mariodelore ($5.29 in chips) 
Seat 6: kiling1 ($1.68 in chips) 
Seat 9: Almanza63 ($2.32 in chips) 
Dorex2007: posts small blind $0.01
blopisanz: posts big blind $0.02
ribas_rios: sits out 
*** HOLE CARDS ***
Dealt to Dorex2007 [2d Qs]
mariodelore: folds 
kiling1: calls $0.02
Almanza63: folds 
Patrycjusz1125: folds 
Gust4v0_7: folds 
Dorex2007: folds 
blopisanz: checks 
*** FLOP *** [As 4d Ts]
blopisanz: checks 
kiling1: checks 
*** TURN *** [As 4d Ts] [Kc]
blopisanz: bets $0.03
kiling1: folds 
Uncalled bet ($0.03) returned to blopisanz
blopisanz collected $0.05 from pot
*** SUMMARY ***
Total pot $0.05 | Rake $0 
Board [As 4d Ts Kc]
Seat 1: Patrycjusz1125 folded before Flop (didn't bet)
Seat 2: Gust4v0_7 (button) folded before Flop (didn't bet)
Seat 3: Dorex2007 (small blind) folded before Flop
Seat 4: blopisanz (big blind) collected ($0.05)
Seat 5: mariodelore folded before Flop (didn't bet)
Seat 6: kiling1 folded on the Turn
Seat 9: Almanza63 folded before Flop (didn't bet)



PokerStars Hand #237306581610:  Hold'em No Limit ($0.01/$0.02 USD) - 2022/07/11 18:15:27 PT [2022/07/11 21:15:27 ET]
Table 'Prylis III' 9-max Seat #3 is the button
Seat 1: Patrycjusz1125 ($1.63 in chips) 
Seat 2: Gust4v0_7 ($0.35 in chips) 
Seat 3: Dorex2007 ($6.85 in chips) 
Seat 4: blopisanz ($2.21 in chips) 
Seat 6: kiling1 ($1.66 in chips) 
Seat 9: Almanza63 ($2.32 in chips) 
blopisanz: posts small blind $0.01
mariodelore: is sitting out 
mariodelore leaves the table
kiling1: posts big blind $0.02
ribas_rios has timed out
ribas_rios: is sitting out 
*** HOLE CARDS ***
Dealt to Dorex2007 [Tc 6h]
Kildermorie joins the table at seat #5 
Almanza63: folds 
Patrycjusz1125: folds 
Gust4v0_7: folds 
Dorex2007: folds 
blopisanz: calls $0.01
kiling1: raises $0.04 to $0.06
blopisanz: calls $0.04
*** FLOP *** [5s Jh Ac]
blopisanz: checks 
kiling1: bets $0.04
blopisanz: folds 
Uncalled bet ($0.04) returned to kiling1
kiling1 collected $0.12 from pot
*** SUMMARY ***
Total pot $0.12 | Rake $0 
Board [5s Jh Ac]
Seat 1: Patrycjusz1125 folded before Flop (didn't bet)
Seat 2: Gust4v0_7 folded before Flop (didn't bet)
Seat 3: Dorex2007 (button) folded before Flop (didn't bet)
Seat 4: blopisanz (small blind) folded on the Flop
Seat 6: kiling1 (big blind) collected ($0.12)
Seat 9: Almanza63 folded before Flop (didn't bet)



PokerStars Hand #237306592126:  Hold'em No Limit ($0.01/$0.02 USD) - 2022/07/11 18:16:17 PT [2022/07/11 21:16:17 ET]
Table 'Prylis III' 9-max Seat #4 is the button
Seat 1: Patrycjusz1125 ($1.63 in chips) 
Seat 2: Gust4v0_7 ($0.35 in chips) 
Seat 3: Dorex2007 ($6.85 in chips) 
Seat 4: blopisanz ($2.15 in chips) 
Seat 6: kiling1 ($1.72 in chips) 
Seat 7: ribas_rios ($2 in chips) 
Seat 9: Almanza63 ($2.32 in chips) 
kiling1: posts small blind $0.01
ribas_rios: posts big blind $0.02
*** HOLE CARDS ***
Dealt to Dorex2007 [As 5h]
Almanza63: folds 
Patrycjusz1125: folds 
Gust4v0_7: folds 
Dorex2007: folds 
blopisanz: folds 
kiling1: raises $0.06 to $0.08
ribas_rios: folds 
Uncalled bet ($0.06) returned to kiling1
kiling1 collected $0.04 from pot
*** SUMMARY ***
Total pot $0.04 | Rake $0 
Seat 1: Patrycjusz1125 folded before Flop (didn't bet)
Seat 2: Gust4v0_7 folded before Flop (didn't bet)
Seat 3: Dorex2007 folded before Flop (didn't bet)
Seat 4: blopisanz (button) folded before Flop (didn't bet)
Seat 6: kiling1 (small blind) collected ($0.04)
Seat 7: ribas_rios (big blind) folded before Flop
Seat 9: Almanza63 folded before Flop (didn't bet)



PokerStars Hand #237306595497:  Hold'em No Limit ($0.01/$0.02 USD) - 2022/07/11 18:16:33 PT [2022/07/11 21:16:33 ET]
Table 'Prylis III' 9-max Seat #6 is the button
Seat 1: Patrycjusz1125 ($1.63 in chips) 
Seat 2: Gust4v0_7 ($0.35 in chips) 
Seat 3: Dorex2007 ($6.85 in chips) 
Seat 4: blopisanz ($2.15 in chips) 
Seat 6: kiling1 ($1.74 in chips) 
Seat 7: ribas_rios ($1.98 in chips) 
Seat 9: Almanza63 ($2.32 in chips) 
ribas_rios: posts small blind $0.01
Almanza63: posts big blind $0.02
Kildermorie: sits out 
*** HOLE CARDS ***
Dealt to Dorex2007 [7h 3c]
Patrycjusz1125: folds 
Gust4v0_7: raises $0.04 to $0.06
Dorex2007: folds 
blopisanz: folds 
kiling1: folds 
ribas_rios: calls $0.05
Almanza63: calls $0.04
*** FLOP *** [8s 4h 6d]
ribas_rios: checks 
Almanza63: checks 
Gust4v0_7: bets $0.17
ribas_rios: folds 
Almanza63: folds 
Uncalled bet ($0.17) returned to Gust4v0_7
Gust4v0_7 collected $0.17 from pot
*** SUMMARY ***
Total pot $0.18 | Rake $0.01 
Board [8s 4h 6d]
Seat 1: Patrycjusz1125 folded before Flop (didn't bet)
Seat 2: Gust4v0_7 collected ($0.17)
Seat 3: Dorex2007 folded before Flop (didn't bet)
Seat 4: blopisanz folded before Flop (didn't bet)
Seat 6: kiling1 (button) folded before Flop (didn't bet)
Seat 7: ribas_rios (small blind) folded on the Flop
Seat 9: Almanza63 (big blind) folded on the Flop



PokerStars Hand #237306604304:  Hold'em No Limit ($0.01/$0.02 USD) - 2022/07/11 18:17:16 PT [2022/07/11 21:17:16 ET]
Table 'Prylis III' 9-max Seat #7 is the button
Seat 1: Patrycjusz1125 ($1.63 in chips) 
Seat 2: Gust4v0_7 ($0.46 in chips) 
Seat 3: Dorex2007 ($6.85 in chips) 
Seat 4: blopisanz ($2.15 in chips) 
Seat 6: kiling1 ($1.74 in chips) 
Seat 7: ribas_rios ($1.92 in chips) 
Seat 9: Almanza63 ($2.26 in chips) 
Almanza63: posts small blind $0.01
Patrycjusz1125: posts big blind $0.02
Kildermorie: sits out 
*** HOLE CARDS ***
Dealt to Dorex2007 [9h 3s]
Gust4v0_7: folds 
Dorex2007 has timed out
Dorex2007: folds 
blopisanz: folds 
kiling1: raises $0.04 to $0.06
ribas_rios: folds 
Almanza63: folds 
Patrycjusz1125: calls $0.04
*** FLOP *** [2h 8s Js]
Patrycjusz1125: checks 
kiling1: bets $0.04
Patrycjusz1125: calls $0.04
*** TURN *** [2h 8s Js] [Kd]
Patrycjusz1125: checks 
kiling1: bets $0.14
Patrycjusz1125: folds 
Uncalled bet ($0.14) returned to kiling1
kiling1 collected $0.20 from pot
*** SUMMARY ***
Total pot $0.21 | Rake $0.01 
Board [2h 8s Js Kd]
Seat 1: Patrycjusz1125 (big blind) folded on the Turn
Seat 2: Gust4v0_7 folded before Flop (didn't bet)
Seat 3: Dorex2007 folded before Flop (didn't bet)
Seat 4: blopisanz folded before Flop (didn't bet)
Seat 6: kiling1 collected ($0.20)
Seat 7: ribas_rios (button) folded before Flop (didn't bet)
Seat 9: Almanza63 (small blind) folded before Flop



PokerStars Hand #237306614556:  Hold'em No Limit ($0.01/$0.02 USD) - 2022/07/11 18:18:05 PT [2022/07/11 21:18:05 ET]
Table 'Prylis III' 9-max Seat #9 is the button
Seat 1: Patrycjusz1125 ($1.53 in chips) 
Seat 2: Gust4v0_7 ($0.46 in chips) 
Seat 3: Dorex2007 ($6.85 in chips) 
Seat 4: blopisanz ($2.15 in chips) 
Seat 6: kiling1 ($1.84 in chips) 
Seat 7: ribas_rios ($1.92 in chips) 
Seat 9: Almanza63 ($2.25 in chips) 
Patrycjusz1125: posts small blind $0.01
Gust4v0_7: posts big blind $0.02
Kildermorie: sits out 
*** HOLE CARDS ***
Dealt to Dorex2007 [2h 7c]
Dorex2007: folds 
blopisanz: folds 
kiling1: calls $0.02
ribas_rios: folds 
Almanza63: folds 
Patrycjusz1125: calls $0.01
Gust4v0_7: checks 
*** FLOP *** [5c 8h 4s]
Patrycjusz1125: checks 
Gust4v0_7: bets $0.03
kiling1: calls $0.03
Patrycjusz1125: calls $0.03
*** TURN *** [5c 8h 4s] [Qd]
Patrycjusz1125: checks 
Gust4v0_7: checks 
kiling1: checks 
*** RIVER *** [5c 8h 4s Qd] [Jc]
Patrycjusz1125: checks 
Gust4v0_7: checks 
kiling1: checks 
*** SHOW DOWN ***
Patrycjusz1125: shows [7s 9h] (high card Queen)
Gust4v0_7: shows [2d 4d] (a pair of Fours)
kiling1: mucks hand 
Gust4v0_7 collected $0.14 from pot
*** SUMMARY ***
Total pot $0.15 | Rake $0.01 
Board [5c 8h 4s Qd Jc]
Seat 1: Patrycjusz1125 (small blind) showed [7s 9h] and lost with high card Queen
Seat 2: Gust4v0_7 (big blind) showed [2d 4d] and won ($0.14) with a pair of Fours
Seat 3: Dorex2007 folded before Flop (didn't bet)
Seat 4: blopisanz folded before Flop (didn't bet)
Seat 6: kiling1 mucked [3h Ah]
Seat 7: ribas_rios folded before Flop (didn't bet)
Seat 9: Almanza63 (button) folded before Flop (didn't bet)



PokerStars Hand #237306627532:  Hold'em No Limit ($0.01/$0.02 USD) - 2022/07/11 18:19:07 PT [2022/07/11 21:19:07 ET]
Table 'Prylis III' 9-max Seat #1 is the button
Seat 1: Patrycjusz1125 ($1.48 in chips) 
Seat 2: Gust4v0_7 ($0.55 in chips) 
Seat 3: Dorex2007 ($6.85 in chips) 
Seat 4: blopisanz ($2.15 in chips) 
Seat 6: kiling1 ($1.79 in chips) 
Seat 7: ribas_rios ($1.92 in chips) 
Seat 9: Almanza63 ($2.25 in chips) 
Gust4v0_7: posts small blind $0.01
Dorex2007: posts big blind $0.02
Kildermorie: sits out 
*** HOLE CARDS ***
Dealt to Dorex2007 [6d Qs]
blopisanz: folds 
kiling1: folds 
ribas_rios: calls $0.02
Almanza63: raises $0.04 to $0.06
Patrycjusz1125: calls $0.06
Gust4v0_7: folds 
Dorex2007: folds 
ribas_rios: calls $0.04
*** FLOP *** [Td 9c Qc]
ribas_rios: checks 
Almanza63: checks 
Patrycjusz1125: checks 
*** TURN *** [Td 9c Qc] [Ks]
ribas_rios: checks 
Almanza63: checks 
Patrycjusz1125: checks 
*** RIVER *** [Td 9c Qc Ks] [2s]
ribas_rios: checks 
Almanza63: checks 
Patrycjusz1125: checks 
*** SHOW DOWN ***
ribas_rios: shows [5h 5d] (a pair of Fives)
Almanza63: mucks hand 
Patrycjusz1125: shows [Ad Kd] (a pair of Kings)
Patrycjusz1125 collected $0.20 from pot
*** SUMMARY ***
Total pot $0.21 | Rake $0.01 
Board [Td 9c Qc Ks 2s]
Seat 1: Patrycjusz1125 (button) showed [Ad Kd] and won ($0.20) with a pair of Kings
Seat 2: Gust4v0_7 (small blind) folded before Flop
Seat 3: Dorex2007 (big blind) folded before Flop
Seat 4: blopisanz folded before Flop (didn't bet)
Seat 6: kiling1 folded before Flop (didn't bet)
Seat 7: ribas_rios showed [5h 5d] and lost with a pair of Fives
Seat 9: Almanza63 mucked [Ah 7s]



PokerStars Hand #237306637333:  Hold'em No Limit ($0.01/$0.02 USD) - 2022/07/11 18:19:54 PT [2022/07/11 21:19:54 ET]
Table 'Prylis III' 9-max Seat #2 is the button
Seat 1: Patrycjusz1125 ($1.62 in chips) 
Seat 2: Gust4v0_7 ($0.54 in chips) 
Seat 3: Dorex2007 ($6.83 in chips) 
Seat 5: Kildermorie ($1 in chips) 
Seat 6: kiling1 ($1.79 in chips) 
Seat 7: ribas_rios ($1.86 in chips) 
Seat 9: Almanza63 ($2.19 in chips) 
Dorex2007: posts small blind $0.01
blopisanz: is sitting out 
Kildermorie: posts big blind $0.02
*** HOLE CARDS ***
Dealt to Dorex2007 [9s 7c]
kiling1: folds 
ribas_rios: folds 
Almanza63: folds 
Patrycjusz1125: folds 
Gust4v0_7: calls $0.02
Dorex2007: folds 
Kildermorie: checks 
*** FLOP *** [Ts Jd As]
blopisanz leaves the table
Kildermorie: checks 
Gust4v0_7: checks 
*** TURN *** [Ts Jd As] [6c]
Kildermorie: checks 
Gust4v0_7: bets $0.05
Kildermorie: calls $0.05
*** RIVER *** [Ts Jd As 6c] [2h]
Kildermorie: checks 
Gust4v0_7: bets $0.14
Kildermorie: calls $0.14
*** SHOW DOWN ***
Gust4v0_7: shows [5c Ac] (a pair of Aces)
Kildermorie: mucks hand 
Gust4v0_7 collected $0.41 from pot
*** SUMMARY ***
Total pot $0.43 | Rake $0.02 
Board [Ts Jd As 6c 2h]
Seat 1: Patrycjusz1125 folded before Flop (didn't bet)
Seat 2: Gust4v0_7 (button) showed [5c Ac] and won ($0.41) with a pair of Aces
Seat 3: Dorex2007 (small blind) folded before Flop
Seat 5: Kildermorie (big blind) mucked [4c Jh]
Seat 6: kiling1 folded before Flop (didn't bet)
Seat 7: ribas_rios folded before Flop (didn't bet)
Seat 9: Almanza63 folded before Flop (didn't bet)



