PokerStars Hand #227737432948:  Hold'em No Limit ($0.01/$0.02 USD) - 2021/06/21 0:31:18 PT [2021/06/21 3:31:18 ET]
Table 'Aida II' 9-max Seat #2 is the button
Seat 1: Dorex2007 ($2 in chips) 
Seat 2: Steawood ($2 in chips) 
Seat 3: bentruman ($1.53 in chips) 
Seat 5: OktavianOvid ($0.85 in chips) 
Seat 6: Megrita ($1.34 in chips) 
Seat 7: Kela1373 ($2.31 in chips) 
Seat 8: ncux13suslov ($2.02 in chips) 
Seat 9: GuiliermoRos ($2 in chips) 
bentruman: posts small blind $0.01
iQdo has timed out
iQdo: is sitting out 
OktavianOvid: posts big blind $0.02
Dorex2007: posts big blind $0.02
*** HOLE CARDS ***
Dealt to Dorex2007 [Jd Ac]
iQdo is disconnected 
Megrita: folds 
Kela1373: folds 
ncux13suslov: folds 
GuiliermoRos: folds 
Dorex2007: raises $0.04 to $0.06
Steawood: folds 
bentruman: folds 
OktavianOvid: folds 
Uncalled bet ($0.04) returned to Dorex2007
Dorex2007 collected $0.05 from pot
Dorex2007: doesn't show hand 
*** SUMMARY ***
Total pot $0.05 | Rake $0 
Seat 1: Dorex2007 collected ($0.05)
Seat 2: Steawood (button) folded before Flop (didn't bet)
Seat 3: bentruman (small blind) folded before Flop
Seat 5: OktavianOvid (big blind) folded before Flop
Seat 6: Megrita folded before Flop (didn't bet)
Seat 7: Kela1373 folded before Flop (didn't bet)
Seat 8: ncux13suslov folded before Flop (didn't bet)
Seat 9: GuiliermoRos folded before Flop (didn't bet)



PokerStars Hand #227737436713:  Hold'em No Limit ($0.01/$0.02 USD) - 2021/06/21 0:31:47 PT [2021/06/21 3:31:47 ET]
Table 'Aida II' 9-max Seat #3 is the button
Seat 1: Dorex2007 ($2.03 in chips) 
Seat 2: Steawood ($2 in chips) 
Seat 3: bentruman ($1.52 in chips) 
Seat 5: OktavianOvid ($0.83 in chips) 
Seat 6: Megrita ($1.34 in chips) 
Seat 7: Kela1373 ($2.31 in chips) 
Seat 8: ncux13suslov ($2.02 in chips) 
Seat 9: GuiliermoRos ($2 in chips) 
OktavianOvid: posts small blind $0.01
Megrita: posts big blind $0.02
*** HOLE CARDS ***
Dealt to Dorex2007 [7h 6c]
Kela1373: calls $0.02
ncux13suslov: folds 
GuiliermoRos: folds 
Dorex2007: folds 
Steawood: folds 
bentruman: calls $0.02
OktavianOvid: raises $0.08 to $0.10
Megrita: folds 
Kela1373: folds 
bentruman: folds 
Uncalled bet ($0.08) returned to OktavianOvid
OktavianOvid collected $0.08 from pot
*** SUMMARY ***
Total pot $0.08 | Rake $0 
Seat 1: Dorex2007 folded before Flop (didn't bet)
Seat 2: Steawood folded before Flop (didn't bet)
Seat 3: bentruman (button) folded before Flop
Seat 5: OktavianOvid (small blind) collected ($0.08)
Seat 6: Megrita (big blind) folded before Flop
Seat 7: Kela1373 folded before Flop
Seat 8: ncux13suslov folded before Flop (didn't bet)
Seat 9: GuiliermoRos folded before Flop (didn't bet)



PokerStars Hand #227737439587:  Hold'em No Limit ($0.01/$0.02 USD) - 2021/06/21 0:32:10 PT [2021/06/21 3:32:10 ET]
Table 'Aida II' 9-max Seat #5 is the button
Seat 1: Dorex2007 ($2.03 in chips) 
Seat 2: Steawood ($2 in chips) 
Seat 3: bentruman ($1.50 in chips) 
Seat 5: OktavianOvid ($0.89 in chips) 
Seat 6: Megrita ($1.32 in chips) 
Seat 7: Kela1373 ($2.29 in chips) 
Seat 8: ncux13suslov ($2.02 in chips) 
Seat 9: GuiliermoRos ($2 in chips) 
Megrita: posts small blind $0.01
Kela1373: posts big blind $0.02
*** HOLE CARDS ***
Dealt to Dorex2007 [Qd Js]
ncux13suslov: folds 
GuiliermoRos: folds 
Dorex2007: folds 
Steawood: folds 
bentruman: folds 
OktavianOvid: folds 
Megrita: raises $0.04 to $0.06
Kela1373: calls $0.04
*** FLOP *** [8s Ts Td]
Megrita: bets $0.08
Kela1373: calls $0.08
*** TURN *** [8s Ts Td] [8h]
Megrita: checks 
Kela1373: checks 
*** RIVER *** [8s Ts Td 8h] [7d]
Megrita: checks 
Kela1373: bets $0.30
Megrita: folds 
Uncalled bet ($0.30) returned to Kela1373
Kela1373 collected $0.27 from pot
Kela1373: doesn't show hand 
*** SUMMARY ***
Total pot $0.28 | Rake $0.01 
Board [8s Ts Td 8h 7d]
Seat 1: Dorex2007 folded before Flop (didn't bet)
Seat 2: Steawood folded before Flop (didn't bet)
Seat 3: bentruman folded before Flop (didn't bet)
Seat 5: OktavianOvid (button) folded before Flop (didn't bet)
Seat 6: Megrita (small blind) folded on the River
Seat 7: Kela1373 (big blind) collected ($0.27)
Seat 8: ncux13suslov folded before Flop (didn't bet)
Seat 9: GuiliermoRos folded before Flop (didn't bet)



PokerStars Hand #227737446372:  Hold'em No Limit ($0.01/$0.02 USD) - 2021/06/21 0:33:02 PT [2021/06/21 3:33:02 ET]
Table 'Aida II' 9-max Seat #6 is the button
Seat 1: Dorex2007 ($2.03 in chips) 
Seat 2: Steawood ($2 in chips) 
Seat 3: bentruman ($1.50 in chips) 
Seat 4: iQdo ($0.99 in chips) 
Seat 5: OktavianOvid ($0.89 in chips) 
Seat 6: Megrita ($1.18 in chips) 
Seat 7: Kela1373 ($2.42 in chips) 
Seat 8: ncux13suslov ($2.02 in chips) 
Seat 9: GuiliermoRos ($2 in chips) 
Kela1373: posts small blind $0.01
ncux13suslov: posts big blind $0.02
iQdo: posts small & big blinds $0.03
*** HOLE CARDS ***
Dealt to Dorex2007 [6s Jd]
GuiliermoRos: folds 
Dorex2007: folds 
Steawood: folds 
bentruman: folds 
iQdo: checks 
OktavianOvid: folds 
Megrita: folds 
Kela1373: calls $0.01
ncux13suslov: checks 
*** FLOP *** [9h 7h 8s]
Kela1373: checks 
ncux13suslov: checks 
iQdo: checks 
*** TURN *** [9h 7h 8s] [3h]
Kela1373: checks 
ncux13suslov: checks 
iQdo: checks 
*** RIVER *** [9h 7h 8s 3h] [8c]
Kela1373: checks 
ncux13suslov: checks 
iQdo: checks 
*** SHOW DOWN ***
Kela1373: shows [Js 2s] (a pair of Eights)
ncux13suslov: shows [8h 4s] (three of a kind, Eights)
iQdo: mucks hand 
ncux13suslov collected $0.07 from pot
*** SUMMARY ***
Total pot $0.07 | Rake $0 
Board [9h 7h 8s 3h 8c]
Seat 1: Dorex2007 folded before Flop (didn't bet)
Seat 2: Steawood folded before Flop (didn't bet)
Seat 3: bentruman folded before Flop (didn't bet)
Seat 4: iQdo mucked [6c Ks]
Seat 5: OktavianOvid folded before Flop (didn't bet)
Seat 6: Megrita (button) folded before Flop (didn't bet)
Seat 7: Kela1373 (small blind) showed [Js 2s] and lost with a pair of Eights
Seat 8: ncux13suslov (big blind) showed [8h 4s] and won ($0.07) with three of a kind, Eights
Seat 9: GuiliermoRos folded before Flop (didn't bet)



PokerStars Hand #227737450981:  Hold'em No Limit ($0.01/$0.02 USD) - 2021/06/21 0:33:38 PT [2021/06/21 3:33:38 ET]
Table 'Aida II' 9-max Seat #7 is the button
Seat 1: Dorex2007 ($2.03 in chips) 
Seat 2: Steawood ($2 in chips) 
Seat 3: bentruman ($1.50 in chips) 
Seat 4: iQdo ($0.96 in chips) 
Seat 5: OktavianOvid ($0.89 in chips) 
Seat 6: Megrita ($1.18 in chips) 
Seat 7: Kela1373 ($2.40 in chips) 
Seat 8: ncux13suslov ($2.07 in chips) 
Seat 9: GuiliermoRos ($2 in chips) 
ncux13suslov: posts small blind $0.01
GuiliermoRos: posts big blind $0.02
*** HOLE CARDS ***
Dealt to Dorex2007 [5h 6h]
Dorex2007: folds 
Steawood: folds 
bentruman: folds 
iQdo: folds 
OktavianOvid: calls $0.02
Megrita: folds 
Kela1373: raises $0.04 to $0.06
ncux13suslov: folds 
GuiliermoRos: folds 
OktavianOvid: calls $0.04
*** FLOP *** [Js 2d 7h]
OktavianOvid: bets $0.02
Kela1373: folds 
Uncalled bet ($0.02) returned to OktavianOvid
OktavianOvid collected $0.14 from pot
*** SUMMARY ***
Total pot $0.15 | Rake $0.01 
Board [Js 2d 7h]
Seat 1: Dorex2007 folded before Flop (didn't bet)
Seat 2: Steawood folded before Flop (didn't bet)
Seat 3: bentruman folded before Flop (didn't bet)
Seat 4: iQdo folded before Flop (didn't bet)
Seat 5: OktavianOvid collected ($0.14)
Seat 6: Megrita folded before Flop (didn't bet)
Seat 7: Kela1373 (button) folded on the Flop
Seat 8: ncux13suslov (small blind) folded before Flop
Seat 9: GuiliermoRos (big blind) folded before Flop



PokerStars Hand #227737454193:  Hold'em No Limit ($0.01/$0.02 USD) - 2021/06/21 0:34:03 PT [2021/06/21 3:34:03 ET]
Table 'Aida II' 9-max Seat #8 is the button
Seat 1: Dorex2007 ($2.03 in chips) 
Seat 2: Steawood ($2 in chips) 
Seat 3: bentruman ($1.50 in chips) 
Seat 4: iQdo ($0.96 in chips) 
Seat 5: OktavianOvid ($0.97 in chips) 
Seat 6: Megrita ($1.18 in chips) 
Seat 7: Kela1373 ($2.34 in chips) 
Seat 8: ncux13suslov ($2.06 in chips) 
Seat 9: GuiliermoRos ($1.98 in chips) 
GuiliermoRos: posts small blind $0.01
Dorex2007: posts big blind $0.02
*** HOLE CARDS ***
Dealt to Dorex2007 [Jc Kh]
Steawood: folds 
bentruman: folds 
iQdo: folds 
OktavianOvid: calls $0.02
Megrita: folds 
Kela1373: raises $0.04 to $0.06
ncux13suslov: folds 
GuiliermoRos: folds 
Dorex2007: folds 
OktavianOvid: calls $0.04
*** FLOP *** [6c 8d Jd]
OktavianOvid: checks 
Kela1373: checks 
*** TURN *** [6c 8d Jd] [Qc]
OktavianOvid: checks 
Kela1373: bets $0.08
OktavianOvid: calls $0.08
*** RIVER *** [6c 8d Jd Qc] [4h]
OktavianOvid: checks 
Kela1373: bets $0.10
OktavianOvid: folds 
Uncalled bet ($0.10) returned to Kela1373
Kela1373 collected $0.30 from pot
Kela1373: doesn't show hand 
*** SUMMARY ***
Total pot $0.31 | Rake $0.01 
Board [6c 8d Jd Qc 4h]
Seat 1: Dorex2007 (big blind) folded before Flop
Seat 2: Steawood folded before Flop (didn't bet)
Seat 3: bentruman folded before Flop (didn't bet)
Seat 4: iQdo folded before Flop (didn't bet)
Seat 5: OktavianOvid folded on the River
Seat 6: Megrita folded before Flop (didn't bet)
Seat 7: Kela1373 collected ($0.30)
Seat 8: ncux13suslov (button) folded before Flop (didn't bet)
Seat 9: GuiliermoRos (small blind) folded before Flop



PokerStars Hand #227737460782:  Hold'em No Limit ($0.01/$0.02 USD) - 2021/06/21 0:34:53 PT [2021/06/21 3:34:53 ET]
Table 'Aida II' 9-max Seat #9 is the button
Seat 1: Dorex2007 ($2.01 in chips) 
Seat 2: Steawood ($2 in chips) 
Seat 3: bentruman ($1.50 in chips) 
Seat 4: iQdo ($0.96 in chips) 
Seat 5: OktavianOvid ($0.83 in chips) 
Seat 6: Megrita ($1.18 in chips) 
Seat 7: Kela1373 ($2.50 in chips) 
Seat 8: ncux13suslov ($2.06 in chips) 
Seat 9: GuiliermoRos ($1.97 in chips) 
Dorex2007: posts small blind $0.01
Steawood: posts big blind $0.02
*** HOLE CARDS ***
Dealt to Dorex2007 [3c 2s]
bentruman: folds 
iQdo: folds 
OktavianOvid: calls $0.02
Megrita: folds 
Kela1373: folds 
ncux13suslov: folds 
GuiliermoRos: raises $0.06 to $0.08
Dorex2007: folds 
Steawood: folds 
OktavianOvid: calls $0.06
*** FLOP *** [8s 9s 8h]
OktavianOvid: checks 
GuiliermoRos: bets $0.14
OktavianOvid: folds 
Uncalled bet ($0.14) returned to GuiliermoRos
GuiliermoRos collected $0.18 from pot
GuiliermoRos: doesn't show hand 
*** SUMMARY ***
Total pot $0.19 | Rake $0.01 
Board [8s 9s 8h]
Seat 1: Dorex2007 (small blind) folded before Flop
Seat 2: Steawood (big blind) folded before Flop
Seat 3: bentruman folded before Flop (didn't bet)
Seat 4: iQdo folded before Flop (didn't bet)
Seat 5: OktavianOvid folded on the Flop
Seat 6: Megrita folded before Flop (didn't bet)
Seat 7: Kela1373 folded before Flop (didn't bet)
Seat 8: ncux13suslov folded before Flop (didn't bet)
Seat 9: GuiliermoRos (button) collected ($0.18)



PokerStars Hand #227737465585:  Hold'em No Limit ($0.01/$0.02 USD) - 2021/06/21 0:35:30 PT [2021/06/21 3:35:30 ET]
Table 'Aida II' 9-max Seat #1 is the button
Seat 1: Dorex2007 ($2 in chips) 
Seat 2: Steawood ($2 in chips) 
Seat 3: bentruman ($1.50 in chips) 
Seat 4: iQdo ($0.96 in chips) 
Seat 5: OktavianOvid ($0.75 in chips) 
Seat 6: Megrita ($1.18 in chips) 
Seat 7: Kela1373 ($2.50 in chips) 
Seat 8: ncux13suslov ($2.06 in chips) 
Seat 9: GuiliermoRos ($2.07 in chips) 
Steawood: posts small blind $0.01
bentruman: posts big blind $0.02
*** HOLE CARDS ***
Dealt to Dorex2007 [Jc 8s]
iQdo: folds 
OktavianOvid: calls $0.02
Megrita: calls $0.02
Kela1373: calls $0.02
ncux13suslov: folds 
GuiliermoRos: folds 
Dorex2007: folds 
Steawood: folds 
bentruman: checks 
*** FLOP *** [Kc 9h 5h]
bentruman: checks 
OktavianOvid: bets $0.02
Megrita: folds 
Kela1373: folds 
bentruman: folds 
Uncalled bet ($0.02) returned to OktavianOvid
OktavianOvid collected $0.09 from pot
*** SUMMARY ***
Total pot $0.09 | Rake $0 
Board [Kc 9h 5h]
Seat 1: Dorex2007 (button) folded before Flop (didn't bet)
Seat 2: Steawood (small blind) folded before Flop
Seat 3: bentruman (big blind) folded on the Flop
Seat 4: iQdo folded before Flop (didn't bet)
Seat 5: OktavianOvid collected ($0.09)
Seat 6: Megrita folded on the Flop
Seat 7: Kela1373 folded on the Flop
Seat 8: ncux13suslov folded before Flop (didn't bet)
Seat 9: GuiliermoRos folded before Flop (didn't bet)



PokerStars Hand #227737471165:  Hold'em No Limit ($0.01/$0.02 USD) - 2021/06/21 0:36:14 PT [2021/06/21 3:36:14 ET]
Table 'Aida II' 9-max Seat #2 is the button
Seat 1: Dorex2007 ($2 in chips) 
Seat 2: Steawood ($2 in chips) 
Seat 3: bentruman ($1.48 in chips) 
Seat 4: iQdo ($0.96 in chips) 
Seat 5: OktavianOvid ($0.82 in chips) 
Seat 6: Megrita ($1.16 in chips) 
Seat 7: Kela1373 ($2.48 in chips) 
Seat 8: ncux13suslov ($2.06 in chips) 
Seat 9: GuiliermoRos ($2.07 in chips) 
bentruman: posts small blind $0.01
iQdo: posts big blind $0.02
*** HOLE CARDS ***
Dealt to Dorex2007 [5h Jh]
OktavianOvid: calls $0.02
Megrita: folds 
Kela1373: folds 
ncux13suslov: folds 
GuiliermoRos: folds 
Dorex2007: folds 
Steawood: folds 
bentruman: calls $0.01
iQdo: checks 
*** FLOP *** [Js Ac Td]
bentruman: checks 
iQdo: checks 
OktavianOvid: checks 
*** TURN *** [Js Ac Td] [Qs]
bentruman: checks 
iQdo: checks 
OktavianOvid: checks 
*** RIVER *** [Js Ac Td Qs] [6s]
bentruman: checks 
iQdo: checks 
OktavianOvid: checks 
*** SHOW DOWN ***
bentruman: shows [4d Ah] (a pair of Aces)
iQdo: mucks hand 
OktavianOvid: mucks hand 
bentruman collected $0.06 from pot
*** SUMMARY ***
Total pot $0.06 | Rake $0 
Board [Js Ac Td Qs 6s]
Seat 1: Dorex2007 folded before Flop (didn't bet)
Seat 2: Steawood (button) folded before Flop (didn't bet)
Seat 3: bentruman (small blind) showed [4d Ah] and won ($0.06) with a pair of Aces
Seat 4: iQdo (big blind) mucked [4c 8s]
Seat 5: OktavianOvid mucked [9s Tc]
Seat 6: Megrita folded before Flop (didn't bet)
Seat 7: Kela1373 folded before Flop (didn't bet)
Seat 8: ncux13suslov folded before Flop (didn't bet)
Seat 9: GuiliermoRos folded before Flop (didn't bet)



PokerStars Hand #227737476629:  Hold'em No Limit ($0.01/$0.02 USD) - 2021/06/21 0:36:56 PT [2021/06/21 3:36:56 ET]
Table 'Aida II' 9-max Seat #3 is the button
Seat 1: Dorex2007 ($2 in chips) 
Seat 2: Steawood ($2 in chips) 
Seat 3: bentruman ($1.52 in chips) 
Seat 4: iQdo ($0.94 in chips) 
Seat 5: OktavianOvid ($0.80 in chips) 
Seat 6: Megrita ($1.16 in chips) 
Seat 7: Kela1373 ($2.48 in chips) 
Seat 8: ncux13suslov ($2.06 in chips) 
Seat 9: GuiliermoRos ($2.07 in chips) 
iQdo: posts small blind $0.01
OktavianOvid: posts big blind $0.02
*** HOLE CARDS ***
Dealt to Dorex2007 [Qs Js]
Megrita: folds 
Kela1373: folds 
ncux13suslov: folds 
GuiliermoRos: folds 
Dorex2007: raises $0.04 to $0.06
Steawood: folds 
bentruman: folds 
iQdo: calls $0.05
OktavianOvid: calls $0.04
*** FLOP *** [Ks Jc 4s]
iQdo: checks 
OktavianOvid: bets $0.09
Dorex2007: calls $0.09
iQdo: folds 
*** TURN *** [Ks Jc 4s] [2h]
OktavianOvid: bets $0.18
Dorex2007: calls $0.18
*** RIVER *** [Ks Jc 4s 2h] [3d]
OktavianOvid: bets $0.47 and is all-in
Dorex2007: calls $0.47
*** SHOW DOWN ***
OktavianOvid: shows [Ad Kc] (a pair of Kings)
Dorex2007: shows [Qs Js] (a pair of Jacks)
OktavianOvid collected $1.60 from pot
*** SUMMARY ***
Total pot $1.66 | Rake $0.06 
Board [Ks Jc 4s 2h 3d]
Seat 1: Dorex2007 showed [Qs Js] and lost with a pair of Jacks
Seat 2: Steawood folded before Flop (didn't bet)
Seat 3: bentruman (button) folded before Flop (didn't bet)
Seat 4: iQdo (small blind) folded on the Flop
Seat 5: OktavianOvid (big blind) showed [Ad Kc] and won ($1.60) with a pair of Kings
Seat 6: Megrita folded before Flop (didn't bet)
Seat 7: Kela1373 folded before Flop (didn't bet)
Seat 8: ncux13suslov folded before Flop (didn't bet)
Seat 9: GuiliermoRos folded before Flop (didn't bet)



PokerStars Hand #227737483913:  Hold'em No Limit ($0.01/$0.02 USD) - 2021/06/21 0:37:51 PT [2021/06/21 3:37:51 ET]
Table 'Aida II' 9-max Seat #4 is the button
Seat 1: Dorex2007 ($1.20 in chips) 
Seat 2: Steawood ($2 in chips) 
Seat 3: bentruman ($1.52 in chips) 
Seat 4: iQdo ($0.88 in chips) 
Seat 5: OktavianOvid ($1.60 in chips) 
Seat 6: Megrita ($1.16 in chips) 
Seat 7: Kela1373 ($2.48 in chips) 
Seat 8: ncux13suslov ($2.06 in chips) 
Seat 9: GuiliermoRos ($2.07 in chips) 
OktavianOvid: posts small blind $0.01
Megrita: posts big blind $0.02
*** HOLE CARDS ***
Dealt to Dorex2007 [3h 4s]
Kela1373: folds 
ncux13suslov: folds 
GuiliermoRos: folds 
Dorex2007: folds 
ncux13suslov leaves the table
Steawood: folds 
bentruman: folds 
iQdo: raises $0.04 to $0.06
OktavianOvid: calls $0.05
Megrita: folds 
*** FLOP *** [Th 7c 9d]
Gkalmpinos365 joins the table at seat #8 
OktavianOvid: bets $0.02
iQdo: calls $0.02
*** TURN *** [Th 7c 9d] [Jd]
OktavianOvid: bets $0.02
iQdo: calls $0.02
*** RIVER *** [Th 7c 9d Jd] [4d]
OktavianOvid: bets $0.11
iQdo: folds 
Uncalled bet ($0.11) returned to OktavianOvid
OktavianOvid collected $0.21 from pot
*** SUMMARY ***
Total pot $0.22 | Rake $0.01 
Board [Th 7c 9d Jd 4d]
Seat 1: Dorex2007 folded before Flop (didn't bet)
Seat 2: Steawood folded before Flop (didn't bet)
Seat 3: bentruman folded before Flop (didn't bet)
Seat 4: iQdo (button) folded on the River
Seat 5: OktavianOvid (small blind) collected ($0.21)
Seat 6: Megrita (big blind) folded before Flop
Seat 7: Kela1373 folded before Flop (didn't bet)
Seat 8: ncux13suslov folded before Flop (didn't bet)
Seat 9: GuiliermoRos folded before Flop (didn't bet)



PokerStars Hand #227737488860:  Hold'em No Limit ($0.01/$0.02 USD) - 2021/06/21 0:38:29 PT [2021/06/21 3:38:29 ET]
Table 'Aida II' 9-max Seat #5 is the button
Seat 1: Dorex2007 ($2 in chips) 
Seat 2: Steawood ($2 in chips) 
Seat 3: bentruman ($1.52 in chips) 
Seat 4: iQdo ($0.78 in chips) 
Seat 5: OktavianOvid ($1.71 in chips) 
Seat 6: Megrita ($1.14 in chips) 
Seat 7: Kela1373 ($2.48 in chips) 
Seat 9: GuiliermoRos ($2.07 in chips) 
Megrita: posts small blind $0.01
Kela1373: posts big blind $0.02
Gkalmpinos365: sits out 
*** HOLE CARDS ***
Dealt to Dorex2007 [6c Qc]
GuiliermoRos: folds 
Dorex2007: folds 
Steawood: calls $0.02
bentruman: folds 
iQdo: raises $0.04 to $0.06
OktavianOvid: folds 
Megrita: folds 
Kela1373: folds 
Steawood: calls $0.04
*** FLOP *** [7s 7h Jh]
Steawood: checks 
iQdo: bets $0.07
Steawood: folds 
Uncalled bet ($0.07) returned to iQdo
iQdo collected $0.14 from pot
iQdo: doesn't show hand 
*** SUMMARY ***
Total pot $0.15 | Rake $0.01 
Board [7s 7h Jh]
Seat 1: Dorex2007 folded before Flop (didn't bet)
Seat 2: Steawood folded on the Flop
Seat 3: bentruman folded before Flop (didn't bet)
Seat 4: iQdo collected ($0.14)
Seat 5: OktavianOvid (button) folded before Flop (didn't bet)
Seat 6: Megrita (small blind) folded before Flop
Seat 7: Kela1373 (big blind) folded before Flop
Seat 9: GuiliermoRos folded before Flop (didn't bet)



PokerStars Hand #227737492575:  Hold'em No Limit ($0.01/$0.02 USD) - 2021/06/21 0:38:56 PT [2021/06/21 3:38:56 ET]
Table 'Aida II' 9-max Seat #6 is the button
Seat 1: Dorex2007 ($2 in chips) 
Seat 2: Steawood ($2 in chips) 
Seat 3: bentruman ($1.52 in chips) 
Seat 4: iQdo ($0.86 in chips) 
Seat 5: OktavianOvid ($1.71 in chips) 
Seat 6: Megrita ($1.13 in chips) 
Seat 7: Kela1373 ($2.46 in chips) 
Seat 8: Gkalmpinos365 ($0.80 in chips) 
Seat 9: GuiliermoRos ($2.07 in chips) 
Kela1373: posts small blind $0.01
Gkalmpinos365: posts big blind $0.02
*** HOLE CARDS ***
Dealt to Dorex2007 [8c Qh]
GuiliermoRos: folds 
Dorex2007: folds 
Steawood: folds 
bentruman: folds 
iQdo: raises $0.02 to $0.04
OktavianOvid: folds 
Megrita: folds 
Kela1373: folds 
Gkalmpinos365: calls $0.02
*** FLOP *** [3h Jc 2d]
Gkalmpinos365: checks 
iQdo: bets $0.04
Gkalmpinos365: folds 
Uncalled bet ($0.04) returned to iQdo
iQdo collected $0.09 from pot
iQdo: doesn't show hand 
*** SUMMARY ***
Total pot $0.09 | Rake $0 
Board [3h Jc 2d]
Seat 1: Dorex2007 folded before Flop (didn't bet)
Seat 2: Steawood folded before Flop (didn't bet)
Seat 3: bentruman folded before Flop (didn't bet)
Seat 4: iQdo collected ($0.09)
Seat 5: OktavianOvid folded before Flop (didn't bet)
Seat 6: Megrita (button) folded before Flop (didn't bet)
Seat 7: Kela1373 (small blind) folded before Flop
Seat 8: Gkalmpinos365 (big blind) folded on the Flop
Seat 9: GuiliermoRos folded before Flop (didn't bet)



PokerStars Hand #227737496447:  Hold'em No Limit ($0.01/$0.02 USD) - 2021/06/21 0:39:25 PT [2021/06/21 3:39:25 ET]
Table 'Aida II' 9-max Seat #7 is the button
Seat 1: Dorex2007 ($2 in chips) 
Seat 2: Steawood ($2 in chips) 
Seat 3: bentruman ($1.52 in chips) 
Seat 4: iQdo ($0.91 in chips) 
Seat 5: OktavianOvid ($1.71 in chips) 
Seat 6: Megrita ($1.13 in chips) 
Seat 7: Kela1373 ($2.45 in chips) 
Seat 8: Gkalmpinos365 ($0.76 in chips) 
Seat 9: GuiliermoRos ($2.07 in chips) 
Gkalmpinos365: posts small blind $0.01
GuiliermoRos: posts big blind $0.02
*** HOLE CARDS ***
Dealt to Dorex2007 [4s Jc]
Dorex2007: folds 
Steawood: folds 
bentruman: folds 
iQdo: calls $0.02
OktavianOvid: folds 
Megrita: folds 
Kela1373: folds 
Gkalmpinos365: calls $0.01
GuiliermoRos: checks 
*** FLOP *** [Jh 4d 8c]
Gkalmpinos365: checks 
GuiliermoRos: checks 
iQdo: checks 
*** TURN *** [Jh 4d 8c] [9s]
Gkalmpinos365: bets $0.02
GuiliermoRos: folds 
iQdo: calls $0.02
*** RIVER *** [Jh 4d 8c 9s] [Ks]
Gkalmpinos365: bets $0.02
iQdo: calls $0.02
*** SHOW DOWN ***
Gkalmpinos365: shows [9c Qd] (a pair of Nines)
iQdo: shows [Tc Kc] (a pair of Kings)
iQdo collected $0.14 from pot
*** SUMMARY ***
Total pot $0.14 | Rake $0 
Board [Jh 4d 8c 9s Ks]
Seat 1: Dorex2007 folded before Flop (didn't bet)
Seat 2: Steawood folded before Flop (didn't bet)
Seat 3: bentruman folded before Flop (didn't bet)
Seat 4: iQdo showed [Tc Kc] and won ($0.14) with a pair of Kings
Seat 5: OktavianOvid folded before Flop (didn't bet)
Seat 6: Megrita folded before Flop (didn't bet)
Seat 7: Kela1373 (button) folded before Flop (didn't bet)
Seat 8: Gkalmpinos365 (small blind) showed [9c Qd] and lost with a pair of Nines
Seat 9: GuiliermoRos (big blind) folded on the Turn



PokerStars Hand #227737503105:  Hold'em No Limit ($0.01/$0.02 USD) - 2021/06/21 0:40:14 PT [2021/06/21 3:40:14 ET]
Table 'Aida II' 9-max Seat #8 is the button
Seat 1: Dorex2007 ($2 in chips) 
Seat 2: Steawood ($2 in chips) 
Seat 3: bentruman ($1.52 in chips) 
Seat 4: iQdo ($0.99 in chips) 
Seat 5: OktavianOvid ($1.71 in chips) 
Seat 6: Megrita ($1.13 in chips) 
Seat 7: Kela1373 ($2.45 in chips) 
Seat 8: Gkalmpinos365 ($0.70 in chips) 
Seat 9: GuiliermoRos ($2.05 in chips) 
GuiliermoRos: posts small blind $0.01
Dorex2007: posts big blind $0.02
*** HOLE CARDS ***
Dealt to Dorex2007 [6s As]
Steawood: folds 
bentruman: calls $0.02
iQdo: calls $0.02
OktavianOvid: calls $0.02
Megrita: folds 
Kela1373: folds 
Gkalmpinos365: folds 
GuiliermoRos has timed out
GuiliermoRos: folds 
Dorex2007: checks 
*** FLOP *** [9c 5s Ac]
Dorex2007: checks 
bentruman: checks 
iQdo: checks 
OktavianOvid: checks 
*** TURN *** [9c 5s Ac] [7s]
Dorex2007: bets $0.09
bentruman: folds 
iQdo: calls $0.09
OktavianOvid: folds 
*** RIVER *** [9c 5s Ac 7s] [3c]
Dorex2007: checks 
iQdo: bets $0.13
Dorex2007: calls $0.13
*** SHOW DOWN ***
iQdo: shows [5c Kc] (a flush, Ace high)
Dorex2007: mucks hand 
iQdo collected $0.51 from pot
*** SUMMARY ***
Total pot $0.53 | Rake $0.02 
Board [9c 5s Ac 7s 3c]
Seat 1: Dorex2007 (big blind) mucked [6s As]
Seat 2: Steawood folded before Flop (didn't bet)
Seat 3: bentruman folded on the Turn
Seat 4: iQdo showed [5c Kc] and won ($0.51) with a flush, Ace high
Seat 5: OktavianOvid folded on the Turn
Seat 6: Megrita folded before Flop (didn't bet)
Seat 7: Kela1373 folded before Flop (didn't bet)
Seat 8: Gkalmpinos365 (button) folded before Flop (didn't bet)
Seat 9: GuiliermoRos (small blind) folded before Flop



PokerStars Hand #227737513542:  Hold'em No Limit ($0.01/$0.02 USD) - 2021/06/21 0:41:32 PT [2021/06/21 3:41:32 ET]
Table 'Aida II' 9-max Seat #1 is the button
Seat 1: Dorex2007 ($1.76 in chips) 
Seat 2: Steawood ($2 in chips) 
Seat 3: bentruman ($1.50 in chips) 
Seat 4: iQdo ($1.26 in chips) 
Seat 5: OktavianOvid ($1.69 in chips) 
Seat 6: Megrita ($1.13 in chips) 
Seat 7: Kela1373 ($2.45 in chips) 
Seat 8: Gkalmpinos365 ($0.70 in chips) 
Steawood: posts small blind $0.01
bentruman: posts big blind $0.02
*** HOLE CARDS ***
Dealt to Dorex2007 [5s Qd]
iQdo: raises $0.02 to $0.04
OktavianOvid: folds 
Megrita: folds 
Kela1373: folds 
Gkalmpinos365: folds 
Dorex2007: folds 
Steawood: folds 
bentruman: folds 
Uncalled bet ($0.02) returned to iQdo
iQdo collected $0.05 from pot
iQdo: doesn't show hand 
*** SUMMARY ***
Total pot $0.05 | Rake $0 
Seat 1: Dorex2007 (button) folded before Flop (didn't bet)
Seat 2: Steawood (small blind) folded before Flop
Seat 3: bentruman (big blind) folded before Flop
Seat 4: iQdo collected ($0.05)
Seat 5: OktavianOvid folded before Flop (didn't bet)
Seat 6: Megrita folded before Flop (didn't bet)
Seat 7: Kela1373 folded before Flop (didn't bet)
Seat 8: Gkalmpinos365 folded before Flop (didn't bet)



PokerStars Hand #227737518107:  Hold'em No Limit ($0.01/$0.02 USD) - 2021/06/21 0:42:06 PT [2021/06/21 3:42:06 ET]
Table 'Aida II' 9-max Seat #2 is the button
Seat 1: Dorex2007 ($2 in chips) 
Seat 2: Steawood ($2 in chips) 
Seat 3: bentruman ($1.48 in chips) 
Seat 4: iQdo ($1.29 in chips) 
Seat 5: OktavianOvid ($1.69 in chips) 
Seat 6: Megrita ($1.13 in chips) 
Seat 7: Kela1373 ($2.45 in chips) 
Seat 8: Gkalmpinos365 ($0.70 in chips) 
bentruman: posts small blind $0.01
iQdo: posts big blind $0.02
*** HOLE CARDS ***
Dealt to Dorex2007 [3c Kc]
OktavianOvid: folds 
Megrita: folds 
Kela1373: folds 
Gkalmpinos365: folds 
Dorex2007: folds 
Steawood: raises $0.04 to $0.06
bentruman: folds 
iQdo: calls $0.04
*** FLOP *** [Ad 9d 9h]
iQdo: checks 
Steawood: bets $0.09
iQdo: folds 
Uncalled bet ($0.09) returned to Steawood
Steawood collected $0.13 from pot
Steawood: doesn't show hand 
*** SUMMARY ***
Total pot $0.13 | Rake $0 
Board [Ad 9d 9h]
Seat 1: Dorex2007 folded before Flop (didn't bet)
Seat 2: Steawood (button) collected ($0.13)
Seat 3: bentruman (small blind) folded before Flop
Seat 4: iQdo (big blind) folded on the Flop
Seat 5: OktavianOvid folded before Flop (didn't bet)
Seat 6: Megrita folded before Flop (didn't bet)
Seat 7: Kela1373 folded before Flop (didn't bet)
Seat 8: Gkalmpinos365 folded before Flop (didn't bet)



PokerStars Hand #227737522010:  Hold'em No Limit ($0.01/$0.02 USD) - 2021/06/21 0:42:36 PT [2021/06/21 3:42:36 ET]
Table 'Aida II' 9-max Seat #3 is the button
Seat 1: Dorex2007 ($2 in chips) 
Seat 2: Steawood ($2.07 in chips) 
Seat 3: bentruman ($1.47 in chips) 
Seat 4: iQdo ($1.23 in chips) 
Seat 5: OktavianOvid ($1.69 in chips) 
Seat 6: Megrita ($1.13 in chips) 
Seat 7: Kela1373 ($2.45 in chips) 
Seat 8: Gkalmpinos365 ($0.70 in chips) 
iQdo: posts small blind $0.01
OktavianOvid: posts big blind $0.02
*** HOLE CARDS ***
Dealt to Dorex2007 [Ts As]
Megrita has timed out
Megrita: folds 
Kela1373: folds 
Gkalmpinos365: calls $0.02
Megrita leaves the table
Dorex2007: raises $0.04 to $0.06
Steawood: folds 
bentruman: folds 
iQdo: folds 
OktavianOvid: folds 
Gkalmpinos365: calls $0.04
*** FLOP *** [3s 3c Ah]
Gkalmpinos365: checks 
Dorex2007: bets $0.14
Gkalmpinos365: folds 
Uncalled bet ($0.14) returned to Dorex2007
Dorex2007 collected $0.14 from pot
Dorex2007: doesn't show hand 
*** SUMMARY ***
Total pot $0.15 | Rake $0.01 
Board [3s 3c Ah]
Seat 1: Dorex2007 collected ($0.14)
Seat 2: Steawood folded before Flop (didn't bet)
Seat 3: bentruman (button) folded before Flop (didn't bet)
Seat 4: iQdo (small blind) folded before Flop
Seat 5: OktavianOvid (big blind) folded before Flop
Seat 6: Megrita folded before Flop (didn't bet)
Seat 7: Kela1373 folded before Flop (didn't bet)
Seat 8: Gkalmpinos365 folded on the Flop



