PokerStars Hand #237428545217:  Hold'em No Limit ($0.02/$0.05 USD) - 2022/07/17 21:00:54 PT [2022/07/18 0:00:54 ET]
Table 'Nephele IV' 9-max Seat #2 is the button
Seat 1: sonictourao ($6.21 in chips) 
Seat 2: Dorex2007 ($5.57 in chips) 
Seat 3: freeyoumind ($7.41 in chips) 
Seat 5: mitetoaeg ($11.70 in chips) 
Seat 6: dvdhmstar ($5.81 in chips) 
Seat 7: mooresie28 ($4.90 in chips) 
Seat 9: boliman21 ($7.59 in chips) 
freeyoumind: posts small blind $0.02
mitetoaeg: posts big blind $0.05
*** HOLE CARDS ***
Dealt to Dorex2007 [7c Kh]
dvdhmstar: folds 
mooresie28: folds 
boliman21: folds 
sonictourao: folds 
Dorex2007: folds 
freeyoumind: folds 
Uncalled bet ($0.03) returned to mitetoaeg
mitetoaeg collected $0.04 from pot
*** SUMMARY ***
Total pot $0.04 | Rake $0 
Seat 1: sonictourao folded before Flop (didn't bet)
Seat 2: Dorex2007 (button) folded before Flop (didn't bet)
Seat 3: freeyoumind (small blind) folded before Flop
Seat 5: mitetoaeg (big blind) collected ($0.04)
Seat 6: dvdhmstar folded before Flop (didn't bet)
Seat 7: mooresie28 folded before Flop (didn't bet)
Seat 9: boliman21 folded before Flop (didn't bet)



PokerStars Hand #237428547129:  Hold'em No Limit ($0.02/$0.05 USD) - 2022/07/17 21:01:09 PT [2022/07/18 0:01:09 ET]
Table 'Nephele IV' 9-max Seat #3 is the button
Seat 1: sonictourao ($6.21 in chips) 
Seat 2: Dorex2007 ($5.57 in chips) 
Seat 3: freeyoumind ($7.39 in chips) 
Seat 5: mitetoaeg ($11.72 in chips) 
Seat 6: dvdhmstar ($5.81 in chips) 
Seat 7: mooresie28 ($4.90 in chips) 
Seat 9: boliman21 ($7.59 in chips) 
mitetoaeg: posts small blind $0.02
dvdhmstar: posts big blind $0.05
*** HOLE CARDS ***
Dealt to Dorex2007 [5s 2d]
mooresie28: raises $0.05 to $0.10
boliman21: folds 
sonictourao: calls $0.10
Dorex2007: folds 
freeyoumind: calls $0.10
mitetoaeg: calls $0.08
dvdhmstar: folds 
*** FLOP *** [7d 2c Jh]
mitetoaeg: checks 
mooresie28: checks 
sonictourao: bets $0.30
freeyoumind: folds 
mitetoaeg: folds 
mooresie28: folds 
Uncalled bet ($0.30) returned to sonictourao
sonictourao collected $0.43 from pot
*** SUMMARY ***
Total pot $0.45 | Rake $0.02 
Board [7d 2c Jh]
Seat 1: sonictourao collected ($0.43)
Seat 2: Dorex2007 folded before Flop (didn't bet)
Seat 3: freeyoumind (button) folded on the Flop
Seat 5: mitetoaeg (small blind) folded on the Flop
Seat 6: dvdhmstar (big blind) folded before Flop
Seat 7: mooresie28 folded on the Flop
Seat 9: boliman21 folded before Flop (didn't bet)



PokerStars Hand #237428552742:  Hold'em No Limit ($0.02/$0.05 USD) - 2022/07/17 21:01:55 PT [2022/07/18 0:01:55 ET]
Table 'Nephele IV' 9-max Seat #5 is the button
Seat 1: sonictourao ($6.54 in chips) 
Seat 2: Dorex2007 ($5.57 in chips) 
Seat 3: freeyoumind ($7.29 in chips) 
Seat 5: mitetoaeg ($11.62 in chips) 
Seat 6: dvdhmstar ($5.76 in chips) 
Seat 7: mooresie28 ($4.80 in chips) 
Seat 8: gabriel.mb20 ($2.90 in chips) 
Seat 9: boliman21 ($7.59 in chips) 
dvdhmstar: posts small blind $0.02
mooresie28: posts big blind $0.05
*** HOLE CARDS ***
Dealt to Dorex2007 [Qc Jc]
gabriel.mb20: folds 
boliman21: raises $0.10 to $0.15
sonictourao: folds 
pikijale2019 leaves the table
Dorex2007: folds 
freeyoumind: folds 
mitetoaeg: folds 
dvdhmstar: calls $0.13
mooresie28: folds 
*** FLOP *** [Kd Qh 9h]
dvdhmstar: checks 
boliman21: checks 
*** TURN *** [Kd Qh 9h] [Qs]
dvdhmstar: checks 
boliman21: checks 
*** RIVER *** [Kd Qh 9h Qs] [Jh]
dvdhmstar: checks 
boliman21: checks 
*** SHOW DOWN ***
dvdhmstar: shows [As 2s] (a pair of Queens)
boliman21: shows [4s 4d] (two pair, Queens and Fours)
boliman21 collected $0.34 from pot
*** SUMMARY ***
Total pot $0.35 | Rake $0.01 
Board [Kd Qh 9h Qs Jh]
Seat 1: sonictourao folded before Flop (didn't bet)
Seat 2: Dorex2007 folded before Flop (didn't bet)
Seat 3: freeyoumind folded before Flop (didn't bet)
Seat 5: mitetoaeg (button) folded before Flop (didn't bet)
Seat 6: dvdhmstar (small blind) showed [As 2s] and lost with a pair of Queens
Seat 7: mooresie28 (big blind) folded before Flop
Seat 8: gabriel.mb20 folded before Flop (didn't bet)
Seat 9: boliman21 showed [4s 4d] and won ($0.34) with two pair, Queens and Fours



PokerStars Hand #237428559231:  Hold'em No Limit ($0.02/$0.05 USD) - 2022/07/17 21:02:47 PT [2022/07/18 0:02:47 ET]
Table 'Nephele IV' 9-max Seat #6 is the button
Seat 1: sonictourao ($6.54 in chips) 
Seat 2: Dorex2007 ($5.57 in chips) 
Seat 3: freeyoumind ($7.29 in chips) 
Seat 5: mitetoaeg ($11.62 in chips) 
Seat 6: dvdhmstar ($5.61 in chips) 
Seat 7: mooresie28 ($4.75 in chips) 
Seat 8: gabriel.mb20 ($2.90 in chips) 
Seat 9: boliman21 ($7.78 in chips) 
mooresie28: posts small blind $0.02
gabriel.mb20: posts big blind $0.05
*** HOLE CARDS ***
Dealt to Dorex2007 [8c 3d]
boliman21: folds 
sonictourao: folds 
Dorex2007: folds 
freeyoumind: folds 
mitetoaeg: folds 
dvdhmstar: folds 
mooresie28: folds 
Uncalled bet ($0.03) returned to gabriel.mb20
gabriel.mb20 collected $0.04 from pot
*** SUMMARY ***
Total pot $0.04 | Rake $0 
Seat 1: sonictourao folded before Flop (didn't bet)
Seat 2: Dorex2007 folded before Flop (didn't bet)
Seat 3: freeyoumind folded before Flop (didn't bet)
Seat 5: mitetoaeg folded before Flop (didn't bet)
Seat 6: dvdhmstar (button) folded before Flop (didn't bet)
Seat 7: mooresie28 (small blind) folded before Flop
Seat 8: gabriel.mb20 (big blind) collected ($0.04)
Seat 9: boliman21 folded before Flop (didn't bet)



PokerStars Hand #237428561563:  Hold'em No Limit ($0.02/$0.05 USD) - 2022/07/17 21:03:05 PT [2022/07/18 0:03:05 ET]
Table 'Nephele IV' 9-max Seat #7 is the button
Seat 1: sonictourao ($6.54 in chips) 
Seat 2: Dorex2007 ($5.57 in chips) 
Seat 3: freeyoumind ($7.29 in chips) 
Seat 5: mitetoaeg ($11.62 in chips) 
Seat 6: dvdhmstar ($5.61 in chips) 
Seat 7: mooresie28 ($4.73 in chips) 
Seat 8: gabriel.mb20 ($2.92 in chips) 
Seat 9: boliman21 ($7.78 in chips) 
gabriel.mb20: posts small blind $0.02
boliman21: posts big blind $0.05
*** HOLE CARDS ***
Dealt to Dorex2007 [7s Qh]
sonictourao: folds 
Dorex2007: folds 
freeyoumind: folds 
mitetoaeg: folds 
dvdhmstar: folds 
mooresie28: folds 
gabriel.mb20: calls $0.03
boliman21: raises $0.10 to $0.15
gabriel.mb20: calls $0.10
*** FLOP *** [4c Th 8h]
gabriel.mb20: checks 
boliman21: bets $0.15
gabriel.mb20: folds 
Uncalled bet ($0.15) returned to boliman21
boliman21 collected $0.29 from pot
*** SUMMARY ***
Total pot $0.30 | Rake $0.01 
Board [4c Th 8h]
Seat 1: sonictourao folded before Flop (didn't bet)
Seat 2: Dorex2007 folded before Flop (didn't bet)
Seat 3: freeyoumind folded before Flop (didn't bet)
Seat 5: mitetoaeg folded before Flop (didn't bet)
Seat 6: dvdhmstar folded before Flop (didn't bet)
Seat 7: mooresie28 (button) folded before Flop (didn't bet)
Seat 8: gabriel.mb20 (small blind) folded on the Flop
Seat 9: boliman21 (big blind) collected ($0.29)



PokerStars Hand #237428571004:  Hold'em No Limit ($0.02/$0.05 USD) - 2022/07/17 21:04:16 PT [2022/07/18 0:04:16 ET]
Table 'Nephele IV' 9-max Seat #8 is the button
Seat 1: sonictourao ($6.54 in chips) 
Seat 2: Dorex2007 ($5.57 in chips) 
Seat 3: freeyoumind ($7.29 in chips) 
Seat 5: mitetoaeg ($11.62 in chips) 
Seat 6: dvdhmstar ($5.61 in chips) 
Seat 7: mooresie28 ($4.73 in chips) 
Seat 8: gabriel.mb20 ($2.77 in chips) 
Seat 9: boliman21 ($7.92 in chips) 
boliman21: posts small blind $0.02
sonictourao: posts big blind $0.05
*** HOLE CARDS ***
Dealt to Dorex2007 [Qs 6c]
Dorex2007: folds 
freeyoumind: folds 
mitetoaeg: raises $0.07 to $0.12
dvdhmstar: calls $0.12
mooresie28: folds 
gabriel.mb20: folds 
boliman21: calls $0.10
sonictourao: folds 
*** FLOP *** [4d Tc 9d]
boliman21: checks 
mitetoaeg: bets $0.24
dvdhmstar: calls $0.24
boliman21: calls $0.24
*** TURN *** [4d Tc 9d] [6h]
boliman21: checks 
mitetoaeg: bets $0.69
dvdhmstar: calls $0.69
boliman21: raises $3.15 to $3.84
mitetoaeg: folds 
dvdhmstar: folds 
Uncalled bet ($3.15) returned to boliman21
boliman21 collected $3.07 from pot
*** SUMMARY ***
Total pot $3.20 | Rake $0.13 
Board [4d Tc 9d 6h]
Seat 1: sonictourao (big blind) folded before Flop
Seat 2: Dorex2007 folded before Flop (didn't bet)
Seat 3: freeyoumind folded before Flop (didn't bet)
Seat 5: mitetoaeg folded on the Turn
Seat 6: dvdhmstar folded on the Turn
Seat 7: mooresie28 folded before Flop (didn't bet)
Seat 8: gabriel.mb20 (button) folded before Flop (didn't bet)
Seat 9: boliman21 (small blind) collected ($3.07)



PokerStars Hand #237428579736:  Hold'em No Limit ($0.02/$0.05 USD) - 2022/07/17 21:05:26 PT [2022/07/18 0:05:26 ET]
Table 'Nephele IV' 9-max Seat #9 is the button
Seat 1: sonictourao ($6.49 in chips) 
Seat 2: Dorex2007 ($5.57 in chips) 
Seat 3: freeyoumind ($7.29 in chips) 
Seat 5: mitetoaeg ($10.57 in chips) 
Seat 6: dvdhmstar ($4.56 in chips) 
Seat 7: mooresie28 ($4.73 in chips) 
Seat 8: gabriel.mb20 ($2.77 in chips) 
Seat 9: boliman21 ($9.94 in chips) 
sonictourao: posts small blind $0.02
Dorex2007: posts big blind $0.05
*** HOLE CARDS ***
Dealt to Dorex2007 [Qs 3h]
freeyoumind: folds 
mitetoaeg: folds 
dvdhmstar: folds 
mooresie28: folds 
gabriel.mb20: calls $0.05
boliman21: raises $0.17 to $0.22
sonictourao: folds 
Dorex2007: folds 
gabriel.mb20: calls $0.17
*** FLOP *** [3d 4d Js]
leopoker1 joins the table at seat #4 
gabriel.mb20: bets $0.20
boliman21: calls $0.20
*** TURN *** [3d 4d Js] [5h]
gabriel.mb20: bets $0.30
boliman21: calls $0.30
*** RIVER *** [3d 4d Js 5h] [7d]
gabriel.mb20: bets $0.72
boliman21: folds 
Uncalled bet ($0.72) returned to gabriel.mb20
gabriel.mb20 collected $1.45 from pot
*** SUMMARY ***
Total pot $1.51 | Rake $0.06 
Board [3d 4d Js 5h 7d]
Seat 1: sonictourao (small blind) folded before Flop
Seat 2: Dorex2007 (big blind) folded before Flop
Seat 3: freeyoumind folded before Flop (didn't bet)
Seat 5: mitetoaeg folded before Flop (didn't bet)
Seat 6: dvdhmstar folded before Flop (didn't bet)
Seat 7: mooresie28 folded before Flop (didn't bet)
Seat 8: gabriel.mb20 collected ($1.45)
Seat 9: boliman21 (button) folded on the River



PokerStars Hand #237428590287:  Hold'em No Limit ($0.02/$0.05 USD) - 2022/07/17 21:06:23 PT [2022/07/18 0:06:23 ET]
Table 'Nephele IV' 9-max Seat #1 is the button
Seat 1: sonictourao ($6.47 in chips) 
Seat 2: Dorex2007 ($5.52 in chips) 
Seat 3: freeyoumind ($7.29 in chips) 
Seat 5: mitetoaeg ($10.57 in chips) 
Seat 6: dvdhmstar ($4.56 in chips) 
Seat 7: mooresie28 ($4.73 in chips) 
Seat 8: gabriel.mb20 ($3.50 in chips) 
Seat 9: boliman21 ($9.22 in chips) 
Dorex2007: posts small blind $0.02
freeyoumind: posts big blind $0.05
leopoker1: sits out 
*** HOLE CARDS ***
Dealt to Dorex2007 [Ks 7d]
mitetoaeg: folds 
dvdhmstar: raises $0.10 to $0.15
mooresie28: folds 
gabriel.mb20: folds 
boliman21: folds 
sonictourao: calls $0.15
Dorex2007: folds 
freeyoumind: folds 
*** FLOP *** [3c 5d Js]
dvdhmstar: bets $0.10
sonictourao: calls $0.10
*** TURN *** [3c 5d Js] [Jh]
dvdhmstar: checks 
sonictourao: checks 
*** RIVER *** [3c 5d Js Jh] [6d]
dvdhmstar: checks 
sonictourao: checks 
*** SHOW DOWN ***
dvdhmstar: shows [Td Ad] (a pair of Jacks)
sonictourao: mucks hand 
dvdhmstar collected $0.55 from pot
*** SUMMARY ***
Total pot $0.57 | Rake $0.02 
Board [3c 5d Js Jh 6d]
Seat 1: sonictourao (button) mucked [Ac 4h]
Seat 2: Dorex2007 (small blind) folded before Flop
Seat 3: freeyoumind (big blind) folded before Flop
Seat 5: mitetoaeg folded before Flop (didn't bet)
Seat 6: dvdhmstar showed [Td Ad] and won ($0.55) with a pair of Jacks
Seat 7: mooresie28 folded before Flop (didn't bet)
Seat 8: gabriel.mb20 folded before Flop (didn't bet)
Seat 9: boliman21 folded before Flop (didn't bet)



PokerStars Hand #237428596663:  Hold'em No Limit ($0.02/$0.05 USD) - 2022/07/17 21:07:15 PT [2022/07/18 0:07:15 ET]
Table 'Nephele IV' 9-max Seat #2 is the button
Seat 1: sonictourao ($6.22 in chips) 
Seat 2: Dorex2007 ($5.50 in chips) 
Seat 3: freeyoumind ($7.24 in chips) 
Seat 4: leopoker1 ($5 in chips) 
Seat 5: mitetoaeg ($10.57 in chips) 
Seat 6: dvdhmstar ($4.86 in chips) 
Seat 7: mooresie28 ($4.73 in chips) 
Seat 8: gabriel.mb20 ($3.50 in chips) 
Seat 9: boliman21 ($9.22 in chips) 
freeyoumind: posts small blind $0.02
leopoker1: posts big blind $0.05
*** HOLE CARDS ***
Dealt to Dorex2007 [7d 9h]
mitetoaeg: folds 
dvdhmstar: folds 
mooresie28: folds 
gabriel.mb20: folds 
boliman21: raises $0.10 to $0.15
sonictourao: folds 
Dorex2007: folds 
freeyoumind: folds 
leopoker1: folds 
Uncalled bet ($0.10) returned to boliman21
boliman21 collected $0.12 from pot
*** SUMMARY ***
Total pot $0.12 | Rake $0 
Seat 1: sonictourao folded before Flop (didn't bet)
Seat 2: Dorex2007 (button) folded before Flop (didn't bet)
Seat 3: freeyoumind (small blind) folded before Flop
Seat 4: leopoker1 (big blind) folded before Flop
Seat 5: mitetoaeg folded before Flop (didn't bet)
Seat 6: dvdhmstar folded before Flop (didn't bet)
Seat 7: mooresie28 folded before Flop (didn't bet)
Seat 8: gabriel.mb20 folded before Flop (didn't bet)
Seat 9: boliman21 collected ($0.12)



PokerStars Hand #237428601478:  Hold'em No Limit ($0.02/$0.05 USD) - 2022/07/17 21:07:53 PT [2022/07/18 0:07:53 ET]
Table 'Nephele IV' 9-max Seat #3 is the button
Seat 1: sonictourao ($6.22 in chips) 
Seat 2: Dorex2007 ($5.50 in chips) 
Seat 3: freeyoumind ($7.22 in chips) 
Seat 4: leopoker1 ($5 in chips) 
Seat 5: mitetoaeg ($10.57 in chips) 
Seat 6: dvdhmstar ($4.86 in chips) 
Seat 7: mooresie28 ($4.73 in chips) 
Seat 8: gabriel.mb20 ($3.50 in chips) 
Seat 9: boliman21 ($9.29 in chips) 
leopoker1: posts small blind $0.02
mitetoaeg: posts big blind $0.05
*** HOLE CARDS ***
Dealt to Dorex2007 [9d 8h]
dvdhmstar: folds 
mooresie28: folds 
gabriel.mb20: folds 
boliman21: raises $0.10 to $0.15
sonictourao: calls $0.15
Dorex2007: folds 
freeyoumind: folds 
leopoker1: folds 
mitetoaeg: folds 
*** FLOP *** [6h 2c Qh]
boliman21: bets $0.20
sonictourao: folds 
Uncalled bet ($0.20) returned to boliman21
boliman21 collected $0.35 from pot
*** SUMMARY ***
Total pot $0.37 | Rake $0.02 
Board [6h 2c Qh]
Seat 1: sonictourao folded on the Flop
Seat 2: Dorex2007 folded before Flop (didn't bet)
Seat 3: freeyoumind (button) folded before Flop (didn't bet)
Seat 4: leopoker1 (small blind) folded before Flop
Seat 5: mitetoaeg (big blind) folded before Flop
Seat 6: dvdhmstar folded before Flop (didn't bet)
Seat 7: mooresie28 folded before Flop (didn't bet)
Seat 8: gabriel.mb20 folded before Flop (didn't bet)
Seat 9: boliman21 collected ($0.35)



PokerStars Hand #237428606493:  Hold'em No Limit ($0.02/$0.05 USD) - 2022/07/17 21:08:34 PT [2022/07/18 0:08:34 ET]
Table 'Nephele IV' 9-max Seat #4 is the button
Seat 1: sonictourao ($6.07 in chips) 
Seat 2: Dorex2007 ($5.50 in chips) 
Seat 3: freeyoumind ($7.22 in chips) 
Seat 4: leopoker1 ($5 in chips) 
Seat 5: mitetoaeg ($10.52 in chips) 
Seat 6: dvdhmstar ($4.86 in chips) 
Seat 7: mooresie28 ($4.73 in chips) 
Seat 8: gabriel.mb20 ($3.50 in chips) 
Seat 9: boliman21 ($9.49 in chips) 
mitetoaeg: posts small blind $0.02
dvdhmstar: posts big blind $0.05
*** HOLE CARDS ***
Dealt to Dorex2007 [Kd 5s]
mooresie28: folds 
gabriel.mb20: calls $0.05
boliman21: folds 
sonictourao: folds 
Dorex2007: folds 
freeyoumind: folds 
leopoker1: folds 
mitetoaeg: calls $0.03
dvdhmstar: checks 
*** FLOP *** [As 2c Qd]
mitetoaeg: checks 
dvdhmstar: checks 
gabriel.mb20: bets $0.07
mitetoaeg: folds 
dvdhmstar: folds 
Uncalled bet ($0.07) returned to gabriel.mb20
gabriel.mb20 collected $0.14 from pot
*** SUMMARY ***
Total pot $0.15 | Rake $0.01 
Board [As 2c Qd]
Seat 1: sonictourao folded before Flop (didn't bet)
Seat 2: Dorex2007 folded before Flop (didn't bet)
Seat 3: freeyoumind folded before Flop (didn't bet)
Seat 4: leopoker1 (button) folded before Flop (didn't bet)
Seat 5: mitetoaeg (small blind) folded on the Flop
Seat 6: dvdhmstar (big blind) folded on the Flop
Seat 7: mooresie28 folded before Flop (didn't bet)
Seat 8: gabriel.mb20 collected ($0.14)
Seat 9: boliman21 folded before Flop (didn't bet)



PokerStars Hand #237428610734:  Hold'em No Limit ($0.02/$0.05 USD) - 2022/07/17 21:09:09 PT [2022/07/18 0:09:09 ET]
Table 'Nephele IV' 9-max Seat #5 is the button
Seat 1: sonictourao ($6.07 in chips) 
Seat 2: Dorex2007 ($5.50 in chips) 
Seat 3: freeyoumind ($7.22 in chips) 
Seat 4: leopoker1 ($5 in chips) 
Seat 5: mitetoaeg ($10.47 in chips) 
Seat 6: dvdhmstar ($4.81 in chips) 
Seat 7: mooresie28 ($4.73 in chips) 
Seat 8: gabriel.mb20 ($3.59 in chips) 
Seat 9: boliman21 ($9.49 in chips) 
dvdhmstar: posts small blind $0.02
mooresie28: posts big blind $0.05
*** HOLE CARDS ***
Dealt to Dorex2007 [6h 8h]
gabriel.mb20: folds 
boliman21: folds 
sonictourao: folds 
Dorex2007: folds 
freeyoumind: folds 
leopoker1: raises $0.10 to $0.15
mitetoaeg: folds 
dvdhmstar: folds 
mooresie28: folds 
Uncalled bet ($0.10) returned to leopoker1
leopoker1 collected $0.12 from pot
*** SUMMARY ***
Total pot $0.12 | Rake $0 
Seat 1: sonictourao folded before Flop (didn't bet)
Seat 2: Dorex2007 folded before Flop (didn't bet)
Seat 3: freeyoumind folded before Flop (didn't bet)
Seat 4: leopoker1 collected ($0.12)
Seat 5: mitetoaeg (button) folded before Flop (didn't bet)
Seat 6: dvdhmstar (small blind) folded before Flop
Seat 7: mooresie28 (big blind) folded before Flop
Seat 8: gabriel.mb20 folded before Flop (didn't bet)
Seat 9: boliman21 folded before Flop (didn't bet)



PokerStars Hand #237428612958:  Hold'em No Limit ($0.02/$0.05 USD) - 2022/07/17 21:09:27 PT [2022/07/18 0:09:27 ET]
Table 'Nephele IV' 9-max Seat #6 is the button
Seat 1: sonictourao ($6.07 in chips) 
Seat 2: Dorex2007 ($5.50 in chips) 
Seat 3: freeyoumind ($7.22 in chips) 
Seat 4: leopoker1 ($5.07 in chips) 
Seat 5: mitetoaeg ($10.47 in chips) 
Seat 6: dvdhmstar ($4.79 in chips) 
Seat 7: mooresie28 ($4.68 in chips) 
Seat 8: gabriel.mb20 ($3.59 in chips) 
Seat 9: boliman21 ($9.49 in chips) 
mooresie28: posts small blind $0.02
gabriel.mb20: posts big blind $0.05
*** HOLE CARDS ***
Dealt to Dorex2007 [Kh 9h]
boliman21: folds 
sonictourao: folds 
Dorex2007: folds 
freeyoumind: folds 
leopoker1: folds 
mitetoaeg: folds 
dvdhmstar: raises $0.05 to $0.10
mooresie28: folds 
gabriel.mb20: calls $0.05
*** FLOP *** [6c Jh Jc]
gabriel.mb20: checks 
dvdhmstar: bets $0.10
gabriel.mb20: folds 
Uncalled bet ($0.10) returned to dvdhmstar
dvdhmstar collected $0.21 from pot
*** SUMMARY ***
Total pot $0.22 | Rake $0.01 
Board [6c Jh Jc]
Seat 1: sonictourao folded before Flop (didn't bet)
Seat 2: Dorex2007 folded before Flop (didn't bet)
Seat 3: freeyoumind folded before Flop (didn't bet)
Seat 4: leopoker1 folded before Flop (didn't bet)
Seat 5: mitetoaeg folded before Flop (didn't bet)
Seat 6: dvdhmstar (button) collected ($0.21)
Seat 7: mooresie28 (small blind) folded before Flop
Seat 8: gabriel.mb20 (big blind) folded on the Flop
Seat 9: boliman21 folded before Flop (didn't bet)



PokerStars Hand #237428616593:  Hold'em No Limit ($0.02/$0.05 USD) - 2022/07/17 21:09:56 PT [2022/07/18 0:09:56 ET]
Table 'Nephele IV' 9-max Seat #7 is the button
Seat 1: sonictourao ($6.07 in chips) 
Seat 2: Dorex2007 ($5.50 in chips) 
Seat 3: freeyoumind ($7.22 in chips) 
Seat 4: leopoker1 ($5.07 in chips) 
Seat 5: mitetoaeg ($10.47 in chips) 
Seat 6: dvdhmstar ($4.90 in chips) 
Seat 7: mooresie28 ($4.66 in chips) 
Seat 8: gabriel.mb20 ($3.49 in chips) 
Seat 9: boliman21 ($9.49 in chips) 
gabriel.mb20: posts small blind $0.02
boliman21: posts big blind $0.05
*** HOLE CARDS ***
Dealt to Dorex2007 [9d 4s]
sonictourao: raises $0.10 to $0.15
Dorex2007: folds 
freeyoumind: folds 
leopoker1: folds 
mitetoaeg: folds 
dvdhmstar: folds 
mooresie28: folds 
gabriel.mb20: calls $0.13
boliman21: folds 
*** FLOP *** [5s Ad 4d]
gabriel.mb20: checks 
sonictourao: bets $0.20
gabriel.mb20: folds 
Uncalled bet ($0.20) returned to sonictourao
sonictourao collected $0.34 from pot
*** SUMMARY ***
Total pot $0.35 | Rake $0.01 
Board [5s Ad 4d]
Seat 1: sonictourao collected ($0.34)
Seat 2: Dorex2007 folded before Flop (didn't bet)
Seat 3: freeyoumind folded before Flop (didn't bet)
Seat 4: leopoker1 folded before Flop (didn't bet)
Seat 5: mitetoaeg folded before Flop (didn't bet)
Seat 6: dvdhmstar folded before Flop (didn't bet)
Seat 7: mooresie28 (button) folded before Flop (didn't bet)
Seat 8: gabriel.mb20 (small blind) folded on the Flop
Seat 9: boliman21 (big blind) folded before Flop



PokerStars Hand #237428621136:  Hold'em No Limit ($0.02/$0.05 USD) - 2022/07/17 21:10:33 PT [2022/07/18 0:10:33 ET]
Table 'Nephele IV' 9-max Seat #8 is the button
Seat 1: sonictourao ($6.26 in chips) 
Seat 2: Dorex2007 ($5.50 in chips) 
Seat 3: freeyoumind ($7.22 in chips) 
Seat 4: leopoker1 ($5.07 in chips) 
Seat 5: mitetoaeg ($10.47 in chips) 
Seat 6: dvdhmstar ($4.90 in chips) 
Seat 7: mooresie28 ($4.66 in chips) 
Seat 8: gabriel.mb20 ($3.34 in chips) 
Seat 9: boliman21 ($9.44 in chips) 
boliman21: posts small blind $0.02
sonictourao: posts big blind $0.05
*** HOLE CARDS ***
Dealt to Dorex2007 [Th 3s]
Dorex2007: folds 
freeyoumind: folds 
leopoker1: folds 
mitetoaeg: folds 
dvdhmstar: raises $0.10 to $0.15
mooresie28: folds 
gabriel.mb20: folds 
boliman21: folds 
sonictourao: calls $0.10
*** FLOP *** [6h 7c 7d]
sonictourao: checks 
dvdhmstar: bets $0.15
sonictourao: calls $0.15
*** TURN *** [6h 7c 7d] [Tc]
sonictourao: checks 
dvdhmstar: bets $0.29
sonictourao: calls $0.29
*** RIVER *** [6h 7c 7d Tc] [3d]
sonictourao: checks 
dvdhmstar: checks 
*** SHOW DOWN ***
sonictourao: shows [Jc Ac] (a pair of Sevens)
dvdhmstar: shows [Jd Js] (two pair, Jacks and Sevens)
dvdhmstar collected $1.15 from pot
*** SUMMARY ***
Total pot $1.20 | Rake $0.05 
Board [6h 7c 7d Tc 3d]
Seat 1: sonictourao (big blind) showed [Jc Ac] and lost with a pair of Sevens
Seat 2: Dorex2007 folded before Flop (didn't bet)
Seat 3: freeyoumind folded before Flop (didn't bet)
Seat 4: leopoker1 folded before Flop (didn't bet)
Seat 5: mitetoaeg folded before Flop (didn't bet)
Seat 6: dvdhmstar showed [Jd Js] and won ($1.15) with two pair, Jacks and Sevens
Seat 7: mooresie28 folded before Flop (didn't bet)
Seat 8: gabriel.mb20 (button) folded before Flop (didn't bet)
Seat 9: boliman21 (small blind) folded before Flop



PokerStars Hand #237428628146:  Hold'em No Limit ($0.02/$0.05 USD) - 2022/07/17 21:11:29 PT [2022/07/18 0:11:29 ET]
Table 'Nephele IV' 9-max Seat #9 is the button
Seat 1: sonictourao ($5.67 in chips) 
Seat 2: Dorex2007 ($5.50 in chips) 
Seat 3: freeyoumind ($7.22 in chips) 
Seat 4: leopoker1 ($5.07 in chips) 
Seat 5: mitetoaeg ($10.47 in chips) 
Seat 6: dvdhmstar ($5.46 in chips) 
Seat 7: mooresie28 ($4.66 in chips) 
Seat 8: gabriel.mb20 ($3.34 in chips) 
Seat 9: boliman21 ($9.42 in chips) 
sonictourao: posts small blind $0.02
Dorex2007: posts big blind $0.05
*** HOLE CARDS ***
Dealt to Dorex2007 [2h Js]
freeyoumind: folds 
leopoker1: folds 
mitetoaeg: folds 
dvdhmstar: folds 
mooresie28: folds 
gabriel.mb20: raises $0.05 to $0.10
boliman21: folds 
sonictourao: folds 
Dorex2007: folds 
Uncalled bet ($0.05) returned to gabriel.mb20
gabriel.mb20 collected $0.12 from pot
*** SUMMARY ***
Total pot $0.12 | Rake $0 
Seat 1: sonictourao (small blind) folded before Flop
Seat 2: Dorex2007 (big blind) folded before Flop
Seat 3: freeyoumind folded before Flop (didn't bet)
Seat 4: leopoker1 folded before Flop (didn't bet)
Seat 5: mitetoaeg folded before Flop (didn't bet)
Seat 6: dvdhmstar folded before Flop (didn't bet)
Seat 7: mooresie28 folded before Flop (didn't bet)
Seat 8: gabriel.mb20 collected ($0.12)
Seat 9: boliman21 (button) folded before Flop (didn't bet)



PokerStars Hand #237428632446:  Hold'em No Limit ($0.02/$0.05 USD) - 2022/07/17 21:11:50 PT [2022/07/18 0:11:50 ET]
Table 'Nephele IV' 9-max Seat #1 is the button
Seat 1: sonictourao ($5.65 in chips) 
Seat 2: Dorex2007 ($5.45 in chips) 
Seat 3: freeyoumind ($7.22 in chips) 
Seat 4: leopoker1 ($5.07 in chips) 
Seat 5: mitetoaeg ($10.47 in chips) 
Seat 6: dvdhmstar ($5.46 in chips) 
Seat 7: mooresie28 ($4.66 in chips) 
Seat 8: gabriel.mb20 ($3.41 in chips) 
Seat 9: boliman21 ($9.42 in chips) 
Dorex2007: posts small blind $0.02
freeyoumind: posts big blind $0.05
*** HOLE CARDS ***
Dealt to Dorex2007 [Qs 2d]
leopoker1: folds 
mitetoaeg: raises $0.07 to $0.12
dvdhmstar: folds 
mooresie28: folds 
gabriel.mb20: folds 
boliman21: folds 
sonictourao: calls $0.12
Dorex2007: folds 
freeyoumind: folds 
*** FLOP *** [Ts Ks 7d]
mitetoaeg: bets $0.20
sonictourao: calls $0.20
*** TURN *** [Ts Ks 7d] [Jc]
mitetoaeg: checks 
sonictourao: bets $0.45
mitetoaeg: folds 
Uncalled bet ($0.45) returned to sonictourao
sonictourao collected $0.68 from pot
*** SUMMARY ***
Total pot $0.71 | Rake $0.03 
Board [Ts Ks 7d Jc]
Seat 1: sonictourao (button) collected ($0.68)
Seat 2: Dorex2007 (small blind) folded before Flop
Seat 3: freeyoumind (big blind) folded before Flop
Seat 4: leopoker1 folded before Flop (didn't bet)
Seat 5: mitetoaeg folded on the Turn
Seat 6: dvdhmstar folded before Flop (didn't bet)
Seat 7: mooresie28 folded before Flop (didn't bet)
Seat 8: gabriel.mb20 folded before Flop (didn't bet)
Seat 9: boliman21 folded before Flop (didn't bet)



PokerStars Hand #237428637049:  Hold'em No Limit ($0.02/$0.05 USD) - 2022/07/17 21:12:28 PT [2022/07/18 0:12:28 ET]
Table 'Nephele IV' 9-max Seat #2 is the button
Seat 1: sonictourao ($6.01 in chips) 
Seat 2: Dorex2007 ($5.43 in chips) 
Seat 3: freeyoumind ($7.17 in chips) 
Seat 4: leopoker1 ($5.07 in chips) 
Seat 5: mitetoaeg ($10.15 in chips) 
Seat 6: dvdhmstar ($5.46 in chips) 
Seat 7: mooresie28 ($4.66 in chips) 
Seat 8: gabriel.mb20 ($3.41 in chips) 
Seat 9: boliman21 ($9.42 in chips) 
freeyoumind: posts small blind $0.02
leopoker1: posts big blind $0.05
*** HOLE CARDS ***
Dealt to Dorex2007 [3s Qc]
mitetoaeg: raises $0.07 to $0.12
dvdhmstar: folds 
mooresie28: folds 
gabriel.mb20: folds 
boliman21: folds 
sonictourao: calls $0.12
Dorex2007: folds 
freeyoumind: folds 
leopoker1: calls $0.07
*** FLOP *** [4h Kd As]
leopoker1: checks 
boliman21 leaves the table
mitetoaeg: bets $0.18
sonictourao: calls $0.18
leopoker1: calls $0.18
*** TURN *** [4h Kd As] [9h]
leopoker1: checks 
mitetoaeg: checks 
sonictourao: bets $0.65
leopoker1: folds 
mitetoaeg: folds 
Uncalled bet ($0.65) returned to sonictourao
sonictourao collected $0.88 from pot
*** SUMMARY ***
Total pot $0.92 | Rake $0.04 
Board [4h Kd As 9h]
Seat 1: sonictourao collected ($0.88)
Seat 2: Dorex2007 (button) folded before Flop (didn't bet)
Seat 3: freeyoumind (small blind) folded before Flop
Seat 4: leopoker1 (big blind) folded on the Turn
Seat 5: mitetoaeg folded on the Turn
Seat 6: dvdhmstar folded before Flop (didn't bet)
Seat 7: mooresie28 folded before Flop (didn't bet)
Seat 8: gabriel.mb20 folded before Flop (didn't bet)
Seat 9: boliman21 folded before Flop (didn't bet)



PokerStars Hand #237428643886:  Hold'em No Limit ($0.02/$0.05 USD) - 2022/07/17 21:13:24 PT [2022/07/18 0:13:24 ET]
Table 'Nephele IV' 9-max Seat #3 is the button
Seat 1: sonictourao ($6.59 in chips) 
Seat 2: Dorex2007 ($5.43 in chips) 
Seat 3: freeyoumind ($7.15 in chips) 
Seat 4: leopoker1 ($5 in chips) 
Seat 5: mitetoaeg ($9.85 in chips) 
Seat 6: dvdhmstar ($5.46 in chips) 
Seat 7: mooresie28 ($4.66 in chips) 
Seat 8: gabriel.mb20 ($3.41 in chips) 
leopoker1: posts small blind $0.02
mitetoaeg: posts big blind $0.05
*** HOLE CARDS ***
Dealt to Dorex2007 [Ah Jc]
dvdhmstar: folds 
mooresie28: folds 
gabriel.mb20: raises $0.05 to $0.10
sonictourao: folds 
Dorex2007: calls $0.10
freeyoumind: folds 
leopoker1: calls $0.08
mitetoaeg: folds 
*** FLOP *** [9d 3s Qc]
leopoker1: checks 
gabriel.mb20: bets $0.15
Dorex2007: folds 
leopoker1: calls $0.15
*** TURN *** [9d 3s Qc] [3d]
leopoker1: checks 
gabriel.mb20: bets $0.15
Hierow joins the table at seat #9 
leopoker1: raises $0.50 to $0.65
gabriel.mb20: folds 
Uncalled bet ($0.50) returned to leopoker1
leopoker1 collected $0.91 from pot
*** SUMMARY ***
Total pot $0.95 | Rake $0.04 
Board [9d 3s Qc 3d]
Seat 1: sonictourao folded before Flop (didn't bet)
Seat 2: Dorex2007 folded on the Flop
Seat 3: freeyoumind (button) folded before Flop (didn't bet)
Seat 4: leopoker1 (small blind) collected ($0.91)
Seat 5: mitetoaeg (big blind) folded before Flop
Seat 6: dvdhmstar folded before Flop (didn't bet)
Seat 7: mooresie28 folded before Flop (didn't bet)
Seat 8: gabriel.mb20 folded on the Turn



PokerStars Hand #237428648804:  Hold'em No Limit ($0.02/$0.05 USD) - 2022/07/17 21:14:03 PT [2022/07/18 0:14:03 ET]
Table 'Nephele IV' 9-max Seat #4 is the button
Seat 1: sonictourao ($6.59 in chips) 
Seat 2: Dorex2007 ($5.33 in chips) 
Seat 3: freeyoumind ($7.15 in chips) 
Seat 4: leopoker1 ($5.51 in chips) 
Seat 5: mitetoaeg ($9.80 in chips) 
Seat 6: dvdhmstar ($5.46 in chips) 
Seat 7: mooresie28 ($4.66 in chips) 
Seat 8: gabriel.mb20 ($3.01 in chips) 
mitetoaeg: posts small blind $0.02
dvdhmstar: posts big blind $0.05
Hierow: sits out 
*** HOLE CARDS ***
Dealt to Dorex2007 [Ts 6c]
mooresie28: folds 
gabriel.mb20: folds 
sonictourao: folds 
Dorex2007: folds 
freeyoumind: folds 
leopoker1: raises $0.15 to $0.20
mitetoaeg: folds 
dvdhmstar: folds 
Uncalled bet ($0.15) returned to leopoker1
leopoker1 collected $0.12 from pot
*** SUMMARY ***
Total pot $0.12 | Rake $0 
Seat 1: sonictourao folded before Flop (didn't bet)
Seat 2: Dorex2007 folded before Flop (didn't bet)
Seat 3: freeyoumind folded before Flop (didn't bet)
Seat 4: leopoker1 (button) collected ($0.12)
Seat 5: mitetoaeg (small blind) folded before Flop
Seat 6: dvdhmstar (big blind) folded before Flop
Seat 7: mooresie28 folded before Flop (didn't bet)
Seat 8: gabriel.mb20 folded before Flop (didn't bet)



PokerStars Hand #237428651782:  Hold'em No Limit ($0.02/$0.05 USD) - 2022/07/17 21:14:27 PT [2022/07/18 0:14:27 ET]
Table 'Nephele IV' 9-max Seat #5 is the button
Seat 1: sonictourao ($6.59 in chips) 
Seat 2: Dorex2007 ($5.33 in chips) 
Seat 3: freeyoumind ($7.15 in chips) 
Seat 4: leopoker1 ($5.58 in chips) 
Seat 5: mitetoaeg ($9.78 in chips) 
Seat 6: dvdhmstar ($5.41 in chips) 
Seat 7: mooresie28 ($4.66 in chips) 
Seat 8: gabriel.mb20 ($3.01 in chips) 
dvdhmstar: posts small blind $0.02
mooresie28: posts big blind $0.05
Hierow: sits out 
*** HOLE CARDS ***
Dealt to Dorex2007 [7c 8d]
gabriel.mb20: raises $0.05 to $0.10
sonictourao: calls $0.10
Dorex2007: folds 
freeyoumind: folds 
leopoker1: folds 
mitetoaeg: calls $0.10
dvdhmstar: folds 
mooresie28: calls $0.05
*** FLOP *** [9c Jh 6h]
mooresie28: checks 
gabriel.mb20: checks 
sonictourao: checks 
mitetoaeg: checks 
*** TURN *** [9c Jh 6h] [Kc]
mooresie28: checks 
gabriel.mb20: checks 
sonictourao: checks 
mitetoaeg: checks 
*** RIVER *** [9c Jh 6h Kc] [2s]
mooresie28: checks 
gabriel.mb20: checks 
sonictourao: bets $0.25
mitetoaeg: calls $0.25
mooresie28: folds 
gabriel.mb20: folds 
*** SHOW DOWN ***
sonictourao: shows [Ks Ts] (a pair of Kings)
mitetoaeg: mucks hand 
sonictourao collected $0.88 from pot
*** SUMMARY ***
Total pot $0.92 | Rake $0.04 
Board [9c Jh 6h Kc 2s]
Seat 1: sonictourao showed [Ks Ts] and won ($0.88) with a pair of Kings
Seat 2: Dorex2007 folded before Flop (didn't bet)
Seat 3: freeyoumind folded before Flop (didn't bet)
Seat 4: leopoker1 folded before Flop (didn't bet)
Seat 5: mitetoaeg (button) mucked [Qs Ac]
Seat 6: dvdhmstar (small blind) folded before Flop
Seat 7: mooresie28 (big blind) folded on the River
Seat 8: gabriel.mb20 folded on the River



PokerStars Hand #237428662763:  Hold'em No Limit ($0.02/$0.05 USD) - 2022/07/17 21:15:54 PT [2022/07/18 0:15:54 ET]
Table 'Nephele IV' 9-max Seat #6 is the button
Seat 1: sonictourao ($7.12 in chips) 
Seat 2: Dorex2007 ($5.33 in chips) 
Seat 3: freeyoumind ($7.15 in chips) 
Seat 4: leopoker1 ($5.58 in chips) 
Seat 5: mitetoaeg ($9.43 in chips) 
Seat 6: dvdhmstar ($5.39 in chips) 
Seat 7: mooresie28 ($4.56 in chips) 
Seat 8: gabriel.mb20 ($2.91 in chips) 
mooresie28: posts small blind $0.02
gabriel.mb20: posts big blind $0.05
Hierow: sits out 
*** HOLE CARDS ***
Dealt to Dorex2007 [7c Td]
sonictourao: folds 
Dorex2007: folds 
freeyoumind: folds 
leopoker1: folds 
mitetoaeg: folds 
dvdhmstar: raises $0.05 to $0.10
mooresie28: calls $0.08
gabriel.mb20: folds 
*** FLOP *** [Th 4d 8d]
mooresie28: checks 
dvdhmstar: bets $0.10
mooresie28: folds 
Uncalled bet ($0.10) returned to dvdhmstar
dvdhmstar collected $0.24 from pot
*** SUMMARY ***
Total pot $0.25 | Rake $0.01 
Board [Th 4d 8d]
Seat 1: sonictourao folded before Flop (didn't bet)
Seat 2: Dorex2007 folded before Flop (didn't bet)
Seat 3: freeyoumind folded before Flop (didn't bet)
Seat 4: leopoker1 folded before Flop (didn't bet)
Seat 5: mitetoaeg folded before Flop (didn't bet)
Seat 6: dvdhmstar (button) collected ($0.24)
Seat 7: mooresie28 (small blind) folded on the Flop
Seat 8: gabriel.mb20 (big blind) folded before Flop



PokerStars Hand #237428668834:  Hold'em No Limit ($0.02/$0.05 USD) - 2022/07/17 21:16:44 PT [2022/07/18 0:16:44 ET]
Table 'Nephele IV' 9-max Seat #7 is the button
Seat 1: sonictourao ($7.12 in chips) 
Seat 2: Dorex2007 ($5.33 in chips) 
Seat 3: freeyoumind ($7.15 in chips) 
Seat 4: leopoker1 ($5.58 in chips) 
Seat 5: mitetoaeg ($9.43 in chips) 
Seat 6: dvdhmstar ($5.53 in chips) 
Seat 7: mooresie28 ($4.46 in chips) 
Seat 8: gabriel.mb20 ($2.86 in chips) 
Seat 9: Hierow ($5 in chips) 
gabriel.mb20: posts small blind $0.02
Hierow: posts big blind $0.05
*** HOLE CARDS ***
Dealt to Dorex2007 [2s Th]
sonictourao: folds 
Dorex2007: folds 
freeyoumind: folds 
leopoker1: raises $0.05 to $0.10
mitetoaeg: folds 
dvdhmstar: folds 
mooresie28: folds 
gabriel.mb20: calls $0.08
Hierow: calls $0.05
*** FLOP *** [9h 5h 2d]
gabriel.mb20: bets $0.10
Hierow: raises $0.25 to $0.35
leopoker1: folds 
gabriel.mb20: calls $0.25
*** TURN *** [9h 5h 2d] [Ks]
gabriel.mb20: checks 
Hierow: bets $0.62
gabriel.mb20: folds 
Uncalled bet ($0.62) returned to Hierow
Hierow collected $0.96 from pot
*** SUMMARY ***
Total pot $1 | Rake $0.04 
Board [9h 5h 2d Ks]
Seat 1: sonictourao folded before Flop (didn't bet)
Seat 2: Dorex2007 folded before Flop (didn't bet)
Seat 3: freeyoumind folded before Flop (didn't bet)
Seat 4: leopoker1 folded on the Flop
Seat 5: mitetoaeg folded before Flop (didn't bet)
Seat 6: dvdhmstar folded before Flop (didn't bet)
Seat 7: mooresie28 (button) folded before Flop (didn't bet)
Seat 8: gabriel.mb20 (small blind) folded on the Turn
Seat 9: Hierow (big blind) collected ($0.96)



PokerStars Hand #237428679731:  Hold'em No Limit ($0.02/$0.05 USD) - 2022/07/17 21:18:12 PT [2022/07/18 0:18:12 ET]
Table 'Nephele IV' 9-max Seat #8 is the button
Seat 1: sonictourao ($7.12 in chips) 
Seat 2: Dorex2007 ($5.33 in chips) 
Seat 3: freeyoumind ($7.15 in chips) 
Seat 4: leopoker1 ($5.48 in chips) 
Seat 5: mitetoaeg ($9.43 in chips) 
Seat 6: dvdhmstar ($5.53 in chips) 
Seat 7: mooresie28 ($4.46 in chips) 
Seat 8: gabriel.mb20 ($2.41 in chips) 
Seat 9: Hierow ($5.51 in chips) 
Hierow: posts small blind $0.02
sonictourao: posts big blind $0.05
*** HOLE CARDS ***
Dealt to Dorex2007 [5c As]
Dorex2007: folds 
freeyoumind: folds 
leopoker1: folds 
mitetoaeg: folds 
dvdhmstar: folds 
mooresie28: folds 
gabriel.mb20: calls $0.05
Hierow: raises $0.27 to $0.32
sonictourao: folds 
gabriel.mb20: folds 
Uncalled bet ($0.27) returned to Hierow
Hierow collected $0.15 from pot
*** SUMMARY ***
Total pot $0.15 | Rake $0 
Seat 1: sonictourao (big blind) folded before Flop
Seat 2: Dorex2007 folded before Flop (didn't bet)
Seat 3: freeyoumind folded before Flop (didn't bet)
Seat 4: leopoker1 folded before Flop (didn't bet)
Seat 5: mitetoaeg folded before Flop (didn't bet)
Seat 6: dvdhmstar folded before Flop (didn't bet)
Seat 7: mooresie28 folded before Flop (didn't bet)
Seat 8: gabriel.mb20 (button) folded before Flop
Seat 9: Hierow (small blind) collected ($0.15)



PokerStars Hand #237428684894:  Hold'em No Limit ($0.02/$0.05 USD) - 2022/07/17 21:18:53 PT [2022/07/18 0:18:53 ET]
Table 'Nephele IV' 9-max Seat #9 is the button
Seat 1: sonictourao ($7.07 in chips) 
Seat 2: Dorex2007 ($5.33 in chips) 
Seat 3: freeyoumind ($7.15 in chips) 
Seat 4: leopoker1 ($5.48 in chips) 
Seat 5: mitetoaeg ($9.43 in chips) 
Seat 6: dvdhmstar ($5.53 in chips) 
Seat 7: mooresie28 ($4.46 in chips) 
Seat 8: gabriel.mb20 ($2.36 in chips) 
Seat 9: Hierow ($5.61 in chips) 
sonictourao: posts small blind $0.02
Dorex2007: posts big blind $0.05
*** HOLE CARDS ***
Dealt to Dorex2007 [Kc Td]
freeyoumind: folds 
leopoker1: folds 
mitetoaeg: raises $0.07 to $0.12
dvdhmstar: folds 
mooresie28: folds 
gabriel.mb20: folds 
Hierow: folds 
sonictourao: calls $0.10
Dorex2007: folds 
*** FLOP *** [7h 4s 6h]
sonictourao: checks 
mitetoaeg: bets $0.18
sonictourao: calls $0.18
*** TURN *** [7h 4s 6h] [2d]
sonictourao: checks 
mitetoaeg: checks 
*** RIVER *** [7h 4s 6h 2d] [Ad]
sonictourao: bets $0.70
mitetoaeg: calls $0.70
*** SHOW DOWN ***
sonictourao: shows [As 4d] (two pair, Aces and Fours)
mitetoaeg: mucks hand 
sonictourao collected $1.96 from pot
*** SUMMARY ***
Total pot $2.05 | Rake $0.09 
Board [7h 4s 6h 2d Ad]
Seat 1: sonictourao (small blind) showed [As 4d] and won ($1.96) with two pair, Aces and Fours
Seat 2: Dorex2007 (big blind) folded before Flop
Seat 3: freeyoumind folded before Flop (didn't bet)
Seat 4: leopoker1 folded before Flop (didn't bet)
Seat 5: mitetoaeg mucked [8h Ah]
Seat 6: dvdhmstar folded before Flop (didn't bet)
Seat 7: mooresie28 folded before Flop (didn't bet)
Seat 8: gabriel.mb20 folded before Flop (didn't bet)
Seat 9: Hierow (button) folded before Flop (didn't bet)



PokerStars Hand #237428701272:  Hold'em No Limit ($0.02/$0.05 USD) - 2022/07/17 21:20:12 PT [2022/07/18 0:20:12 ET]
Table 'Nephele IV' 9-max Seat #1 is the button
Seat 1: sonictourao ($8.03 in chips) 
Seat 2: Dorex2007 ($5.28 in chips) 
Seat 3: freeyoumind ($7.15 in chips) 
Seat 4: leopoker1 ($5.48 in chips) 
Seat 5: mitetoaeg ($8.43 in chips) 
Seat 6: dvdhmstar ($5.53 in chips) 
Seat 7: mooresie28 ($4.46 in chips) 
Seat 9: Hierow ($5.61 in chips) 
Dorex2007: posts small blind $0.02
freeyoumind: posts big blind $0.05
*** HOLE CARDS ***
Dealt to Dorex2007 [9d 5d]
leopoker1: folds 
mitetoaeg: raises $0.07 to $0.12
dvdhmstar: calls $0.12
mooresie28: folds 
Hierow: folds 
sonictourao: folds 
Dorex2007: folds 
freeyoumind: folds 
*** FLOP *** [8s 6c 9s]
mitetoaeg: bets $0.18
dvdhmstar: calls $0.18
*** TURN *** [8s 6c 9s] [Jh]
mitetoaeg: checks 
dvdhmstar: bets $0.25
mitetoaeg: calls $0.25
*** RIVER *** [8s 6c 9s Jh] [5s]
mitetoaeg: bets $0.61
dvdhmstar: folds 
Uncalled bet ($0.61) returned to mitetoaeg
mitetoaeg collected $1.12 from pot
*** SUMMARY ***
Total pot $1.17 | Rake $0.05 
Board [8s 6c 9s Jh 5s]
Seat 1: sonictourao (button) folded before Flop (didn't bet)
Seat 2: Dorex2007 (small blind) folded before Flop
Seat 3: freeyoumind (big blind) folded before Flop
Seat 4: leopoker1 folded before Flop (didn't bet)
Seat 5: mitetoaeg collected ($1.12)
Seat 6: dvdhmstar folded on the River
Seat 7: mooresie28 folded before Flop (didn't bet)
Seat 9: Hierow folded before Flop (didn't bet)



PokerStars Hand #237428708583:  Hold'em No Limit ($0.02/$0.05 USD) - 2022/07/17 21:21:12 PT [2022/07/18 0:21:12 ET]
Table 'Nephele IV' 9-max Seat #2 is the button
Seat 1: sonictourao ($8.03 in chips) 
Seat 2: Dorex2007 ($5.26 in chips) 
Seat 3: freeyoumind ($7.10 in chips) 
Seat 4: leopoker1 ($5.48 in chips) 
Seat 5: mitetoaeg ($9 in chips) 
Seat 6: dvdhmstar ($4.98 in chips) 
Seat 7: mooresie28 ($4.46 in chips) 
Seat 9: Hierow ($5.61 in chips) 
freeyoumind: posts small blind $0.02
leopoker1: posts big blind $0.05
*** HOLE CARDS ***
Dealt to Dorex2007 [6d Ks]
mitetoaeg: raises $0.07 to $0.12
dvdhmstar: calls $0.12
mooresie28: folds 
Hierow: folds 
sonictourao: folds 
Dorex2007: folds 
freeyoumind: folds 
leopoker1: folds 
*** FLOP *** [Js 2s 5c]
mitetoaeg: bets $0.18
dvdhmstar: calls $0.18
*** TURN *** [Js 2s 5c] [Qh]
mitetoaeg: checks 
dvdhmstar: checks 
*** RIVER *** [Js 2s 5c Qh] [9h]
mitetoaeg: checks 
dvdhmstar: checks 
*** SHOW DOWN ***
mitetoaeg: shows [8h 7d] (high card Queen)
dvdhmstar: shows [6h 6c] (a pair of Sixes)
dvdhmstar collected $0.64 from pot
*** SUMMARY ***
Total pot $0.67 | Rake $0.03 
Board [Js 2s 5c Qh 9h]
Seat 1: sonictourao folded before Flop (didn't bet)
Seat 2: Dorex2007 (button) folded before Flop (didn't bet)
Seat 3: freeyoumind (small blind) folded before Flop
Seat 4: leopoker1 (big blind) folded before Flop
Seat 5: mitetoaeg showed [8h 7d] and lost with high card Queen
Seat 6: dvdhmstar showed [6h 6c] and won ($0.64) with a pair of Sixes
Seat 7: mooresie28 folded before Flop (didn't bet)
Seat 9: Hierow folded before Flop (didn't bet)



PokerStars Hand #237428723453:  Hold'em No Limit ($0.02/$0.05 USD) - 2022/07/17 21:22:11 PT [2022/07/18 0:22:11 ET]
Table 'Nephele IV' 9-max Seat #3 is the button
Seat 1: sonictourao ($8.03 in chips) 
Seat 2: Dorex2007 ($5.26 in chips) 
Seat 3: freeyoumind ($7.08 in chips) 
Seat 4: leopoker1 ($5.43 in chips) 
Seat 5: mitetoaeg ($8.70 in chips) 
Seat 6: dvdhmstar ($5.32 in chips) 
Seat 7: mooresie28 ($4.46 in chips) 
Seat 9: Hierow ($5.61 in chips) 
leopoker1: posts small blind $0.02
mitetoaeg: posts big blind $0.05
*** HOLE CARDS ***
Dealt to Dorex2007 [7d Ah]
dvdhmstar: folds 
mooresie28: folds 
Hierow: raises $0.06 to $0.11
sonictourao: folds 
Dorex2007: folds 
freeyoumind: folds 
leopoker1: calls $0.09
mitetoaeg: folds 
*** FLOP *** [Jc 5c 6s]
leopoker1: checks 
Hierow: bets $0.14
leopoker1: calls $0.14
*** TURN *** [Jc 5c 6s] [As]
leopoker1: checks 
Hierow: checks 
*** RIVER *** [Jc 5c 6s As] [Kh]
leopoker1: checks 
Hierow: bets $0.40
leopoker1: folds 
Uncalled bet ($0.40) returned to Hierow
Hierow collected $0.53 from pot
*** SUMMARY ***
Total pot $0.55 | Rake $0.02 
Board [Jc 5c 6s As Kh]
Seat 1: sonictourao folded before Flop (didn't bet)
Seat 2: Dorex2007 folded before Flop (didn't bet)
Seat 3: freeyoumind (button) folded before Flop (didn't bet)
Seat 4: leopoker1 (small blind) folded on the River
Seat 5: mitetoaeg (big blind) folded before Flop
Seat 6: dvdhmstar folded before Flop (didn't bet)
Seat 7: mooresie28 folded before Flop (didn't bet)
Seat 9: Hierow collected ($0.53)



PokerStars Hand #237428731826:  Hold'em No Limit ($0.02/$0.05 USD) - 2022/07/17 21:23:19 PT [2022/07/18 0:23:19 ET]
Table 'Nephele IV' 9-max Seat #4 is the button
Seat 1: sonictourao ($8.03 in chips) 
Seat 2: Dorex2007 ($5.26 in chips) 
Seat 3: freeyoumind ($7.08 in chips) 
Seat 4: leopoker1 ($5.18 in chips) 
Seat 5: mitetoaeg ($8.65 in chips) 
Seat 6: dvdhmstar ($5.32 in chips) 
Seat 7: mooresie28 ($4.46 in chips) 
Seat 9: Hierow ($5.89 in chips) 
mitetoaeg: posts small blind $0.02
dvdhmstar: posts big blind $0.05
*** HOLE CARDS ***
Dealt to Dorex2007 [Tc 4c]
mooresie28: folds 
Hierow: folds 
sonictourao: folds 
Dorex2007: folds 
freeyoumind: folds 
leopoker1: folds 
mitetoaeg: folds 
Uncalled bet ($0.03) returned to dvdhmstar
dvdhmstar collected $0.04 from pot
*** SUMMARY ***
Total pot $0.04 | Rake $0 
Seat 1: sonictourao folded before Flop (didn't bet)
Seat 2: Dorex2007 folded before Flop (didn't bet)
Seat 3: freeyoumind folded before Flop (didn't bet)
Seat 4: leopoker1 (button) folded before Flop (didn't bet)
Seat 5: mitetoaeg (small blind) folded before Flop
Seat 6: dvdhmstar (big blind) collected ($0.04)
Seat 7: mooresie28 folded before Flop (didn't bet)
Seat 9: Hierow folded before Flop (didn't bet)



PokerStars Hand #237428733985:  Hold'em No Limit ($0.02/$0.05 USD) - 2022/07/17 21:23:37 PT [2022/07/18 0:23:37 ET]
Table 'Nephele IV' 9-max Seat #5 is the button
Seat 1: sonictourao ($8.03 in chips) 
Seat 2: Dorex2007 ($5.26 in chips) 
Seat 3: freeyoumind ($7.08 in chips) 
Seat 4: leopoker1 ($5.18 in chips) 
Seat 5: mitetoaeg ($8.63 in chips) 
Seat 6: dvdhmstar ($5.34 in chips) 
Seat 7: mooresie28 ($4.46 in chips) 
Seat 9: Hierow ($5.89 in chips) 
dvdhmstar: posts small blind $0.02
mooresie28: posts big blind $0.05
*** HOLE CARDS ***
Dealt to Dorex2007 [9d Ts]
Hierow: folds 
sonictourao: folds 
Dorex2007: folds 
freeyoumind: folds 
leopoker1: folds 
mitetoaeg: raises $0.07 to $0.12
dvdhmstar: folds 
mooresie28: calls $0.07
*** FLOP *** [6h 8h Kh]
mooresie28: checks 
mitetoaeg: checks 
*** TURN *** [6h 8h Kh] [Ks]
mooresie28: checks 
mitetoaeg: bets $0.12
mooresie28: folds 
Uncalled bet ($0.12) returned to mitetoaeg
mitetoaeg collected $0.25 from pot
*** SUMMARY ***
Total pot $0.26 | Rake $0.01 
Board [6h 8h Kh Ks]
Seat 1: sonictourao folded before Flop (didn't bet)
Seat 2: Dorex2007 folded before Flop (didn't bet)
Seat 3: freeyoumind folded before Flop (didn't bet)
Seat 4: leopoker1 folded before Flop (didn't bet)
Seat 5: mitetoaeg (button) collected ($0.25)
Seat 6: dvdhmstar (small blind) folded before Flop
Seat 7: mooresie28 (big blind) folded on the Turn
Seat 9: Hierow folded before Flop (didn't bet)



PokerStars Hand #237428740290:  Hold'em No Limit ($0.02/$0.05 USD) - 2022/07/17 21:24:29 PT [2022/07/18 0:24:29 ET]
Table 'Nephele IV' 9-max Seat #6 is the button
Seat 1: sonictourao ($8.03 in chips) 
Seat 2: Dorex2007 ($5.26 in chips) 
Seat 3: freeyoumind ($7.08 in chips) 
Seat 4: leopoker1 ($5.18 in chips) 
Seat 5: mitetoaeg ($8.76 in chips) 
Seat 6: dvdhmstar ($5.32 in chips) 
Seat 7: mooresie28 ($4.34 in chips) 
Seat 9: Hierow ($5.89 in chips) 
mooresie28: posts small blind $0.02
Hierow: posts big blind $0.05
*** HOLE CARDS ***
Dealt to Dorex2007 [8h Jd]
sonictourao: folds 
Dorex2007: folds 
freeyoumind: folds 
leopoker1 has timed out
leopoker1: folds 
mitetoaeg: folds 
dvdhmstar: folds 
mooresie28: raises $0.05 to $0.10
Hierow: folds 
Uncalled bet ($0.05) returned to mooresie28
mooresie28 collected $0.10 from pot
*** SUMMARY ***
Total pot $0.10 | Rake $0 
Seat 1: sonictourao folded before Flop (didn't bet)
Seat 2: Dorex2007 folded before Flop (didn't bet)
Seat 3: freeyoumind folded before Flop (didn't bet)
Seat 4: leopoker1 folded before Flop (didn't bet)
Seat 5: mitetoaeg folded before Flop (didn't bet)
Seat 6: dvdhmstar (button) folded before Flop (didn't bet)
Seat 7: mooresie28 (small blind) collected ($0.10)
Seat 9: Hierow (big blind) folded before Flop



PokerStars Hand #237428744035:  Hold'em No Limit ($0.02/$0.05 USD) - 2022/07/17 21:25:00 PT [2022/07/18 0:25:00 ET]
Table 'Nephele IV' 9-max Seat #7 is the button
Seat 1: sonictourao ($8.03 in chips) 
Seat 2: Dorex2007 ($5.26 in chips) 
Seat 3: freeyoumind ($7.08 in chips) 
Seat 5: mitetoaeg ($8.76 in chips) 
Seat 6: dvdhmstar ($5.32 in chips) 
Seat 7: mooresie28 ($4.39 in chips) 
Seat 9: Hierow ($5.84 in chips) 
Hierow: posts small blind $0.02
sonictourao: posts big blind $0.05
*** HOLE CARDS ***
Dealt to Dorex2007 [5s Qd]
Dorex2007: folds 
freeyoumind: folds 
mitetoaeg: folds 
dvdhmstar: folds 
mooresie28: folds 
Hierow: folds 
Uncalled bet ($0.03) returned to sonictourao
sonictourao collected $0.04 from pot
*** SUMMARY ***
Total pot $0.04 | Rake $0 
Seat 1: sonictourao (big blind) collected ($0.04)
Seat 2: Dorex2007 folded before Flop (didn't bet)
Seat 3: freeyoumind folded before Flop (didn't bet)
Seat 5: mitetoaeg folded before Flop (didn't bet)
Seat 6: dvdhmstar folded before Flop (didn't bet)
Seat 7: mooresie28 (button) folded before Flop (didn't bet)
Seat 9: Hierow (small blind) folded before Flop



PokerStars Hand #237428746158:  Hold'em No Limit ($0.02/$0.05 USD) - 2022/07/17 21:25:17 PT [2022/07/18 0:25:17 ET]
Table 'Nephele IV' 9-max Seat #9 is the button
Seat 1: sonictourao ($8.05 in chips) 
Seat 2: Dorex2007 ($5.26 in chips) 
Seat 3: freeyoumind ($7.08 in chips) 
Seat 4: leopoker1 ($5.18 in chips) 
Seat 5: mitetoaeg ($8.76 in chips) 
Seat 6: dvdhmstar ($5.32 in chips) 
Seat 7: mooresie28 ($4.39 in chips) 
Seat 9: Hierow ($5.82 in chips) 
sonictourao: posts small blind $0.02
Dorex2007: posts big blind $0.05
*** HOLE CARDS ***
Dealt to Dorex2007 [5h 9s]
freeyoumind: folds 
leopoker1: raises $0.10 to $0.15
mitetoaeg: calls $0.15
dvdhmstar: folds 
mooresie28: folds 
Hierow: folds 
sonictourao: folds 
Dorex2007: folds 
*** FLOP *** [2s 7d 4s]
leopoker1: bets $0.25
mitetoaeg: calls $0.25
*** TURN *** [2s 7d 4s] [5c]
leopoker1: bets $0.55
mitetoaeg: raises $0.97 to $1.52
leopoker1: folds 
Uncalled bet ($0.97) returned to mitetoaeg
mitetoaeg collected $1.89 from pot
*** SUMMARY ***
Total pot $1.97 | Rake $0.08 
Board [2s 7d 4s 5c]
Seat 1: sonictourao (small blind) folded before Flop
Seat 2: Dorex2007 (big blind) folded before Flop
Seat 3: freeyoumind folded before Flop (didn't bet)
Seat 4: leopoker1 folded on the Turn
Seat 5: mitetoaeg collected ($1.89)
Seat 6: dvdhmstar folded before Flop (didn't bet)
Seat 7: mooresie28 folded before Flop (didn't bet)
Seat 9: Hierow (button) folded before Flop (didn't bet)



PokerStars Hand #237428754305:  Hold'em No Limit ($0.02/$0.05 USD) - 2022/07/17 21:26:24 PT [2022/07/18 0:26:24 ET]
Table 'Nephele IV' 9-max Seat #1 is the button
Seat 1: sonictourao ($8.03 in chips) 
Seat 2: Dorex2007 ($5.21 in chips) 
Seat 3: freeyoumind ($7.08 in chips) 
Seat 4: leopoker1 ($5 in chips) 
Seat 5: mitetoaeg ($9.70 in chips) 
Seat 6: dvdhmstar ($5.32 in chips) 
Seat 7: mooresie28 ($4.39 in chips) 
Seat 9: Hierow ($5.82 in chips) 
Dorex2007: posts small blind $0.02
freeyoumind: posts big blind $0.05
*** HOLE CARDS ***
Dealt to Dorex2007 [3h As]
leopoker1: folds 
mitetoaeg: folds 
dvdhmstar: folds 
mooresie28: folds 
Hierow: raises $0.08 to $0.13
sonictourao: calls $0.13
Dorex2007: folds 
freeyoumind: folds 
*** FLOP *** [Kc 3c 5h]
Hierow: checks 
sonictourao: checks 
*** TURN *** [Kc 3c 5h] [Kd]
Hierow: checks 
sonictourao: checks 
*** RIVER *** [Kc 3c 5h Kd] [5s]
Hierow: checks 
sonictourao: checks 
*** SHOW DOWN ***
Hierow: shows [Qh Th] (two pair, Kings and Fives)
sonictourao: shows [Ad 8h] (two pair, Kings and Fives - Ace kicker)
sonictourao collected $0.32 from pot
*** SUMMARY ***
Total pot $0.33 | Rake $0.01 
Board [Kc 3c 5h Kd 5s]
Seat 1: sonictourao (button) showed [Ad 8h] and won ($0.32) with two pair, Kings and Fives
Seat 2: Dorex2007 (small blind) folded before Flop
Seat 3: freeyoumind (big blind) folded before Flop
Seat 4: leopoker1 folded before Flop (didn't bet)
Seat 5: mitetoaeg folded before Flop (didn't bet)
Seat 6: dvdhmstar folded before Flop (didn't bet)
Seat 7: mooresie28 folded before Flop (didn't bet)
Seat 9: Hierow showed [Qh Th] and lost with two pair, Kings and Fives



PokerStars Hand #237428758376:  Hold'em No Limit ($0.02/$0.05 USD) - 2022/07/17 21:26:58 PT [2022/07/18 0:26:58 ET]
Table 'Nephele IV' 9-max Seat #2 is the button
Seat 1: sonictourao ($8.22 in chips) 
Seat 2: Dorex2007 ($5.19 in chips) 
Seat 3: freeyoumind ($7.03 in chips) 
Seat 5: mitetoaeg ($9.70 in chips) 
Seat 6: dvdhmstar ($5.32 in chips) 
Seat 7: mooresie28 ($4.39 in chips) 
Seat 9: Hierow ($5.69 in chips) 
freeyoumind: posts small blind $0.02
leopoker1: is sitting out 
mitetoaeg: posts big blind $0.05
*** HOLE CARDS ***
Dealt to Dorex2007 [Qd 3h]
leopoker1 leaves the table
dvdhmstar: folds 
mooresie28: folds 
Hierow: folds 
sonictourao: folds 
Dorex2007: folds 
freeyoumind: folds 
Uncalled bet ($0.03) returned to mitetoaeg
mitetoaeg collected $0.04 from pot
*** SUMMARY ***
Total pot $0.04 | Rake $0 
Seat 1: sonictourao folded before Flop (didn't bet)
Seat 2: Dorex2007 (button) folded before Flop (didn't bet)
Seat 3: freeyoumind (small blind) folded before Flop
Seat 5: mitetoaeg (big blind) collected ($0.04)
Seat 6: dvdhmstar folded before Flop (didn't bet)
Seat 7: mooresie28 folded before Flop (didn't bet)
Seat 9: Hierow folded before Flop (didn't bet)



PokerStars Hand #237428760505:  Hold'em No Limit ($0.02/$0.05 USD) - 2022/07/17 21:27:17 PT [2022/07/18 0:27:17 ET]
Table 'Nephele IV' 9-max Seat #3 is the button
Seat 1: sonictourao ($8.22 in chips) 
Seat 2: Dorex2007 ($5.19 in chips) 
Seat 3: freeyoumind ($7.01 in chips) 
Seat 5: mitetoaeg ($9.72 in chips) 
Seat 6: dvdhmstar ($5.32 in chips) 
Seat 7: mooresie28 ($4.39 in chips) 
Seat 9: Hierow ($5.69 in chips) 
mitetoaeg: posts small blind $0.02
dvdhmstar: posts big blind $0.05
*** HOLE CARDS ***
Dealt to Dorex2007 [5h 2c]
mooresie28: folds 
Hierow: folds 
sonictourao: raises $0.10 to $0.15
Dorex2007: folds 
freeyoumind: folds 
mitetoaeg: calls $0.13
dvdhmstar: folds 
*** FLOP *** [Ad Ah Kh]
mitetoaeg: checks 
sonictourao: bets $0.15
mitetoaeg: calls $0.15
*** TURN *** [Ad Ah Kh] [7s]
mitetoaeg: checks 
sonictourao: checks 
*** RIVER *** [Ad Ah Kh 7s] [8c]
mitetoaeg: bets $0.31
sonictourao: calls $0.31
*** SHOW DOWN ***
mitetoaeg: shows [6s As] (three of a kind, Aces)
sonictourao: mucks hand 
mitetoaeg collected $1.22 from pot
*** SUMMARY ***
Total pot $1.27 | Rake $0.05 
Board [Ad Ah Kh 7s 8c]
Seat 1: sonictourao mucked [9h 9s]
Seat 2: Dorex2007 folded before Flop (didn't bet)
Seat 3: freeyoumind (button) folded before Flop (didn't bet)
Seat 5: mitetoaeg (small blind) showed [6s As] and won ($1.22) with three of a kind, Aces
Seat 6: dvdhmstar (big blind) folded before Flop
Seat 7: mooresie28 folded before Flop (didn't bet)
Seat 9: Hierow folded before Flop (didn't bet)



PokerStars Hand #237428765138:  Hold'em No Limit ($0.02/$0.05 USD) - 2022/07/17 21:27:56 PT [2022/07/18 0:27:56 ET]
Table 'Nephele IV' 9-max Seat #5 is the button
Seat 1: sonictourao ($7.61 in chips) 
Seat 2: Dorex2007 ($5.19 in chips) 
Seat 3: freeyoumind ($7.01 in chips) 
Seat 5: mitetoaeg ($10.33 in chips) 
Seat 6: dvdhmstar ($5.27 in chips) 
Seat 7: mooresie28 ($4.39 in chips) 
Seat 9: Hierow ($5.69 in chips) 
dvdhmstar: posts small blind $0.02
mooresie28: posts big blind $0.05
*** HOLE CARDS ***
Dealt to Dorex2007 [5d 8c]
Hierow: raises $0.05 to $0.10
sonictourao: folds 
Dorex2007: folds 
freeyoumind: folds 
mitetoaeg: calls $0.10
dvdhmstar: folds 
mooresie28: folds 
*** FLOP *** [9c 4d 9s]
Hierow: bets $0.09
mitetoaeg: folds 
Uncalled bet ($0.09) returned to Hierow
Hierow collected $0.26 from pot
*** SUMMARY ***
Total pot $0.27 | Rake $0.01 
Board [9c 4d 9s]
Seat 1: sonictourao folded before Flop (didn't bet)
Seat 2: Dorex2007 folded before Flop (didn't bet)
Seat 3: freeyoumind folded before Flop (didn't bet)
Seat 5: mitetoaeg (button) folded on the Flop
Seat 6: dvdhmstar (small blind) folded before Flop
Seat 7: mooresie28 (big blind) folded before Flop
Seat 9: Hierow collected ($0.26)



PokerStars Hand #237428767755:  Hold'em No Limit ($0.02/$0.05 USD) - 2022/07/17 21:28:19 PT [2022/07/18 0:28:19 ET]
Table 'Nephele IV' 9-max Seat #6 is the button
Seat 1: sonictourao ($7.61 in chips) 
Seat 2: Dorex2007 ($5.19 in chips) 
Seat 3: freeyoumind ($7.01 in chips) 
Seat 5: mitetoaeg ($10.23 in chips) 
Seat 6: dvdhmstar ($5.25 in chips) 
Seat 7: mooresie28 ($4.34 in chips) 
Seat 9: Hierow ($5.85 in chips) 
mooresie28: posts small blind $0.02
Hierow: posts big blind $0.05
*** HOLE CARDS ***
Dealt to Dorex2007 [Ts 7h]
sonictourao: folds 
Dorex2007: folds 
freeyoumind: folds 
mitetoaeg: folds 
dvdhmstar: folds 
mooresie28: raises $0.05 to $0.10
Hierow: calls $0.05
*** FLOP *** [Ah Kh 9h]
mooresie28: checks 
Hierow: bets $0.06
mooresie28: folds 
Uncalled bet ($0.06) returned to Hierow
Hierow collected $0.19 from pot
*** SUMMARY ***
Total pot $0.20 | Rake $0.01 
Board [Ah Kh 9h]
Seat 1: sonictourao folded before Flop (didn't bet)
Seat 2: Dorex2007 folded before Flop (didn't bet)
Seat 3: freeyoumind folded before Flop (didn't bet)
Seat 5: mitetoaeg folded before Flop (didn't bet)
Seat 6: dvdhmstar (button) folded before Flop (didn't bet)
Seat 7: mooresie28 (small blind) folded on the Flop
Seat 9: Hierow (big blind) collected ($0.19)



PokerStars Hand #237428771373:  Hold'em No Limit ($0.02/$0.05 USD) - 2022/07/17 21:28:50 PT [2022/07/18 0:28:50 ET]
Table 'Nephele IV' 9-max Seat #7 is the button
Seat 1: sonictourao ($7.61 in chips) 
Seat 2: Dorex2007 ($5.19 in chips) 
Seat 3: freeyoumind ($7.01 in chips) 
Seat 5: mitetoaeg ($10.23 in chips) 
Seat 6: dvdhmstar ($5.25 in chips) 
Seat 7: mooresie28 ($4.24 in chips) 
Seat 9: Hierow ($5.94 in chips) 
Hierow: posts small blind $0.02
sonictourao: posts big blind $0.05
*** HOLE CARDS ***
Dealt to Dorex2007 [Td 6d]
Dorex2007: folds 
freeyoumind: raises $0.07 to $0.12
mitetoaeg: folds 
dvdhmstar: folds 
mooresie28: calls $0.12
Hierow: folds 
sonictourao: calls $0.07
*** FLOP *** [6c 2h 7d]
sonictourao: checks 
freeyoumind: checks 
mooresie28: checks 
*** TURN *** [6c 2h 7d] [Js]
sonictourao: checks 
freeyoumind: checks 
Gervy8 joins the table at seat #4 
mooresie28: bets $0.15
sonictourao: folds 
freeyoumind: folds 
Uncalled bet ($0.15) returned to mooresie28
mooresie28 collected $0.36 from pot
*** SUMMARY ***
Total pot $0.38 | Rake $0.02 
Board [6c 2h 7d Js]
Seat 1: sonictourao (big blind) folded on the Turn
Seat 2: Dorex2007 folded before Flop (didn't bet)
Seat 3: freeyoumind folded on the Turn
Seat 5: mitetoaeg folded before Flop (didn't bet)
Seat 6: dvdhmstar folded before Flop (didn't bet)
Seat 7: mooresie28 (button) collected ($0.36)
Seat 9: Hierow (small blind) folded before Flop



PokerStars Hand #237428776697:  Hold'em No Limit ($0.02/$0.05 USD) - 2022/07/17 21:29:35 PT [2022/07/18 0:29:35 ET]
Table 'Nephele IV' 9-max Seat #9 is the button
Seat 1: sonictourao ($7.49 in chips) 
Seat 2: Dorex2007 ($5.19 in chips) 
Seat 3: freeyoumind ($6.89 in chips) 
Seat 5: mitetoaeg ($10.23 in chips) 
Seat 6: dvdhmstar ($5.25 in chips) 
Seat 7: mooresie28 ($4.48 in chips) 
Seat 9: Hierow ($5.92 in chips) 
sonictourao: posts small blind $0.02
Dorex2007: posts big blind $0.05
Gervy8: sits out 
gabriel.mb20: sits out 
*** HOLE CARDS ***
Dealt to Dorex2007 [Qh 7h]
freeyoumind: folds 
mitetoaeg: raises $0.07 to $0.12
dvdhmstar: folds 
mooresie28: folds 
Hierow: raises $0.28 to $0.40
sonictourao: folds 
Dorex2007: folds 
mitetoaeg: folds 
Uncalled bet ($0.28) returned to Hierow
Hierow collected $0.31 from pot
*** SUMMARY ***
Total pot $0.31 | Rake $0 
Seat 1: sonictourao (small blind) folded before Flop
Seat 2: Dorex2007 (big blind) folded before Flop
Seat 3: freeyoumind folded before Flop (didn't bet)
Seat 5: mitetoaeg folded before Flop
Seat 6: dvdhmstar folded before Flop (didn't bet)
Seat 7: mooresie28 folded before Flop (didn't bet)
Seat 9: Hierow (button) collected ($0.31)



PokerStars Hand #237428780599:  Hold'em No Limit ($0.02/$0.05 USD) - 2022/07/17 21:30:08 PT [2022/07/18 0:30:08 ET]
Table 'Nephele IV' 9-max Seat #1 is the button
Seat 1: sonictourao ($7.47 in chips) 
Seat 2: Dorex2007 ($5.14 in chips) 
Seat 3: freeyoumind ($6.89 in chips) 
Seat 4: Gervy8 ($4 in chips) 
Seat 5: mitetoaeg ($10.11 in chips) 
Seat 6: dvdhmstar ($5.25 in chips) 
Seat 7: mooresie28 ($4.48 in chips) 
Seat 9: Hierow ($6.11 in chips) 
Dorex2007: posts small blind $0.02
freeyoumind: posts big blind $0.05
Gervy8: posts big blind $0.05
gabriel.mb20: sits out 
*** HOLE CARDS ***
Dealt to Dorex2007 [9d 7s]
Gervy8: checks 
mitetoaeg: raises $0.12 to $0.17
dvdhmstar: folds 
mooresie28: calls $0.17
Hierow: folds 
sonictourao: calls $0.17
Dorex2007: folds 
freeyoumind: folds 
Gervy8: calls $0.12
*** FLOP *** [Jd 5c 6c]
Gervy8: checks 
mitetoaeg: checks 
mooresie28: bets $0.25
sonictourao: folds 
Gervy8: folds 
mitetoaeg: folds 
Uncalled bet ($0.25) returned to mooresie28
mooresie28 collected $0.72 from pot
*** SUMMARY ***
Total pot $0.75 | Rake $0.03 
Board [Jd 5c 6c]
Seat 1: sonictourao (button) folded on the Flop
Seat 2: Dorex2007 (small blind) folded before Flop
Seat 3: freeyoumind (big blind) folded before Flop
Seat 4: Gervy8 folded on the Flop
Seat 5: mitetoaeg folded on the Flop
Seat 6: dvdhmstar folded before Flop (didn't bet)
Seat 7: mooresie28 collected ($0.72)
Seat 9: Hierow folded before Flop (didn't bet)



PokerStars Hand #237428784987:  Hold'em No Limit ($0.02/$0.05 USD) - 2022/07/17 21:30:45 PT [2022/07/18 0:30:45 ET]
Table 'Nephele IV' 9-max Seat #2 is the button
Seat 1: sonictourao ($7.30 in chips) 
Seat 2: Dorex2007 ($5.12 in chips) 
Seat 3: freeyoumind ($6.84 in chips) 
Seat 4: Gervy8 ($3.83 in chips) 
Seat 5: mitetoaeg ($9.94 in chips) 
Seat 6: dvdhmstar ($5.25 in chips) 
Seat 7: mooresie28 ($5.03 in chips) 
Seat 9: Hierow ($6.11 in chips) 
freeyoumind: posts small blind $0.02
Gervy8: posts big blind $0.05
gabriel.mb20: sits out 
*** HOLE CARDS ***
Dealt to Dorex2007 [5d Qs]
mitetoaeg: raises $0.07 to $0.12
dvdhmstar: folds 
mooresie28: folds 
Hierow: raises $0.22 to $0.34
sonictourao: calls $0.34
Dorex2007: folds 
freeyoumind: folds 
Gervy8: calls $0.29
mitetoaeg: calls $0.22
*** FLOP *** [7s Td 2d]
Gervy8: bets $3.49 and is all-in
mitetoaeg: folds 
Hierow: folds 
sonictourao: folds 
Uncalled bet ($3.49) returned to Gervy8
Gervy8 collected $1.32 from pot
*** SUMMARY ***
Total pot $1.38 | Rake $0.06 
Board [7s Td 2d]
Seat 1: sonictourao folded on the Flop
Seat 2: Dorex2007 (button) folded before Flop (didn't bet)
Seat 3: freeyoumind (small blind) folded before Flop
Seat 4: Gervy8 (big blind) collected ($1.32)
Seat 5: mitetoaeg folded on the Flop
Seat 6: dvdhmstar folded before Flop (didn't bet)
Seat 7: mooresie28 folded before Flop (didn't bet)
Seat 9: Hierow folded on the Flop



PokerStars Hand #237428789318:  Hold'em No Limit ($0.02/$0.05 USD) - 2022/07/17 21:31:22 PT [2022/07/18 0:31:22 ET]
Table 'Nephele IV' 9-max Seat #3 is the button
Seat 1: sonictourao ($6.96 in chips) 
Seat 2: Dorex2007 ($5.12 in chips) 
Seat 3: freeyoumind ($6.82 in chips) 
Seat 4: Gervy8 ($4.81 in chips) 
Seat 5: mitetoaeg ($9.60 in chips) 
Seat 6: dvdhmstar ($5.25 in chips) 
Seat 7: mooresie28 ($5.03 in chips) 
Seat 9: Hierow ($5.77 in chips) 
Gervy8: posts small blind $0.02
mitetoaeg: posts big blind $0.05
gabriel.mb20: sits out 
*** HOLE CARDS ***
Dealt to Dorex2007 [9s 4d]
dvdhmstar has timed out
dvdhmstar: folds 
mooresie28: folds 
Hierow: folds 
sonictourao: folds 
Dorex2007: folds 
freeyoumind: folds 
Gervy8: folds 
Uncalled bet ($0.03) returned to mitetoaeg
mitetoaeg collected $0.04 from pot
*** SUMMARY ***
Total pot $0.04 | Rake $0 
Seat 1: sonictourao folded before Flop (didn't bet)
Seat 2: Dorex2007 folded before Flop (didn't bet)
Seat 3: freeyoumind (button) folded before Flop (didn't bet)
Seat 4: Gervy8 (small blind) folded before Flop
Seat 5: mitetoaeg (big blind) collected ($0.04)
Seat 6: dvdhmstar folded before Flop (didn't bet)
Seat 7: mooresie28 folded before Flop (didn't bet)
Seat 9: Hierow folded before Flop (didn't bet)



PokerStars Hand #237428791861:  Hold'em No Limit ($0.02/$0.05 USD) - 2022/07/17 21:31:44 PT [2022/07/18 0:31:44 ET]
Table 'Nephele IV' 9-max Seat #4 is the button
Seat 1: sonictourao ($6.96 in chips) 
Seat 2: Dorex2007 ($5.12 in chips) 
Seat 3: freeyoumind ($6.82 in chips) 
Seat 4: Gervy8 ($4.79 in chips) 
Seat 5: mitetoaeg ($9.62 in chips) 
Seat 6: dvdhmstar ($5.25 in chips) 
Seat 7: mooresie28 ($5.03 in chips) 
Seat 8: gabriel.mb20 ($2.36 in chips) 
Seat 9: Hierow ($5.77 in chips) 
mitetoaeg: posts small blind $0.02
dvdhmstar: posts big blind $0.05
gabriel.mb20: posts small & big blinds $0.07
*** HOLE CARDS ***
Dealt to Dorex2007 [Th Jc]
mooresie28: folds 
gabriel.mb20: checks 
Hierow: raises $0.11 to $0.16
sonictourao: folds 
Dorex2007: folds 
freeyoumind: folds 
Gervy8: folds 
mitetoaeg: calls $0.14
dvdhmstar: folds 
gabriel.mb20: folds 
*** FLOP *** [As 4s 6h]
mitetoaeg: checks 
Hierow: bets $0.21
mitetoaeg: folds 
Uncalled bet ($0.21) returned to Hierow
Hierow collected $0.42 from pot
*** SUMMARY ***
Total pot $0.44 | Rake $0.02 
Board [As 4s 6h]
Seat 1: sonictourao folded before Flop (didn't bet)
Seat 2: Dorex2007 folded before Flop (didn't bet)
Seat 3: freeyoumind folded before Flop (didn't bet)
Seat 4: Gervy8 (button) folded before Flop (didn't bet)
Seat 5: mitetoaeg (small blind) folded on the Flop
Seat 6: dvdhmstar (big blind) folded before Flop
Seat 7: mooresie28 folded before Flop (didn't bet)
Seat 8: gabriel.mb20 folded before Flop (didn't bet)
Seat 9: Hierow collected ($0.42)



PokerStars Hand #237428796705:  Hold'em No Limit ($0.02/$0.05 USD) - 2022/07/17 21:32:25 PT [2022/07/18 0:32:25 ET]
Table 'Nephele IV' 9-max Seat #5 is the button
Seat 1: sonictourao ($6.96 in chips) 
Seat 2: Dorex2007 ($5.12 in chips) 
Seat 3: freeyoumind ($6.82 in chips) 
Seat 4: Gervy8 ($4.79 in chips) 
Seat 5: mitetoaeg ($9.46 in chips) 
Seat 6: dvdhmstar ($5.20 in chips) 
Seat 7: mooresie28 ($5.03 in chips) 
Seat 8: gabriel.mb20 ($2.29 in chips) 
Seat 9: Hierow ($6.03 in chips) 
dvdhmstar: posts small blind $0.02
mooresie28: posts big blind $0.05
*** HOLE CARDS ***
Dealt to Dorex2007 [Kd 9h]
gabriel.mb20: calls $0.05
Hierow: folds 
sonictourao: folds 
Dorex2007: folds 
freeyoumind: folds 
Gervy8: folds 
mitetoaeg: raises $0.12 to $0.17
dvdhmstar: folds 
mooresie28: calls $0.12
gabriel.mb20: calls $0.12
*** FLOP *** [7c 5d 6s]
mooresie28: checks 
gabriel.mb20: bets $0.10
mitetoaeg: folds 
mooresie28: folds 
Uncalled bet ($0.10) returned to gabriel.mb20
gabriel.mb20 collected $0.51 from pot
*** SUMMARY ***
Total pot $0.53 | Rake $0.02 
Board [7c 5d 6s]
Seat 1: sonictourao folded before Flop (didn't bet)
Seat 2: Dorex2007 folded before Flop (didn't bet)
Seat 3: freeyoumind folded before Flop (didn't bet)
Seat 4: Gervy8 folded before Flop (didn't bet)
Seat 5: mitetoaeg (button) folded on the Flop
Seat 6: dvdhmstar (small blind) folded before Flop
Seat 7: mooresie28 (big blind) folded on the Flop
Seat 8: gabriel.mb20 collected ($0.51)
Seat 9: Hierow folded before Flop (didn't bet)



PokerStars Hand #237428801825:  Hold'em No Limit ($0.02/$0.05 USD) - 2022/07/17 21:33:09 PT [2022/07/18 0:33:09 ET]
Table 'Nephele IV' 9-max Seat #6 is the button
Seat 1: sonictourao ($6.96 in chips) 
Seat 2: Dorex2007 ($5.12 in chips) 
Seat 3: freeyoumind ($6.82 in chips) 
Seat 4: Gervy8 ($4.79 in chips) 
Seat 5: mitetoaeg ($9.29 in chips) 
Seat 6: dvdhmstar ($5.18 in chips) 
Seat 7: mooresie28 ($4.86 in chips) 
Seat 8: gabriel.mb20 ($2.63 in chips) 
Seat 9: Hierow ($6.03 in chips) 
mooresie28: posts small blind $0.02
gabriel.mb20: posts big blind $0.05
*** HOLE CARDS ***
Dealt to Dorex2007 [Th 7s]
Hierow: folds 
sonictourao: folds 
Dorex2007: folds 
freeyoumind: raises $0.07 to $0.12
Gervy8: folds 
mitetoaeg: calls $0.12
dvdhmstar: folds 
mooresie28: folds 
gabriel.mb20: raises $0.07 to $0.19
freeyoumind: calls $0.07
mitetoaeg: calls $0.07
*** FLOP *** [Qd Ts Tc]
gabriel.mb20: bets $0.15
freeyoumind: calls $0.15
mitetoaeg: folds 
*** TURN *** [Qd Ts Tc] [3d]
gabriel.mb20: bets $0.25
freeyoumind: calls $0.25
*** RIVER *** [Qd Ts Tc 3d] [6s]
gabriel.mb20: bets $0.30
freeyoumind: calls $0.30
*** SHOW DOWN ***
gabriel.mb20: shows [Ah Kd] (a pair of Tens)
freeyoumind: shows [Js Qs] (two pair, Queens and Tens)
freeyoumind collected $1.91 from pot
*** SUMMARY ***
Total pot $1.99 | Rake $0.08 
Board [Qd Ts Tc 3d 6s]
Seat 1: sonictourao folded before Flop (didn't bet)
Seat 2: Dorex2007 folded before Flop (didn't bet)
Seat 3: freeyoumind showed [Js Qs] and won ($1.91) with two pair, Queens and Tens
Seat 4: Gervy8 folded before Flop (didn't bet)
Seat 5: mitetoaeg folded on the Flop
Seat 6: dvdhmstar (button) folded before Flop (didn't bet)
Seat 7: mooresie28 (small blind) folded before Flop
Seat 8: gabriel.mb20 (big blind) showed [Ah Kd] and lost with a pair of Tens
Seat 9: Hierow folded before Flop (didn't bet)



PokerStars Hand #237428807826:  Hold'em No Limit ($0.02/$0.05 USD) - 2022/07/17 21:34:00 PT [2022/07/18 0:34:00 ET]
Table 'Nephele IV' 9-max Seat #7 is the button
Seat 1: sonictourao ($6.96 in chips) 
Seat 2: Dorex2007 ($5.12 in chips) 
Seat 3: freeyoumind ($7.84 in chips) 
Seat 4: Gervy8 ($4.79 in chips) 
Seat 5: mitetoaeg ($9.10 in chips) 
Seat 6: dvdhmstar ($5.18 in chips) 
Seat 7: mooresie28 ($4.84 in chips) 
Seat 8: gabriel.mb20 ($1.74 in chips) 
Seat 9: Hierow ($6.03 in chips) 
gabriel.mb20: posts small blind $0.02
Hierow: posts big blind $0.05
*** HOLE CARDS ***
Dealt to Dorex2007 [Td 5c]
sonictourao: folds 
Dorex2007: folds 
freeyoumind: folds 
Gervy8: folds 
mitetoaeg: raises $0.07 to $0.12
dvdhmstar: folds 
mooresie28: folds 
gabriel.mb20: folds 
Hierow: raises $0.50 to $0.62
mitetoaeg: folds 
Uncalled bet ($0.50) returned to Hierow
Hierow collected $0.26 from pot
*** SUMMARY ***
Total pot $0.26 | Rake $0 
Seat 1: sonictourao folded before Flop (didn't bet)
Seat 2: Dorex2007 folded before Flop (didn't bet)
Seat 3: freeyoumind folded before Flop (didn't bet)
Seat 4: Gervy8 folded before Flop (didn't bet)
Seat 5: mitetoaeg folded before Flop
Seat 6: dvdhmstar folded before Flop (didn't bet)
Seat 7: mooresie28 (button) folded before Flop (didn't bet)
Seat 8: gabriel.mb20 (small blind) folded before Flop
Seat 9: Hierow (big blind) collected ($0.26)



PokerStars Hand #237428812211:  Hold'em No Limit ($0.02/$0.05 USD) - 2022/07/17 21:34:36 PT [2022/07/18 0:34:36 ET]
Table 'Nephele IV' 9-max Seat #8 is the button
Seat 1: sonictourao ($6.96 in chips) 
Seat 2: Dorex2007 ($5.12 in chips) 
Seat 3: freeyoumind ($7.84 in chips) 
Seat 4: Gervy8 ($4.79 in chips) 
Seat 5: mitetoaeg ($8.98 in chips) 
Seat 6: dvdhmstar ($5.18 in chips) 
Seat 7: mooresie28 ($4.84 in chips) 
Seat 8: gabriel.mb20 ($1.72 in chips) 
Seat 9: Hierow ($6.17 in chips) 
Hierow: posts small blind $0.02
sonictourao: posts big blind $0.05
*** HOLE CARDS ***
Dealt to Dorex2007 [Td 5s]
Dorex2007: folds 
freeyoumind: folds 
Gervy8: folds 
mitetoaeg: folds 
dvdhmstar: folds 
mooresie28: folds 
gabriel.mb20: folds 
Hierow: folds 
Uncalled bet ($0.03) returned to sonictourao
sonictourao collected $0.04 from pot
*** SUMMARY ***
Total pot $0.04 | Rake $0 
Seat 1: sonictourao (big blind) collected ($0.04)
Seat 2: Dorex2007 folded before Flop (didn't bet)
Seat 3: freeyoumind folded before Flop (didn't bet)
Seat 4: Gervy8 folded before Flop (didn't bet)
Seat 5: mitetoaeg folded before Flop (didn't bet)
Seat 6: dvdhmstar folded before Flop (didn't bet)
Seat 7: mooresie28 folded before Flop (didn't bet)
Seat 8: gabriel.mb20 (button) folded before Flop (didn't bet)
Seat 9: Hierow (small blind) folded before Flop



PokerStars Hand #237428814182:  Hold'em No Limit ($0.02/$0.05 USD) - 2022/07/17 21:34:53 PT [2022/07/18 0:34:53 ET]
Table 'Nephele IV' 9-max Seat #9 is the button
Seat 1: sonictourao ($6.98 in chips) 
Seat 2: Dorex2007 ($5.12 in chips) 
Seat 3: freeyoumind ($7.84 in chips) 
Seat 4: Gervy8 ($4.79 in chips) 
Seat 5: mitetoaeg ($8.98 in chips) 
Seat 6: dvdhmstar ($5.18 in chips) 
Seat 7: mooresie28 ($4.84 in chips) 
Seat 8: gabriel.mb20 ($1.72 in chips) 
Seat 9: Hierow ($6.15 in chips) 
sonictourao: posts small blind $0.02
Dorex2007: posts big blind $0.05
*** HOLE CARDS ***
Dealt to Dorex2007 [Tc 8h]
freeyoumind: folds 
Gervy8: folds 
mitetoaeg: folds 
dvdhmstar: folds 
mooresie28: folds 
gabriel.mb20: calls $0.05
Hierow: raises $0.13 to $0.18
sonictourao: raises $0.47 to $0.65
Dorex2007: folds 
gabriel.mb20: folds 
Hierow: folds 
Uncalled bet ($0.47) returned to sonictourao
sonictourao collected $0.46 from pot
*** SUMMARY ***
Total pot $0.46 | Rake $0 
Seat 1: sonictourao (small blind) collected ($0.46)
Seat 2: Dorex2007 (big blind) folded before Flop
Seat 3: freeyoumind folded before Flop (didn't bet)
Seat 4: Gervy8 folded before Flop (didn't bet)
Seat 5: mitetoaeg folded before Flop (didn't bet)
Seat 6: dvdhmstar folded before Flop (didn't bet)
Seat 7: mooresie28 folded before Flop (didn't bet)
Seat 8: gabriel.mb20 folded before Flop
Seat 9: Hierow (button) folded before Flop



PokerStars Hand #237428818042:  Hold'em No Limit ($0.02/$0.05 USD) - 2022/07/17 21:35:25 PT [2022/07/18 0:35:25 ET]
Table 'Nephele IV' 9-max Seat #1 is the button
Seat 1: sonictourao ($7.26 in chips) 
Seat 2: Dorex2007 ($5.07 in chips) 
Seat 3: freeyoumind ($7.84 in chips) 
Seat 4: Gervy8 ($4.79 in chips) 
Seat 5: mitetoaeg ($8.98 in chips) 
Seat 6: dvdhmstar ($5.18 in chips) 
Seat 7: mooresie28 ($4.84 in chips) 
Seat 8: gabriel.mb20 ($1.67 in chips) 
Seat 9: Hierow ($5.97 in chips) 
Dorex2007: posts small blind $0.02
freeyoumind: posts big blind $0.05
*** HOLE CARDS ***
Dealt to Dorex2007 [Jh 6h]
Gervy8: folds 
mitetoaeg: folds 
dvdhmstar: raises $0.05 to $0.10
mooresie28: folds 
Gervy8 leaves the table
gabriel.mb20: calls $0.10
Hierow: folds 
sonictourao: calls $0.10
Dorex2007: folds 
freeyoumind: calls $0.05
*** FLOP *** [2d 3h 9s]
freeyoumind: checks 
dvdhmstar: checks 
gabriel.mb20: bets $0.15
sonictourao: calls $0.15
freeyoumind: folds 
dvdhmstar: folds 
*** TURN *** [2d 3h 9s] [Ah]
gabriel.mb20: bets $0.34
sonictourao: folds 
Uncalled bet ($0.34) returned to gabriel.mb20
gabriel.mb20 collected $0.69 from pot
*** SUMMARY ***
Total pot $0.72 | Rake $0.03 
Board [2d 3h 9s Ah]
Seat 1: sonictourao (button) folded on the Turn
Seat 2: Dorex2007 (small blind) folded before Flop
Seat 3: freeyoumind (big blind) folded on the Flop
Seat 4: Gervy8 folded before Flop (didn't bet)
Seat 5: mitetoaeg folded before Flop (didn't bet)
Seat 6: dvdhmstar folded on the Flop
Seat 7: mooresie28 folded before Flop (didn't bet)
Seat 8: gabriel.mb20 collected ($0.69)
Seat 9: Hierow folded before Flop (didn't bet)



PokerStars Hand #237428822736:  Hold'em No Limit ($0.02/$0.05 USD) - 2022/07/17 21:36:05 PT [2022/07/18 0:36:05 ET]
Table 'Nephele IV' 9-max Seat #2 is the button
Seat 1: sonictourao ($7.01 in chips) 
Seat 2: Dorex2007 ($5.05 in chips) 
Seat 3: freeyoumind ($7.74 in chips) 
Seat 5: mitetoaeg ($8.98 in chips) 
Seat 6: dvdhmstar ($5.08 in chips) 
Seat 7: mooresie28 ($4.84 in chips) 
Seat 8: gabriel.mb20 ($2.11 in chips) 
Seat 9: Hierow ($5.97 in chips) 
freeyoumind: posts small blind $0.02
mitetoaeg: posts big blind $0.05
*** HOLE CARDS ***
Dealt to Dorex2007 [2h Jc]
dvdhmstar: raises $0.05 to $0.10
mooresie28: folds 
gabriel.mb20: calls $0.10
Hierow: folds 
sonictourao: folds 
Dorex2007: folds 
freeyoumind: folds 
mitetoaeg: folds 
*** FLOP *** [Qc 8s 3c]
dvdhmstar: bets $0.13
gabriel.mb20: calls $0.13
*** TURN *** [Qc 8s 3c] [Ks]
dvdhmstar: bets $1.20
gabriel.mb20: folds 
Uncalled bet ($1.20) returned to dvdhmstar
dvdhmstar collected $0.51 from pot
*** SUMMARY ***
Total pot $0.53 | Rake $0.02 
Board [Qc 8s 3c Ks]
Seat 1: sonictourao folded before Flop (didn't bet)
Seat 2: Dorex2007 (button) folded before Flop (didn't bet)
Seat 3: freeyoumind (small blind) folded before Flop
Seat 5: mitetoaeg (big blind) folded before Flop
Seat 6: dvdhmstar collected ($0.51)
Seat 7: mooresie28 folded before Flop (didn't bet)
Seat 8: gabriel.mb20 folded on the Turn
Seat 9: Hierow folded before Flop (didn't bet)



PokerStars Hand #237428828712:  Hold'em No Limit ($0.02/$0.05 USD) - 2022/07/17 21:36:56 PT [2022/07/18 0:36:56 ET]
Table 'Nephele IV' 9-max Seat #3 is the button
Seat 1: sonictourao ($7.01 in chips) 
Seat 2: Dorex2007 ($5.05 in chips) 
Seat 3: freeyoumind ($7.72 in chips) 
Seat 5: mitetoaeg ($8.93 in chips) 
Seat 6: dvdhmstar ($5.36 in chips) 
Seat 7: mooresie28 ($4.84 in chips) 
Seat 8: gabriel.mb20 ($1.88 in chips) 
Seat 9: Hierow ($5.97 in chips) 
mitetoaeg: posts small blind $0.02
dvdhmstar: posts big blind $0.05
*** HOLE CARDS ***
Dealt to Dorex2007 [Ks Qh]
mooresie28: folds 
gabriel.mb20: calls $0.05
Hierow: folds 
sonictourao: folds 
Dorex2007: calls $0.05
freeyoumind: folds 
mitetoaeg: calls $0.03
dvdhmstar: checks 
*** FLOP *** [As Js 5c]
mitetoaeg: checks 
dvdhmstar: checks 
okure-okure2 joins the table at seat #4 
gabriel.mb20: checks 
Dorex2007: checks 
*** TURN *** [As Js 5c] [6h]
mitetoaeg: checks 
dvdhmstar: checks 
gabriel.mb20: checks 
Dorex2007: checks 
*** RIVER *** [As Js 5c 6h] [Jc]
mitetoaeg: checks 
dvdhmstar: checks 
gabriel.mb20: checks 
Dorex2007: checks 
*** SHOW DOWN ***
mitetoaeg: shows [2d 4d] (a pair of Jacks)
dvdhmstar: shows [Qd Td] (a pair of Jacks - Ace+Queen kicker)
gabriel.mb20: mucks hand 
Dorex2007: shows [Ks Qh] (a pair of Jacks - Ace+King kicker)
Dorex2007 collected $0.19 from pot
*** SUMMARY ***
Total pot $0.20 | Rake $0.01 
Board [As Js 5c 6h Jc]
Seat 1: sonictourao folded before Flop (didn't bet)
Seat 2: Dorex2007 showed [Ks Qh] and won ($0.19) with a pair of Jacks
Seat 3: freeyoumind (button) folded before Flop (didn't bet)
Seat 5: mitetoaeg (small blind) showed [2d 4d] and lost with a pair of Jacks
Seat 6: dvdhmstar (big blind) showed [Qd Td] and lost with a pair of Jacks
Seat 7: mooresie28 folded before Flop (didn't bet)
Seat 8: gabriel.mb20 mucked [8c Ts]
Seat 9: Hierow folded before Flop (didn't bet)



PokerStars Hand #237428836085:  Hold'em No Limit ($0.02/$0.05 USD) - 2022/07/17 21:38:01 PT [2022/07/18 0:38:01 ET]
Table 'Nephele IV' 9-max Seat #5 is the button
Seat 1: sonictourao ($7.01 in chips) 
Seat 2: Dorex2007 ($5.19 in chips) 
Seat 3: freeyoumind ($7.72 in chips) 
Seat 5: mitetoaeg ($8.88 in chips) 
Seat 6: dvdhmstar ($5.31 in chips) 
Seat 7: mooresie28 ($4.84 in chips) 
Seat 8: gabriel.mb20 ($1.83 in chips) 
Seat 9: Hierow ($5.97 in chips) 
dvdhmstar: posts small blind $0.02
mooresie28: posts big blind $0.05
okure-okure2: sits out 
*** HOLE CARDS ***
Dealt to Dorex2007 [4h Kh]
gabriel.mb20: calls $0.05
Hierow: folds 
sonictourao: raises $0.20 to $0.25
Dorex2007: folds 
freeyoumind: folds 
mitetoaeg: calls $0.25
dvdhmstar: folds 
mooresie28: folds 
gabriel.mb20: calls $0.20
*** FLOP *** [7d 6s 7c]
gabriel.mb20: checks 
sonictourao: bets $0.35
mitetoaeg: folds 
gabriel.mb20: calls $0.35
*** TURN *** [7d 6s 7c] [4d]
gabriel.mb20: checks 
sonictourao: bets $6.41 and is all-in
gabriel.mb20: calls $1.23 and is all-in
Uncalled bet ($5.18) returned to sonictourao
*** RIVER *** [7d 6s 7c 4d] [8h]
*** SHOW DOWN ***
gabriel.mb20: shows [6c 6d] (a full house, Sixes full of Sevens)
sonictourao: shows [Qd Qc] (two pair, Queens and Sevens)
gabriel.mb20 collected $3.81 from pot
sonictourao cashed out the hand for $0.34
*** SUMMARY ***
Total pot $3.98 | Rake $0.17 
Board [7d 6s 7c 4d 8h]
Seat 1: sonictourao showed [Qd Qc] and lost with two pair, Queens and Sevens (cashed out).
Seat 2: Dorex2007 folded before Flop (didn't bet)
Seat 3: freeyoumind folded before Flop (didn't bet)
Seat 5: mitetoaeg (button) folded on the Flop
Seat 6: dvdhmstar (small blind) folded before Flop
Seat 7: mooresie28 (big blind) folded before Flop
Seat 8: gabriel.mb20 showed [6c 6d] and won ($3.81) with a full house, Sixes full of Sevens
Seat 9: Hierow folded before Flop (didn't bet)



PokerStars Hand #237428844489:  Hold'em No Limit ($0.02/$0.05 USD) - 2022/07/17 21:39:14 PT [2022/07/18 0:39:14 ET]
Table 'Nephele IV' 9-max Seat #6 is the button
Seat 1: sonictourao ($5.52 in chips) 
Seat 2: Dorex2007 ($5.19 in chips) 
Seat 3: freeyoumind ($7.72 in chips) 
Seat 5: mitetoaeg ($8.63 in chips) 
Seat 6: dvdhmstar ($5.29 in chips) 
Seat 7: mooresie28 ($4.79 in chips) 
Seat 8: gabriel.mb20 ($3.81 in chips) 
Seat 9: Hierow ($5.97 in chips) 
mooresie28: posts small blind $0.02
gabriel.mb20: posts big blind $0.05
okure-okure2: sits out 
*** HOLE CARDS ***
Dealt to Dorex2007 [4s 4c]
Hierow: raises $0.05 to $0.10
sonictourao: folds 
sonictourao leaves the table
Dorex2007: folds 
freeyoumind: folds 
mitetoaeg: folds 
dvdhmstar: folds 
mooresie28: folds 
sowgood5207418 joins the table at seat #1 
gabriel.mb20: calls $0.05
*** FLOP *** [Ks 7s Th]
gabriel.mb20: bets $0.05
Hierow: raises $0.17 to $0.22
gabriel.mb20: folds 
Uncalled bet ($0.17) returned to Hierow
Hierow collected $0.31 from pot
*** SUMMARY ***
Total pot $0.32 | Rake $0.01 
Board [Ks 7s Th]
Seat 1: sonictourao folded before Flop (didn't bet)
Seat 2: Dorex2007 folded before Flop (didn't bet)
Seat 3: freeyoumind folded before Flop (didn't bet)
Seat 5: mitetoaeg folded before Flop (didn't bet)
Seat 6: dvdhmstar (button) folded before Flop (didn't bet)
Seat 7: mooresie28 (small blind) folded before Flop
Seat 8: gabriel.mb20 (big blind) folded on the Flop
Seat 9: Hierow collected ($0.31)



PokerStars Hand #237428849683:  Hold'em No Limit ($0.02/$0.05 USD) - 2022/07/17 21:39:59 PT [2022/07/18 0:39:59 ET]
Table 'Nephele IV' 9-max Seat #7 is the button
Seat 2: Dorex2007 ($5.19 in chips) 
Seat 3: freeyoumind ($7.72 in chips) 
Seat 5: mitetoaeg ($8.63 in chips) 
Seat 6: dvdhmstar ($5.29 in chips) 
Seat 7: mooresie28 ($4.77 in chips) 
Seat 8: gabriel.mb20 ($3.66 in chips) 
Seat 9: Hierow ($6.13 in chips) 
gabriel.mb20: posts small blind $0.02
Hierow: posts big blind $0.05
sowgood5207418: sits out 
okure-okure2: sits out 
*** HOLE CARDS ***
Dealt to Dorex2007 [5d 2s]
Dorex2007 has timed out
Dorex2007: folds 
freeyoumind: folds 
mitetoaeg: raises $0.07 to $0.12
dvdhmstar: folds 
mooresie28: folds 
gabriel.mb20: calls $0.10
Hierow: calls $0.07
*** FLOP *** [Js 8s 4s]
gabriel.mb20: checks 
Hierow: checks 
mitetoaeg: bets $0.22
gabriel.mb20: folds 
Hierow: folds 
Uncalled bet ($0.22) returned to mitetoaeg
mitetoaeg collected $0.35 from pot
*** SUMMARY ***
Total pot $0.36 | Rake $0.01 
Board [Js 8s 4s]
Seat 2: Dorex2007 folded before Flop (didn't bet)
Seat 3: freeyoumind folded before Flop (didn't bet)
Seat 5: mitetoaeg collected ($0.35)
Seat 6: dvdhmstar folded before Flop (didn't bet)
Seat 7: mooresie28 (button) folded before Flop (didn't bet)
Seat 8: gabriel.mb20 (small blind) folded on the Flop
Seat 9: Hierow (big blind) folded on the Flop



PokerStars Hand #237428858038:  Hold'em No Limit ($0.02/$0.05 USD) - 2022/07/17 21:41:12 PT [2022/07/18 0:41:12 ET]
Table 'Nephele IV' 9-max Seat #8 is the button
Seat 1: sowgood5207418 ($5 in chips) 
Seat 2: Dorex2007 ($5.19 in chips) 
Seat 3: freeyoumind ($7.72 in chips) 
Seat 5: mitetoaeg ($8.86 in chips) 
Seat 6: dvdhmstar ($5.29 in chips) 
Seat 7: mooresie28 ($4.77 in chips) 
Seat 8: gabriel.mb20 ($3.54 in chips) 
Seat 9: Hierow ($6.01 in chips) 
Hierow: posts small blind $0.02
sowgood5207418: posts big blind $0.05
okure-okure2: sits out 
*** HOLE CARDS ***
Dealt to Dorex2007 [Ah 4s]
Dorex2007: folds 
freeyoumind: folds 
mitetoaeg: folds 
dvdhmstar: raises $0.05 to $0.10
mooresie28: folds 
gabriel.mb20: calls $0.10
Hierow: folds 
sowgood5207418: calls $0.05
*** FLOP *** [3h 5d Qh]
sowgood5207418: checks 
dvdhmstar: bets $0.10
gabriel.mb20: folds 
sowgood5207418: calls $0.10
*** TURN *** [3h 5d Qh] [7h]
sowgood5207418: bets $0.15
dvdhmstar: calls $0.15
*** RIVER *** [3h 5d Qh 7h] [7s]
sowgood5207418: bets $0.20
dvdhmstar: folds 
Uncalled bet ($0.20) returned to sowgood5207418
sowgood5207418 collected $0.79 from pot
*** SUMMARY ***
Total pot $0.82 | Rake $0.03 
Board [3h 5d Qh 7h 7s]
Seat 1: sowgood5207418 (big blind) collected ($0.79)
Seat 2: Dorex2007 folded before Flop (didn't bet)
Seat 3: freeyoumind folded before Flop (didn't bet)
Seat 5: mitetoaeg folded before Flop (didn't bet)
Seat 6: dvdhmstar folded on the River
Seat 7: mooresie28 folded before Flop (didn't bet)
Seat 8: gabriel.mb20 (button) folded on the Flop
Seat 9: Hierow (small blind) folded before Flop



PokerStars Hand #237428867125:  Hold'em No Limit ($0.02/$0.05 USD) - 2022/07/17 21:42:33 PT [2022/07/18 0:42:33 ET]
Table 'Nephele IV' 9-max Seat #9 is the button
Seat 1: sowgood5207418 ($5.44 in chips) 
Seat 2: Dorex2007 ($5.19 in chips) 
Seat 3: freeyoumind ($7.72 in chips) 
Seat 5: mitetoaeg ($8.86 in chips) 
Seat 6: dvdhmstar ($4.94 in chips) 
Seat 7: mooresie28 ($4.77 in chips) 
Seat 8: gabriel.mb20 ($3.44 in chips) 
Seat 9: Hierow ($5.99 in chips) 
sowgood5207418: posts small blind $0.02
Dorex2007: posts big blind $0.05
okure-okure2: sits out 
*** HOLE CARDS ***
Dealt to Dorex2007 [Tc 7h]
freeyoumind: folds 
mitetoaeg: raises $0.07 to $0.12
dvdhmstar: calls $0.12
mooresie28: folds 
gabriel.mb20: folds 
Hierow: raises $0.36 to $0.48
sowgood5207418: folds 
Dorex2007: folds 
mitetoaeg: calls $0.36
dvdhmstar: folds 
*** FLOP *** [As 9s 4c]
mitetoaeg: checks 
Hierow: bets $0.36
mitetoaeg: calls $0.36
*** TURN *** [As 9s 4c] [Jh]
mitetoaeg: checks 
Hierow: bets $1
mitetoaeg: raises $7.02 to $8.02 and is all-in
Hierow: folds 
Uncalled bet ($7.02) returned to mitetoaeg
mitetoaeg collected $3.71 from pot
*** SUMMARY ***
Total pot $3.87 | Rake $0.16 
Board [As 9s 4c Jh]
Seat 1: sowgood5207418 (small blind) folded before Flop
Seat 2: Dorex2007 (big blind) folded before Flop
Seat 3: freeyoumind folded before Flop (didn't bet)
Seat 5: mitetoaeg collected ($3.71)
Seat 6: dvdhmstar folded before Flop
Seat 7: mooresie28 folded before Flop (didn't bet)
Seat 8: gabriel.mb20 folded before Flop (didn't bet)
Seat 9: Hierow (button) folded on the Turn



PokerStars Hand #237428876385:  Hold'em No Limit ($0.02/$0.05 USD) - 2022/07/17 21:43:55 PT [2022/07/18 0:43:55 ET]
Table 'Nephele IV' 9-max Seat #1 is the button
Seat 1: sowgood5207418 ($5.42 in chips) 
Seat 2: Dorex2007 ($5.14 in chips) 
Seat 3: freeyoumind ($7.72 in chips) 
Seat 5: mitetoaeg ($10.73 in chips) 
Seat 6: dvdhmstar ($4.82 in chips) 
Seat 7: mooresie28 ($4.77 in chips) 
Seat 8: gabriel.mb20 ($3.44 in chips) 
Seat 9: Hierow ($5 in chips) 
Dorex2007: posts small blind $0.02
freeyoumind: posts big blind $0.05
okure-okure2: sits out 
*** HOLE CARDS ***
Dealt to Dorex2007 [8h 9s]
mitetoaeg: folds 
dvdhmstar: raises $0.05 to $0.10
mooresie28: folds 
gabriel.mb20: folds 
Hierow: folds 
sowgood5207418: folds 
Dorex2007: folds 
freeyoumind: folds 
Uncalled bet ($0.05) returned to dvdhmstar
dvdhmstar collected $0.12 from pot
*** SUMMARY ***
Total pot $0.12 | Rake $0 
Seat 1: sowgood5207418 (button) folded before Flop (didn't bet)
Seat 2: Dorex2007 (small blind) folded before Flop
Seat 3: freeyoumind (big blind) folded before Flop
Seat 5: mitetoaeg folded before Flop (didn't bet)
Seat 6: dvdhmstar collected ($0.12)
Seat 7: mooresie28 folded before Flop (didn't bet)
Seat 8: gabriel.mb20 folded before Flop (didn't bet)
Seat 9: Hierow folded before Flop (didn't bet)



PokerStars Hand #237428879878:  Hold'em No Limit ($0.02/$0.05 USD) - 2022/07/17 21:44:27 PT [2022/07/18 0:44:27 ET]
Table 'Nephele IV' 9-max Seat #2 is the button
Seat 1: sowgood5207418 ($5.42 in chips) 
Seat 2: Dorex2007 ($5.12 in chips) 
Seat 3: freeyoumind ($7.67 in chips) 
Seat 4: okure-okure2 ($5 in chips) 
Seat 5: mitetoaeg ($10.73 in chips) 
Seat 6: dvdhmstar ($4.89 in chips) 
Seat 7: mooresie28 ($4.77 in chips) 
Seat 8: gabriel.mb20 ($3.44 in chips) 
Seat 9: Hierow ($5 in chips) 
freeyoumind: posts small blind $0.02
okure-okure2: posts big blind $0.05
*** HOLE CARDS ***
Dealt to Dorex2007 [Td Ah]
mitetoaeg: folds 
dvdhmstar: folds 
mooresie28: folds 
gabriel.mb20: folds 
Hierow: folds 
sowgood5207418: folds 
Dorex2007: raises $0.05 to $0.10
freeyoumind: folds 
okure-okure2: folds 
Uncalled bet ($0.05) returned to Dorex2007
Dorex2007 collected $0.12 from pot
*** SUMMARY ***
Total pot $0.12 | Rake $0 
Seat 1: sowgood5207418 folded before Flop (didn't bet)
Seat 2: Dorex2007 (button) collected ($0.12)
Seat 3: freeyoumind (small blind) folded before Flop
Seat 4: okure-okure2 (big blind) folded before Flop
Seat 5: mitetoaeg folded before Flop (didn't bet)
Seat 6: dvdhmstar folded before Flop (didn't bet)
Seat 7: mooresie28 folded before Flop (didn't bet)
Seat 8: gabriel.mb20 folded before Flop (didn't bet)
Seat 9: Hierow folded before Flop (didn't bet)



PokerStars Hand #237428883074:  Hold'em No Limit ($0.02/$0.05 USD) - 2022/07/17 21:44:56 PT [2022/07/18 0:44:56 ET]
Table 'Nephele IV' 9-max Seat #3 is the button
Seat 1: sowgood5207418 ($5.42 in chips) 
Seat 2: Dorex2007 ($5.19 in chips) 
Seat 3: freeyoumind ($7.65 in chips) 
Seat 4: okure-okure2 ($4.95 in chips) 
Seat 5: mitetoaeg ($10.73 in chips) 
Seat 6: dvdhmstar ($4.89 in chips) 
Seat 7: mooresie28 ($4.77 in chips) 
Seat 8: gabriel.mb20 ($3.44 in chips) 
Seat 9: Hierow ($5 in chips) 
okure-okure2: posts small blind $0.02
mitetoaeg: posts big blind $0.05
*** HOLE CARDS ***
Dealt to Dorex2007 [6h Kc]
dvdhmstar: folds 
mooresie28: folds 
gabriel.mb20: calls $0.05
Hierow: folds 
sowgood5207418: folds 
Dorex2007: folds 
freeyoumind: folds 
okure-okure2: folds 
mitetoaeg: raises $0.12 to $0.17
gabriel.mb20: calls $0.12
*** FLOP *** [Ah 4s Kd]
mitetoaeg: checks 
gabriel.mb20: bets $0.15
mitetoaeg: calls $0.15
*** TURN *** [Ah 4s Kd] [3c]
mitetoaeg: checks 
gabriel.mb20: bets $0.30
mitetoaeg: calls $0.30
*** RIVER *** [Ah 4s Kd 3c] [2s]
mitetoaeg: checks 
gabriel.mb20: bets $0.60
mitetoaeg: calls $0.60
*** SHOW DOWN ***
gabriel.mb20: shows [Ad 8c] (a pair of Aces)
mitetoaeg: mucks hand 
gabriel.mb20 collected $2.36 from pot
*** SUMMARY ***
Total pot $2.46 | Rake $0.10 
Board [Ah 4s Kd 3c 2s]
Seat 1: sowgood5207418 folded before Flop (didn't bet)
Seat 2: Dorex2007 folded before Flop (didn't bet)
Seat 3: freeyoumind (button) folded before Flop (didn't bet)
Seat 4: okure-okure2 (small blind) folded before Flop
Seat 5: mitetoaeg (big blind) mucked [7c Ac]
Seat 6: dvdhmstar folded before Flop (didn't bet)
Seat 7: mooresie28 folded before Flop (didn't bet)
Seat 8: gabriel.mb20 showed [Ad 8c] and won ($2.36) with a pair of Aces
Seat 9: Hierow folded before Flop (didn't bet)



PokerStars Hand #237428889369:  Hold'em No Limit ($0.02/$0.05 USD) - 2022/07/17 21:45:53 PT [2022/07/18 0:45:53 ET]
Table 'Nephele IV' 9-max Seat #4 is the button
Seat 1: sowgood5207418 ($5.42 in chips) 
Seat 2: Dorex2007 ($5.19 in chips) 
Seat 3: freeyoumind ($7.65 in chips) 
Seat 4: okure-okure2 ($4.93 in chips) 
Seat 5: mitetoaeg ($9.51 in chips) 
Seat 6: dvdhmstar ($4.89 in chips) 
Seat 7: mooresie28 ($4.77 in chips) 
Seat 8: gabriel.mb20 ($4.58 in chips) 
Seat 9: Hierow ($5 in chips) 
mitetoaeg: posts small blind $0.02
dvdhmstar: posts big blind $0.05
*** HOLE CARDS ***
Dealt to Dorex2007 [Kd 8s]
mooresie28: folds 
gabriel.mb20: raises $0.05 to $0.10
Hierow: folds 
sowgood5207418: folds 
Dorex2007: folds 
freeyoumind: folds 
okure-okure2: folds 
mitetoaeg: folds 
dvdhmstar: calls $0.05
*** FLOP *** [Ks 5d Ad]
dvdhmstar: bets $0.10
gabriel.mb20: folds 
Uncalled bet ($0.10) returned to dvdhmstar
dvdhmstar collected $0.21 from pot
*** SUMMARY ***
Total pot $0.22 | Rake $0.01 
Board [Ks 5d Ad]
Seat 1: sowgood5207418 folded before Flop (didn't bet)
Seat 2: Dorex2007 folded before Flop (didn't bet)
Seat 3: freeyoumind folded before Flop (didn't bet)
Seat 4: okure-okure2 (button) folded before Flop (didn't bet)
Seat 5: mitetoaeg (small blind) folded before Flop
Seat 6: dvdhmstar (big blind) collected ($0.21)
Seat 7: mooresie28 folded before Flop (didn't bet)
Seat 8: gabriel.mb20 folded on the Flop
Seat 9: Hierow folded before Flop (didn't bet)



PokerStars Hand #237428894500:  Hold'em No Limit ($0.02/$0.05 USD) - 2022/07/17 21:46:39 PT [2022/07/18 0:46:39 ET]
Table 'Nephele IV' 9-max Seat #5 is the button
Seat 1: sowgood5207418 ($5.42 in chips) 
Seat 2: Dorex2007 ($5.19 in chips) 
Seat 3: freeyoumind ($7.65 in chips) 
Seat 4: okure-okure2 ($4.93 in chips) 
Seat 5: mitetoaeg ($9.49 in chips) 
Seat 6: dvdhmstar ($5 in chips) 
Seat 7: mooresie28 ($4.77 in chips) 
Seat 8: gabriel.mb20 ($4.48 in chips) 
Seat 9: Hierow ($5 in chips) 
dvdhmstar: posts small blind $0.02
mooresie28: posts big blind $0.05
*** HOLE CARDS ***
Dealt to Dorex2007 [2d Ac]
gabriel.mb20: calls $0.05
Hierow: folds 
sowgood5207418: folds 
Dorex2007: folds 
freeyoumind: folds 
okure-okure2: folds 
mitetoaeg: folds 
dvdhmstar: calls $0.03
mooresie28: checks 
*** FLOP *** [As Qc 7d]
dvdhmstar: checks 
mooresie28: checks 
gabriel.mb20: bets $0.10
dvdhmstar: folds 
mooresie28: folds 
Uncalled bet ($0.10) returned to gabriel.mb20
gabriel.mb20 collected $0.14 from pot
*** SUMMARY ***
Total pot $0.15 | Rake $0.01 
Board [As Qc 7d]
Seat 1: sowgood5207418 folded before Flop (didn't bet)
Seat 2: Dorex2007 folded before Flop (didn't bet)
Seat 3: freeyoumind folded before Flop (didn't bet)
Seat 4: okure-okure2 folded before Flop (didn't bet)
Seat 5: mitetoaeg (button) folded before Flop (didn't bet)
Seat 6: dvdhmstar (small blind) folded on the Flop
Seat 7: mooresie28 (big blind) folded on the Flop
Seat 8: gabriel.mb20 collected ($0.14)
Seat 9: Hierow folded before Flop (didn't bet)



PokerStars Hand #237428899523:  Hold'em No Limit ($0.02/$0.05 USD) - 2022/07/17 21:47:24 PT [2022/07/18 0:47:24 ET]
Table 'Nephele IV' 9-max Seat #6 is the button
Seat 1: sowgood5207418 ($5.42 in chips) 
Seat 2: Dorex2007 ($5.19 in chips) 
Seat 3: freeyoumind ($7.65 in chips) 
Seat 4: okure-okure2 ($4.93 in chips) 
Seat 5: mitetoaeg ($9.49 in chips) 
Seat 6: dvdhmstar ($4.95 in chips) 
Seat 7: mooresie28 ($4.72 in chips) 
Seat 8: gabriel.mb20 ($4.57 in chips) 
Seat 9: Hierow ($5 in chips) 
mooresie28: posts small blind $0.02
gabriel.mb20: posts big blind $0.05
*** HOLE CARDS ***
Dealt to Dorex2007 [6d Td]
Hierow: folds 
sowgood5207418: calls $0.05
Dorex2007: folds 
freeyoumind: folds 
okure-okure2: folds 
mitetoaeg: raises $0.12 to $0.17
dvdhmstar: folds 
mooresie28: calls $0.15
gabriel.mb20: calls $0.12
sowgood5207418: calls $0.12
*** FLOP *** [Jh Kc 9h]
mooresie28: checks 
gabriel.mb20: checks 
sowgood5207418: bets $0.15
mitetoaeg: folds 
mooresie28: calls $0.15
gabriel.mb20: folds 
*** TURN *** [Jh Kc 9h] [Ah]
mooresie28: checks 
sowgood5207418: bets $0.35
mooresie28: calls $0.35
*** RIVER *** [Jh Kc 9h Ah] [8s]
mooresie28: bets $0.80
sowgood5207418: calls $0.80
*** SHOW DOWN ***
mooresie28: shows [Kh As] (two pair, Aces and Kings)
sowgood5207418: mucks hand 
mooresie28 collected $3.14 from pot
*** SUMMARY ***
Total pot $3.28 | Rake $0.14 
Board [Jh Kc 9h Ah 8s]
Seat 1: sowgood5207418 mucked [9c Qc]
Seat 2: Dorex2007 folded before Flop (didn't bet)
Seat 3: freeyoumind folded before Flop (didn't bet)
Seat 4: okure-okure2 folded before Flop (didn't bet)
Seat 5: mitetoaeg folded on the Flop
Seat 6: dvdhmstar (button) folded before Flop (didn't bet)
Seat 7: mooresie28 (small blind) showed [Kh As] and won ($3.14) with two pair, Aces and Kings
Seat 8: gabriel.mb20 (big blind) folded on the Flop
Seat 9: Hierow folded before Flop (didn't bet)



PokerStars Hand #237428912882:  Hold'em No Limit ($0.02/$0.05 USD) - 2022/07/17 21:49:25 PT [2022/07/18 0:49:25 ET]
Table 'Nephele IV' 9-max Seat #7 is the button
Seat 1: sowgood5207418 ($3.95 in chips) 
Seat 2: Dorex2007 ($5.19 in chips) 
Seat 3: freeyoumind ($7.65 in chips) 
Seat 4: okure-okure2 ($4.93 in chips) 
Seat 5: mitetoaeg ($9.32 in chips) 
Seat 6: dvdhmstar ($4.95 in chips) 
Seat 7: mooresie28 ($6.39 in chips) 
Seat 8: gabriel.mb20 ($4.40 in chips) 
Seat 9: Hierow ($5 in chips) 
gabriel.mb20: posts small blind $0.02
Hierow: posts big blind $0.05
*** HOLE CARDS ***
Dealt to Dorex2007 [Tc Kc]
sowgood5207418: folds 
Dorex2007: raises $0.05 to $0.10
freeyoumind: folds 
okure-okure2: folds 
mitetoaeg: folds 
dvdhmstar: calls $0.10
mooresie28: folds 
gabriel.mb20: folds 
Hierow: folds 
*** FLOP *** [Kh 4d 7h]
Dorex2007: bets $0.26
dvdhmstar: calls $0.26
*** TURN *** [Kh 4d 7h] [7d]
Dorex2007: bets $0.38
dvdhmstar: calls $0.38
*** RIVER *** [Kh 4d 7h 7d] [8c]
Dorex2007: checks 
dvdhmstar: checks 
*** SHOW DOWN ***
Dorex2007: shows [Tc Kc] (two pair, Kings and Sevens)
dvdhmstar: shows [Qd Ks] (two pair, Kings and Sevens - Queen kicker)
dvdhmstar collected $1.49 from pot
*** SUMMARY ***
Total pot $1.55 | Rake $0.06 
Board [Kh 4d 7h 7d 8c]
Seat 1: sowgood5207418 folded before Flop (didn't bet)
Seat 2: Dorex2007 showed [Tc Kc] and lost with two pair, Kings and Sevens
Seat 3: freeyoumind folded before Flop (didn't bet)
Seat 4: okure-okure2 folded before Flop (didn't bet)
Seat 5: mitetoaeg folded before Flop (didn't bet)
Seat 6: dvdhmstar showed [Qd Ks] and won ($1.49) with two pair, Kings and Sevens
Seat 7: mooresie28 (button) folded before Flop (didn't bet)
Seat 8: gabriel.mb20 (small blind) folded before Flop
Seat 9: Hierow (big blind) folded before Flop



PokerStars Hand #237428927972:  Hold'em No Limit ($0.02/$0.05 USD) - 2022/07/17 21:51:11 PT [2022/07/18 0:51:11 ET]
Table 'Nephele IV' 9-max Seat #8 is the button
Seat 1: sowgood5207418 ($3.95 in chips) 
Seat 2: Dorex2007 ($5 in chips) 
Seat 3: freeyoumind ($7.65 in chips) 
Seat 4: okure-okure2 ($4.93 in chips) 
Seat 5: mitetoaeg ($9.32 in chips) 
Seat 6: dvdhmstar ($5.70 in chips) 
Seat 7: mooresie28 ($6.39 in chips) 
Seat 8: gabriel.mb20 ($4.38 in chips) 
Seat 9: Hierow ($5 in chips) 
Hierow: posts small blind $0.02
sowgood5207418: posts big blind $0.05
*** HOLE CARDS ***
Dealt to Dorex2007 [Tc As]
Dorex2007: folds 
freeyoumind: folds 
okure-okure2: folds 
mitetoaeg: folds 
dvdhmstar: folds 
mooresie28: folds 
gabriel.mb20: folds 
Hierow: raises $0.10 to $0.15
sowgood5207418: calls $0.10
*** FLOP *** [8s 6d 8d]
Hierow: checks 
sowgood5207418: checks 
*** TURN *** [8s 6d 8d] [6c]
Hierow: bets $0.16
sowgood5207418: folds 
Uncalled bet ($0.16) returned to Hierow
Hierow collected $0.29 from pot
*** SUMMARY ***
Total pot $0.30 | Rake $0.01 
Board [8s 6d 8d 6c]
Seat 1: sowgood5207418 (big blind) folded on the Turn
Seat 2: Dorex2007 folded before Flop (didn't bet)
Seat 3: freeyoumind folded before Flop (didn't bet)
Seat 4: okure-okure2 folded before Flop (didn't bet)
Seat 5: mitetoaeg folded before Flop (didn't bet)
Seat 6: dvdhmstar folded before Flop (didn't bet)
Seat 7: mooresie28 folded before Flop (didn't bet)
Seat 8: gabriel.mb20 (button) folded before Flop (didn't bet)
Seat 9: Hierow (small blind) collected ($0.29)



PokerStars Hand #237428934103:  Hold'em No Limit ($0.02/$0.05 USD) - 2022/07/17 21:52:09 PT [2022/07/18 0:52:09 ET]
Table 'Nephele IV' 9-max Seat #9 is the button
Seat 1: sowgood5207418 ($3.80 in chips) 
Seat 2: Dorex2007 ($5 in chips) 
Seat 3: freeyoumind ($7.65 in chips) 
Seat 4: okure-okure2 ($4.93 in chips) 
Seat 5: mitetoaeg ($9.32 in chips) 
Seat 6: dvdhmstar ($5.70 in chips) 
Seat 7: mooresie28 ($6.39 in chips) 
Seat 8: gabriel.mb20 ($4.38 in chips) 
Seat 9: Hierow ($5.14 in chips) 
sowgood5207418: posts small blind $0.02
Dorex2007: posts big blind $0.05
*** HOLE CARDS ***
Dealt to Dorex2007 [Qs 4h]
freeyoumind: folds 
freeyoumind leaves the table
okure-okure2: raises $0.09 to $0.14
mitetoaeg: folds 
dvdhmstar: folds 
mooresie28: folds 
gabriel.mb20: folds 
Hierow: folds 
sowgood5207418: folds 
Dorex2007: folds 
Uncalled bet ($0.09) returned to okure-okure2
okure-okure2 collected $0.12 from pot
*** SUMMARY ***
Total pot $0.12 | Rake $0 
Seat 1: sowgood5207418 (small blind) folded before Flop
Seat 2: Dorex2007 (big blind) folded before Flop
Seat 3: freeyoumind folded before Flop (didn't bet)
Seat 4: okure-okure2 collected ($0.12)
Seat 5: mitetoaeg folded before Flop (didn't bet)
Seat 6: dvdhmstar folded before Flop (didn't bet)
Seat 7: mooresie28 folded before Flop (didn't bet)
Seat 8: gabriel.mb20 folded before Flop (didn't bet)
Seat 9: Hierow (button) folded before Flop (didn't bet)



PokerStars Hand #237428937747:  Hold'em No Limit ($0.02/$0.05 USD) - 2022/07/17 21:52:42 PT [2022/07/18 0:52:42 ET]
Table 'Nephele IV' 9-max Seat #1 is the button
Seat 1: sowgood5207418 ($3.78 in chips) 
Seat 2: Dorex2007 ($5 in chips) 
Seat 4: okure-okure2 ($5 in chips) 
Seat 5: mitetoaeg ($9.32 in chips) 
Seat 6: dvdhmstar ($5.70 in chips) 
Seat 7: mooresie28 ($6.39 in chips) 
Seat 8: gabriel.mb20 ($4.38 in chips) 
Seat 9: Hierow ($5.14 in chips) 
Dorex2007: posts small blind $0.02
okure-okure2: posts big blind $0.05
*** HOLE CARDS ***
Dealt to Dorex2007 [Ah 8d]
mitetoaeg: folds 
dvdhmstar: folds 
mooresie28: folds 
gabriel.mb20: raises $0.05 to $0.10
Hierow: folds 
sowgood5207418: folds 
Dorex2007: folds 
okure-okure2: folds 
Uncalled bet ($0.05) returned to gabriel.mb20
gabriel.mb20 collected $0.12 from pot
*** SUMMARY ***
Total pot $0.12 | Rake $0 
Seat 1: sowgood5207418 (button) folded before Flop (didn't bet)
Seat 2: Dorex2007 (small blind) folded before Flop
Seat 4: okure-okure2 (big blind) folded before Flop
Seat 5: mitetoaeg folded before Flop (didn't bet)
Seat 6: dvdhmstar folded before Flop (didn't bet)
Seat 7: mooresie28 folded before Flop (didn't bet)
Seat 8: gabriel.mb20 collected ($0.12)
Seat 9: Hierow folded before Flop (didn't bet)



PokerStars Hand #237428940654:  Hold'em No Limit ($0.02/$0.05 USD) - 2022/07/17 21:53:08 PT [2022/07/18 0:53:08 ET]
Table 'Nephele IV' 9-max Seat #2 is the button
Seat 1: sowgood5207418 ($3.78 in chips) 
Seat 2: Dorex2007 ($5 in chips) 
Seat 4: okure-okure2 ($4.95 in chips) 
Seat 5: mitetoaeg ($9.32 in chips) 
Seat 6: dvdhmstar ($5.70 in chips) 
Seat 7: mooresie28 ($6.39 in chips) 
Seat 8: gabriel.mb20 ($4.45 in chips) 
Seat 9: Hierow ($5.14 in chips) 
okure-okure2: posts small blind $0.02
mitetoaeg: posts big blind $0.05
*** HOLE CARDS ***
Dealt to Dorex2007 [3h 8h]
dvdhmstar: folds 
mooresie28: folds 
mooresie28 leaves the table
gabriel.mb20: folds 
Hierow: folds 
sowgood5207418: folds 
Dorex2007: folds 
okure-okure2: raises $0.09 to $0.14
mitetoaeg: folds 
Uncalled bet ($0.09) returned to okure-okure2
okure-okure2 collected $0.10 from pot
*** SUMMARY ***
Total pot $0.10 | Rake $0 
Seat 1: sowgood5207418 folded before Flop (didn't bet)
Seat 2: Dorex2007 (button) folded before Flop (didn't bet)
Seat 4: okure-okure2 (small blind) collected ($0.10)
Seat 5: mitetoaeg (big blind) folded before Flop
Seat 6: dvdhmstar folded before Flop (didn't bet)
Seat 7: mooresie28 folded before Flop (didn't bet)
Seat 8: gabriel.mb20 folded before Flop (didn't bet)
Seat 9: Hierow folded before Flop (didn't bet)



PokerStars Hand #237428944328:  Hold'em No Limit ($0.02/$0.05 USD) - 2022/07/17 21:53:42 PT [2022/07/18 0:53:42 ET]
Table 'Nephele IV' 9-max Seat #4 is the button
Seat 1: sowgood5207418 ($3.78 in chips) 
Seat 2: Dorex2007 ($5 in chips) 
Seat 4: okure-okure2 ($5 in chips) 
Seat 5: mitetoaeg ($9.27 in chips) 
Seat 6: dvdhmstar ($5.70 in chips) 
Seat 8: gabriel.mb20 ($4.45 in chips) 
Seat 9: Hierow ($5.14 in chips) 
mitetoaeg: posts small blind $0.02
dvdhmstar: posts big blind $0.05
*** HOLE CARDS ***
Dealt to Dorex2007 [6s Js]
gabriel.mb20: folds 
Hierow: folds 
sowgood5207418: folds 
Dorex2007: folds 
okure-okure2: folds 
mitetoaeg: raises $0.07 to $0.12
dvdhmstar: calls $0.07
*** FLOP *** [6h As Jh]
mitetoaeg: bets $0.15
dvdhmstar: folds 
Uncalled bet ($0.15) returned to mitetoaeg
mitetoaeg collected $0.23 from pot
*** SUMMARY ***
Total pot $0.24 | Rake $0.01 
Board [6h As Jh]
Seat 1: sowgood5207418 folded before Flop (didn't bet)
Seat 2: Dorex2007 folded before Flop (didn't bet)
Seat 4: okure-okure2 (button) folded before Flop (didn't bet)
Seat 5: mitetoaeg (small blind) collected ($0.23)
Seat 6: dvdhmstar (big blind) folded on the Flop
Seat 8: gabriel.mb20 folded before Flop (didn't bet)
Seat 9: Hierow folded before Flop (didn't bet)



PokerStars Hand #237428947884:  Hold'em No Limit ($0.02/$0.05 USD) - 2022/07/17 21:54:15 PT [2022/07/18 0:54:15 ET]
Table 'Nephele IV' 9-max Seat #5 is the button
Seat 1: sowgood5207418 ($3.78 in chips) 
Seat 2: Dorex2007 ($5 in chips) 
Seat 4: okure-okure2 ($5 in chips) 
Seat 5: mitetoaeg ($9.38 in chips) 
Seat 6: dvdhmstar ($5.58 in chips) 
Seat 8: gabriel.mb20 ($4.45 in chips) 
Seat 9: Hierow ($5.14 in chips) 
dvdhmstar: posts small blind $0.02
gabriel.mb20: posts big blind $0.05
*** HOLE CARDS ***
Dealt to Dorex2007 [Ks 2s]
Hierow: raises $0.05 to $0.10
sowgood5207418: calls $0.10
Dorex2007: folds 
okure-okure2: folds 
mitetoaeg: folds 
dvdhmstar: folds 
gabriel.mb20: calls $0.05
*** FLOP *** [2c Tc 4h]
gabriel.mb20: checks 
Hierow: checks 
sowgood5207418: checks 
*** TURN *** [2c Tc 4h] [Qc]
gabriel.mb20: bets $0.05
Hierow: calls $0.05
sowgood5207418: raises $0.05 to $0.10
gabriel.mb20: calls $0.05
Hierow: calls $0.05
*** RIVER *** [2c Tc 4h Qc] [Th]
gabriel.mb20: checks 
Hierow: checks 
sowgood5207418: checks 
*** SHOW DOWN ***
gabriel.mb20: shows [9c Jd] (a pair of Tens)
Hierow: shows [Ad Kd] (a pair of Tens - Ace kicker)
sowgood5207418: shows [Jc Qd] (two pair, Queens and Tens)
sowgood5207418 collected $0.59 from pot
*** SUMMARY ***
Total pot $0.62 | Rake $0.03 
Board [2c Tc 4h Qc Th]
Seat 1: sowgood5207418 showed [Jc Qd] and won ($0.59) with two pair, Queens and Tens
Seat 2: Dorex2007 folded before Flop (didn't bet)
Seat 4: okure-okure2 folded before Flop (didn't bet)
Seat 5: mitetoaeg (button) folded before Flop (didn't bet)
Seat 6: dvdhmstar (small blind) folded before Flop
Seat 8: gabriel.mb20 (big blind) showed [9c Jd] and lost with a pair of Tens
Seat 9: Hierow showed [Ad Kd] and lost with a pair of Tens



PokerStars Hand #237428956605:  Hold'em No Limit ($0.02/$0.05 USD) - 2022/07/17 21:55:40 PT [2022/07/18 0:55:40 ET]
Table 'Nephele IV' 9-max Seat #6 is the button
Seat 1: sowgood5207418 ($4.17 in chips) 
Seat 2: Dorex2007 ($5 in chips) 
Seat 4: okure-okure2 ($5 in chips) 
Seat 5: mitetoaeg ($9.38 in chips) 
Seat 6: dvdhmstar ($5.56 in chips) 
Seat 8: gabriel.mb20 ($4.25 in chips) 
Seat 9: Hierow ($5 in chips) 
gabriel.mb20: posts small blind $0.02
Hierow: posts big blind $0.05
*** HOLE CARDS ***
Dealt to Dorex2007 [Td Jh]
sowgood5207418: calls $0.05
Dorex2007: folds 
okure-okure2: folds 
mitetoaeg: folds 
dvdhmstar: folds 
gabriel.mb20: calls $0.03
Hierow: checks 
*** FLOP *** [7c 8c Tc]
gabriel.mb20: bets $0.05
Hierow: calls $0.05
sowgood5207418: calls $0.05
*** TURN *** [7c 8c Tc] [Ts]
gabriel.mb20: bets $0.10
Hierow: calls $0.10
sowgood5207418: calls $0.10
*** RIVER *** [7c 8c Tc Ts] [2s]
gabriel.mb20: bets $0.29
Hierow: folds 
sowgood5207418: calls $0.29
*** SHOW DOWN ***
gabriel.mb20: shows [6c 9c] (a straight flush, Six to Ten)
sowgood5207418: mucks hand 
gabriel.mb20 collected $1.13 from pot
*** SUMMARY ***
Total pot $1.18 | Rake $0.05 
Board [7c 8c Tc Ts 2s]
Seat 1: sowgood5207418 mucked [8d Qd]
Seat 2: Dorex2007 folded before Flop (didn't bet)
Seat 4: okure-okure2 folded before Flop (didn't bet)
Seat 5: mitetoaeg folded before Flop (didn't bet)
Seat 6: dvdhmstar (button) folded before Flop (didn't bet)
Seat 8: gabriel.mb20 (small blind) showed [6c 9c] and won ($1.13) with a straight flush, Six to Ten
Seat 9: Hierow (big blind) folded on the River



PokerStars Hand #237428962733:  Hold'em No Limit ($0.02/$0.05 USD) - 2022/07/17 21:56:42 PT [2022/07/18 0:56:42 ET]
Table 'Nephele IV' 9-max Seat #8 is the button
Seat 1: sowgood5207418 ($3.68 in chips) 
Seat 2: Dorex2007 ($5 in chips) 
Seat 4: okure-okure2 ($5 in chips) 
Seat 5: mitetoaeg ($9.38 in chips) 
Seat 6: dvdhmstar ($5.56 in chips) 
Seat 8: gabriel.mb20 ($4.89 in chips) 
Seat 9: Hierow ($5 in chips) 
Hierow: posts small blind $0.02
sowgood5207418: posts big blind $0.05
*** HOLE CARDS ***
Dealt to Dorex2007 [5h As]
Dorex2007: folds 
okure-okure2: folds 
mitetoaeg: folds 
dvdhmstar: folds 
gabriel.mb20: raises $0.05 to $0.10
Hierow: folds 
sowgood5207418: calls $0.05
*** FLOP *** [Kd Jc Ad]
sowgood5207418: checks 
gabriel.mb20: bets $0.10
sowgood5207418: folds 
Uncalled bet ($0.10) returned to gabriel.mb20
gabriel.mb20 collected $0.21 from pot
*** SUMMARY ***
Total pot $0.22 | Rake $0.01 
Board [Kd Jc Ad]
Seat 1: sowgood5207418 (big blind) folded on the Flop
Seat 2: Dorex2007 folded before Flop (didn't bet)
Seat 4: okure-okure2 folded before Flop (didn't bet)
Seat 5: mitetoaeg folded before Flop (didn't bet)
Seat 6: dvdhmstar folded before Flop (didn't bet)
Seat 8: gabriel.mb20 (button) collected ($0.21)
Seat 9: Hierow (small blind) folded before Flop



PokerStars Hand #237428966390:  Hold'em No Limit ($0.02/$0.05 USD) - 2022/07/17 21:57:21 PT [2022/07/18 0:57:21 ET]
Table 'Nephele IV' 9-max Seat #9 is the button
Seat 1: sowgood5207418 ($3.58 in chips) 
Seat 2: Dorex2007 ($5 in chips) 
Seat 4: okure-okure2 ($5 in chips) 
Seat 5: mitetoaeg ($9.38 in chips) 
Seat 6: dvdhmstar ($5.56 in chips) 
Seat 8: gabriel.mb20 ($5 in chips) 
Seat 9: Hierow ($5 in chips) 
sowgood5207418: posts small blind $0.02
Dorex2007: posts big blind $0.05
*** HOLE CARDS ***
Dealt to Dorex2007 [2d Js]
okure-okure2: folds 
mitetoaeg: raises $0.07 to $0.12
dvdhmstar: folds 
gabriel.mb20: folds 
Hierow: folds 
sowgood5207418: calls $0.10
Dorex2007: folds 
*** FLOP *** [3s Ks 8c]
sowgood5207418: checks 
mitetoaeg: bets $0.14
sowgood5207418: calls $0.14
*** TURN *** [3s Ks 8c] [8d]
sowgood5207418: checks 
mitetoaeg: checks 
*** RIVER *** [3s Ks 8c 8d] [Ac]
sowgood5207418: bets $0.25
mitetoaeg: folds 
Uncalled bet ($0.25) returned to sowgood5207418
sowgood5207418 collected $0.55 from pot
*** SUMMARY ***
Total pot $0.57 | Rake $0.02 
Board [3s Ks 8c 8d Ac]
Seat 1: sowgood5207418 (small blind) collected ($0.55)
Seat 2: Dorex2007 (big blind) folded before Flop
Seat 4: okure-okure2 folded before Flop (didn't bet)
Seat 5: mitetoaeg folded on the River
Seat 6: dvdhmstar folded before Flop (didn't bet)
Seat 8: gabriel.mb20 folded before Flop (didn't bet)
Seat 9: Hierow (button) folded before Flop (didn't bet)



PokerStars Hand #237428971792:  Hold'em No Limit ($0.02/$0.05 USD) - 2022/07/17 21:58:18 PT [2022/07/18 0:58:18 ET]
Table 'Nephele IV' 9-max Seat #1 is the button
Seat 1: sowgood5207418 ($3.87 in chips) 
Seat 2: Dorex2007 ($5 in chips) 
Seat 4: okure-okure2 ($5 in chips) 
Seat 5: mitetoaeg ($9.12 in chips) 
Seat 6: dvdhmstar ($5.56 in chips) 
Seat 8: gabriel.mb20 ($5 in chips) 
Seat 9: Hierow ($5 in chips) 
Dorex2007: posts small blind $0.02
okure-okure2: posts big blind $0.05
*** HOLE CARDS ***
Dealt to Dorex2007 [4h 5c]
mitetoaeg: folds 
dvdhmstar: folds 
gabriel.mb20: folds 
Hierow: raises $0.08 to $0.13
sowgood5207418: folds 
Dorex2007: folds 
okure-okure2: folds 
Uncalled bet ($0.08) returned to Hierow
Hierow collected $0.12 from pot
*** SUMMARY ***
Total pot $0.12 | Rake $0 
Seat 1: sowgood5207418 (button) folded before Flop (didn't bet)
Seat 2: Dorex2007 (small blind) folded before Flop
Seat 4: okure-okure2 (big blind) folded before Flop
Seat 5: mitetoaeg folded before Flop (didn't bet)
Seat 6: dvdhmstar folded before Flop (didn't bet)
Seat 8: gabriel.mb20 folded before Flop (didn't bet)
Seat 9: Hierow collected ($0.12)



PokerStars Hand #237428974264:  Hold'em No Limit ($0.02/$0.05 USD) - 2022/07/17 21:58:45 PT [2022/07/18 0:58:45 ET]
Table 'Nephele IV' 9-max Seat #2 is the button
Seat 1: sowgood5207418 ($3.87 in chips) 
Seat 2: Dorex2007 ($5 in chips) 
Seat 4: okure-okure2 ($4.95 in chips) 
Seat 5: mitetoaeg ($9.12 in chips) 
Seat 6: dvdhmstar ($5.56 in chips) 
Seat 8: gabriel.mb20 ($5 in chips) 
Seat 9: Hierow ($5.07 in chips) 
okure-okure2: posts small blind $0.02
mitetoaeg: posts big blind $0.05
*** HOLE CARDS ***
Dealt to Dorex2007 [Ah Jd]
dvdhmstar: folds 
gabriel.mb20: folds 
Hierow: folds 
sowgood5207418: calls $0.05
Dorex2007: calls $0.05
okure-okure2: calls $0.03
mitetoaeg: checks 
*** FLOP *** [5s 8s Kh]
okure-okure2: checks 
mitetoaeg: checks 
sowgood5207418: checks 
Dorex2007: checks 
*** TURN *** [5s 8s Kh] [4s]
okure-okure2: checks 
mitetoaeg: bets $0.14
sowgood5207418: folds 
Dorex2007: folds 
okure-okure2: folds 
Uncalled bet ($0.14) returned to mitetoaeg
mitetoaeg collected $0.19 from pot
*** SUMMARY ***
Total pot $0.20 | Rake $0.01 
Board [5s 8s Kh 4s]
Seat 1: sowgood5207418 folded on the Turn
Seat 2: Dorex2007 (button) folded on the Turn
Seat 4: okure-okure2 (small blind) folded on the Turn
Seat 5: mitetoaeg (big blind) collected ($0.19)
Seat 6: dvdhmstar folded before Flop (didn't bet)
Seat 8: gabriel.mb20 folded before Flop (didn't bet)
Seat 9: Hierow folded before Flop (didn't bet)



PokerStars Hand #237428979044:  Hold'em No Limit ($0.02/$0.05 USD) - 2022/07/17 21:59:36 PT [2022/07/18 0:59:36 ET]
Table 'Nephele IV' 9-max Seat #4 is the button
Seat 1: sowgood5207418 ($3.82 in chips) 
Seat 2: Dorex2007 ($5 in chips) 
Seat 4: okure-okure2 ($4.90 in chips) 
Seat 5: mitetoaeg ($9.26 in chips) 
Seat 6: dvdhmstar ($5.56 in chips) 
Seat 8: gabriel.mb20 ($5 in chips) 
Seat 9: Hierow ($5.07 in chips) 
mitetoaeg: posts small blind $0.02
dvdhmstar: posts big blind $0.05
*** HOLE CARDS ***
Dealt to Dorex2007 [4c 5h]
gabriel.mb20: folds 
Hierow: folds 
sowgood5207418: folds 
Dorex2007: folds 
okure-okure2: raises $0.07 to $0.12
mitetoaeg: folds 
dvdhmstar: calls $0.07
*** FLOP *** [Js Tc Td]
dvdhmstar: checks 
okure-okure2: checks 
*** TURN *** [Js Tc Td] [2c]
dvdhmstar: bets $0.10
okure-okure2: calls $0.10
*** RIVER *** [Js Tc Td 2c] [6c]
dvdhmstar: bets $0.10
okure-okure2: raises $0.64 to $0.74
dvdhmstar: folds 
Uncalled bet ($0.64) returned to okure-okure2
okure-okure2 collected $0.63 from pot
*** SUMMARY ***
Total pot $0.66 | Rake $0.03 
Board [Js Tc Td 2c 6c]
Seat 1: sowgood5207418 folded before Flop (didn't bet)
Seat 2: Dorex2007 folded before Flop (didn't bet)
Seat 4: okure-okure2 (button) collected ($0.63)
Seat 5: mitetoaeg (small blind) folded before Flop
Seat 6: dvdhmstar (big blind) folded on the River
Seat 8: gabriel.mb20 folded before Flop (didn't bet)
Seat 9: Hierow folded before Flop (didn't bet)



PokerStars Hand #237428983408:  Hold'em No Limit ($0.02/$0.05 USD) - 2022/07/17 22:00:21 PT [2022/07/18 1:00:21 ET]
Table 'Nephele IV' 9-max Seat #5 is the button
Seat 1: sowgood5207418 ($3.82 in chips) 
Seat 2: Dorex2007 ($5 in chips) 
Seat 4: okure-okure2 ($5.21 in chips) 
Seat 5: mitetoaeg ($9.24 in chips) 
Seat 6: dvdhmstar ($5.24 in chips) 
Seat 8: gabriel.mb20 ($5 in chips) 
Seat 9: Hierow ($5.07 in chips) 
dvdhmstar: posts small blind $0.02
gabriel.mb20: posts big blind $0.05
*** HOLE CARDS ***
Dealt to Dorex2007 [As 3h]
Hierow: folds 
Hierow leaves the table
sowgood5207418: folds 
Dorex2007: folds 
okure-okure2: raises $0.07 to $0.12
mitetoaeg: folds 
dvdhmstar: folds 
gabriel.mb20: calls $0.07
*** FLOP *** [7c Qs 7s]
gabriel.mb20: checks 
okure-okure2: bets $0.12
gabriel.mb20: folds 
Uncalled bet ($0.12) returned to okure-okure2
okure-okure2 collected $0.25 from pot
*** SUMMARY ***
Total pot $0.26 | Rake $0.01 
Board [7c Qs 7s]
Seat 1: sowgood5207418 folded before Flop (didn't bet)
Seat 2: Dorex2007 folded before Flop (didn't bet)
Seat 4: okure-okure2 collected ($0.25)
Seat 5: mitetoaeg (button) folded before Flop (didn't bet)
Seat 6: dvdhmstar (small blind) folded before Flop
Seat 8: gabriel.mb20 (big blind) folded on the Flop
Seat 9: Hierow folded before Flop (didn't bet)



PokerStars Hand #237428986866:  Hold'em No Limit ($0.02/$0.05 USD) - 2022/07/17 22:00:55 PT [2022/07/18 1:00:55 ET]
Table 'Nephele IV' 9-max Seat #6 is the button
Seat 1: sowgood5207418 ($3.82 in chips) 
Seat 2: Dorex2007 ($5 in chips) 
Seat 4: okure-okure2 ($5.34 in chips) 
Seat 5: mitetoaeg ($9.24 in chips) 
Seat 6: dvdhmstar ($5.22 in chips) 
Seat 8: gabriel.mb20 ($4.88 in chips) 
gabriel.mb20: posts small blind $0.02
sowgood5207418: posts big blind $0.05
*** HOLE CARDS ***
Dealt to Dorex2007 [6h Jd]
Dorex2007: folds 
okure-okure2: folds 
mitetoaeg has timed out
mitetoaeg: folds 
dvdhmstar: folds 
gabriel.mb20: folds 
Uncalled bet ($0.03) returned to sowgood5207418
sowgood5207418 collected $0.04 from pot
*** SUMMARY ***
Total pot $0.04 | Rake $0 
Seat 1: sowgood5207418 (big blind) collected ($0.04)
Seat 2: Dorex2007 folded before Flop (didn't bet)
Seat 4: okure-okure2 folded before Flop (didn't bet)
Seat 5: mitetoaeg folded before Flop (didn't bet)
Seat 6: dvdhmstar (button) folded before Flop (didn't bet)
Seat 8: gabriel.mb20 (small blind) folded before Flop



PokerStars Hand #237428992070:  Hold'em No Limit ($0.02/$0.05 USD) - 2022/07/17 22:01:16 PT [2022/07/18 1:01:16 ET]
Table 'Nephele IV' 9-max Seat #8 is the button
Seat 1: sowgood5207418 ($3.84 in chips) 
Seat 2: Dorex2007 ($5 in chips) 
Seat 4: okure-okure2 ($5.34 in chips) 
Seat 6: dvdhmstar ($5.22 in chips) 
Seat 8: gabriel.mb20 ($4.86 in chips) 
sowgood5207418: posts small blind $0.02
Dorex2007: posts big blind $0.05
*** HOLE CARDS ***
Dealt to Dorex2007 [8c Kd]
okure-okure2: raises $0.09 to $0.14
dvdhmstar: folds 
gabriel.mb20: calls $0.14
sowgood5207418: calls $0.12
Dorex2007: folds 
*** FLOP *** [2s 9d 8h]
sowgood5207418: checks 
okure-okure2: bets $0.22
gabriel.mb20: folds 
sowgood5207418: folds 
Uncalled bet ($0.22) returned to okure-okure2
okure-okure2 collected $0.45 from pot
*** SUMMARY ***
Total pot $0.47 | Rake $0.02 
Board [2s 9d 8h]
Seat 1: sowgood5207418 (small blind) folded on the Flop
Seat 2: Dorex2007 (big blind) folded before Flop
Seat 4: okure-okure2 collected ($0.45)
Seat 6: dvdhmstar folded before Flop (didn't bet)
Seat 8: gabriel.mb20 (button) folded on the Flop



PokerStars Hand #237428995470:  Hold'em No Limit ($0.02/$0.05 USD) - 2022/07/17 22:01:49 PT [2022/07/18 1:01:49 ET]
Table 'Nephele IV' 9-max Seat #1 is the button
Seat 1: sowgood5207418 ($3.70 in chips) 
Seat 2: Dorex2007 ($5 in chips) 
Seat 4: okure-okure2 ($5.65 in chips) 
Seat 5: mitetoaeg ($9.24 in chips) 
Seat 6: dvdhmstar ($5.22 in chips) 
Seat 8: gabriel.mb20 ($4.72 in chips) 
Dorex2007: posts small blind $0.02
okure-okure2: posts big blind $0.05
*** HOLE CARDS ***
Dealt to Dorex2007 [9d 5c]
mitetoaeg: raises $0.07 to $0.12
dvdhmstar: folds 
gabriel.mb20: folds 
sowgood5207418: calls $0.12
Dorex2007: folds 
okure-okure2: folds 
*** FLOP *** [Td 3d 7s]
mitetoaeg: bets $0.18
sowgood5207418: folds 
Uncalled bet ($0.18) returned to mitetoaeg
mitetoaeg collected $0.30 from pot
*** SUMMARY ***
Total pot $0.31 | Rake $0.01 
Board [Td 3d 7s]
Seat 1: sowgood5207418 (button) folded on the Flop
Seat 2: Dorex2007 (small blind) folded before Flop
Seat 4: okure-okure2 (big blind) folded before Flop
Seat 5: mitetoaeg collected ($0.30)
Seat 6: dvdhmstar folded before Flop (didn't bet)
Seat 8: gabriel.mb20 folded before Flop (didn't bet)



PokerStars Hand #237428999954:  Hold'em No Limit ($0.02/$0.05 USD) - 2022/07/17 22:02:31 PT [2022/07/18 1:02:31 ET]
Table 'Nephele IV' 9-max Seat #2 is the button
Seat 1: sowgood5207418 ($3.58 in chips) 
Seat 2: Dorex2007 ($5 in chips) 
Seat 4: okure-okure2 ($5.60 in chips) 
Seat 5: mitetoaeg ($9.42 in chips) 
Seat 6: dvdhmstar ($5.22 in chips) 
Seat 8: gabriel.mb20 ($4.72 in chips) 
okure-okure2: posts small blind $0.02
mitetoaeg: posts big blind $0.05
*** HOLE CARDS ***
Dealt to Dorex2007 [9c 5d]
dvdhmstar: raises $0.05 to $0.10
gabriel.mb20: folds 
sowgood5207418: folds 
Dorex2007: folds 
okure-okure2: folds 
mitetoaeg: calls $0.05
*** FLOP *** [4d 4s 7h]
mitetoaeg: checks 
dvdhmstar: checks 
*** TURN *** [4d 4s 7h] [Kh]
mitetoaeg: checks 
dvdhmstar: checks 
*** RIVER *** [4d 4s 7h Kh] [Qd]
mitetoaeg: bets $0.10
dvdhmstar: calls $0.10
*** SHOW DOWN ***
mitetoaeg: shows [Qs Ac] (two pair, Queens and Fours)
dvdhmstar: mucks hand 
mitetoaeg collected $0.40 from pot
*** SUMMARY ***
Total pot $0.42 | Rake $0.02 
Board [4d 4s 7h Kh Qd]
Seat 1: sowgood5207418 folded before Flop (didn't bet)
Seat 2: Dorex2007 (button) folded before Flop (didn't bet)
Seat 4: okure-okure2 (small blind) folded before Flop
Seat 5: mitetoaeg (big blind) showed [Qs Ac] and won ($0.40) with two pair, Queens and Fours
Seat 6: dvdhmstar mucked [As 8s]
Seat 8: gabriel.mb20 folded before Flop (didn't bet)



PokerStars Hand #237429005422:  Hold'em No Limit ($0.02/$0.05 USD) - 2022/07/17 22:03:24 PT [2022/07/18 1:03:24 ET]
Table 'Nephele IV' 9-max Seat #4 is the button
Seat 1: sowgood5207418 ($3.58 in chips) 
Seat 2: Dorex2007 ($5 in chips) 
Seat 4: okure-okure2 ($5.58 in chips) 
Seat 5: mitetoaeg ($9.62 in chips) 
Seat 6: dvdhmstar ($5.02 in chips) 
Seat 8: gabriel.mb20 ($4.72 in chips) 
mitetoaeg: posts small blind $0.02
dvdhmstar: posts big blind $0.05
*** HOLE CARDS ***
Dealt to Dorex2007 [Js 3d]
gabriel.mb20: calls $0.05
sowgood5207418: calls $0.05
Dorex2007: folds 
okure-okure2: folds 
mitetoaeg: calls $0.03
dvdhmstar: checks 
*** FLOP *** [Kc 6c 2s]
mitetoaeg: checks 
dvdhmstar: checks 
gabriel.mb20: checks 
sowgood5207418: checks 
*** TURN *** [Kc 6c 2s] [Td]
mitetoaeg: checks 
dvdhmstar: checks 
gabriel.mb20: checks 
sowgood5207418: checks 
*** RIVER *** [Kc 6c 2s Td] [5c]
mitetoaeg: checks 
dvdhmstar: checks 
gabriel.mb20: checks 
sowgood5207418: checks 
*** SHOW DOWN ***
mitetoaeg: shows [7d 8s] (high card King)
dvdhmstar: shows [6d 9d] (a pair of Sixes)
gabriel.mb20: mucks hand 
sowgood5207418: mucks hand 
dvdhmstar collected $0.19 from pot
*** SUMMARY ***
Total pot $0.20 | Rake $0.01 
Board [Kc 6c 2s Td 5c]
Seat 1: sowgood5207418 mucked [3c Ad]
Seat 2: Dorex2007 folded before Flop (didn't bet)
Seat 4: okure-okure2 (button) folded before Flop (didn't bet)
Seat 5: mitetoaeg (small blind) showed [7d 8s] and lost with high card King
Seat 6: dvdhmstar (big blind) showed [6d 9d] and won ($0.19) with a pair of Sixes
Seat 8: gabriel.mb20 mucked [2c Ah]



PokerStars Hand #237429013382:  Hold'em No Limit ($0.02/$0.05 USD) - 2022/07/17 22:04:40 PT [2022/07/18 1:04:40 ET]
Table 'Nephele IV' 9-max Seat #5 is the button
Seat 1: sowgood5207418 ($3.53 in chips) 
Seat 2: Dorex2007 ($5 in chips) 
Seat 4: okure-okure2 ($5.58 in chips) 
Seat 5: mitetoaeg ($9.57 in chips) 
Seat 6: dvdhmstar ($5.16 in chips) 
Seat 8: gabriel.mb20 ($4.67 in chips) 
dvdhmstar: posts small blind $0.02
gabriel.mb20: posts big blind $0.05
*** HOLE CARDS ***
Dealt to Dorex2007 [4s 9h]
sowgood5207418: folds 
Dorex2007: folds 
okure-okure2: folds 
mitetoaeg: raises $0.07 to $0.12
dvdhmstar: folds 
gabriel.mb20: folds 
Uncalled bet ($0.07) returned to mitetoaeg
mitetoaeg collected $0.12 from pot
*** SUMMARY ***
Total pot $0.12 | Rake $0 
Seat 1: sowgood5207418 folded before Flop (didn't bet)
Seat 2: Dorex2007 folded before Flop (didn't bet)
Seat 4: okure-okure2 folded before Flop (didn't bet)
Seat 5: mitetoaeg (button) collected ($0.12)
Seat 6: dvdhmstar (small blind) folded before Flop
Seat 8: gabriel.mb20 (big blind) folded before Flop



PokerStars Hand #237429017450:  Hold'em No Limit ($0.02/$0.05 USD) - 2022/07/17 22:05:19 PT [2022/07/18 1:05:19 ET]
Table 'Nephele IV' 9-max Seat #6 is the button
Seat 1: sowgood5207418 ($3.53 in chips) 
Seat 2: Dorex2007 ($5 in chips) 
Seat 4: okure-okure2 ($5.58 in chips) 
Seat 5: mitetoaeg ($9.64 in chips) 
Seat 6: dvdhmstar ($5.14 in chips) 
Seat 8: gabriel.mb20 ($4.62 in chips) 
gabriel.mb20: posts small blind $0.02
sowgood5207418: posts big blind $0.05
*** HOLE CARDS ***
Dealt to Dorex2007 [Jc 3h]
Dorex2007: folds 
okure-okure2: folds 
mitetoaeg: raises $0.07 to $0.12
dvdhmstar: folds 
gabriel.mb20: folds 
sowgood5207418: calls $0.07
*** FLOP *** [4h Qs 4d]
sowgood5207418: bets $0.05
mitetoaeg: folds 
Uncalled bet ($0.05) returned to sowgood5207418
sowgood5207418 collected $0.25 from pot
*** SUMMARY ***
Total pot $0.26 | Rake $0.01 
Board [4h Qs 4d]
Seat 1: sowgood5207418 (big blind) collected ($0.25)
Seat 2: Dorex2007 folded before Flop (didn't bet)
Seat 4: okure-okure2 folded before Flop (didn't bet)
Seat 5: mitetoaeg folded on the Flop
Seat 6: dvdhmstar (button) folded before Flop (didn't bet)
Seat 8: gabriel.mb20 (small blind) folded before Flop



PokerStars Hand #237429021056:  Hold'em No Limit ($0.02/$0.05 USD) - 2022/07/17 22:05:53 PT [2022/07/18 1:05:53 ET]
Table 'Nephele IV' 9-max Seat #8 is the button
Seat 1: sowgood5207418 ($3.66 in chips) 
Seat 2: Dorex2007 ($5 in chips) 
Seat 4: okure-okure2 ($5.58 in chips) 
Seat 5: mitetoaeg ($9.52 in chips) 
Seat 6: dvdhmstar ($5.14 in chips) 
Seat 8: gabriel.mb20 ($4.60 in chips) 
sowgood5207418: posts small blind $0.02
Dorex2007: posts big blind $0.05
*** HOLE CARDS ***
Dealt to Dorex2007 [Kc Jh]
okure-okure2: folds 
mitetoaeg: raises $0.07 to $0.12
dvdhmstar: folds 
gabriel.mb20 has timed out
gabriel.mb20: folds 
sowgood5207418: calls $0.10
Dorex2007: calls $0.07
*** FLOP *** [Ks 4s 4h]
sowgood5207418: checks 
Dorex2007: bets $0.35
mitetoaeg: folds 
sowgood5207418: folds 
Uncalled bet ($0.35) returned to Dorex2007
Dorex2007 collected $0.35 from pot
*** SUMMARY ***
Total pot $0.36 | Rake $0.01 
Board [Ks 4s 4h]
Seat 1: sowgood5207418 (small blind) folded on the Flop
Seat 2: Dorex2007 (big blind) collected ($0.35)
Seat 4: okure-okure2 folded before Flop (didn't bet)
Seat 5: mitetoaeg folded on the Flop
Seat 6: dvdhmstar folded before Flop (didn't bet)
Seat 8: gabriel.mb20 (button) folded before Flop (didn't bet)



