PokerStars Hand #234256089457:  Hold'em No Limit ($0.01/$0.02 USD) - 2022/02/20 21:28:47 PT [2022/02/21 0:28:47 ET]
Table 'Iduna V' 9-max Seat #9 is the button
Seat 1: pf10362 ($1.58 in chips) 
Seat 2: SpenkoG ($2.85 in chips) 
Seat 4: StarAVT ($1.87 in chips) 
Seat 5: ANTON urevic ($0.76 in chips) 
Seat 6: Khrenya ($3.85 in chips) 
Seat 7: nvkzivan ($0.96 in chips) 
Seat 8: Dorex2007 ($2 in chips) 
Seat 9: JDaken1986 ($1.95 in chips) 
pf10362: posts small blind $0.01
SpenkoG: posts big blind $0.02
Dorex2007: posts big blind $0.02
*** HOLE CARDS ***
Dealt to Dorex2007 [6d 7d]
StarAVT: folds 
ANTON urevic: folds 
Khrenya: folds 
nvkzivan: folds 
Dorex2007: raises $0.04 to $0.06
JDaken1986: folds 
pf10362: folds 
SpenkoG: folds 
Uncalled bet ($0.04) returned to Dorex2007
Dorex2007 collected $0.05 from pot
Dorex2007: doesn't show hand 
*** SUMMARY ***
Total pot $0.05 | Rake $0 
Seat 1: pf10362 (small blind) folded before Flop
Seat 2: SpenkoG (big blind) folded before Flop
Seat 4: StarAVT folded before Flop (didn't bet)
Seat 5: ANTON urevic folded before Flop (didn't bet)
Seat 6: Khrenya folded before Flop (didn't bet)
Seat 7: nvkzivan folded before Flop (didn't bet)
Seat 8: Dorex2007 collected ($0.05)
Seat 9: JDaken1986 (button) folded before Flop (didn't bet)



PokerStars Hand #234256091607:  Hold'em No Limit ($0.01/$0.02 USD) - 2022/02/20 21:29:01 PT [2022/02/21 0:29:01 ET]
Table 'Iduna V' 9-max Seat #1 is the button
Seat 1: pf10362 ($1.57 in chips) 
Seat 2: SpenkoG ($2.83 in chips) 
Seat 4: StarAVT ($1.87 in chips) 
Seat 5: ANTON urevic ($0.76 in chips) 
Seat 6: Khrenya ($3.85 in chips) 
Seat 7: nvkzivan ($0.96 in chips) 
Seat 8: Dorex2007 ($2.03 in chips) 
Seat 9: JDaken1986 ($1.95 in chips) 
SpenkoG: posts small blind $0.01
StarAVT: posts big blind $0.02
*** HOLE CARDS ***
Dealt to Dorex2007 [Jh 5s]
ANTON urevic: folds 
Khrenya: folds 
nvkzivan: folds 
Dorex2007: folds 
JDaken1986: raises $0.02 to $0.04
pf10362: folds 
SpenkoG: calls $0.03
StarAVT: calls $0.02
*** FLOP *** [Qc 8c 6d]
SpenkoG: checks 
StarAVT: checks 
JDaken1986: bets $0.06
SpenkoG: calls $0.06
StarAVT: folds 
*** TURN *** [Qc 8c 6d] [3c]
SpenkoG: checks 
JDaken1986: bets $0.11
SpenkoG: raises $0.11 to $0.22
JDaken1986: calls $0.11
*** RIVER *** [Qc 8c 6d 3c] [Ah]
SpenkoG: bets $0.50
JDaken1986: folds 
Uncalled bet ($0.50) returned to SpenkoG
SpenkoG collected $0.66 from pot
SpenkoG: doesn't show hand 
*** SUMMARY ***
Total pot $0.68 | Rake $0.02 
Board [Qc 8c 6d 3c Ah]
Seat 1: pf10362 (button) folded before Flop (didn't bet)
Seat 2: SpenkoG (small blind) collected ($0.66)
Seat 4: StarAVT (big blind) folded on the Flop
Seat 5: ANTON urevic folded before Flop (didn't bet)
Seat 6: Khrenya folded before Flop (didn't bet)
Seat 7: nvkzivan folded before Flop (didn't bet)
Seat 8: Dorex2007 folded before Flop (didn't bet)
Seat 9: JDaken1986 folded on the River



PokerStars Hand #234256099173:  Hold'em No Limit ($0.01/$0.02 USD) - 2022/02/20 21:29:53 PT [2022/02/21 0:29:53 ET]
Table 'Iduna V' 9-max Seat #2 is the button
Seat 1: pf10362 ($1.57 in chips) 
Seat 2: SpenkoG ($3.17 in chips) 
Seat 4: StarAVT ($1.83 in chips) 
Seat 5: ANTON urevic ($0.76 in chips) 
Seat 6: Khrenya ($3.85 in chips) 
Seat 7: nvkzivan ($0.96 in chips) 
Seat 8: Dorex2007 ($2.03 in chips) 
Seat 9: JDaken1986 ($1.63 in chips) 
StarAVT: posts small blind $0.01
ANTON urevic: posts big blind $0.02
*** HOLE CARDS ***
Dealt to Dorex2007 [As 2d]
Khrenya: raises $0.06 to $0.08
nvkzivan: folds 
Dorex2007: folds 
JDaken1986: folds 
pf10362: folds 
SpenkoG: folds 
StarAVT: folds 
ANTON urevic: folds 
Uncalled bet ($0.06) returned to Khrenya
Khrenya collected $0.05 from pot
Khrenya: doesn't show hand 
*** SUMMARY ***
Total pot $0.05 | Rake $0 
Seat 1: pf10362 folded before Flop (didn't bet)
Seat 2: SpenkoG (button) folded before Flop (didn't bet)
Seat 4: StarAVT (small blind) folded before Flop
Seat 5: ANTON urevic (big blind) folded before Flop
Seat 6: Khrenya collected ($0.05)
Seat 7: nvkzivan folded before Flop (didn't bet)
Seat 8: Dorex2007 folded before Flop (didn't bet)
Seat 9: JDaken1986 folded before Flop (didn't bet)



PokerStars Hand #234256101272:  Hold'em No Limit ($0.01/$0.02 USD) - 2022/02/20 21:30:07 PT [2022/02/21 0:30:07 ET]
Table 'Iduna V' 9-max Seat #4 is the button
Seat 1: pf10362 ($1.57 in chips) 
Seat 2: SpenkoG ($3.17 in chips) 
Seat 4: StarAVT ($1.82 in chips) 
Seat 5: ANTON urevic ($0.74 in chips) 
Seat 6: Khrenya ($3.88 in chips) 
Seat 7: nvkzivan ($0.96 in chips) 
Seat 8: Dorex2007 ($2.03 in chips) 
Seat 9: JDaken1986 ($1.63 in chips) 
ANTON urevic: posts small blind $0.01
Khrenya: posts big blind $0.02
*** HOLE CARDS ***
Dealt to Dorex2007 [Jh 8s]
nvkzivan: folds 
Dorex2007: folds 
JDaken1986: calls $0.02
pf10362: calls $0.02
SpenkoG: folds 
StarAVT: folds 
ANTON urevic: folds 
Khrenya: raises $0.08 to $0.10
JDaken1986: folds 
pf10362: calls $0.08
*** FLOP *** [2d Td 9d]
Khrenya: bets $0.11
pf10362: raises $0.11 to $0.22
Khrenya: calls $0.11
*** TURN *** [2d Td 9d] [Qd]
Khrenya: bets $0.32
pf10362: raises $0.93 to $1.25 and is all-in
Khrenya: calls $0.93
*** RIVER *** [2d Td 9d Qd] [8h]
*** SHOW DOWN ***
Khrenya: shows [Kd Qc] (a flush, King high)
pf10362: shows [6d Ad] (a flush, Ace high)
pf10362 collected $3.06 from pot
*** SUMMARY ***
Total pot $3.17 | Rake $0.11 
Board [2d Td 9d Qd 8h]
Seat 1: pf10362 showed [6d Ad] and won ($3.06) with a flush, Ace high
Seat 2: SpenkoG folded before Flop (didn't bet)
Seat 4: StarAVT (button) folded before Flop (didn't bet)
Seat 5: ANTON urevic (small blind) folded before Flop
Seat 6: Khrenya (big blind) showed [Kd Qc] and lost with a flush, King high
Seat 7: nvkzivan folded before Flop (didn't bet)
Seat 8: Dorex2007 folded before Flop (didn't bet)
Seat 9: JDaken1986 folded before Flop



PokerStars Hand #234256113772:  Hold'em No Limit ($0.01/$0.02 USD) - 2022/02/20 21:31:33 PT [2022/02/21 0:31:33 ET]
Table 'Iduna V' 9-max Seat #5 is the button
Seat 1: pf10362 ($3.06 in chips) 
Seat 2: SpenkoG ($3.17 in chips) 
Seat 4: StarAVT ($1.82 in chips) 
Seat 5: ANTON urevic ($0.73 in chips) 
Seat 6: Khrenya ($2.31 in chips) 
Seat 7: nvkzivan ($0.96 in chips) 
Seat 8: Dorex2007 ($2.03 in chips) 
Seat 9: JDaken1986 ($1.61 in chips) 
Khrenya: posts small blind $0.01
nvkzivan: posts big blind $0.02
*** HOLE CARDS ***
Dealt to Dorex2007 [8s 4s]
Dorex2007: folds 
JDaken1986: raises $0.04 to $0.06
pf10362: folds 
SpenkoG: folds 
StarAVT: calls $0.06
ANTON urevic: calls $0.06
Khrenya: folds 
nvkzivan: folds 
*** FLOP *** [2d 3h 9h]
JDaken1986: checks 
StarAVT: checks 
ANTON urevic: checks 
*** TURN *** [2d 3h 9h] [Ac]
JDaken1986: checks 
StarAVT: bets $0.04
ANTON urevic: folds 
JDaken1986: calls $0.04
*** RIVER *** [2d 3h 9h Ac] [Tc]
JDaken1986: checks 
StarAVT: bets $0.10
JDaken1986: folds 
Uncalled bet ($0.10) returned to StarAVT
StarAVT collected $0.28 from pot
StarAVT: doesn't show hand 
*** SUMMARY ***
Total pot $0.29 | Rake $0.01 
Board [2d 3h 9h Ac Tc]
Seat 1: pf10362 folded before Flop (didn't bet)
Seat 2: SpenkoG folded before Flop (didn't bet)
Seat 4: StarAVT collected ($0.28)
Seat 5: ANTON urevic (button) folded on the Turn
Seat 6: Khrenya (small blind) folded before Flop
Seat 7: nvkzivan (big blind) folded before Flop
Seat 8: Dorex2007 folded before Flop (didn't bet)
Seat 9: JDaken1986 folded on the River



PokerStars Hand #234256124545:  Hold'em No Limit ($0.01/$0.02 USD) - 2022/02/20 21:32:46 PT [2022/02/21 0:32:46 ET]
Table 'Iduna V' 9-max Seat #6 is the button
Seat 1: pf10362 ($3.06 in chips) 
Seat 2: SpenkoG ($3.17 in chips) 
Seat 4: StarAVT ($2 in chips) 
Seat 5: ANTON urevic ($0.67 in chips) 
Seat 6: Khrenya ($2.30 in chips) 
Seat 7: nvkzivan ($0.94 in chips) 
Seat 8: Dorex2007 ($2.03 in chips) 
Seat 9: JDaken1986 ($1.51 in chips) 
nvkzivan: posts small blind $0.01
Dorex2007: posts big blind $0.02
*** HOLE CARDS ***
Dealt to Dorex2007 [Qc Ad]
JDaken1986: folds 
pf10362: folds 
SpenkoG: calls $0.02
StarAVT: calls $0.02
ANTON urevic: folds 
Khrenya: folds 
nvkzivan: folds 
Dorex2007: checks 
*** FLOP *** [Ts 2c 7d]
JDaken1986 leaves the table
Dorex2007: checks 
SpenkoG: checks 
StarAVT: bets $0.02
Dorex2007: calls $0.02
SpenkoG: calls $0.02
*** TURN *** [Ts 2c 7d] [5s]
Dorex2007: checks 
SpenkoG: checks 
StarAVT: checks 
*** RIVER *** [Ts 2c 7d 5s] [Ah]
Dorex2007: checks 
SpenkoG: bets $0.13
StarAVT: folds 
Dorex2007: calls $0.13
*** SHOW DOWN ***
SpenkoG: shows [5c Ac] (two pair, Aces and Fives)
Dorex2007: mucks hand 
SpenkoG collected $0.38 from pot
*** SUMMARY ***
Total pot $0.39 | Rake $0.01 
Board [Ts 2c 7d 5s Ah]
Seat 1: pf10362 folded before Flop (didn't bet)
Seat 2: SpenkoG showed [5c Ac] and won ($0.38) with two pair, Aces and Fives
Seat 4: StarAVT folded on the River
Seat 5: ANTON urevic folded before Flop (didn't bet)
Seat 6: Khrenya (button) folded before Flop (didn't bet)
Seat 7: nvkzivan (small blind) folded before Flop
Seat 8: Dorex2007 (big blind) mucked [Qc Ad]
Seat 9: JDaken1986 folded before Flop (didn't bet)



PokerStars Hand #234256136832:  Hold'em No Limit ($0.01/$0.02 USD) - 2022/02/20 21:33:37 PT [2022/02/21 0:33:37 ET]
Table 'Iduna V' 9-max Seat #7 is the button
Seat 1: pf10362 ($3.06 in chips) 
Seat 2: SpenkoG ($3.38 in chips) 
Seat 4: StarAVT ($1.96 in chips) 
Seat 5: ANTON urevic ($0.67 in chips) 
Seat 6: Khrenya ($2.30 in chips) 
Seat 7: nvkzivan ($0.93 in chips) 
Seat 8: Dorex2007 ($2 in chips) 
Dorex2007: posts small blind $0.01
pf10362: posts big blind $0.02
*** HOLE CARDS ***
Dealt to Dorex2007 [2h 4h]
SpenkoG: folds 
StarAVT: folds 
ANTON urevic: raises $0.05 to $0.07
Khrenya: folds 
nvkzivan: folds 
Dorex2007: folds 
pf10362: folds 
Uncalled bet ($0.05) returned to ANTON urevic
ANTON urevic collected $0.05 from pot
ANTON urevic: doesn't show hand 
*** SUMMARY ***
Total pot $0.05 | Rake $0 
Seat 1: pf10362 (big blind) folded before Flop
Seat 2: SpenkoG folded before Flop (didn't bet)
Seat 4: StarAVT folded before Flop (didn't bet)
Seat 5: ANTON urevic collected ($0.05)
Seat 6: Khrenya folded before Flop (didn't bet)
Seat 7: nvkzivan (button) folded before Flop (didn't bet)
Seat 8: Dorex2007 (small blind) folded before Flop



PokerStars Hand #234256139778:  Hold'em No Limit ($0.01/$0.02 USD) - 2022/02/20 21:33:58 PT [2022/02/21 0:33:58 ET]
Table 'Iduna V' 9-max Seat #8 is the button
Seat 1: pf10362 ($3.04 in chips) 
Seat 2: SpenkoG ($3.38 in chips) 
Seat 4: StarAVT ($1.96 in chips) 
Seat 5: ANTON urevic ($0.70 in chips) 
Seat 6: Khrenya ($2.30 in chips) 
Seat 7: nvkzivan ($0.93 in chips) 
Seat 8: Dorex2007 ($2 in chips) 
pf10362: posts small blind $0.01
SpenkoG: posts big blind $0.02
*** HOLE CARDS ***
Dealt to Dorex2007 [4d Jc]
StarAVT: folds 
ANTON urevic: folds 
Khrenya: folds 
nvkzivan: folds 
Dorex2007: folds 
pf10362: calls $0.01
G-101-104 leaves the table
SpenkoG: checks 
*** FLOP *** [Tc Ks 2c]
pf10362: checks 
SpenkoG: checks 
*** TURN *** [Tc Ks 2c] [Ts]
pf10362: checks 
SpenkoG: checks 
*** RIVER *** [Tc Ks 2c Ts] [Th]
Wild775 joins the table at seat #3 
pf10362: checks 
SpenkoG: checks 
*** SHOW DOWN ***
pf10362: shows [Qc 7h] (three of a kind, Tens)
SpenkoG: shows [Qh 9h] (three of a kind, Tens)
pf10362 collected $0.02 from pot
SpenkoG collected $0.02 from pot
*** SUMMARY ***
Total pot $0.04 | Rake $0 
Board [Tc Ks 2c Ts Th]
Seat 1: pf10362 (small blind) showed [Qc 7h] and won ($0.02) with three of a kind, Tens
Seat 2: SpenkoG (big blind) showed [Qh 9h] and won ($0.02) with three of a kind, Tens
Seat 4: StarAVT folded before Flop (didn't bet)
Seat 5: ANTON urevic folded before Flop (didn't bet)
Seat 6: Khrenya folded before Flop (didn't bet)
Seat 7: nvkzivan folded before Flop (didn't bet)
Seat 8: Dorex2007 (button) folded before Flop (didn't bet)



PokerStars Hand #234256147436:  Hold'em No Limit ($0.01/$0.02 USD) - 2022/02/20 21:34:50 PT [2022/02/21 0:34:50 ET]
Table 'Iduna V' 9-max Seat #1 is the button
Seat 1: pf10362 ($3.04 in chips) 
Seat 2: SpenkoG ($3.38 in chips) 
Seat 3: Wild775 ($1.40 in chips) 
Seat 4: StarAVT ($1.96 in chips) 
Seat 5: ANTON urevic ($0.70 in chips) 
Seat 6: Khrenya ($2.30 in chips) 
Seat 7: nvkzivan ($0.93 in chips) 
Seat 8: Dorex2007 ($2 in chips) 
SpenkoG: posts small blind $0.01
Wild775: posts big blind $0.02
*** HOLE CARDS ***
Dealt to Dorex2007 [5c Ts]
StarAVT: folds 
ANTON urevic: raises $0.05 to $0.07
Poker Fun12345 joins the table at seat #9 
Khrenya: folds 
nvkzivan: folds 
Dorex2007: folds 
pf10362: folds 
SpenkoG: folds 
Wild775: folds 
Uncalled bet ($0.05) returned to ANTON urevic
ANTON urevic collected $0.05 from pot
ANTON urevic: doesn't show hand 
*** SUMMARY ***
Total pot $0.05 | Rake $0 
Seat 1: pf10362 (button) folded before Flop (didn't bet)
Seat 2: SpenkoG (small blind) folded before Flop
Seat 3: Wild775 (big blind) folded before Flop
Seat 4: StarAVT folded before Flop (didn't bet)
Seat 5: ANTON urevic collected ($0.05)
Seat 6: Khrenya folded before Flop (didn't bet)
Seat 7: nvkzivan folded before Flop (didn't bet)
Seat 8: Dorex2007 folded before Flop (didn't bet)



PokerStars Hand #234256149981:  Hold'em No Limit ($0.01/$0.02 USD) - 2022/02/20 21:35:07 PT [2022/02/21 0:35:07 ET]
Table 'Iduna V' 9-max Seat #2 is the button
Seat 1: pf10362 ($3.04 in chips) 
Seat 2: SpenkoG ($3.37 in chips) 
Seat 3: Wild775 ($1.38 in chips) 
Seat 4: StarAVT ($1.96 in chips) 
Seat 5: ANTON urevic ($0.73 in chips) 
Seat 6: Khrenya ($2.30 in chips) 
Seat 7: nvkzivan ($0.93 in chips) 
Seat 8: Dorex2007 ($2 in chips) 
Wild775: posts small blind $0.01
StarAVT: posts big blind $0.02
Poker Fun12345: sits out 
*** HOLE CARDS ***
Dealt to Dorex2007 [6c Qs]
ANTON urevic: folds 
Khrenya: folds 
nvkzivan: folds 
Dorex2007: folds 
pf10362: folds 
SpenkoG: calls $0.02
Wild775: folds 
StarAVT: checks 
*** FLOP *** [Qc 5h Td]
StarAVT: bets $0.02
SpenkoG: folds 
Uncalled bet ($0.02) returned to StarAVT
StarAVT collected $0.05 from pot
StarAVT: doesn't show hand 
*** SUMMARY ***
Total pot $0.05 | Rake $0 
Board [Qc 5h Td]
Seat 1: pf10362 folded before Flop (didn't bet)
Seat 2: SpenkoG (button) folded on the Flop
Seat 3: Wild775 (small blind) folded before Flop
Seat 4: StarAVT (big blind) collected ($0.05)
Seat 5: ANTON urevic folded before Flop (didn't bet)
Seat 6: Khrenya folded before Flop (didn't bet)
Seat 7: nvkzivan folded before Flop (didn't bet)
Seat 8: Dorex2007 folded before Flop (didn't bet)



PokerStars Hand #234256153519:  Hold'em No Limit ($0.01/$0.02 USD) - 2022/02/20 21:35:31 PT [2022/02/21 0:35:31 ET]
Table 'Iduna V' 9-max Seat #3 is the button
Seat 1: pf10362 ($3.04 in chips) 
Seat 2: SpenkoG ($3.35 in chips) 
Seat 3: Wild775 ($1.37 in chips) 
Seat 4: StarAVT ($1.99 in chips) 
Seat 5: ANTON urevic ($0.73 in chips) 
Seat 6: Khrenya ($2.30 in chips) 
Seat 7: nvkzivan ($0.93 in chips) 
Seat 8: Dorex2007 ($2 in chips) 
Seat 9: Poker Fun12345 ($2 in chips) 
StarAVT: posts small blind $0.01
ANTON urevic: posts big blind $0.02
Poker Fun12345: posts big blind $0.02
*** HOLE CARDS ***
Dealt to Dorex2007 [3h Jc]
Khrenya: folds 
nvkzivan: folds 
Dorex2007: folds 
Poker Fun12345: checks 
pf10362: folds 
SpenkoG: calls $0.02
Wild775: folds 
StarAVT: calls $0.01
ANTON urevic: checks 
*** FLOP *** [Qd 9c 9d]
StarAVT: bets $0.02
ANTON urevic: folds 
Poker Fun12345: folds 
SpenkoG: folds 
Uncalled bet ($0.02) returned to StarAVT
StarAVT collected $0.08 from pot
StarAVT: doesn't show hand 
*** SUMMARY ***
Total pot $0.08 | Rake $0 
Board [Qd 9c 9d]
Seat 1: pf10362 folded before Flop (didn't bet)
Seat 2: SpenkoG folded on the Flop
Seat 3: Wild775 (button) folded before Flop (didn't bet)
Seat 4: StarAVT (small blind) collected ($0.08)
Seat 5: ANTON urevic (big blind) folded on the Flop
Seat 6: Khrenya folded before Flop (didn't bet)
Seat 7: nvkzivan folded before Flop (didn't bet)
Seat 8: Dorex2007 folded before Flop (didn't bet)
Seat 9: Poker Fun12345 folded on the Flop (didn't bet)



PokerStars Hand #234256158527:  Hold'em No Limit ($0.01/$0.02 USD) - 2022/02/20 21:36:06 PT [2022/02/21 0:36:06 ET]
Table 'Iduna V' 9-max Seat #4 is the button
Seat 1: pf10362 ($3.04 in chips) 
Seat 2: SpenkoG ($3.33 in chips) 
Seat 3: Wild775 ($1.37 in chips) 
Seat 4: StarAVT ($2.05 in chips) 
Seat 5: ANTON urevic ($0.71 in chips) 
Seat 6: Khrenya ($2.30 in chips) 
Seat 7: nvkzivan ($0.93 in chips) 
Seat 8: Dorex2007 ($2 in chips) 
Seat 9: Poker Fun12345 ($1.98 in chips) 
ANTON urevic: posts small blind $0.01
Khrenya: posts big blind $0.02
*** HOLE CARDS ***
Dealt to Dorex2007 [Kh 5s]
nvkzivan: folds 
Dorex2007: folds 
Poker Fun12345: folds 
pf10362: folds 
SpenkoG: calls $0.02
Wild775: folds 
StarAVT: raises $0.02 to $0.04
ANTON urevic: folds 
Khrenya: calls $0.02
SpenkoG: calls $0.02
*** FLOP *** [9d 5c Qh]
Khrenya: checks 
SpenkoG: checks 
StarAVT: bets $0.04
Khrenya: calls $0.04
SpenkoG: folds 
*** TURN *** [9d 5c Qh] [Ks]
Khrenya: checks 
StarAVT: checks 
*** RIVER *** [9d 5c Qh Ks] [Td]
Khrenya: bets $0.10
StarAVT: folds 
Uncalled bet ($0.10) returned to Khrenya
Khrenya collected $0.20 from pot
Khrenya: doesn't show hand 
*** SUMMARY ***
Total pot $0.21 | Rake $0.01 
Board [9d 5c Qh Ks Td]
Seat 1: pf10362 folded before Flop (didn't bet)
Seat 2: SpenkoG folded on the Flop
Seat 3: Wild775 folded before Flop (didn't bet)
Seat 4: StarAVT (button) folded on the River
Seat 5: ANTON urevic (small blind) folded before Flop
Seat 6: Khrenya (big blind) collected ($0.20)
Seat 7: nvkzivan folded before Flop (didn't bet)
Seat 8: Dorex2007 folded before Flop (didn't bet)
Seat 9: Poker Fun12345 folded before Flop (didn't bet)



PokerStars Hand #234256166448:  Hold'em No Limit ($0.01/$0.02 USD) - 2022/02/20 21:37:00 PT [2022/02/21 0:37:00 ET]
Table 'Iduna V' 9-max Seat #5 is the button
Seat 1: pf10362 ($3.04 in chips) 
Seat 2: SpenkoG ($3.29 in chips) 
Seat 3: Wild775 ($1.37 in chips) 
Seat 4: StarAVT ($1.97 in chips) 
Seat 5: ANTON urevic ($0.70 in chips) 
Seat 6: Khrenya ($2.42 in chips) 
Seat 7: nvkzivan ($0.93 in chips) 
Seat 8: Dorex2007 ($2 in chips) 
Seat 9: Poker Fun12345 ($1.98 in chips) 
Khrenya: posts small blind $0.01
nvkzivan: posts big blind $0.02
*** HOLE CARDS ***
Dealt to Dorex2007 [2s 7d]
Dorex2007: folds 
Poker Fun12345: folds 
pf10362: folds 
SpenkoG: folds 
Wild775: raises $0.04 to $0.06
StarAVT: calls $0.06
ANTON urevic: folds 
Khrenya: folds 
nvkzivan: folds 
*** FLOP *** [9d 5d 9s]
Wild775: checks 
StarAVT: checks 
*** TURN *** [9d 5d 9s] [6c]
Wild775: bets $0.07
StarAVT: calls $0.07
*** RIVER *** [9d 5d 9s 6c] [Ts]
Wild775: bets $0.14
StarAVT: folds 
Uncalled bet ($0.14) returned to Wild775
Wild775 collected $0.28 from pot
Wild775: doesn't show hand 
*** SUMMARY ***
Total pot $0.29 | Rake $0.01 
Board [9d 5d 9s 6c Ts]
Seat 1: pf10362 folded before Flop (didn't bet)
Seat 2: SpenkoG folded before Flop (didn't bet)
Seat 3: Wild775 collected ($0.28)
Seat 4: StarAVT folded on the River
Seat 5: ANTON urevic (button) folded before Flop (didn't bet)
Seat 6: Khrenya (small blind) folded before Flop
Seat 7: nvkzivan (big blind) folded before Flop
Seat 8: Dorex2007 folded before Flop (didn't bet)
Seat 9: Poker Fun12345 folded before Flop (didn't bet)



PokerStars Hand #234256171204:  Hold'em No Limit ($0.01/$0.02 USD) - 2022/02/20 21:37:33 PT [2022/02/21 0:37:33 ET]
Table 'Iduna V' 9-max Seat #6 is the button
Seat 1: pf10362 ($3.04 in chips) 
Seat 2: SpenkoG ($3.29 in chips) 
Seat 3: Wild775 ($1.52 in chips) 
Seat 4: StarAVT ($1.84 in chips) 
Seat 5: ANTON urevic ($0.70 in chips) 
Seat 6: Khrenya ($2.41 in chips) 
Seat 7: nvkzivan ($0.91 in chips) 
Seat 8: Dorex2007 ($2 in chips) 
Seat 9: Poker Fun12345 ($1.98 in chips) 
nvkzivan: posts small blind $0.01
Dorex2007: posts big blind $0.02
*** HOLE CARDS ***
Dealt to Dorex2007 [4d 8c]
Poker Fun12345: raises $0.04 to $0.06
pf10362: folds 
SpenkoG: folds 
Wild775: folds 
StarAVT: folds 
ANTON urevic: folds 
Khrenya: calls $0.06
nvkzivan: raises $0.85 to $0.91 and is all-in
Dorex2007: folds 
Poker Fun12345: raises $1.07 to $1.98 and is all-in
Khrenya: folds 
Uncalled bet ($1.07) returned to Poker Fun12345
*** FLOP *** [5h 9c Th]
*** TURN *** [5h 9c Th] [Qd]
*** RIVER *** [5h 9c Th Qd] [7h]
*** SHOW DOWN ***
nvkzivan: shows [Jc Jd] (a pair of Jacks)
Poker Fun12345: shows [As Js] (high card Ace)
nvkzivan cashed out the hand for $1.19 | Cash Out Fee $0.01
*** SUMMARY ***
Total pot $1.90 | Rake $0.07 
Board [5h 9c Th Qd 7h]
Seat 1: pf10362 folded before Flop (didn't bet)
Seat 2: SpenkoG folded before Flop (didn't bet)
Seat 3: Wild775 folded before Flop (didn't bet)
Seat 4: StarAVT folded before Flop (didn't bet)
Seat 5: ANTON urevic folded before Flop (didn't bet)
Seat 6: Khrenya (button) folded before Flop
Seat 7: nvkzivan (small blind) showed [Jc Jd] and won ($1.83) with a pair of Jacks (pot not awarded as player cashed out)
Seat 8: Dorex2007 (big blind) folded before Flop
Seat 9: Poker Fun12345 showed [As Js] and lost with high card Ace



PokerStars Hand #234256177236:  Hold'em No Limit ($0.01/$0.02 USD) - 2022/02/20 21:38:15 PT [2022/02/21 0:38:15 ET]
Table 'Iduna V' 9-max Seat #7 is the button
Seat 1: pf10362 ($3.04 in chips) 
Seat 2: SpenkoG ($3.29 in chips) 
Seat 3: Wild775 ($1.52 in chips) 
Seat 4: StarAVT ($1.84 in chips) 
Seat 5: ANTON urevic ($0.70 in chips) 
Seat 6: Khrenya ($2.35 in chips) 
Seat 7: nvkzivan ($1.19 in chips) 
Seat 8: Dorex2007 ($2 in chips) 
Seat 9: Poker Fun12345 ($1.07 in chips) 
Dorex2007: posts small blind $0.01
Poker Fun12345: posts big blind $0.02
*** HOLE CARDS ***
Dealt to Dorex2007 [6s 8h]
pf10362: folds 
SpenkoG: folds 
Wild775: folds 
StarAVT: folds 
ANTON urevic: folds 
Khrenya: folds 
nvkzivan: calls $0.02
Dorex2007: folds 
Poker Fun12345: checks 
*** FLOP *** [8s 4h Jd]
Poker Fun12345: checks 
nvkzivan: checks 
*** TURN *** [8s 4h Jd] [4d]
Poker Fun12345: checks 
nvkzivan: checks 
*** RIVER *** [8s 4h Jd 4d] [5d]
Poker Fun12345: checks 
nvkzivan: checks 
*** SHOW DOWN ***
Poker Fun12345: shows [9c 3d] (a pair of Fours)
nvkzivan: shows [Ah 7h] (a pair of Fours - Ace kicker)
nvkzivan collected $0.05 from pot
*** SUMMARY ***
Total pot $0.05 | Rake $0 
Board [8s 4h Jd 4d 5d]
Seat 1: pf10362 folded before Flop (didn't bet)
Seat 2: SpenkoG folded before Flop (didn't bet)
Seat 3: Wild775 folded before Flop (didn't bet)
Seat 4: StarAVT folded before Flop (didn't bet)
Seat 5: ANTON urevic folded before Flop (didn't bet)
Seat 6: Khrenya folded before Flop (didn't bet)
Seat 7: nvkzivan (button) showed [Ah 7h] and won ($0.05) with a pair of Fours
Seat 8: Dorex2007 (small blind) folded before Flop
Seat 9: Poker Fun12345 (big blind) showed [9c 3d] and lost with a pair of Fours



PokerStars Hand #234256181585:  Hold'em No Limit ($0.01/$0.02 USD) - 2022/02/20 21:38:46 PT [2022/02/21 0:38:46 ET]
Table 'Iduna V' 9-max Seat #8 is the button
Seat 1: pf10362 ($3.04 in chips) 
Seat 2: SpenkoG ($3.29 in chips) 
Seat 3: Wild775 ($1.52 in chips) 
Seat 4: StarAVT ($1.84 in chips) 
Seat 5: ANTON urevic ($0.70 in chips) 
Seat 6: Khrenya ($2.35 in chips) 
Seat 7: nvkzivan ($1.22 in chips) 
Seat 8: Dorex2007 ($2 in chips) 
Seat 9: Poker Fun12345 ($1.05 in chips) 
Poker Fun12345: posts small blind $0.01
pf10362: posts big blind $0.02
*** HOLE CARDS ***
Dealt to Dorex2007 [8s 4d]
SpenkoG: folds 
Wild775: folds 
StarAVT: folds 
ANTON urevic: folds 
Khrenya: folds 
nvkzivan: folds 
Dorex2007: folds 
Poker Fun12345: calls $0.01
pf10362: raises $0.04 to $0.06
Poker Fun12345: calls $0.04
*** FLOP *** [Tc 2s 8h]
Poker Fun12345: checks 
pf10362: checks 
*** TURN *** [Tc 2s 8h] [Jh]
Poker Fun12345: bets $0.06
pf10362: calls $0.06
*** RIVER *** [Tc 2s 8h Jh] [Kd]
Poker Fun12345: bets $0.12
pf10362: folds 
Uncalled bet ($0.12) returned to Poker Fun12345
Poker Fun12345 collected $0.23 from pot
Poker Fun12345: doesn't show hand 
*** SUMMARY ***
Total pot $0.24 | Rake $0.01 
Board [Tc 2s 8h Jh Kd]
Seat 1: pf10362 (big blind) folded on the River
Seat 2: SpenkoG folded before Flop (didn't bet)
Seat 3: Wild775 folded before Flop (didn't bet)
Seat 4: StarAVT folded before Flop (didn't bet)
Seat 5: ANTON urevic folded before Flop (didn't bet)
Seat 6: Khrenya folded before Flop (didn't bet)
Seat 7: nvkzivan folded before Flop (didn't bet)
Seat 8: Dorex2007 (button) folded before Flop (didn't bet)
Seat 9: Poker Fun12345 (small blind) collected ($0.23)



PokerStars Hand #234256188179:  Hold'em No Limit ($0.01/$0.02 USD) - 2022/02/20 21:39:32 PT [2022/02/21 0:39:32 ET]
Table 'Iduna V' 9-max Seat #9 is the button
Seat 1: pf10362 ($2.92 in chips) 
Seat 2: SpenkoG ($3.29 in chips) 
Seat 3: Wild775 ($1.52 in chips) 
Seat 4: StarAVT ($1.84 in chips) 
Seat 5: ANTON urevic ($0.70 in chips) 
Seat 6: Khrenya ($2.35 in chips) 
Seat 7: nvkzivan ($1.22 in chips) 
Seat 8: Dorex2007 ($2 in chips) 
Seat 9: Poker Fun12345 ($1.16 in chips) 
pf10362: posts small blind $0.01
SpenkoG: posts big blind $0.02
*** HOLE CARDS ***
Dealt to Dorex2007 [3h 7c]
Wild775: folds 
StarAVT: raises $0.02 to $0.04
ANTON urevic: folds 
Khrenya: folds 
nvkzivan: folds 
Dorex2007: folds 
Poker Fun12345: folds 
pf10362: folds 
SpenkoG: folds 
Uncalled bet ($0.02) returned to StarAVT
StarAVT collected $0.05 from pot
StarAVT: doesn't show hand 
*** SUMMARY ***
Total pot $0.05 | Rake $0 
Seat 1: pf10362 (small blind) folded before Flop
Seat 2: SpenkoG (big blind) folded before Flop
Seat 3: Wild775 folded before Flop (didn't bet)
Seat 4: StarAVT collected ($0.05)
Seat 5: ANTON urevic folded before Flop (didn't bet)
Seat 6: Khrenya folded before Flop (didn't bet)
Seat 7: nvkzivan folded before Flop (didn't bet)
Seat 8: Dorex2007 folded before Flop (didn't bet)
Seat 9: Poker Fun12345 (button) folded before Flop (didn't bet)



PokerStars Hand #234256190318:  Hold'em No Limit ($0.01/$0.02 USD) - 2022/02/20 21:39:47 PT [2022/02/21 0:39:47 ET]
Table 'Iduna V' 9-max Seat #1 is the button
Seat 1: pf10362 ($2.91 in chips) 
Seat 2: SpenkoG ($3.27 in chips) 
Seat 3: Wild775 ($1.52 in chips) 
Seat 4: StarAVT ($1.87 in chips) 
Seat 5: ANTON urevic ($0.70 in chips) 
Seat 6: Khrenya ($2.35 in chips) 
Seat 7: nvkzivan ($1.22 in chips) 
Seat 8: Dorex2007 ($2 in chips) 
Seat 9: Poker Fun12345 ($1.16 in chips) 
SpenkoG: posts small blind $0.01
Wild775: posts big blind $0.02
*** HOLE CARDS ***
Dealt to Dorex2007 [2d 2h]
StarAVT: calls $0.02
ANTON urevic: folds 
Khrenya: folds 
nvkzivan: folds 
Dorex2007: calls $0.02
Poker Fun12345: folds 
pf10362: raises $0.04 to $0.06
SpenkoG: folds 
Wild775: folds 
StarAVT: calls $0.04
Dorex2007: calls $0.04
*** FLOP *** [7h Th 3h]
StarAVT: checks 
Dorex2007: checks 
pf10362: bets $0.10
StarAVT: folds 
Dorex2007: folds 
Uncalled bet ($0.10) returned to pf10362
pf10362 collected $0.20 from pot
pf10362: doesn't show hand 
*** SUMMARY ***
Total pot $0.21 | Rake $0.01 
Board [7h Th 3h]
Seat 1: pf10362 (button) collected ($0.20)
Seat 2: SpenkoG (small blind) folded before Flop
Seat 3: Wild775 (big blind) folded before Flop
Seat 4: StarAVT folded on the Flop
Seat 5: ANTON urevic folded before Flop (didn't bet)
Seat 6: Khrenya folded before Flop (didn't bet)
Seat 7: nvkzivan folded before Flop (didn't bet)
Seat 8: Dorex2007 folded on the Flop
Seat 9: Poker Fun12345 folded before Flop (didn't bet)



PokerStars Hand #234256198856:  Hold'em No Limit ($0.01/$0.02 USD) - 2022/02/20 21:40:47 PT [2022/02/21 0:40:47 ET]
Table 'Iduna V' 9-max Seat #2 is the button
Seat 1: pf10362 ($3.05 in chips) 
Seat 2: SpenkoG ($3.26 in chips) 
Seat 3: Wild775 ($1.50 in chips) 
Seat 4: StarAVT ($1.81 in chips) 
Seat 5: ANTON urevic ($0.70 in chips) 
Seat 6: Khrenya ($2.35 in chips) 
Seat 7: nvkzivan ($1.22 in chips) 
Seat 8: Dorex2007 ($2 in chips) 
Seat 9: Poker Fun12345 ($1.16 in chips) 
Wild775: posts small blind $0.01
StarAVT: posts big blind $0.02
*** HOLE CARDS ***
Dealt to Dorex2007 [9d Ad]
ANTON urevic: folds 
Khrenya: raises $0.06 to $0.08
nvkzivan: folds 
Dorex2007: folds 
Poker Fun12345: folds 
pf10362: folds 
SpenkoG: folds 
Wild775: folds 
StarAVT: calls $0.06
*** FLOP *** [9h Td 6h]
StarAVT: bets $0.08
Khrenya: calls $0.08
*** TURN *** [9h Td 6h] [4c]
StarAVT: bets $0.14
Khrenya: folds 
Uncalled bet ($0.14) returned to StarAVT
StarAVT collected $0.32 from pot
StarAVT: doesn't show hand 
*** SUMMARY ***
Total pot $0.33 | Rake $0.01 
Board [9h Td 6h 4c]
Seat 1: pf10362 folded before Flop (didn't bet)
Seat 2: SpenkoG (button) folded before Flop (didn't bet)
Seat 3: Wild775 (small blind) folded before Flop
Seat 4: StarAVT (big blind) collected ($0.32)
Seat 5: ANTON urevic folded before Flop (didn't bet)
Seat 6: Khrenya folded on the Turn
Seat 7: nvkzivan folded before Flop (didn't bet)
Seat 8: Dorex2007 folded before Flop (didn't bet)
Seat 9: Poker Fun12345 folded before Flop (didn't bet)



PokerStars Hand #234256204877:  Hold'em No Limit ($0.01/$0.02 USD) - 2022/02/20 21:41:30 PT [2022/02/21 0:41:30 ET]
Table 'Iduna V' 9-max Seat #3 is the button
Seat 1: pf10362 ($3.05 in chips) 
Seat 2: SpenkoG ($3.26 in chips) 
Seat 3: Wild775 ($1.49 in chips) 
Seat 4: StarAVT ($1.97 in chips) 
Seat 5: ANTON urevic ($0.70 in chips) 
Seat 6: Khrenya ($2.19 in chips) 
Seat 7: nvkzivan ($1.22 in chips) 
Seat 8: Dorex2007 ($2 in chips) 
Seat 9: Poker Fun12345 ($1.16 in chips) 
StarAVT: posts small blind $0.01
ANTON urevic: posts big blind $0.02
*** HOLE CARDS ***
Dealt to Dorex2007 [Th Jd]
Khrenya: folds 
nvkzivan: folds 
Dorex2007: folds 
Poker Fun12345: folds 
pf10362: folds 
SpenkoG: calls $0.02
Wild775: folds 
StarAVT: calls $0.01
ANTON urevic: checks 
*** FLOP *** [Ah 3c Td]
StarAVT: checks 
ANTON urevic: checks 
SpenkoG: checks 
*** TURN *** [Ah 3c Td] [Ts]
pf10362 leaves the table
StarAVT: checks 
ANTON urevic: bets $0.03
SpenkoG: calls $0.03
StarAVT: folds 
*** RIVER *** [Ah 3c Td Ts] [Qc]
ANTON urevic: bets $0.12
SpenkoG: folds 
Uncalled bet ($0.12) returned to ANTON urevic
ANTON urevic collected $0.12 from pot
ANTON urevic: doesn't show hand 
*** SUMMARY ***
Total pot $0.12 | Rake $0 
Board [Ah 3c Td Ts Qc]
Seat 1: pf10362 folded before Flop (didn't bet)
Seat 2: SpenkoG folded on the River
Seat 3: Wild775 (button) folded before Flop (didn't bet)
Seat 4: StarAVT (small blind) folded on the Turn
Seat 5: ANTON urevic (big blind) collected ($0.12)
Seat 6: Khrenya folded before Flop (didn't bet)
Seat 7: nvkzivan folded before Flop (didn't bet)
Seat 8: Dorex2007 folded before Flop (didn't bet)
Seat 9: Poker Fun12345 folded before Flop (didn't bet)



PokerStars Hand #234256212863:  Hold'em No Limit ($0.01/$0.02 USD) - 2022/02/20 21:42:26 PT [2022/02/21 0:42:26 ET]
Table 'Iduna V' 9-max Seat #4 is the button
Seat 2: SpenkoG ($3.21 in chips) 
Seat 3: Wild775 ($1.49 in chips) 
Seat 4: StarAVT ($1.95 in chips) 
Seat 5: ANTON urevic ($0.77 in chips) 
Seat 6: Khrenya ($2.19 in chips) 
Seat 7: nvkzivan ($1.22 in chips) 
Seat 8: Dorex2007 ($2 in chips) 
Seat 9: Poker Fun12345 ($1.16 in chips) 
ANTON urevic: posts small blind $0.01
Khrenya: posts big blind $0.02
*** HOLE CARDS ***
Dealt to Dorex2007 [7d 9h]
nvkzivan: folds 
Dorex2007: folds 
Poker Fun12345: raises $0.04 to $0.06
SpenkoG: folds 
Wild775: folds 
StarAVT: calls $0.06
ANTON urevic: folds 
Khrenya: calls $0.04
*** FLOP *** [Th 4c 3d]
Khrenya: checks 
Poker Fun12345: bets $0.09
StarAVT: calls $0.09
Khrenya: raises $0.11 to $0.20
Poker Fun12345: raises $0.90 to $1.10 and is all-in
StarAVT: folds 
Khrenya: calls $0.90
*** TURN *** [Th 4c 3d] [Jc]
*** RIVER *** [Th 4c 3d Jc] [Ts]
*** SHOW DOWN ***
Khrenya: shows [3s 4s] (two pair, Tens and Fours)
Poker Fun12345: shows [Jh Js] (a full house, Jacks full of Tens)
Poker Fun12345 collected $2.39 from pot
*** SUMMARY ***
Total pot $2.48 | Rake $0.09 
Board [Th 4c 3d Jc Ts]
Seat 2: SpenkoG folded before Flop (didn't bet)
Seat 3: Wild775 folded before Flop (didn't bet)
Seat 4: StarAVT (button) folded on the Flop
Seat 5: ANTON urevic (small blind) folded before Flop
Seat 6: Khrenya (big blind) showed [3s 4s] and lost with two pair, Tens and Fours
Seat 7: nvkzivan folded before Flop (didn't bet)
Seat 8: Dorex2007 folded before Flop (didn't bet)
Seat 9: Poker Fun12345 showed [Jh Js] and won ($2.39) with a full house, Jacks full of Tens



PokerStars Hand #234256221266:  Hold'em No Limit ($0.01/$0.02 USD) - 2022/02/20 21:43:25 PT [2022/02/21 0:43:25 ET]
Table 'Iduna V' 9-max Seat #5 is the button
Seat 2: SpenkoG ($3.21 in chips) 
Seat 3: Wild775 ($1.49 in chips) 
Seat 4: StarAVT ($1.80 in chips) 
Seat 5: ANTON urevic ($0.76 in chips) 
Seat 6: Khrenya ($1.03 in chips) 
Seat 7: nvkzivan ($1.22 in chips) 
Seat 8: Dorex2007 ($2 in chips) 
Seat 9: Poker Fun12345 ($2.39 in chips) 
Khrenya: posts small blind $0.01
nvkzivan: posts big blind $0.02
*** HOLE CARDS ***
Dealt to Dorex2007 [Js Ah]
Dorex2007: calls $0.02
Poker Fun12345: folds 
SpenkoG: folds 
Wild775: calls $0.02
StarAVT: folds 
ANTON urevic: calls $0.02
Khrenya: calls $0.01
nvkzivan: checks 
*** FLOP *** [8c Jd Ac]
Khrenya: checks 
greenman321 joins the table at seat #1 
nvkzivan: checks 
Dorex2007: bets $0.07
Wild775: folds 
ANTON urevic: raises $0.11 to $0.18
Khrenya: folds 
nvkzivan: folds 
Dorex2007: raises $1.80 to $1.98 and is all-in
ANTON urevic: calls $0.56 and is all-in
Uncalled bet ($1.24) returned to Dorex2007
*** TURN *** [8c Jd Ac] [3c]
*** RIVER *** [8c Jd Ac 3c] [Jh]
*** SHOW DOWN ***
Dorex2007: shows [Js Ah] (a full house, Jacks full of Aces)
ANTON urevic: shows [Ad Td] (two pair, Aces and Jacks)
ANTON urevic cashed out the hand for $0.15
Dorex2007 cashed out the hand for $1.36 | Cash Out Fee $0.01
*** SUMMARY ***
Total pot $1.58 | Rake $0.06 
Board [8c Jd Ac 3c Jh]
Seat 2: SpenkoG folded before Flop (didn't bet)
Seat 3: Wild775 folded on the Flop
Seat 4: StarAVT folded before Flop (didn't bet)
Seat 5: ANTON urevic (button) showed [Ad Td] and lost with two pair, Aces and Jacks (cashed out).
Seat 6: Khrenya (small blind) folded on the Flop
Seat 7: nvkzivan (big blind) folded on the Flop
Seat 8: Dorex2007 showed [Js Ah] and won ($1.52) with a full house, Jacks full of Aces (pot not awarded as player cashed out)
Seat 9: Poker Fun12345 folded before Flop (didn't bet)



PokerStars Hand #234256232722:  Hold'em No Limit ($0.01/$0.02 USD) - 2022/02/20 21:44:45 PT [2022/02/21 0:44:45 ET]
Table 'Iduna V' 9-max Seat #6 is the button
Seat 2: SpenkoG ($3.21 in chips) 
Seat 3: Wild775 ($1.47 in chips) 
Seat 4: StarAVT ($1.80 in chips) 
Seat 5: ANTON urevic ($0.15 in chips) 
Seat 6: Khrenya ($1.98 in chips) 
Seat 7: nvkzivan ($1.20 in chips) 
Seat 8: Dorex2007 ($2.60 in chips) 
Seat 9: Poker Fun12345 ($2.39 in chips) 
nvkzivan: posts small blind $0.01
Dorex2007: posts big blind $0.02
greenman321: sits out 
*** HOLE CARDS ***
Dealt to Dorex2007 [7h Tc]
Poker Fun12345: folds 
SpenkoG: folds 
Wild775: raises $0.04 to $0.06
StarAVT: folds 
ANTON urevic: folds 
ANTON urevic leaves the table
Khrenya: calls $0.06
nvkzivan: calls $0.05
Dorex2007: folds 
*** FLOP *** [2h 9s Qd]
nvkzivan: checks 
Wild775: bets $0.10
Khrenya: folds 
nvkzivan: raises $1.04 to $1.14 and is all-in
Wild775: folds 
Uncalled bet ($1.04) returned to nvkzivan
nvkzivan collected $0.39 from pot
nvkzivan: doesn't show hand 
*** SUMMARY ***
Total pot $0.40 | Rake $0.01 
Board [2h 9s Qd]
Seat 2: SpenkoG folded before Flop (didn't bet)
Seat 3: Wild775 folded on the Flop
Seat 4: StarAVT folded before Flop (didn't bet)
Seat 5: ANTON urevic folded before Flop (didn't bet)
Seat 6: Khrenya (button) folded on the Flop
Seat 7: nvkzivan (small blind) collected ($0.39)
Seat 8: Dorex2007 (big blind) folded before Flop
Seat 9: Poker Fun12345 folded before Flop (didn't bet)



PokerStars Hand #234256239252:  Hold'em No Limit ($0.01/$0.02 USD) - 2022/02/20 21:45:32 PT [2022/02/21 0:45:32 ET]
Table 'Iduna V' 9-max Seat #7 is the button
Seat 2: SpenkoG ($3.21 in chips) 
Seat 3: Wild775 ($1.31 in chips) 
Seat 4: StarAVT ($1.80 in chips) 
Seat 6: Khrenya ($1.92 in chips) 
Seat 7: nvkzivan ($1.43 in chips) 
Seat 8: Dorex2007 ($2.58 in chips) 
Seat 9: Poker Fun12345 ($2.39 in chips) 
Dorex2007: posts small blind $0.01
Poker Fun12345: posts big blind $0.02
greenman321: sits out 
*** HOLE CARDS ***
Dealt to Dorex2007 [5h Th]
LasVegas2222 joins the table at seat #5 
SpenkoG: calls $0.02
Wild775: folds 
StarAVT: raises $0.04 to $0.06
Khrenya: calls $0.06
nvkzivan: folds 
Dorex2007: folds 
Poker Fun12345: calls $0.04
SpenkoG: calls $0.04
*** FLOP *** [Ah 2s 4s]
Poker Fun12345: checks 
SpenkoG: checks 
StarAVT: bets $0.06
Khrenya: folds 
Poker Fun12345: folds 
SpenkoG: folds 
Uncalled bet ($0.06) returned to StarAVT
StarAVT collected $0.24 from pot
StarAVT: doesn't show hand 
*** SUMMARY ***
Total pot $0.25 | Rake $0.01 
Board [Ah 2s 4s]
Seat 2: SpenkoG folded on the Flop
Seat 3: Wild775 folded before Flop (didn't bet)
Seat 4: StarAVT collected ($0.24)
Seat 6: Khrenya folded on the Flop
Seat 7: nvkzivan (button) folded before Flop (didn't bet)
Seat 8: Dorex2007 (small blind) folded before Flop
Seat 9: Poker Fun12345 (big blind) folded on the Flop



PokerStars Hand #234256251278:  Hold'em No Limit ($0.01/$0.02 USD) - 2022/02/20 21:46:23 PT [2022/02/21 0:46:23 ET]
Table 'Iduna V' 9-max Seat #8 is the button
Seat 1: greenman321 ($0.80 in chips) 
Seat 2: SpenkoG ($3.15 in chips) 
Seat 3: Wild775 ($1.31 in chips) 
Seat 4: StarAVT ($1.98 in chips) 
Seat 5: LasVegas2222 ($1.60 in chips) 
Seat 6: Khrenya ($1.86 in chips) 
Seat 7: nvkzivan ($1.43 in chips) 
Seat 8: Dorex2007 ($2.57 in chips) 
Seat 9: Poker Fun12345 ($2.33 in chips) 
Poker Fun12345: posts small blind $0.01
greenman321: posts big blind $0.02
LasVegas2222: posts big blind $0.02
*** HOLE CARDS ***
Dealt to Dorex2007 [6h 3s]
SpenkoG: calls $0.02
Wild775: calls $0.02
StarAVT: folds 
LasVegas2222: checks 
Khrenya: folds 
nvkzivan: folds 
Dorex2007: folds 
Poker Fun12345: calls $0.01
greenman321: checks 
*** FLOP *** [5d 8c 9s]
Poker Fun12345: checks 
greenman321: checks 
SpenkoG: checks 
Wild775: checks 
LasVegas2222: checks 
*** TURN *** [5d 8c 9s] [As]
Poker Fun12345: checks 
greenman321: checks 
SpenkoG: checks 
Wild775: checks 
LasVegas2222: checks 
*** RIVER *** [5d 8c 9s As] [Ts]
Poker Fun12345: checks 
greenman321: checks 
SpenkoG: checks 
Wild775: bets $0.05
LasVegas2222: folds 
Poker Fun12345: folds 
greenman321: folds 
SpenkoG: folds 
Uncalled bet ($0.05) returned to Wild775
Wild775 collected $0.10 from pot
Wild775: doesn't show hand 
*** SUMMARY ***
Total pot $0.10 | Rake $0 
Board [5d 8c 9s As Ts]
Seat 1: greenman321 (big blind) folded on the River
Seat 2: SpenkoG folded on the River
Seat 3: Wild775 collected ($0.10)
Seat 4: StarAVT folded before Flop (didn't bet)
Seat 5: LasVegas2222 folded on the River (didn't bet)
Seat 6: Khrenya folded before Flop (didn't bet)
Seat 7: nvkzivan folded before Flop (didn't bet)
Seat 8: Dorex2007 (button) folded before Flop (didn't bet)
Seat 9: Poker Fun12345 (small blind) folded on the River



PokerStars Hand #234256259790:  Hold'em No Limit ($0.01/$0.02 USD) - 2022/02/20 21:47:25 PT [2022/02/21 0:47:25 ET]
Table 'Iduna V' 9-max Seat #9 is the button
Seat 1: greenman321 ($0.78 in chips) 
Seat 2: SpenkoG ($3.13 in chips) 
Seat 3: Wild775 ($1.39 in chips) 
Seat 4: StarAVT ($1.98 in chips) 
Seat 5: LasVegas2222 ($1.58 in chips) 
Seat 6: Khrenya ($1.86 in chips) 
Seat 7: nvkzivan ($1.43 in chips) 
Seat 8: Dorex2007 ($2.57 in chips) 
Seat 9: Poker Fun12345 ($2.31 in chips) 
greenman321: posts small blind $0.01
SpenkoG: posts big blind $0.02
*** HOLE CARDS ***
Dealt to Dorex2007 [Tc 2d]
Wild775: folds 
StarAVT: calls $0.02
LasVegas2222: folds 
Khrenya: folds 
nvkzivan: folds 
Dorex2007: folds 
Poker Fun12345: folds 
greenman321: folds 
SpenkoG: checks 
*** FLOP *** [8h 5s Kh]
SpenkoG: checks 
StarAVT: bets $0.04
SpenkoG: folds 
Uncalled bet ($0.04) returned to StarAVT
StarAVT collected $0.05 from pot
StarAVT: doesn't show hand 
*** SUMMARY ***
Total pot $0.05 | Rake $0 
Board [8h 5s Kh]
Seat 1: greenman321 (small blind) folded before Flop
Seat 2: SpenkoG (big blind) folded on the Flop
Seat 3: Wild775 folded before Flop (didn't bet)
Seat 4: StarAVT collected ($0.05)
Seat 5: LasVegas2222 folded before Flop (didn't bet)
Seat 6: Khrenya folded before Flop (didn't bet)
Seat 7: nvkzivan folded before Flop (didn't bet)
Seat 8: Dorex2007 folded before Flop (didn't bet)
Seat 9: Poker Fun12345 (button) folded before Flop (didn't bet)



PokerStars Hand #234256264286:  Hold'em No Limit ($0.01/$0.02 USD) - 2022/02/20 21:47:58 PT [2022/02/21 0:47:58 ET]
Table 'Iduna V' 9-max Seat #1 is the button
Seat 1: greenman321 ($0.77 in chips) 
Seat 2: SpenkoG ($3.11 in chips) 
Seat 3: Wild775 ($1.39 in chips) 
Seat 4: StarAVT ($2.01 in chips) 
Seat 5: LasVegas2222 ($1.58 in chips) 
Seat 6: Khrenya ($1.86 in chips) 
Seat 7: nvkzivan ($1.43 in chips) 
Seat 8: Dorex2007 ($2.57 in chips) 
Seat 9: Poker Fun12345 ($2.31 in chips) 
SpenkoG: posts small blind $0.01
Wild775: posts big blind $0.02
*** HOLE CARDS ***
Dealt to Dorex2007 [3d Jh]
StarAVT: folds 
LasVegas2222: calls $0.02
Khrenya: folds 
nvkzivan: calls $0.02
Dorex2007: folds 
Poker Fun12345: folds 
greenman321: calls $0.02
SpenkoG: folds 
Wild775: checks 
*** FLOP *** [Th Ah Kh]
Wild775: checks 
LasVegas2222: checks 
nvkzivan: checks 
greenman321: checks 
*** TURN *** [Th Ah Kh] [Ac]
Wild775: checks 
LasVegas2222: bets $0.02
nvkzivan: calls $0.02
greenman321: folds 
Wild775: calls $0.02
*** RIVER *** [Th Ah Kh Ac] [5h]
Wild775: checks 
LasVegas2222: bets $0.14
nvkzivan: calls $0.14
Wild775: folds 
*** SHOW DOWN ***
LasVegas2222: shows [As Ts] (a full house, Aces full of Tens)
nvkzivan: mucks hand 
LasVegas2222 collected $0.41 from pot
*** SUMMARY ***
Total pot $0.43 | Rake $0.02 
Board [Th Ah Kh Ac 5h]
Seat 1: greenman321 (button) folded on the Turn
Seat 2: SpenkoG (small blind) folded before Flop
Seat 3: Wild775 (big blind) folded on the River
Seat 4: StarAVT folded before Flop (didn't bet)
Seat 5: LasVegas2222 showed [As Ts] and won ($0.41) with a full house, Aces full of Tens
Seat 6: Khrenya folded before Flop (didn't bet)
Seat 7: nvkzivan mucked [8h 8s]
Seat 8: Dorex2007 folded before Flop (didn't bet)
Seat 9: Poker Fun12345 folded before Flop (didn't bet)



PokerStars Hand #234256271764:  Hold'em No Limit ($0.01/$0.02 USD) - 2022/02/20 21:48:52 PT [2022/02/21 0:48:52 ET]
Table 'Iduna V' 9-max Seat #2 is the button
Seat 1: greenman321 ($0.75 in chips) 
Seat 2: SpenkoG ($3.10 in chips) 
Seat 3: Wild775 ($1.35 in chips) 
Seat 4: StarAVT ($2.01 in chips) 
Seat 5: LasVegas2222 ($1.81 in chips) 
Seat 6: Khrenya ($1.86 in chips) 
Seat 7: nvkzivan ($1.25 in chips) 
Seat 8: Dorex2007 ($2.57 in chips) 
Seat 9: Poker Fun12345 ($2.31 in chips) 
Wild775: posts small blind $0.01
StarAVT: posts big blind $0.02
*** HOLE CARDS ***
Dealt to Dorex2007 [3d Qs]
LasVegas2222: folds 
Khrenya: folds 
nvkzivan: folds 
Dorex2007: folds 
Poker Fun12345: folds 
greenman321: raises $0.04 to $0.06
SpenkoG: calls $0.06
Wild775: folds 
StarAVT: calls $0.04
*** FLOP *** [7s 5d 3h]
StarAVT: checks 
greenman321: bets $0.13
SpenkoG: raises $0.13 to $0.26
StarAVT: folds 
greenman321: raises $0.43 to $0.69 and is all-in
SpenkoG: calls $0.43
*** TURN *** [7s 5d 3h] [5s]
*** RIVER *** [7s 5d 3h 5s] [6d]
*** SHOW DOWN ***
greenman321: shows [Ac Ad] (two pair, Aces and Fives)
SpenkoG: shows [7c 7h] (a full house, Sevens full of Fives)
SpenkoG collected $1.52 from pot
*** SUMMARY ***
Total pot $1.57 | Rake $0.05 
Board [7s 5d 3h 5s 6d]
Seat 1: greenman321 showed [Ac Ad] and lost with two pair, Aces and Fives
Seat 2: SpenkoG (button) showed [7c 7h] and won ($1.52) with a full house, Sevens full of Fives
Seat 3: Wild775 (small blind) folded before Flop
Seat 4: StarAVT (big blind) folded on the Flop
Seat 5: LasVegas2222 folded before Flop (didn't bet)
Seat 6: Khrenya folded before Flop (didn't bet)
Seat 7: nvkzivan folded before Flop (didn't bet)
Seat 8: Dorex2007 folded before Flop (didn't bet)
Seat 9: Poker Fun12345 folded before Flop (didn't bet)



PokerStars Hand #234256282212:  Hold'em No Limit ($0.01/$0.02 USD) - 2022/02/20 21:49:56 PT [2022/02/21 0:49:56 ET]
Table 'Iduna V' 9-max Seat #3 is the button
Seat 2: SpenkoG ($3.87 in chips) 
Seat 3: Wild775 ($1.34 in chips) 
Seat 4: StarAVT ($1.95 in chips) 
Seat 5: LasVegas2222 ($1.81 in chips) 
Seat 6: Khrenya ($1.86 in chips) 
Seat 7: nvkzivan ($1.25 in chips) 
Seat 8: Dorex2007 ($2.57 in chips) 
Seat 9: Poker Fun12345 ($2.31 in chips) 
StarAVT: posts small blind $0.01
LasVegas2222: posts big blind $0.02
*** HOLE CARDS ***
Dealt to Dorex2007 [Ks 9s]
Khrenya: folds 
nvkzivan: folds 
Dorex2007: folds 
Poker Fun12345: folds 
SpenkoG: folds 
Wild775: raises $0.04 to $0.06
StarAVT: calls $0.05
LasVegas2222: folds 
*** FLOP *** [6h Qs 2c]
StarAVT: checks 
Wild775: checks 
*** TURN *** [6h Qs 2c] [9h]
StarAVT: bets $0.04
Wild775: raises $0.04 to $0.08
StarAVT: calls $0.04
*** RIVER *** [6h Qs 2c 9h] [Jd]
StarAVT: checks 
Wild775: bets $0.15
StarAVT: calls $0.15
*** SHOW DOWN ***
Wild775: shows [6d 6c] (three of a kind, Sixes)
StarAVT: mucks hand 
Wild775 collected $0.58 from pot
*** SUMMARY ***
Total pot $0.60 | Rake $0.02 
Board [6h Qs 2c 9h Jd]
Seat 2: SpenkoG folded before Flop (didn't bet)
Seat 3: Wild775 (button) showed [6d 6c] and won ($0.58) with three of a kind, Sixes
Seat 4: StarAVT (small blind) mucked [Js Tc]
Seat 5: LasVegas2222 (big blind) folded before Flop
Seat 6: Khrenya folded before Flop (didn't bet)
Seat 7: nvkzivan folded before Flop (didn't bet)
Seat 8: Dorex2007 folded before Flop (didn't bet)
Seat 9: Poker Fun12345 folded before Flop (didn't bet)



PokerStars Hand #234256288718:  Hold'em No Limit ($0.01/$0.02 USD) - 2022/02/20 21:50:45 PT [2022/02/21 0:50:45 ET]
Table 'Iduna V' 9-max Seat #4 is the button
Seat 1: greenman321 ($1.32 in chips) 
Seat 2: SpenkoG ($3.87 in chips) 
Seat 3: Wild775 ($1.63 in chips) 
Seat 4: StarAVT ($1.66 in chips) 
Seat 5: LasVegas2222 ($1.79 in chips) 
Seat 6: Khrenya ($1.86 in chips) 
Seat 7: nvkzivan ($1.25 in chips) 
Seat 8: Dorex2007 ($2.57 in chips) 
Seat 9: Poker Fun12345 ($2.31 in chips) 
LasVegas2222: posts small blind $0.01
Khrenya: posts big blind $0.02
*** HOLE CARDS ***
Dealt to Dorex2007 [Ah 5c]
nvkzivan: folds 
Dorex2007: folds 
Poker Fun12345: folds 
greenman321: folds 
SpenkoG: calls $0.02
Wild775: folds 
StarAVT: calls $0.02
LasVegas2222: calls $0.01
Khrenya: checks 
*** FLOP *** [8d 5h 6h]
LasVegas2222: checks 
Khrenya: checks 
SpenkoG: checks 
StarAVT: checks 
*** TURN *** [8d 5h 6h] [Jd]
LasVegas2222: checks 
greenman321 is disconnected 
Khrenya: checks 
SpenkoG: checks 
StarAVT: checks 
*** RIVER *** [8d 5h 6h Jd] [2d]
LasVegas2222: checks 
Khrenya: bets $0.08
SpenkoG: raises $0.08 to $0.16
StarAVT: folds 
LasVegas2222: folds 
Khrenya: calls $0.08
*** SHOW DOWN ***
SpenkoG: shows [Ad 3d] (a flush, Ace high)
Khrenya: mucks hand 
SpenkoG collected $0.39 from pot
*** SUMMARY ***
Total pot $0.40 | Rake $0.01 
Board [8d 5h 6h Jd 2d]
Seat 1: greenman321 folded before Flop (didn't bet)
Seat 2: SpenkoG showed [Ad 3d] and won ($0.39) with a flush, Ace high
Seat 3: Wild775 folded before Flop (didn't bet)
Seat 4: StarAVT (button) folded on the River
Seat 5: LasVegas2222 (small blind) folded on the River
Seat 6: Khrenya (big blind) mucked [Jh 4d]
Seat 7: nvkzivan folded before Flop (didn't bet)
Seat 8: Dorex2007 folded before Flop (didn't bet)
Seat 9: Poker Fun12345 folded before Flop (didn't bet)



PokerStars Hand #234256296385:  Hold'em No Limit ($0.01/$0.02 USD) - 2022/02/20 21:51:43 PT [2022/02/21 0:51:43 ET]
Table 'Iduna V' 9-max Seat #5 is the button
Seat 1: greenman321 ($1.32 in chips) 
Seat 2: SpenkoG ($4.08 in chips) 
Seat 3: Wild775 ($1.63 in chips) 
Seat 4: StarAVT ($1.64 in chips) 
Seat 5: LasVegas2222 ($1.77 in chips) 
Seat 6: Khrenya ($1.68 in chips) 
Seat 7: nvkzivan ($1.25 in chips) 
Seat 8: Dorex2007 ($2.57 in chips) 
Seat 9: Poker Fun12345 ($2.31 in chips) 
Khrenya: posts small blind $0.01
nvkzivan: posts big blind $0.02
*** HOLE CARDS ***
Dealt to Dorex2007 [7c 9c]
Dorex2007: folds 
Poker Fun12345: raises $0.02 to $0.04
greenman321: folds 
SpenkoG: folds 
Wild775: folds 
StarAVT: calls $0.04
LasVegas2222: folds 
Khrenya: calls $0.03
nvkzivan: calls $0.02
*** FLOP *** [4c 4d 8c]
Khrenya: checks 
nvkzivan: checks 
Poker Fun12345: bets $0.08
StarAVT: folds 
Khrenya: folds 
nvkzivan: calls $0.08
*** TURN *** [4c 4d 8c] [8s]
nvkzivan: checks 
Poker Fun12345: bets $0.16
nvkzivan: folds 
Uncalled bet ($0.16) returned to Poker Fun12345
Poker Fun12345 collected $0.31 from pot
Poker Fun12345: doesn't show hand 
*** SUMMARY ***
Total pot $0.32 | Rake $0.01 
Board [4c 4d 8c 8s]
Seat 1: greenman321 folded before Flop (didn't bet)
Seat 2: SpenkoG folded before Flop (didn't bet)
Seat 3: Wild775 folded before Flop (didn't bet)
Seat 4: StarAVT folded on the Flop
Seat 5: LasVegas2222 (button) folded before Flop (didn't bet)
Seat 6: Khrenya (small blind) folded on the Flop
Seat 7: nvkzivan (big blind) folded on the Turn
Seat 8: Dorex2007 folded before Flop (didn't bet)
Seat 9: Poker Fun12345 collected ($0.31)



PokerStars Hand #234256303317:  Hold'em No Limit ($0.01/$0.02 USD) - 2022/02/20 21:52:35 PT [2022/02/21 0:52:35 ET]
Table 'Iduna V' 9-max Seat #6 is the button
Seat 1: greenman321 ($1.32 in chips) 
Seat 2: SpenkoG ($4.08 in chips) 
Seat 3: Wild775 ($1.63 in chips) 
Seat 4: StarAVT ($1.60 in chips) 
Seat 5: LasVegas2222 ($1.77 in chips) 
Seat 6: Khrenya ($1.94 in chips) 
Seat 7: nvkzivan ($1.13 in chips) 
Seat 8: Dorex2007 ($2.57 in chips) 
Seat 9: Poker Fun12345 ($2.50 in chips) 
nvkzivan: posts small blind $0.01
Dorex2007: posts big blind $0.02
*** HOLE CARDS ***
Dealt to Dorex2007 [7d 5s]
Poker Fun12345: folds 
greenman321: folds 
SpenkoG: folds 
Wild775: raises $0.02 to $0.04
StarAVT: calls $0.04
LasVegas2222: folds 
Khrenya: calls $0.04
nvkzivan: folds 
Dorex2007: folds 
*** FLOP *** [9h 9s 9d]
Wild775: checks 
StarAVT: bets $0.02
Khrenya: calls $0.02
Wild775: calls $0.02
*** TURN *** [9h 9s 9d] [7c]
Wild775: checks 
StarAVT: bets $0.02
Khrenya: calls $0.02
Wild775: calls $0.02
*** RIVER *** [9h 9s 9d 7c] [2h]
Wild775: checks 
StarAVT: bets $0.26
Khrenya: folds 
Wild775: folds 
Uncalled bet ($0.26) returned to StarAVT
StarAVT collected $0.26 from pot
StarAVT: doesn't show hand 
*** SUMMARY ***
Total pot $0.27 | Rake $0.01 
Board [9h 9s 9d 7c 2h]
Seat 1: greenman321 folded before Flop (didn't bet)
Seat 2: SpenkoG folded before Flop (didn't bet)
Seat 3: Wild775 folded on the River
Seat 4: StarAVT collected ($0.26)
Seat 5: LasVegas2222 folded before Flop (didn't bet)
Seat 6: Khrenya (button) folded on the River
Seat 7: nvkzivan (small blind) folded before Flop
Seat 8: Dorex2007 (big blind) folded before Flop
Seat 9: Poker Fun12345 folded before Flop (didn't bet)



PokerStars Hand #234256311093:  Hold'em No Limit ($0.01/$0.02 USD) - 2022/02/20 21:53:34 PT [2022/02/21 0:53:34 ET]
Table 'Iduna V' 9-max Seat #7 is the button
Seat 1: greenman321 ($1.32 in chips) 
Seat 2: SpenkoG ($4.08 in chips) 
Seat 3: Wild775 ($1.55 in chips) 
Seat 4: StarAVT ($1.78 in chips) 
Seat 5: LasVegas2222 ($1.77 in chips) 
Seat 6: Khrenya ($1.86 in chips) 
Seat 7: nvkzivan ($1.12 in chips) 
Seat 8: Dorex2007 ($2.55 in chips) 
Seat 9: Poker Fun12345 ($2.50 in chips) 
Dorex2007: posts small blind $0.01
Poker Fun12345: posts big blind $0.02
*** HOLE CARDS ***
Dealt to Dorex2007 [7d 7c]
greenman321: folds 
SpenkoG: folds 
Wild775: folds 
StarAVT: folds 
LasVegas2222: folds 
Khrenya: folds 
nvkzivan: folds 
Dorex2007: calls $0.01
Poker Fun12345: checks 
*** FLOP *** [Ad Qc Jd]
Dorex2007: checks 
Poker Fun12345: bets $0.02
Dorex2007: folds 
Uncalled bet ($0.02) returned to Poker Fun12345
Poker Fun12345 collected $0.04 from pot
Poker Fun12345: doesn't show hand 
*** SUMMARY ***
Total pot $0.04 | Rake $0 
Board [Ad Qc Jd]
Seat 1: greenman321 folded before Flop (didn't bet)
Seat 2: SpenkoG folded before Flop (didn't bet)
Seat 3: Wild775 folded before Flop (didn't bet)
Seat 4: StarAVT folded before Flop (didn't bet)
Seat 5: LasVegas2222 folded before Flop (didn't bet)
Seat 6: Khrenya folded before Flop (didn't bet)
Seat 7: nvkzivan (button) folded before Flop (didn't bet)
Seat 8: Dorex2007 (small blind) folded on the Flop
Seat 9: Poker Fun12345 (big blind) collected ($0.04)



PokerStars Hand #234256314540:  Hold'em No Limit ($0.01/$0.02 USD) - 2022/02/20 21:54:00 PT [2022/02/21 0:54:00 ET]
Table 'Iduna V' 9-max Seat #8 is the button
Seat 1: greenman321 ($1.32 in chips) 
Seat 2: SpenkoG ($4.08 in chips) 
Seat 3: Wild775 ($1.55 in chips) 
Seat 4: StarAVT ($1.78 in chips) 
Seat 5: LasVegas2222 ($1.77 in chips) 
Seat 6: Khrenya ($1.86 in chips) 
Seat 7: nvkzivan ($1.12 in chips) 
Seat 8: Dorex2007 ($2.53 in chips) 
Seat 9: Poker Fun12345 ($2.52 in chips) 
Poker Fun12345: posts small blind $0.01
greenman321: posts big blind $0.02
*** HOLE CARDS ***
Dealt to Dorex2007 [Tc Kd]
SpenkoG: calls $0.02
Wild775: folds 
StarAVT: folds 
LasVegas2222: folds 
Khrenya: folds 
nvkzivan: raises $0.08 to $0.10
Dorex2007: folds 
Poker Fun12345: folds 
greenman321: folds 
SpenkoG: calls $0.08
*** FLOP *** [7c Qs 8c]
SpenkoG: checks 
nvkzivan: bets $0.22
SpenkoG: calls $0.22
*** TURN *** [7c Qs 8c] [Qh]
SpenkoG: checks 
nvkzivan: bets $0.32
SpenkoG: calls $0.32
*** RIVER *** [7c Qs 8c Qh] [9h]
SpenkoG: checks 
nvkzivan: bets $0.20
SpenkoG: folds 
Uncalled bet ($0.20) returned to nvkzivan
nvkzivan collected $1.26 from pot
nvkzivan: doesn't show hand 
*** SUMMARY ***
Total pot $1.31 | Rake $0.05 
Board [7c Qs 8c Qh 9h]
Seat 1: greenman321 (big blind) folded before Flop
Seat 2: SpenkoG folded on the River
Seat 3: Wild775 folded before Flop (didn't bet)
Seat 4: StarAVT folded before Flop (didn't bet)
Seat 5: LasVegas2222 folded before Flop (didn't bet)
Seat 6: Khrenya folded before Flop (didn't bet)
Seat 7: nvkzivan collected ($1.26)
Seat 8: Dorex2007 (button) folded before Flop (didn't bet)
Seat 9: Poker Fun12345 (small blind) folded before Flop



PokerStars Hand #234256323008:  Hold'em No Limit ($0.01/$0.02 USD) - 2022/02/20 21:55:05 PT [2022/02/21 0:55:05 ET]
Table 'Iduna V' 9-max Seat #9 is the button
Seat 1: greenman321 ($1.30 in chips) 
Seat 2: SpenkoG ($3.44 in chips) 
Seat 3: Wild775 ($1.55 in chips) 
Seat 4: StarAVT ($1.78 in chips) 
Seat 5: LasVegas2222 ($1.77 in chips) 
Seat 6: Khrenya ($1.86 in chips) 
Seat 7: nvkzivan ($1.74 in chips) 
Seat 8: Dorex2007 ($2.53 in chips) 
Seat 9: Poker Fun12345 ($2.51 in chips) 
greenman321: posts small blind $0.01
SpenkoG: posts big blind $0.02
*** HOLE CARDS ***
Dealt to Dorex2007 [5d 8d]
Wild775: folds 
StarAVT has timed out
StarAVT: folds 
LasVegas2222: calls $0.02
Khrenya: folds 
nvkzivan: folds 
Dorex2007: folds 
Poker Fun12345: folds 
greenman321: calls $0.01
SpenkoG: folds 
*** FLOP *** [Ks 2s Qc]
SpenkoG leaves the table
greenman321: checks 
LasVegas2222: checks 
*** TURN *** [Ks 2s Qc] [9c]
greenman321: checks 
LasVegas2222: checks 
*** RIVER *** [Ks 2s Qc 9c] [7s]
greenman321: checks 
LasVegas2222: checks 
*** SHOW DOWN ***
greenman321: shows [3c As] (high card Ace)
LasVegas2222: shows [Js Ah] (high card Ace - King+Queen+Jack kicker)
LasVegas2222 collected $0.06 from pot
*** SUMMARY ***
Total pot $0.06 | Rake $0 
Board [Ks 2s Qc 9c 7s]
Seat 1: greenman321 (small blind) showed [3c As] and lost with high card Ace
Seat 2: SpenkoG (big blind) folded before Flop
Seat 3: Wild775 folded before Flop (didn't bet)
Seat 4: StarAVT folded before Flop (didn't bet)
Seat 5: LasVegas2222 showed [Js Ah] and won ($0.06) with high card Ace
Seat 6: Khrenya folded before Flop (didn't bet)
Seat 7: nvkzivan folded before Flop (didn't bet)
Seat 8: Dorex2007 folded before Flop (didn't bet)
Seat 9: Poker Fun12345 (button) folded before Flop (didn't bet)



PokerStars Hand #234256328264:  Hold'em No Limit ($0.01/$0.02 USD) - 2022/02/20 21:55:53 PT [2022/02/21 0:55:53 ET]
Table 'Iduna V' 9-max Seat #1 is the button
Seat 1: greenman321 ($1.28 in chips) 
Seat 3: Wild775 ($1.55 in chips) 
Seat 4: StarAVT ($1.78 in chips) 
Seat 5: LasVegas2222 ($1.81 in chips) 
Seat 6: Khrenya ($1.86 in chips) 
Seat 7: nvkzivan ($1.74 in chips) 
Seat 8: Dorex2007 ($2.53 in chips) 
Seat 9: Poker Fun12345 ($2.51 in chips) 
Wild775: posts small blind $0.01
StarAVT: posts big blind $0.02
*** HOLE CARDS ***
Dealt to Dorex2007 [4s 9h]
LasVegas2222: folds 
Khrenya: folds 
nvkzivan: folds 
Dorex2007: folds 
Poker Fun12345: folds 
greenman321: calls $0.02
Wild775: calls $0.01
StarAVT: checks 
*** FLOP *** [2h 7s 5d]
Wild775: checks 
StarAVT: checks 
greenman321: checks 
*** TURN *** [2h 7s 5d] [9s]
LasVegas2222 is disconnected 
Wild775: bets $0.02
StarAVT: calls $0.02
greenman321: folds 
*** RIVER *** [2h 7s 5d 9s] [7h]
Wild775: bets $0.04
StarAVT: folds 
Uncalled bet ($0.04) returned to Wild775
Wild775 collected $0.10 from pot
Wild775: doesn't show hand 
*** SUMMARY ***
Total pot $0.10 | Rake $0 
Board [2h 7s 5d 9s 7h]
Seat 1: greenman321 (button) folded on the Turn
Seat 3: Wild775 (small blind) collected ($0.10)
Seat 4: StarAVT (big blind) folded on the River
Seat 5: LasVegas2222 folded before Flop (didn't bet)
Seat 6: Khrenya folded before Flop (didn't bet)
Seat 7: nvkzivan folded before Flop (didn't bet)
Seat 8: Dorex2007 folded before Flop (didn't bet)
Seat 9: Poker Fun12345 folded before Flop (didn't bet)



PokerStars Hand #234256335347:  Hold'em No Limit ($0.01/$0.02 USD) - 2022/02/20 21:56:58 PT [2022/02/21 0:56:58 ET]
Table 'Iduna V' 9-max Seat #3 is the button
Seat 1: greenman321 ($1.26 in chips) 
Seat 3: Wild775 ($1.61 in chips) 
Seat 4: StarAVT ($1.74 in chips) 
Seat 6: Khrenya ($1.86 in chips) 
Seat 7: nvkzivan ($1.74 in chips) 
Seat 8: Dorex2007 ($2.53 in chips) 
Seat 9: Poker Fun12345 ($2.51 in chips) 
StarAVT: posts small blind $0.01
Khrenya: posts big blind $0.02
*** HOLE CARDS ***
Dealt to Dorex2007 [Jh Kh]
nvkzivan: raises $0.08 to $0.10
Dorex2007: folds 
Poker Fun12345: calls $0.10
greenman321: folds 
Wild775: folds 
StarAVT: calls $0.09
tm-online joins the table at seat #2 
Khrenya: calls $0.08
*** FLOP *** [5h Jd 5c]
StarAVT: checks 
Khrenya: checks 
nvkzivan: bets $0.10
Poker Fun12345: calls $0.10
StarAVT: folds 
Khrenya: calls $0.10
*** TURN *** [5h Jd 5c] [2h]
Khrenya: checks 
nvkzivan: checks 
Poker Fun12345: checks 
*** RIVER *** [5h Jd 5c 2h] [3s]
Khrenya: checks 
tm-online leaves the table
nvkzivan: checks 
Poker Fun12345: bets $0.34
Khrenya: folds 
nvkzivan: folds 
Uncalled bet ($0.34) returned to Poker Fun12345
Poker Fun12345 collected $0.68 from pot
Poker Fun12345: doesn't show hand 
*** SUMMARY ***
Total pot $0.70 | Rake $0.02 
Board [5h Jd 5c 2h 3s]
Seat 1: greenman321 folded before Flop (didn't bet)
Seat 3: Wild775 (button) folded before Flop (didn't bet)
Seat 4: StarAVT (small blind) folded on the Flop
Seat 6: Khrenya (big blind) folded on the River
Seat 7: nvkzivan folded on the River
Seat 8: Dorex2007 folded before Flop (didn't bet)
Seat 9: Poker Fun12345 collected ($0.68)



PokerStars Hand #234256353326:  Hold'em No Limit ($0.01/$0.02 USD) - 2022/02/20 21:58:41 PT [2022/02/21 0:58:41 ET]
Table 'Iduna V' 9-max Seat #4 is the button
Seat 1: greenman321 ($1.26 in chips) 
Seat 3: Wild775 ($1.61 in chips) 
Seat 4: StarAVT ($1.64 in chips) 
Seat 6: Khrenya ($1.66 in chips) 
Seat 7: nvkzivan ($1.54 in chips) 
Seat 8: Dorex2007 ($2.53 in chips) 
Seat 9: Poker Fun12345 ($2.99 in chips) 
Khrenya: posts small blind $0.01
nvkzivan: posts big blind $0.02
*** HOLE CARDS ***
Dealt to Dorex2007 [8d 3s]
Dorex2007: folds 
Poker Fun12345: folds 
greenman321: folds 
Wild775: folds 
StarAVT: folds 
Khrenya: folds 
Uncalled bet ($0.01) returned to nvkzivan
nvkzivan collected $0.02 from pot
nvkzivan: doesn't show hand 
*** SUMMARY ***
Total pot $0.02 | Rake $0 
Seat 1: greenman321 folded before Flop (didn't bet)
Seat 3: Wild775 folded before Flop (didn't bet)
Seat 4: StarAVT (button) folded before Flop (didn't bet)
Seat 6: Khrenya (small blind) folded before Flop
Seat 7: nvkzivan (big blind) collected ($0.02)
Seat 8: Dorex2007 folded before Flop (didn't bet)
Seat 9: Poker Fun12345 folded before Flop (didn't bet)



PokerStars Hand #234256361037:  Hold'em No Limit ($0.01/$0.02 USD) - 2022/02/20 21:59:00 PT [2022/02/21 0:59:00 ET]
Table 'Iduna V' 9-max Seat #6 is the button
Seat 1: greenman321 ($1.26 in chips) 
Seat 3: Wild775 ($1.61 in chips) 
Seat 4: StarAVT ($1.64 in chips) 
Seat 6: Khrenya ($1.65 in chips) 
Seat 7: nvkzivan ($1.55 in chips) 
Seat 8: Dorex2007 ($2.53 in chips) 
nvkzivan: posts small blind $0.01
Dorex2007: posts big blind $0.02
*** HOLE CARDS ***
Dealt to Dorex2007 [8s Qc]
Poker Fun12345 leaves the table
greenman321: calls $0.02
Wild775: folds 
StarAVT: folds 
Khrenya: folds 
nvkzivan: folds 
Dorex2007: checks 
*** FLOP *** [5d 4d Tc]
QUEENOFCG joins the table at seat #9 
rjeg333 joins the table at seat #2 
Dorex2007: checks 
greenman321: checks 
*** TURN *** [5d 4d Tc] [8c]
Dorex2007: checks 
greenman321: checks 
*** RIVER *** [5d 4d Tc 8c] [Ad]
Dorex2007: checks 
greenman321: bets $0.02
Dorex2007: calls $0.02
*** SHOW DOWN ***
greenman321: shows [9s As] (a pair of Aces)
Dorex2007: mucks hand 
greenman321 collected $0.09 from pot
*** SUMMARY ***
Total pot $0.09 | Rake $0 
Board [5d 4d Tc 8c Ad]
Seat 1: greenman321 showed [9s As] and won ($0.09) with a pair of Aces
Seat 3: Wild775 folded before Flop (didn't bet)
Seat 4: StarAVT folded before Flop (didn't bet)
Seat 6: Khrenya (button) folded before Flop (didn't bet)
Seat 7: nvkzivan (small blind) folded before Flop
Seat 8: Dorex2007 (big blind) mucked [8s Qc]



PokerStars Hand #234256368646:  Hold'em No Limit ($0.01/$0.02 USD) - 2022/02/20 22:00:07 PT [2022/02/21 1:00:07 ET]
Table 'Iduna V' 9-max Seat #7 is the button
Seat 1: greenman321 ($1.31 in chips) 
Seat 3: Wild775 ($1.61 in chips) 
Seat 4: StarAVT ($1.64 in chips) 
Seat 6: Khrenya ($1.65 in chips) 
Seat 7: nvkzivan ($1.54 in chips) 
Seat 8: Dorex2007 ($2.49 in chips) 
Seat 9: QUEENOFCG ($2 in chips) 
Dorex2007: posts small blind $0.01
QUEENOFCG: posts big blind $0.02
rjeg333: sits out 
*** HOLE CARDS ***
Dealt to Dorex2007 [8h 9h]
greenman321 has timed out
greenman321: folds 
Wild775: folds 
StarAVT: folds 
Khrenya: folds 
nvkzivan: folds 
nvkzivan leaves the table
Dorex2007: raises $0.02 to $0.04
2VERY joins the table at seat #7 
QUEENOFCG: calls $0.02
*** FLOP *** [As Js 2s]
Dorex2007: checks 
QUEENOFCG: checks 
*** TURN *** [As Js 2s] [Qc]
Dorex2007: checks 
QUEENOFCG: bets $0.03
Dorex2007: folds 
Uncalled bet ($0.03) returned to QUEENOFCG
QUEENOFCG collected $0.08 from pot
QUEENOFCG: doesn't show hand 
*** SUMMARY ***
Total pot $0.08 | Rake $0 
Board [As Js 2s Qc]
Seat 1: greenman321 folded before Flop (didn't bet)
Seat 3: Wild775 folded before Flop (didn't bet)
Seat 4: StarAVT folded before Flop (didn't bet)
Seat 6: Khrenya folded before Flop (didn't bet)
Seat 7: nvkzivan (button) folded before Flop (didn't bet)
Seat 8: Dorex2007 (small blind) folded on the Turn
Seat 9: QUEENOFCG (big blind) collected ($0.08)



PokerStars Hand #234256374237:  Hold'em No Limit ($0.01/$0.02 USD) - 2022/02/20 22:00:53 PT [2022/02/21 1:00:53 ET]
Table 'Iduna V' 9-max Seat #8 is the button
Seat 1: greenman321 ($1.31 in chips) 
Seat 3: Wild775 ($1.61 in chips) 
Seat 4: StarAVT ($1.64 in chips) 
Seat 6: Khrenya ($1.65 in chips) 
Seat 8: Dorex2007 ($2.45 in chips) 
Seat 9: QUEENOFCG ($2.04 in chips) 
QUEENOFCG: posts small blind $0.01
greenman321: posts big blind $0.02
rjeg333: sits out 
2VERY: sits out 
*** HOLE CARDS ***
Dealt to Dorex2007 [2d 5d]
Wild775: folds 
StarAVT: folds 
Khrenya: folds 
Dorex2007: folds 
QUEENOFCG: calls $0.01
greenman321: checks 
*** FLOP *** [Jh 2h 9s]
QUEENOFCG: bets $0.02
greenman321: folds 
Uncalled bet ($0.02) returned to QUEENOFCG
QUEENOFCG collected $0.04 from pot
QUEENOFCG: doesn't show hand 
*** SUMMARY ***
Total pot $0.04 | Rake $0 
Board [Jh 2h 9s]
Seat 1: greenman321 (big blind) folded on the Flop
Seat 3: Wild775 folded before Flop (didn't bet)
Seat 4: StarAVT folded before Flop (didn't bet)
Seat 6: Khrenya folded before Flop (didn't bet)
Seat 8: Dorex2007 (button) folded before Flop (didn't bet)
Seat 9: QUEENOFCG (small blind) collected ($0.04)



PokerStars Hand #234256381671:  Hold'em No Limit ($0.01/$0.02 USD) - 2022/02/20 22:01:26 PT [2022/02/21 1:01:26 ET]
Table 'Iduna V' 9-max Seat #9 is the button
Seat 1: greenman321 ($1.29 in chips) 
Seat 2: rjeg333 ($1.60 in chips) 
Seat 3: Wild775 ($1.61 in chips) 
Seat 4: StarAVT ($1.64 in chips) 
Seat 6: Khrenya ($1.65 in chips) 
Seat 8: Dorex2007 ($2.45 in chips) 
Seat 9: QUEENOFCG ($2.06 in chips) 
greenman321: posts small blind $0.01
rjeg333: posts big blind $0.02
2VERY: sits out 
*** HOLE CARDS ***
Dealt to Dorex2007 [5s 4h]
Wild775: folds 
StarAVT: calls $0.02
Khrenya: folds 
Dorex2007: folds 
QUEENOFCG: folds 
greenman321: calls $0.01
rjeg333: checks 
*** FLOP *** [Kd Tc 6d]
greenman321: checks 
rjeg333: checks 
StarAVT: bets $0.02
greenman321: folds 
rjeg333: folds 
Uncalled bet ($0.02) returned to StarAVT
StarAVT collected $0.06 from pot
StarAVT: doesn't show hand 
*** SUMMARY ***
Total pot $0.06 | Rake $0 
Board [Kd Tc 6d]
Seat 1: greenman321 (small blind) folded on the Flop
Seat 2: rjeg333 (big blind) folded on the Flop
Seat 3: Wild775 folded before Flop (didn't bet)
Seat 4: StarAVT collected ($0.06)
Seat 6: Khrenya folded before Flop (didn't bet)
Seat 8: Dorex2007 folded before Flop (didn't bet)
Seat 9: QUEENOFCG (button) folded before Flop (didn't bet)



PokerStars Hand #234256385864:  Hold'em No Limit ($0.01/$0.02 USD) - 2022/02/20 22:01:59 PT [2022/02/21 1:01:59 ET]
Table 'Iduna V' 9-max Seat #1 is the button
Seat 1: greenman321 ($1.27 in chips) 
Seat 2: rjeg333 ($1.58 in chips) 
Seat 3: Wild775 ($1.61 in chips) 
Seat 4: StarAVT ($1.68 in chips) 
Seat 6: Khrenya ($1.65 in chips) 
Seat 8: Dorex2007 ($2.45 in chips) 
Seat 9: QUEENOFCG ($2.06 in chips) 
rjeg333: posts small blind $0.01
Wild775: posts big blind $0.02
2VERY: sits out 
*** HOLE CARDS ***
Dealt to Dorex2007 [Qs 2h]
StarAVT: calls $0.02
Khrenya: folds 
Dorex2007: folds 
QUEENOFCG: raises $0.04 to $0.06
greenman321: folds 
rjeg333: folds 
Wild775: folds 
StarAVT: calls $0.04
*** FLOP *** [Jd 6h 3c]
StarAVT: checks 
QUEENOFCG: bets $0.04
StarAVT: calls $0.04
*** TURN *** [Jd 6h 3c] [Th]
StarAVT: checks 
QUEENOFCG: bets $0.06
StarAVT: calls $0.06
*** RIVER *** [Jd 6h 3c Th] [8c]
StarAVT: checks 
QUEENOFCG: checks 
*** SHOW DOWN ***
StarAVT: shows [6d 5d] (a pair of Sixes)
QUEENOFCG: shows [9h 9c] (a pair of Nines)
QUEENOFCG collected $0.34 from pot
*** SUMMARY ***
Total pot $0.35 | Rake $0.01 
Board [Jd 6h 3c Th 8c]
Seat 1: greenman321 (button) folded before Flop (didn't bet)
Seat 2: rjeg333 (small blind) folded before Flop
Seat 3: Wild775 (big blind) folded before Flop
Seat 4: StarAVT showed [6d 5d] and lost with a pair of Sixes
Seat 6: Khrenya folded before Flop (didn't bet)
Seat 8: Dorex2007 folded before Flop (didn't bet)
Seat 9: QUEENOFCG showed [9h 9c] and won ($0.34) with a pair of Nines



PokerStars Hand #234256392711:  Hold'em No Limit ($0.01/$0.02 USD) - 2022/02/20 22:02:50 PT [2022/02/21 1:02:50 ET]
Table 'Iduna V' 9-max Seat #2 is the button
Seat 1: greenman321 ($1.27 in chips) 
Seat 2: rjeg333 ($1.57 in chips) 
Seat 3: Wild775 ($1.59 in chips) 
Seat 4: StarAVT ($1.52 in chips) 
Seat 6: Khrenya ($1.65 in chips) 
Seat 8: Dorex2007 ($2.45 in chips) 
Seat 9: QUEENOFCG ($2.24 in chips) 
Wild775: posts small blind $0.01
StarAVT: posts big blind $0.02
2VERY: sits out 
*** HOLE CARDS ***
Dealt to Dorex2007 [Ah Th]
Khrenya: folds 
Dorex2007: raises $0.02 to $0.04
QUEENOFCG: folds 
greenman321: calls $0.04
rjeg333: folds 
Wild775: folds 
StarAVT: folds 
*** FLOP *** [3d 9s Qc]
Dorex2007: checks 
greenman321: checks 
*** TURN *** [3d 9s Qc] [7h]
Dorex2007: checks 
greenman321: checks 
*** RIVER *** [3d 9s Qc 7h] [8d]
Dorex2007: checks 
greenman321: checks 
*** SHOW DOWN ***
Dorex2007: shows [Ah Th] (high card Ace)
greenman321: shows [Td Ad] (high card Ace)
Dorex2007 collected $0.06 from pot
greenman321 collected $0.05 from pot
*** SUMMARY ***
Total pot $0.11 | Rake $0 
Board [3d 9s Qc 7h 8d]
Seat 1: greenman321 showed [Td Ad] and won ($0.05) with high card Ace
Seat 2: rjeg333 (button) folded before Flop (didn't bet)
Seat 3: Wild775 (small blind) folded before Flop
Seat 4: StarAVT (big blind) folded before Flop
Seat 6: Khrenya folded before Flop (didn't bet)
Seat 8: Dorex2007 showed [Ah Th] and won ($0.06) with high card Ace
Seat 9: QUEENOFCG folded before Flop (didn't bet)



PokerStars Hand #234256399695:  Hold'em No Limit ($0.01/$0.02 USD) - 2022/02/20 22:03:44 PT [2022/02/21 1:03:44 ET]
Table 'Iduna V' 9-max Seat #3 is the button
Seat 1: greenman321 ($1.28 in chips) 
Seat 2: rjeg333 ($1.57 in chips) 
Seat 3: Wild775 ($1.58 in chips) 
Seat 4: StarAVT ($1.50 in chips) 
Seat 6: Khrenya ($1.65 in chips) 
Seat 8: Dorex2007 ($2.47 in chips) 
Seat 9: QUEENOFCG ($2.24 in chips) 
StarAVT: posts small blind $0.01
Khrenya: posts big blind $0.02
2VERY: sits out 
*** HOLE CARDS ***
Dealt to Dorex2007 [Jc 3h]
Dorex2007: folds 
QUEENOFCG: folds 
greenman321: folds 
rjeg333: raises $0.02 to $0.04
Wild775: folds 
StarAVT: folds 
Khrenya: calls $0.02
*** FLOP *** [4d Th Jd]
Khrenya: checks 
rjeg333: checks 
*** TURN *** [4d Th Jd] [Ks]
Khrenya: checks 
rjeg333: checks 
*** RIVER *** [4d Th Jd Ks] [2d]
Khrenya: bets $0.09
rjeg333: folds 
Uncalled bet ($0.09) returned to Khrenya
Khrenya collected $0.09 from pot
Khrenya: doesn't show hand 
*** SUMMARY ***
Total pot $0.09 | Rake $0 
Board [4d Th Jd Ks 2d]
Seat 1: greenman321 folded before Flop (didn't bet)
Seat 2: rjeg333 folded on the River
Seat 3: Wild775 (button) folded before Flop (didn't bet)
Seat 4: StarAVT (small blind) folded before Flop
Seat 6: Khrenya (big blind) collected ($0.09)
Seat 8: Dorex2007 folded before Flop (didn't bet)
Seat 9: QUEENOFCG folded before Flop (didn't bet)



PokerStars Hand #234256406326:  Hold'em No Limit ($0.01/$0.02 USD) - 2022/02/20 22:04:35 PT [2022/02/21 1:04:35 ET]
Table 'Iduna V' 9-max Seat #4 is the button
Seat 1: greenman321 ($1.28 in chips) 
Seat 2: rjeg333 ($1.53 in chips) 
Seat 3: Wild775 ($1.58 in chips) 
Seat 4: StarAVT ($1.49 in chips) 
Seat 6: Khrenya ($1.70 in chips) 
Seat 7: 2VERY ($1.29 in chips) 
Seat 8: Dorex2007 ($2.47 in chips) 
Seat 9: QUEENOFCG ($2.24 in chips) 
Khrenya: posts small blind $0.01
2VERY: posts big blind $0.02
*** HOLE CARDS ***
Dealt to Dorex2007 [Td 2c]
Dorex2007 has timed out
Dorex2007: folds 
QUEENOFCG: folds 
greenman321: folds 
rjeg333: raises $0.04 to $0.06
Wild775: folds 
StarAVT has timed out
StarAVT: folds 
Khrenya: folds 
2VERY: folds 
Uncalled bet ($0.04) returned to rjeg333
rjeg333 collected $0.05 from pot
*** SUMMARY ***
Total pot $0.05 | Rake $0 
Seat 1: greenman321 folded before Flop (didn't bet)
Seat 2: rjeg333 collected ($0.05)
Seat 3: Wild775 folded before Flop (didn't bet)
Seat 4: StarAVT (button) folded before Flop (didn't bet)
Seat 6: Khrenya (small blind) folded before Flop
Seat 7: 2VERY (big blind) folded before Flop
Seat 8: Dorex2007 folded before Flop (didn't bet)
Seat 9: QUEENOFCG folded before Flop (didn't bet)



PokerStars Hand #234256411436:  Hold'em No Limit ($0.01/$0.02 USD) - 2022/02/20 22:05:15 PT [2022/02/21 1:05:15 ET]
Table 'Iduna V' 9-max Seat #6 is the button
Seat 1: greenman321 ($1.28 in chips) 
Seat 2: rjeg333 ($1.56 in chips) 
Seat 3: Wild775 ($1.58 in chips) 
Seat 4: StarAVT ($1.49 in chips) 
Seat 6: Khrenya ($1.69 in chips) 
Seat 7: 2VERY ($1.27 in chips) 
Seat 8: Dorex2007 ($2.47 in chips) 
Seat 9: QUEENOFCG ($2.24 in chips) 
2VERY: posts small blind $0.01
Dorex2007: posts big blind $0.02
*** HOLE CARDS ***
Dealt to Dorex2007 [Ah 7s]
QUEENOFCG: raises $0.03 to $0.05
greenman321: folds 
rjeg333: raises $0.07 to $0.12
Wild775: folds 
StarAVT: folds 
Khrenya: folds 
2VERY: folds 
Dorex2007: folds 
QUEENOFCG: folds 
Uncalled bet ($0.07) returned to rjeg333
rjeg333 collected $0.13 from pot
*** SUMMARY ***
Total pot $0.13 | Rake $0 
Seat 1: greenman321 folded before Flop (didn't bet)
Seat 2: rjeg333 collected ($0.13)
Seat 3: Wild775 folded before Flop (didn't bet)
Seat 4: StarAVT folded before Flop (didn't bet)
Seat 6: Khrenya (button) folded before Flop (didn't bet)
Seat 7: 2VERY (small blind) folded before Flop
Seat 8: Dorex2007 (big blind) folded before Flop
Seat 9: QUEENOFCG folded before Flop



PokerStars Hand #234256414073:  Hold'em No Limit ($0.01/$0.02 USD) - 2022/02/20 22:05:36 PT [2022/02/21 1:05:36 ET]
Table 'Iduna V' 9-max Seat #7 is the button
Seat 1: greenman321 ($1.28 in chips) 
Seat 2: rjeg333 ($1.64 in chips) 
Seat 3: Wild775 ($1.58 in chips) 
Seat 4: StarAVT ($1.49 in chips) 
Seat 6: Khrenya ($1.69 in chips) 
Seat 7: 2VERY ($1.26 in chips) 
Seat 8: Dorex2007 ($2.45 in chips) 
Seat 9: QUEENOFCG ($2.19 in chips) 
Dorex2007: posts small blind $0.01
QUEENOFCG: posts big blind $0.02
*** HOLE CARDS ***
Dealt to Dorex2007 [7d 9c]
greenman321: folds 
rjeg333: folds 
Wild775: folds 
StarAVT: folds 
Khrenya: raises $0.06 to $0.08
2VERY: folds 
Dorex2007: folds 
QUEENOFCG: folds 
Uncalled bet ($0.06) returned to Khrenya
Khrenya collected $0.05 from pot
Khrenya: doesn't show hand 
*** SUMMARY ***
Total pot $0.05 | Rake $0 
Seat 1: greenman321 folded before Flop (didn't bet)
Seat 2: rjeg333 folded before Flop (didn't bet)
Seat 3: Wild775 folded before Flop (didn't bet)
Seat 4: StarAVT folded before Flop (didn't bet)
Seat 6: Khrenya collected ($0.05)
Seat 7: 2VERY (button) folded before Flop (didn't bet)
Seat 8: Dorex2007 (small blind) folded before Flop
Seat 9: QUEENOFCG (big blind) folded before Flop



PokerStars Hand #234256416758:  Hold'em No Limit ($0.01/$0.02 USD) - 2022/02/20 22:05:56 PT [2022/02/21 1:05:56 ET]
Table 'Iduna V' 9-max Seat #8 is the button
Seat 1: greenman321 ($1.28 in chips) 
Seat 2: rjeg333 ($1.64 in chips) 
Seat 3: Wild775 ($1.58 in chips) 
Seat 4: StarAVT ($1.49 in chips) 
Seat 6: Khrenya ($1.72 in chips) 
Seat 7: 2VERY ($1.26 in chips) 
Seat 8: Dorex2007 ($2.44 in chips) 
Seat 9: QUEENOFCG ($2.17 in chips) 
QUEENOFCG: posts small blind $0.01
greenman321: posts big blind $0.02
*** HOLE CARDS ***
Dealt to Dorex2007 [6d 4c]
rjeg333: folds 
Wild775: folds 
StarAVT: folds 
Khrenya: folds 
2VERY: raises $0.04 to $0.06
Dorex2007: folds 
QUEENOFCG: folds 
greenman321: folds 
Uncalled bet ($0.04) returned to 2VERY
2VERY collected $0.05 from pot
2VERY: doesn't show hand 
*** SUMMARY ***
Total pot $0.05 | Rake $0 
Seat 1: greenman321 (big blind) folded before Flop
Seat 2: rjeg333 folded before Flop (didn't bet)
Seat 3: Wild775 folded before Flop (didn't bet)
Seat 4: StarAVT folded before Flop (didn't bet)
Seat 6: Khrenya folded before Flop (didn't bet)
Seat 7: 2VERY collected ($0.05)
Seat 8: Dorex2007 (button) folded before Flop (didn't bet)
Seat 9: QUEENOFCG (small blind) folded before Flop



PokerStars Hand #234256420009:  Hold'em No Limit ($0.01/$0.02 USD) - 2022/02/20 22:06:21 PT [2022/02/21 1:06:21 ET]
Table 'Iduna V' 9-max Seat #9 is the button
Seat 1: greenman321 ($1.26 in chips) 
Seat 2: rjeg333 ($1.64 in chips) 
Seat 3: Wild775 ($1.58 in chips) 
Seat 4: StarAVT ($1.49 in chips) 
Seat 6: Khrenya ($1.72 in chips) 
Seat 7: 2VERY ($1.29 in chips) 
Seat 8: Dorex2007 ($2.44 in chips) 
Seat 9: QUEENOFCG ($2.16 in chips) 
greenman321: posts small blind $0.01
rjeg333: posts big blind $0.02
*** HOLE CARDS ***
Dealt to Dorex2007 [Th 8h]
Wild775: folds 
Wild775 leaves the table
StarAVT has timed out
StarAVT: folds 
Khrenya: folds 
LasVegas2222 leaves the table
2VERY: raises $0.04 to $0.06
Dorex2007: folds 
QUEENOFCG: folds 
greenman321: folds 
rjeg333: folds 
Uncalled bet ($0.04) returned to 2VERY
2VERY collected $0.05 from pot
2VERY: doesn't show hand 
*** SUMMARY ***
Total pot $0.05 | Rake $0 
Seat 1: greenman321 (small blind) folded before Flop
Seat 2: rjeg333 (big blind) folded before Flop
Seat 3: Wild775 folded before Flop (didn't bet)
Seat 4: StarAVT folded before Flop (didn't bet)
Seat 6: Khrenya folded before Flop (didn't bet)
Seat 7: 2VERY collected ($0.05)
Seat 8: Dorex2007 folded before Flop (didn't bet)
Seat 9: QUEENOFCG (button) folded before Flop (didn't bet)



PokerStars Hand #234256423154:  Hold'em No Limit ($0.01/$0.02 USD) - 2022/02/20 22:06:45 PT [2022/02/21 1:06:45 ET]
Table 'Iduna V' 9-max Seat #1 is the button
Seat 1: greenman321 ($1.25 in chips) 
Seat 2: rjeg333 ($1.62 in chips) 
Seat 4: StarAVT ($1.49 in chips) 
Seat 6: Khrenya ($1.72 in chips) 
Seat 7: 2VERY ($1.32 in chips) 
Seat 8: Dorex2007 ($2.44 in chips) 
Seat 9: QUEENOFCG ($2.16 in chips) 
rjeg333: posts small blind $0.01
StarAVT: posts big blind $0.02
*** HOLE CARDS ***
Dealt to Dorex2007 [Ts 5h]
Khrenya: folds 
2VERY: folds 
Dorex2007: folds 
QUEENOFCG: folds 
greenman321: folds 
TolikG55 joins the table at seat #3 
rjeg333: folds 
Uncalled bet ($0.01) returned to StarAVT
StarAVT collected $0.02 from pot
StarAVT: doesn't show hand 
*** SUMMARY ***
Total pot $0.02 | Rake $0 
Seat 1: greenman321 (button) folded before Flop (didn't bet)
Seat 2: rjeg333 (small blind) folded before Flop
Seat 4: StarAVT (big blind) collected ($0.02)
Seat 6: Khrenya folded before Flop (didn't bet)
Seat 7: 2VERY folded before Flop (didn't bet)
Seat 8: Dorex2007 folded before Flop (didn't bet)
Seat 9: QUEENOFCG folded before Flop (didn't bet)



PokerStars Hand #234256425579:  Hold'em No Limit ($0.01/$0.02 USD) - 2022/02/20 22:07:04 PT [2022/02/21 1:07:04 ET]
Table 'Iduna V' 9-max Seat #2 is the button
Seat 1: greenman321 ($1.25 in chips) 
Seat 2: rjeg333 ($1.61 in chips) 
Seat 4: StarAVT ($1.50 in chips) 
Seat 6: Khrenya ($1.72 in chips) 
Seat 7: 2VERY ($1.32 in chips) 
Seat 8: Dorex2007 ($2.44 in chips) 
Seat 9: QUEENOFCG ($2.16 in chips) 
StarAVT: posts small blind $0.01
Khrenya: posts big blind $0.02
*** HOLE CARDS ***
Dealt to Dorex2007 [Qs Qc]
2VERY: folds 
Dorex2007: raises $0.02 to $0.04
QUEENOFCG: folds 
2VERY leaves the table
greenman321: folds 
rjeg333: folds 
StarAVT: folds 
Khrenya: folds 
Uncalled bet ($0.02) returned to Dorex2007
Dorex2007 collected $0.05 from pot
Dorex2007: doesn't show hand 
*** SUMMARY ***
Total pot $0.05 | Rake $0 
Seat 1: greenman321 folded before Flop (didn't bet)
Seat 2: rjeg333 (button) folded before Flop (didn't bet)
Seat 4: StarAVT (small blind) folded before Flop
Seat 6: Khrenya (big blind) folded before Flop
Seat 7: 2VERY folded before Flop (didn't bet)
Seat 8: Dorex2007 collected ($0.05)
Seat 9: QUEENOFCG folded before Flop (didn't bet)



PokerStars Hand #234256427444:  Hold'em No Limit ($0.01/$0.02 USD) - 2022/02/20 22:07:18 PT [2022/02/21 1:07:18 ET]
Table 'Iduna V' 9-max Seat #4 is the button
Seat 1: greenman321 ($1.25 in chips) 
Seat 2: rjeg333 ($1.61 in chips) 
Seat 3: TolikG55 ($1.60 in chips) 
Seat 4: StarAVT ($1.49 in chips) 
Seat 6: Khrenya ($1.70 in chips) 
Seat 8: Dorex2007 ($2.47 in chips) 
Seat 9: QUEENOFCG ($2.16 in chips) 
Khrenya: posts small blind $0.01
Dorex2007: posts big blind $0.02
TolikG55: posts big blind $0.02
*** HOLE CARDS ***
Dealt to Dorex2007 [5s 2h]
QUEENOFCG: folds 
greenman321: folds 
rjeg333: folds 
TolikG55: raises $0.02 to $0.04
StarAVT: calls $0.04
BBilly200 joins the table at seat #7 
Khrenya: folds 
Dorex2007: folds 
*** FLOP *** [3d 5c Jc]
TolikG55: checks 
StarAVT: bets $0.05
TolikG55: calls $0.05
*** TURN *** [3d 5c Jc] [Ts]
TolikG55: checks 
StarAVT: bets $0.10
TolikG55: calls $0.10
*** RIVER *** [3d 5c Jc Ts] [7s]
TolikG55: checks 
StarAVT: checks 
*** SHOW DOWN ***
TolikG55: shows [Qh Ks] (high card King)
StarAVT: shows [Ac Tc] (a pair of Tens)
StarAVT collected $0.40 from pot
*** SUMMARY ***
Total pot $0.41 | Rake $0.01 
Board [3d 5c Jc Ts 7s]
Seat 1: greenman321 folded before Flop (didn't bet)
Seat 2: rjeg333 folded before Flop (didn't bet)
Seat 3: TolikG55 showed [Qh Ks] and lost with high card King
Seat 4: StarAVT (button) showed [Ac Tc] and won ($0.40) with a pair of Tens
Seat 6: Khrenya (small blind) folded before Flop
Seat 8: Dorex2007 (big blind) folded before Flop
Seat 9: QUEENOFCG folded before Flop (didn't bet)



PokerStars Hand #234256434207:  Hold'em No Limit ($0.01/$0.02 USD) - 2022/02/20 22:08:09 PT [2022/02/21 1:08:09 ET]
Table 'Iduna V' 9-max Seat #6 is the button
Seat 1: greenman321 ($1.25 in chips) 
Seat 2: rjeg333 ($1.61 in chips) 
Seat 3: TolikG55 ($1.41 in chips) 
Seat 4: StarAVT ($1.70 in chips) 
Seat 6: Khrenya ($1.69 in chips) 
Seat 8: Dorex2007 ($2.45 in chips) 
Seat 9: QUEENOFCG ($2.16 in chips) 
Dorex2007: posts small blind $0.01
QUEENOFCG: posts big blind $0.02
*** HOLE CARDS ***
Dealt to Dorex2007 [3c 6d]
greenman321: folds 
rjeg333: folds 
TolikG55: calls $0.02
StarAVT: raises $0.04 to $0.06
Khrenya: calls $0.06
Dorex2007: folds 
QUEENOFCG: folds 
TolikG55: calls $0.04
*** FLOP *** [2d 9d 7d]
TolikG55: checks 
StarAVT: checks 
Khrenya: bets $0.10
TolikG55: folds 
R2PNZ joins the table at seat #5 
StarAVT: calls $0.10
*** TURN *** [2d 9d 7d] [2h]
StarAVT: checks 
Khrenya: checks 
*** RIVER *** [2d 9d 7d 2h] [Kh]
StarAVT: bets $0.20
Khrenya: raises $0.20 to $0.40
StarAVT: folds 
Uncalled bet ($0.20) returned to Khrenya
Khrenya collected $0.78 from pot
Khrenya: doesn't show hand 
*** SUMMARY ***
Total pot $0.81 | Rake $0.03 
Board [2d 9d 7d 2h Kh]
Seat 1: greenman321 folded before Flop (didn't bet)
Seat 2: rjeg333 folded before Flop (didn't bet)
Seat 3: TolikG55 folded on the Flop
Seat 4: StarAVT folded on the River
Seat 6: Khrenya (button) collected ($0.78)
Seat 8: Dorex2007 (small blind) folded before Flop
Seat 9: QUEENOFCG (big blind) folded before Flop



PokerStars Hand #234256443408:  Hold'em No Limit ($0.01/$0.02 USD) - 2022/02/20 22:09:19 PT [2022/02/21 1:09:19 ET]
Table 'Iduna V' 9-max Seat #8 is the button
Seat 1: greenman321 ($1.25 in chips) 
Seat 2: rjeg333 ($1.61 in chips) 
Seat 3: TolikG55 ($1.35 in chips) 
Seat 4: StarAVT ($1.34 in chips) 
Seat 6: Khrenya ($2.11 in chips) 
Seat 7: BBilly200 ($2 in chips) 
Seat 8: Dorex2007 ($2.44 in chips) 
Seat 9: QUEENOFCG ($2.14 in chips) 
QUEENOFCG: posts small blind $0.01
greenman321: posts big blind $0.02
R2PNZ: sits out 
BBilly200: posts big blind $0.02
*** HOLE CARDS ***
Dealt to Dorex2007 [5s 8d]
rjeg333: folds 
TolikG55: calls $0.02
StarAVT: folds 
Khrenya: raises $0.08 to $0.10
BBilly200: folds 
Dorex2007: folds 
QUEENOFCG: folds 
greenman321: folds 
TolikG55: calls $0.08
*** FLOP *** [9s 2d 4d]
TolikG55: checks 
Khrenya: bets $0.12
TolikG55: calls $0.12
*** TURN *** [9s 2d 4d] [4c]
TolikG55: checks 
Khrenya: bets $0.23
TolikG55: calls $0.23
*** RIVER *** [9s 2d 4d 4c] [Qs]
TolikG55: bets $0.46
Khrenya: calls $0.46
*** SHOW DOWN ***
TolikG55: shows [Ad 5h] (a pair of Fours)
Khrenya: shows [7c 7s] (two pair, Sevens and Fours)
Khrenya collected $1.80 from pot
*** SUMMARY ***
Total pot $1.87 | Rake $0.07 
Board [9s 2d 4d 4c Qs]
Seat 1: greenman321 (big blind) folded before Flop
Seat 2: rjeg333 folded before Flop (didn't bet)
Seat 3: TolikG55 showed [Ad 5h] and lost with a pair of Fours
Seat 4: StarAVT folded before Flop (didn't bet)
Seat 6: Khrenya showed [7c 7s] and won ($1.80) with two pair, Sevens and Fours
Seat 7: BBilly200 folded before Flop (didn't bet)
Seat 8: Dorex2007 (button) folded before Flop (didn't bet)
Seat 9: QUEENOFCG (small blind) folded before Flop



PokerStars Hand #234256452966:  Hold'em No Limit ($0.01/$0.02 USD) - 2022/02/20 22:10:31 PT [2022/02/21 1:10:31 ET]
Table 'Iduna V' 9-max Seat #9 is the button
Seat 1: greenman321 ($1.23 in chips) 
Seat 2: rjeg333 ($1.61 in chips) 
Seat 3: TolikG55 ($0.44 in chips) 
Seat 4: StarAVT ($1.34 in chips) 
Seat 6: Khrenya ($3 in chips) 
Seat 7: BBilly200 ($1.98 in chips) 
Seat 8: Dorex2007 ($2.44 in chips) 
Seat 9: QUEENOFCG ($2.13 in chips) 
greenman321: posts small blind $0.01
rjeg333: posts big blind $0.02
R2PNZ: sits out 
*** HOLE CARDS ***
Dealt to Dorex2007 [5c 4s]
TolikG55: raises $0.04 to $0.06
StarAVT: calls $0.06
Khrenya: folds 
BBilly200: folds 
Dorex2007: folds 
QUEENOFCG: folds 
greenman321 is disconnected 
greenman321 has timed out while disconnected
greenman321: folds 
rjeg333: folds 
*** FLOP *** [2d 6c 7s]
TolikG55: bets $0.10
StarAVT: folds 
Uncalled bet ($0.10) returned to TolikG55
TolikG55 collected $0.14 from pot
TolikG55: doesn't show hand 
*** SUMMARY ***
Total pot $0.15 | Rake $0.01 
Board [2d 6c 7s]
Seat 1: greenman321 (small blind) folded before Flop
Seat 2: rjeg333 (big blind) folded before Flop
Seat 3: TolikG55 collected ($0.14)
Seat 4: StarAVT folded on the Flop
Seat 6: Khrenya folded before Flop (didn't bet)
Seat 7: BBilly200 folded before Flop (didn't bet)
Seat 8: Dorex2007 folded before Flop (didn't bet)
Seat 9: QUEENOFCG (button) folded before Flop (didn't bet)



PokerStars Hand #234256461552:  Hold'em No Limit ($0.01/$0.02 USD) - 2022/02/20 22:11:27 PT [2022/02/21 1:11:27 ET]
Table 'Iduna V' 9-max Seat #2 is the button
Seat 2: rjeg333 ($1.59 in chips) 
Seat 3: TolikG55 ($0.52 in chips) 
Seat 4: StarAVT ($1.28 in chips) 
Seat 6: Khrenya ($3 in chips) 
Seat 7: BBilly200 ($1.98 in chips) 
Seat 8: Dorex2007 ($2.44 in chips) 
Seat 9: QUEENOFCG ($2.13 in chips) 
TolikG55: posts small blind $0.01
StarAVT: posts big blind $0.02
R2PNZ: sits out 
*** HOLE CARDS ***
Dealt to Dorex2007 [Kc 7d]
Khrenya: folds 
BBilly200: folds 
Dorex2007: folds 
QUEENOFCG: folds 
rjeg333: raises $0.04 to $0.06
TolikG55: folds 
StarAVT: folds 
Uncalled bet ($0.04) returned to rjeg333
rjeg333 collected $0.05 from pot
*** SUMMARY ***
Total pot $0.05 | Rake $0 
Seat 2: rjeg333 (button) collected ($0.05)
Seat 3: TolikG55 (small blind) folded before Flop
Seat 4: StarAVT (big blind) folded before Flop
Seat 6: Khrenya folded before Flop (didn't bet)
Seat 7: BBilly200 folded before Flop (didn't bet)
Seat 8: Dorex2007 folded before Flop (didn't bet)
Seat 9: QUEENOFCG folded before Flop (didn't bet)



PokerStars Hand #234256464821:  Hold'em No Limit ($0.01/$0.02 USD) - 2022/02/20 22:11:52 PT [2022/02/21 1:11:52 ET]
Table 'Iduna V' 9-max Seat #3 is the button
Seat 2: rjeg333 ($1.62 in chips) 
Seat 3: TolikG55 ($0.51 in chips) 
Seat 4: StarAVT ($1.26 in chips) 
Seat 5: R2PNZ ($2 in chips) 
Seat 6: Khrenya ($3 in chips) 
Seat 7: BBilly200 ($1.98 in chips) 
Seat 8: Dorex2007 ($2.44 in chips) 
Seat 9: QUEENOFCG ($2.13 in chips) 
StarAVT: posts small blind $0.01
R2PNZ: posts big blind $0.02
*** HOLE CARDS ***
Dealt to Dorex2007 [Ah 3h]
Khrenya: folds 
BBilly200: folds 
Dorex2007: calls $0.02
QUEENOFCG: folds 
rjeg333: folds 
TolikG55: calls $0.02
StarAVT: calls $0.01
R2PNZ: checks 
*** FLOP *** [Js 9h 5c]
StarAVT: checks 
R2PNZ: checks 
Dorex2007: checks 
TolikG55: checks 
*** TURN *** [Js 9h 5c] [6c]
StarAVT: checks 
R2PNZ: checks 
Dorex2007: checks 
TolikG55: bets $0.04
StarAVT: folds 
R2PNZ: folds 
Dorex2007: folds 
Uncalled bet ($0.04) returned to TolikG55
TolikG55 collected $0.08 from pot
TolikG55: doesn't show hand 
*** SUMMARY ***
Total pot $0.08 | Rake $0 
Board [Js 9h 5c 6c]
Seat 2: rjeg333 folded before Flop (didn't bet)
Seat 3: TolikG55 (button) collected ($0.08)
Seat 4: StarAVT (small blind) folded on the Turn
Seat 5: R2PNZ (big blind) folded on the Turn
Seat 6: Khrenya folded before Flop (didn't bet)
Seat 7: BBilly200 folded before Flop (didn't bet)
Seat 8: Dorex2007 folded on the Turn
Seat 9: QUEENOFCG folded before Flop (didn't bet)



PokerStars Hand #234256470647:  Hold'em No Limit ($0.01/$0.02 USD) - 2022/02/20 22:12:36 PT [2022/02/21 1:12:36 ET]
Table 'Iduna V' 9-max Seat #4 is the button
Seat 2: rjeg333 ($1.62 in chips) 
Seat 3: TolikG55 ($0.57 in chips) 
Seat 4: StarAVT ($1.24 in chips) 
Seat 5: R2PNZ ($2 in chips) 
Seat 6: Khrenya ($3 in chips) 
Seat 7: BBilly200 ($1.98 in chips) 
Seat 8: Dorex2007 ($2.42 in chips) 
Seat 9: QUEENOFCG ($2.13 in chips) 
R2PNZ: posts small blind $0.01
Khrenya: posts big blind $0.02
*** HOLE CARDS ***
Dealt to Dorex2007 [9d 6h]
BBilly200: folds 
Dorex2007: folds 
QUEENOFCG: folds 
rjeg333: folds 
TolikG55: folds 
StarAVT: calls $0.02
R2PNZ: folds 
Khrenya: checks 
*** FLOP *** [7d 6s 3h]
Khrenya: checks 
StarAVT: bets $0.02
Khrenya: calls $0.02
*** TURN *** [7d 6s 3h] [2c]
Khrenya: checks 
StarAVT: checks 
*** RIVER *** [7d 6s 3h 2c] [6c]
Khrenya: bets $0.09
StarAVT: folds 
Uncalled bet ($0.09) returned to Khrenya
Khrenya collected $0.09 from pot
Khrenya: doesn't show hand 
*** SUMMARY ***
Total pot $0.09 | Rake $0 
Board [7d 6s 3h 2c 6c]
Seat 2: rjeg333 folded before Flop (didn't bet)
Seat 3: TolikG55 folded before Flop (didn't bet)
Seat 4: StarAVT (button) folded on the River
Seat 5: R2PNZ (small blind) folded before Flop
Seat 6: Khrenya (big blind) collected ($0.09)
Seat 7: BBilly200 folded before Flop (didn't bet)
Seat 8: Dorex2007 folded before Flop (didn't bet)
Seat 9: QUEENOFCG folded before Flop (didn't bet)



PokerStars Hand #234256476426:  Hold'em No Limit ($0.01/$0.02 USD) - 2022/02/20 22:13:21 PT [2022/02/21 1:13:21 ET]
Table 'Iduna V' 9-max Seat #5 is the button
Seat 2: rjeg333 ($1.62 in chips) 
Seat 3: TolikG55 ($0.57 in chips) 
Seat 4: StarAVT ($1.20 in chips) 
Seat 5: R2PNZ ($2 in chips) 
Seat 6: Khrenya ($3.05 in chips) 
Seat 7: BBilly200 ($1.98 in chips) 
Seat 8: Dorex2007 ($2.42 in chips) 
Seat 9: QUEENOFCG ($2.13 in chips) 
Khrenya: posts small blind $0.01
BBilly200: posts big blind $0.02
*** HOLE CARDS ***
Dealt to Dorex2007 [Kd Kc]
Dorex2007: raises $0.02 to $0.04
QUEENOFCG: folds 
rjeg333: folds 
TolikG55: folds 
StarAVT: calls $0.04
R2PNZ: folds 
Khrenya: folds 
BBilly200: calls $0.02
*** FLOP *** [7h 4d Jh]
BBilly200: checks 
Dorex2007: bets $0.13
StarAVT: calls $0.13
BBilly200: folds 
*** TURN *** [7h 4d Jh] [5h]
Dorex2007: bets $0.38
StarAVT: folds 
Uncalled bet ($0.38) returned to Dorex2007
Dorex2007 collected $0.38 from pot
Dorex2007: doesn't show hand 
*** SUMMARY ***
Total pot $0.39 | Rake $0.01 
Board [7h 4d Jh 5h]
Seat 2: rjeg333 folded before Flop (didn't bet)
Seat 3: TolikG55 folded before Flop (didn't bet)
Seat 4: StarAVT folded on the Turn
Seat 5: R2PNZ (button) folded before Flop (didn't bet)
Seat 6: Khrenya (small blind) folded before Flop
Seat 7: BBilly200 (big blind) folded on the Flop
Seat 8: Dorex2007 collected ($0.38)
Seat 9: QUEENOFCG folded before Flop (didn't bet)



PokerStars Hand #234256480894:  Hold'em No Limit ($0.01/$0.02 USD) - 2022/02/20 22:13:55 PT [2022/02/21 1:13:55 ET]
Table 'Iduna V' 9-max Seat #6 is the button
Seat 2: rjeg333 ($1.62 in chips) 
Seat 3: TolikG55 ($0.57 in chips) 
Seat 4: StarAVT ($1.03 in chips) 
Seat 5: R2PNZ ($2 in chips) 
Seat 6: Khrenya ($3.04 in chips) 
Seat 7: BBilly200 ($1.94 in chips) 
Seat 8: Dorex2007 ($2.63 in chips) 
Seat 9: QUEENOFCG ($2.13 in chips) 
BBilly200: posts small blind $0.01
Dorex2007: posts big blind $0.02
*** HOLE CARDS ***
Dealt to Dorex2007 [Qd 3d]
QUEENOFCG: folds 
rjeg333: folds 
TolikG55: raises $0.04 to $0.06
StarAVT: folds 
R2PNZ: raises $0.15 to $0.21
Khrenya: folds 
BBilly200: folds 
Dorex2007: folds 
TolikG55: raises $0.36 to $0.57 and is all-in
R2PNZ: calls $0.36
*** FLOP *** [5h 7d 7h]
*** TURN *** [5h 7d 7h] [Js]
*** RIVER *** [5h 7d 7h Js] [9h]
*** SHOW DOWN ***
TolikG55: shows [Tc Ks] (a pair of Sevens)
R2PNZ: shows [Kh Jd] (two pair, Jacks and Sevens)
R2PNZ collected $1.13 from pot
*** SUMMARY ***
Total pot $1.17 | Rake $0.04 
Board [5h 7d 7h Js 9h]
Seat 2: rjeg333 folded before Flop (didn't bet)
Seat 3: TolikG55 showed [Tc Ks] and lost with a pair of Sevens
Seat 4: StarAVT folded before Flop (didn't bet)
Seat 5: R2PNZ showed [Kh Jd] and won ($1.13) with two pair, Jacks and Sevens
Seat 6: Khrenya (button) folded before Flop (didn't bet)
Seat 7: BBilly200 (small blind) folded before Flop
Seat 8: Dorex2007 (big blind) folded before Flop
Seat 9: QUEENOFCG folded before Flop (didn't bet)



PokerStars Hand #234256487161:  Hold'em No Limit ($0.01/$0.02 USD) - 2022/02/20 22:14:43 PT [2022/02/21 1:14:43 ET]
Table 'Iduna V' 9-max Seat #7 is the button
Seat 2: rjeg333 ($1.62 in chips) 
Seat 4: StarAVT ($1.03 in chips) 
Seat 5: R2PNZ ($2.56 in chips) 
Seat 6: Khrenya ($3.04 in chips) 
Seat 7: BBilly200 ($1.93 in chips) 
Seat 8: Dorex2007 ($2.61 in chips) 
Seat 9: QUEENOFCG ($2.13 in chips) 
Dorex2007: posts small blind $0.01
QUEENOFCG: posts big blind $0.02
*** HOLE CARDS ***
Dealt to Dorex2007 [Tc Td]
rjeg333: raises $0.05 to $0.07
StarAVT: calls $0.07
R2PNZ: folds 
Khrenya: folds 
BBilly200: folds 
Dorex2007: calls $0.06
QUEENOFCG: calls $0.05
*** FLOP *** [8h Kh 9d]
TolikG55 leaves the table
Dorex2007: checks 
QUEENOFCG: checks 
GianniML joins the table at seat #3 
rjeg333: bets $0.08
StarAVT: folds 
Dorex2007: folds 
QUEENOFCG: folds 
Uncalled bet ($0.08) returned to rjeg333
rjeg333 collected $0.27 from pot
*** SUMMARY ***
Total pot $0.28 | Rake $0.01 
Board [8h Kh 9d]
Seat 2: rjeg333 collected ($0.27)
Seat 4: StarAVT folded on the Flop
Seat 5: R2PNZ folded before Flop (didn't bet)
Seat 6: Khrenya folded before Flop (didn't bet)
Seat 7: BBilly200 (button) folded before Flop (didn't bet)
Seat 8: Dorex2007 (small blind) folded on the Flop
Seat 9: QUEENOFCG (big blind) folded on the Flop



PokerStars Hand #234256501829:  Hold'em No Limit ($0.01/$0.02 USD) - 2022/02/20 22:15:52 PT [2022/02/21 1:15:52 ET]
Table 'Iduna V' 9-max Seat #8 is the button
Seat 2: rjeg333 ($1.82 in chips) 
Seat 3: GianniML ($2 in chips) 
Seat 4: StarAVT ($0.96 in chips) 
Seat 5: R2PNZ ($2.56 in chips) 
Seat 6: Khrenya ($3.04 in chips) 
Seat 7: BBilly200 ($1.93 in chips) 
Seat 8: Dorex2007 ($2.54 in chips) 
Seat 9: QUEENOFCG ($2.06 in chips) 
QUEENOFCG: posts small blind $0.01
rjeg333: posts big blind $0.02
GianniML: posts big blind $0.02
*** HOLE CARDS ***
Dealt to Dorex2007 [Js 6h]
GianniML: checks 
StarAVT: folds 
R2PNZ: folds 
Khrenya: folds 
BBilly200: calls $0.02
Dorex2007: folds 
QUEENOFCG: folds 
rjeg333: checks 
*** FLOP *** [9d As Td]
rjeg333: checks 
GianniML: checks 
BBilly200: bets $0.02
rjeg333: folds 
GianniML: folds 
Uncalled bet ($0.02) returned to BBilly200
BBilly200 collected $0.07 from pot
BBilly200: doesn't show hand 
*** SUMMARY ***
Total pot $0.07 | Rake $0 
Board [9d As Td]
Seat 2: rjeg333 (big blind) folded on the Flop
Seat 3: GianniML folded on the Flop (didn't bet)
Seat 4: StarAVT folded before Flop (didn't bet)
Seat 5: R2PNZ folded before Flop (didn't bet)
Seat 6: Khrenya folded before Flop (didn't bet)
Seat 7: BBilly200 collected ($0.07)
Seat 8: Dorex2007 (button) folded before Flop (didn't bet)
Seat 9: QUEENOFCG (small blind) folded before Flop



PokerStars Hand #234256506200:  Hold'em No Limit ($0.01/$0.02 USD) - 2022/02/20 22:16:26 PT [2022/02/21 1:16:26 ET]
Table 'Iduna V' 9-max Seat #9 is the button
Seat 2: rjeg333 ($1.80 in chips) 
Seat 3: GianniML ($1.98 in chips) 
Seat 4: StarAVT ($0.96 in chips) 
Seat 5: R2PNZ ($2.56 in chips) 
Seat 6: Khrenya ($3.04 in chips) 
Seat 7: BBilly200 ($1.98 in chips) 
Seat 8: Dorex2007 ($2.54 in chips) 
Seat 9: QUEENOFCG ($2.05 in chips) 
rjeg333: posts small blind $0.01
GianniML: posts big blind $0.02
*** HOLE CARDS ***
Dealt to Dorex2007 [Th 6c]
StarAVT: folds 
R2PNZ: folds 
Khrenya: folds 
BBilly200: folds 
Dorex2007: folds 
QUEENOFCG: raises $0.03 to $0.05
rjeg333: folds 
GianniML: folds 
Uncalled bet ($0.03) returned to QUEENOFCG
QUEENOFCG collected $0.05 from pot
QUEENOFCG: doesn't show hand 
*** SUMMARY ***
Total pot $0.05 | Rake $0 
Seat 2: rjeg333 (small blind) folded before Flop
Seat 3: GianniML (big blind) folded before Flop
Seat 4: StarAVT folded before Flop (didn't bet)
Seat 5: R2PNZ folded before Flop (didn't bet)
Seat 6: Khrenya folded before Flop (didn't bet)
Seat 7: BBilly200 folded before Flop (didn't bet)
Seat 8: Dorex2007 folded before Flop (didn't bet)
Seat 9: QUEENOFCG (button) collected ($0.05)



PokerStars Hand #234256508509:  Hold'em No Limit ($0.01/$0.02 USD) - 2022/02/20 22:16:43 PT [2022/02/21 1:16:43 ET]
Table 'Iduna V' 9-max Seat #2 is the button
Seat 2: rjeg333 ($1.79 in chips) 
Seat 3: GianniML ($1.96 in chips) 
Seat 4: StarAVT ($0.96 in chips) 
Seat 5: R2PNZ ($2.56 in chips) 
Seat 6: Khrenya ($3.04 in chips) 
Seat 7: BBilly200 ($1.98 in chips) 
Seat 8: Dorex2007 ($2.54 in chips) 
Seat 9: QUEENOFCG ($2.08 in chips) 
GianniML: posts small blind $0.01
StarAVT: posts big blind $0.02
*** HOLE CARDS ***
Dealt to Dorex2007 [Kd Ah]
R2PNZ: folds 
Khrenya: folds 
BBilly200: folds 
Dorex2007: raises $0.04 to $0.06
QUEENOFCG: folds 
rjeg333: calls $0.06
GianniML: folds 
StarAVT: folds 
*** FLOP *** [5s 9s 3h]
Dorex2007: checks 
rjeg333: bets $0.06
Dorex2007: calls $0.06
*** TURN *** [5s 9s 3h] [9c]
Dorex2007: bets $0.13
rjeg333: calls $0.13
*** RIVER *** [5s 9s 3h 9c] [Td]
Dorex2007: bets $0.51
rjeg333: calls $0.51
*** SHOW DOWN ***
Dorex2007: shows [Kd Ah] (a pair of Nines)
rjeg333: shows [Jd Jh] (two pair, Jacks and Nines)
rjeg333 collected $1.50 from pot
*** SUMMARY ***
Total pot $1.55 | Rake $0.05 
Board [5s 9s 3h 9c Td]
Seat 2: rjeg333 (button) showed [Jd Jh] and won ($1.50) with two pair, Jacks and Nines
Seat 3: GianniML (small blind) folded before Flop
Seat 4: StarAVT (big blind) folded before Flop
Seat 5: R2PNZ folded before Flop (didn't bet)
Seat 6: Khrenya folded before Flop (didn't bet)
Seat 7: BBilly200 folded before Flop (didn't bet)
Seat 8: Dorex2007 showed [Kd Ah] and lost with a pair of Nines
Seat 9: QUEENOFCG folded before Flop (didn't bet)



PokerStars Hand #234256517482:  Hold'em No Limit ($0.01/$0.02 USD) - 2022/02/20 22:17:52 PT [2022/02/21 1:17:52 ET]
Table 'Iduna V' 9-max Seat #3 is the button
Seat 2: rjeg333 ($2.53 in chips) 
Seat 3: GianniML ($1.95 in chips) 
Seat 4: StarAVT ($0.94 in chips) 
Seat 5: R2PNZ ($2.56 in chips) 
Seat 6: Khrenya ($3.04 in chips) 
Seat 7: BBilly200 ($1.98 in chips) 
Seat 8: Dorex2007 ($2 in chips) 
Seat 9: QUEENOFCG ($2.08 in chips) 
StarAVT: posts small blind $0.01
R2PNZ: posts big blind $0.02
*** HOLE CARDS ***
Dealt to Dorex2007 [6s 8h]
Khrenya: folds 
BBilly200: calls $0.02
Dorex2007: folds 
QUEENOFCG: folds 
rjeg333: folds 
GianniML: folds 
StarAVT: folds 
R2PNZ: checks 
*** FLOP *** [5h Ad 6c]
R2PNZ: checks 
BBilly200: checks 
*** TURN *** [5h Ad 6c] [3h]
R2PNZ: bets $0.04
BBilly200: folds 
Uncalled bet ($0.04) returned to R2PNZ
R2PNZ collected $0.05 from pot
R2PNZ: doesn't show hand 
*** SUMMARY ***
Total pot $0.05 | Rake $0 
Board [5h Ad 6c 3h]
Seat 2: rjeg333 folded before Flop (didn't bet)
Seat 3: GianniML (button) folded before Flop (didn't bet)
Seat 4: StarAVT (small blind) folded before Flop
Seat 5: R2PNZ (big blind) collected ($0.05)
Seat 6: Khrenya folded before Flop (didn't bet)
Seat 7: BBilly200 folded on the Turn
Seat 8: Dorex2007 folded before Flop (didn't bet)
Seat 9: QUEENOFCG folded before Flop (didn't bet)



PokerStars Hand #234256521698:  Hold'em No Limit ($0.01/$0.02 USD) - 2022/02/20 22:18:25 PT [2022/02/21 1:18:25 ET]
Table 'Iduna V' 9-max Seat #4 is the button
Seat 2: rjeg333 ($2.53 in chips) 
Seat 3: GianniML ($1.95 in chips) 
Seat 4: StarAVT ($0.93 in chips) 
Seat 5: R2PNZ ($2.59 in chips) 
Seat 6: Khrenya ($3.04 in chips) 
Seat 7: BBilly200 ($1.96 in chips) 
Seat 8: Dorex2007 ($2 in chips) 
Seat 9: QUEENOFCG ($2.08 in chips) 
R2PNZ: posts small blind $0.01
Khrenya: posts big blind $0.02
*** HOLE CARDS ***
Dealt to Dorex2007 [5c 9s]
BBilly200: folds 
Dorex2007: folds 
QUEENOFCG: folds 
rjeg333: folds 
GianniML: folds 
StarAVT: calls $0.02
R2PNZ: raises $0.08 to $0.10
Khrenya: calls $0.08
StarAVT: folds 
*** FLOP *** [9d Kc 6h]
R2PNZ: bets $0.11
Khrenya: folds 
Uncalled bet ($0.11) returned to R2PNZ
R2PNZ collected $0.21 from pot
R2PNZ: doesn't show hand 
*** SUMMARY ***
Total pot $0.22 | Rake $0.01 
Board [9d Kc 6h]
Seat 2: rjeg333 folded before Flop (didn't bet)
Seat 3: GianniML folded before Flop (didn't bet)
Seat 4: StarAVT (button) folded before Flop
Seat 5: R2PNZ (small blind) collected ($0.21)
Seat 6: Khrenya (big blind) folded on the Flop
Seat 7: BBilly200 folded before Flop (didn't bet)
Seat 8: Dorex2007 folded before Flop (didn't bet)
Seat 9: QUEENOFCG folded before Flop (didn't bet)



PokerStars Hand #234256525584:  Hold'em No Limit ($0.01/$0.02 USD) - 2022/02/20 22:18:55 PT [2022/02/21 1:18:55 ET]
Table 'Iduna V' 9-max Seat #5 is the button
Seat 2: rjeg333 ($2.53 in chips) 
Seat 3: GianniML ($1.95 in chips) 
Seat 4: StarAVT ($0.91 in chips) 
Seat 5: R2PNZ ($2.70 in chips) 
Seat 6: Khrenya ($2.94 in chips) 
Seat 7: BBilly200 ($1.96 in chips) 
Seat 8: Dorex2007 ($2 in chips) 
Seat 9: QUEENOFCG ($2.08 in chips) 
Khrenya: posts small blind $0.01
BBilly200: posts big blind $0.02
*** HOLE CARDS ***
Dealt to Dorex2007 [Jh 3c]
Dorex2007: folds 
QUEENOFCG: folds 
rjeg333: folds 
GianniML: calls $0.02
StarAVT: folds 
R2PNZ: folds 
Khrenya: calls $0.01
BBilly200: checks 
*** FLOP *** [4h 2d Ac]
Khrenya: checks 
BBilly200: checks 
GianniML: bets $0.04
Khrenya: folds 
BBilly200: calls $0.04
*** TURN *** [4h 2d Ac] [Kh]
BBilly200: checks 
GianniML: checks 
*** RIVER *** [4h 2d Ac Kh] [5d]
BBilly200: checks 
GianniML: checks 
*** SHOW DOWN ***
BBilly200: shows [9c Ad] (a pair of Aces)
GianniML: mucks hand 
BBilly200 collected $0.14 from pot
*** SUMMARY ***
Total pot $0.14 | Rake $0 
Board [4h 2d Ac Kh 5d]
Seat 2: rjeg333 folded before Flop (didn't bet)
Seat 3: GianniML mucked [9h 9d]
Seat 4: StarAVT folded before Flop (didn't bet)
Seat 5: R2PNZ (button) folded before Flop (didn't bet)
Seat 6: Khrenya (small blind) folded on the Flop
Seat 7: BBilly200 (big blind) showed [9c Ad] and won ($0.14) with a pair of Aces
Seat 8: Dorex2007 folded before Flop (didn't bet)
Seat 9: QUEENOFCG folded before Flop (didn't bet)



PokerStars Hand #234256531029:  Hold'em No Limit ($0.01/$0.02 USD) - 2022/02/20 22:19:36 PT [2022/02/21 1:19:36 ET]
Table 'Iduna V' 9-max Seat #6 is the button
Seat 2: rjeg333 ($2.53 in chips) 
Seat 3: GianniML ($1.89 in chips) 
Seat 4: StarAVT ($0.91 in chips) 
Seat 5: R2PNZ ($2.70 in chips) 
Seat 6: Khrenya ($2.92 in chips) 
Seat 7: BBilly200 ($2.04 in chips) 
Seat 8: Dorex2007 ($2 in chips) 
Seat 9: QUEENOFCG ($2.08 in chips) 
BBilly200: posts small blind $0.01
Dorex2007: posts big blind $0.02
*** HOLE CARDS ***
Dealt to Dorex2007 [5h Kd]
QUEENOFCG: folds 
rjeg333: folds 
GianniML: folds 
StarAVT: folds 
R2PNZ: folds 
Khrenya: folds 
BBilly200: calls $0.01
Dorex2007: checks 
*** FLOP *** [Tc 4h 6c]
BBilly200: checks 
Dorex2007: checks 
*** TURN *** [Tc 4h 6c] [Th]
BBilly200: checks 
Dorex2007: checks 
*** RIVER *** [Tc 4h 6c Th] [Qc]
BBilly200: checks 
Dorex2007: checks 
*** SHOW DOWN ***
BBilly200: shows [4s Ks] (two pair, Tens and Fours)
Dorex2007: mucks hand 
BBilly200 collected $0.04 from pot
*** SUMMARY ***
Total pot $0.04 | Rake $0 
Board [Tc 4h 6c Th Qc]
Seat 2: rjeg333 folded before Flop (didn't bet)
Seat 3: GianniML folded before Flop (didn't bet)
Seat 4: StarAVT folded before Flop (didn't bet)
Seat 5: R2PNZ folded before Flop (didn't bet)
Seat 6: Khrenya (button) folded before Flop (didn't bet)
Seat 7: BBilly200 (small blind) showed [4s Ks] and won ($0.04) with two pair, Tens and Fours
Seat 8: Dorex2007 (big blind) mucked [5h Kd]
Seat 9: QUEENOFCG folded before Flop (didn't bet)



PokerStars Hand #234256537189:  Hold'em No Limit ($0.01/$0.02 USD) - 2022/02/20 22:20:24 PT [2022/02/21 1:20:24 ET]
Table 'Iduna V' 9-max Seat #7 is the button
Seat 2: rjeg333 ($2.53 in chips) 
Seat 3: GianniML ($1.89 in chips) 
Seat 4: StarAVT ($0.91 in chips) 
Seat 5: R2PNZ ($2.70 in chips) 
Seat 6: Khrenya ($2.92 in chips) 
Seat 7: BBilly200 ($2.06 in chips) 
Seat 8: Dorex2007 ($2 in chips) 
Seat 9: QUEENOFCG ($2.08 in chips) 
Dorex2007: posts small blind $0.01
QUEENOFCG: posts big blind $0.02
*** HOLE CARDS ***
Dealt to Dorex2007 [Jd 4h]
rjeg333: folds 
GianniML: folds 
StarAVT: folds 
R2PNZ: folds 
Khrenya has timed out
Khrenya: folds 
BBilly200: calls $0.02
Dorex2007: calls $0.01
QUEENOFCG: checks 
*** FLOP *** [8s Qd 3d]
Dorex2007: checks 
QUEENOFCG: bets $0.03
BBilly200: calls $0.03
Dorex2007: folds 
*** TURN *** [8s Qd 3d] [Js]
QUEENOFCG: bets $0.06
BBilly200: calls $0.06
*** RIVER *** [8s Qd 3d Js] [8h]
greenman321 leaves the table
QUEENOFCG: bets $0.07
BBilly200: folds 
Uncalled bet ($0.07) returned to QUEENOFCG
QUEENOFCG collected $0.23 from pot
QUEENOFCG: doesn't show hand 
*** SUMMARY ***
Total pot $0.24 | Rake $0.01 
Board [8s Qd 3d Js 8h]
Seat 2: rjeg333 folded before Flop (didn't bet)
Seat 3: GianniML folded before Flop (didn't bet)
Seat 4: StarAVT folded before Flop (didn't bet)
Seat 5: R2PNZ folded before Flop (didn't bet)
Seat 6: Khrenya folded before Flop (didn't bet)
Seat 7: BBilly200 (button) folded on the River
Seat 8: Dorex2007 (small blind) folded on the Flop
Seat 9: QUEENOFCG (big blind) collected ($0.23)



PokerStars Hand #234256544847:  Hold'em No Limit ($0.01/$0.02 USD) - 2022/02/20 22:21:23 PT [2022/02/21 1:21:23 ET]
Table 'Iduna V' 9-max Seat #8 is the button
Seat 2: rjeg333 ($2.53 in chips) 
Seat 3: GianniML ($1.89 in chips) 
Seat 4: StarAVT ($0.91 in chips) 
Seat 5: R2PNZ ($2.70 in chips) 
Seat 6: Khrenya ($2.92 in chips) 
Seat 7: BBilly200 ($1.95 in chips) 
Seat 8: Dorex2007 ($2 in chips) 
Seat 9: QUEENOFCG ($2.20 in chips) 
QUEENOFCG: posts small blind $0.01
rjeg333: posts big blind $0.02
*** HOLE CARDS ***
Dealt to Dorex2007 [6c Td]
Aleks120483 joins the table at seat #1 
GianniML: calls $0.02
StarAVT: folds 
R2PNZ: folds 
Khrenya is disconnected 
Khrenya has timed out while disconnected
Khrenya: folds 
BBilly200: folds 
Dorex2007: folds 
QUEENOFCG: folds 
rjeg333: checks 
*** FLOP *** [8s Ks Js]
rjeg333: checks 
GianniML: checks 
*** TURN *** [8s Ks Js] [3s]
rjeg333: checks 
GianniML: checks 
*** RIVER *** [8s Ks Js 3s] [8c]
rjeg333: checks 
GianniML: bets $0.02
rjeg333: folds 
Uncalled bet ($0.02) returned to GianniML
GianniML collected $0.05 from pot
GianniML: doesn't show hand 
*** SUMMARY ***
Total pot $0.05 | Rake $0 
Board [8s Ks Js 3s 8c]
Seat 2: rjeg333 (big blind) folded on the River
Seat 3: GianniML collected ($0.05)
Seat 4: StarAVT folded before Flop (didn't bet)
Seat 5: R2PNZ folded before Flop (didn't bet)
Seat 6: Khrenya folded before Flop (didn't bet)
Seat 7: BBilly200 folded before Flop (didn't bet)
Seat 8: Dorex2007 (button) folded before Flop (didn't bet)
Seat 9: QUEENOFCG (small blind) folded before Flop



PokerStars Hand #234256550542:  Hold'em No Limit ($0.01/$0.02 USD) - 2022/02/20 22:22:06 PT [2022/02/21 1:22:06 ET]
Table 'Iduna V' 9-max Seat #9 is the button
Seat 2: rjeg333 ($2.51 in chips) 
Seat 3: GianniML ($1.92 in chips) 
Seat 4: StarAVT ($0.91 in chips) 
Seat 5: R2PNZ ($2.70 in chips) 
Seat 7: BBilly200 ($1.95 in chips) 
Seat 8: Dorex2007 ($2 in chips) 
Seat 9: QUEENOFCG ($2.19 in chips) 
rjeg333: posts small blind $0.01
GianniML: posts big blind $0.02
*** HOLE CARDS ***
Dealt to Dorex2007 [4s Ah]
StarAVT: folds 
R2PNZ: folds 
BBilly200: folds 
Dorex2007: folds 
QUEENOFCG: folds 
rjeg333: folds 
Uncalled bet ($0.01) returned to GianniML
GianniML collected $0.02 from pot
GianniML: doesn't show hand 
*** SUMMARY ***
Total pot $0.02 | Rake $0 
Seat 2: rjeg333 (small blind) folded before Flop
Seat 3: GianniML (big blind) collected ($0.02)
Seat 4: StarAVT folded before Flop (didn't bet)
Seat 5: R2PNZ folded before Flop (didn't bet)
Seat 7: BBilly200 folded before Flop (didn't bet)
Seat 8: Dorex2007 folded before Flop (didn't bet)
Seat 9: QUEENOFCG (button) folded before Flop (didn't bet)



PokerStars Hand #234256552567:  Hold'em No Limit ($0.01/$0.02 USD) - 2022/02/20 22:22:22 PT [2022/02/21 1:22:22 ET]
Table 'Iduna V' 9-max Seat #2 is the button
Seat 2: rjeg333 ($2.50 in chips) 
Seat 3: GianniML ($1.93 in chips) 
Seat 4: StarAVT ($0.91 in chips) 
Seat 5: R2PNZ ($2.70 in chips) 
Seat 6: Khrenya ($2.92 in chips) 
Seat 7: BBilly200 ($1.95 in chips) 
Seat 8: Dorex2007 ($2 in chips) 
Seat 9: QUEENOFCG ($2.19 in chips) 
GianniML: posts small blind $0.01
StarAVT: posts big blind $0.02
Aleks120483: sits out 
*** HOLE CARDS ***
Dealt to Dorex2007 [4s As]
R2PNZ: raises $0.04 to $0.06
Khrenya: folds 
BBilly200: folds 
Dorex2007: folds 
QUEENOFCG: folds 
rjeg333: folds 
GianniML: folds 
StarAVT: folds 
Uncalled bet ($0.04) returned to R2PNZ
R2PNZ collected $0.05 from pot
R2PNZ: doesn't show hand 
*** SUMMARY ***
Total pot $0.05 | Rake $0 
Seat 2: rjeg333 (button) folded before Flop (didn't bet)
Seat 3: GianniML (small blind) folded before Flop
Seat 4: StarAVT (big blind) folded before Flop
Seat 5: R2PNZ collected ($0.05)
Seat 6: Khrenya folded before Flop (didn't bet)
Seat 7: BBilly200 folded before Flop (didn't bet)
Seat 8: Dorex2007 folded before Flop (didn't bet)
Seat 9: QUEENOFCG folded before Flop (didn't bet)



PokerStars Hand #234256555201:  Hold'em No Limit ($0.01/$0.02 USD) - 2022/02/20 22:22:42 PT [2022/02/21 1:22:42 ET]
Table 'Iduna V' 9-max Seat #3 is the button
Seat 2: rjeg333 ($2.50 in chips) 
Seat 3: GianniML ($1.92 in chips) 
Seat 4: StarAVT ($0.89 in chips) 
Seat 5: R2PNZ ($2.73 in chips) 
Seat 6: Khrenya ($2.92 in chips) 
Seat 7: BBilly200 ($1.95 in chips) 
Seat 8: Dorex2007 ($2 in chips) 
Seat 9: QUEENOFCG ($2.19 in chips) 
StarAVT: posts small blind $0.01
R2PNZ: posts big blind $0.02
Aleks120483: sits out 
*** HOLE CARDS ***
Dealt to Dorex2007 [Th 7d]
Khrenya: folds 
BBilly200: calls $0.02
Dorex2007: folds 
QUEENOFCG: folds 
rjeg333: folds 
GianniML: folds 
StarAVT: calls $0.01
R2PNZ: checks 
*** FLOP *** [Jc 8d 3d]
StarAVT: checks 
R2PNZ: bets $0.02
BBilly200: calls $0.02
StarAVT: folds 
*** TURN *** [Jc 8d 3d] [Qd]
R2PNZ: checks 
BBilly200: checks 
*** RIVER *** [Jc 8d 3d Qd] [7c]
R2PNZ: checks 
BBilly200: bets $0.02
R2PNZ: calls $0.02
*** SHOW DOWN ***
BBilly200: shows [Kc Qs] (a pair of Queens)
R2PNZ: mucks hand 
BBilly200 collected $0.14 from pot
*** SUMMARY ***
Total pot $0.14 | Rake $0 
Board [Jc 8d 3d Qd 7c]
Seat 2: rjeg333 folded before Flop (didn't bet)
Seat 3: GianniML (button) folded before Flop (didn't bet)
Seat 4: StarAVT (small blind) folded on the Flop
Seat 5: R2PNZ (big blind) mucked [9s 8h]
Seat 6: Khrenya folded before Flop (didn't bet)
Seat 7: BBilly200 showed [Kc Qs] and won ($0.14) with a pair of Queens
Seat 8: Dorex2007 folded before Flop (didn't bet)
Seat 9: QUEENOFCG folded before Flop (didn't bet)



PokerStars Hand #234256561481:  Hold'em No Limit ($0.01/$0.02 USD) - 2022/02/20 22:23:30 PT [2022/02/21 1:23:30 ET]
Table 'Iduna V' 9-max Seat #4 is the button
Seat 2: rjeg333 ($2.50 in chips) 
Seat 3: GianniML ($1.92 in chips) 
Seat 4: StarAVT ($0.87 in chips) 
Seat 5: R2PNZ ($2.67 in chips) 
Seat 6: Khrenya ($2.92 in chips) 
Seat 7: BBilly200 ($2.03 in chips) 
Seat 8: Dorex2007 ($2 in chips) 
Seat 9: QUEENOFCG ($2.19 in chips) 
R2PNZ: posts small blind $0.01
Khrenya: posts big blind $0.02
Aleks120483: sits out 
*** HOLE CARDS ***
Dealt to Dorex2007 [Tc Ac]
BBilly200: folds 
Dorex2007: calls $0.02
QUEENOFCG: folds 
rjeg333: folds 
GianniML: folds 
StarAVT: raises $0.02 to $0.04
R2PNZ: folds 
Khrenya: folds 
Dorex2007: calls $0.02
*** FLOP *** [2h Ks 7h]
Dorex2007: checks 
StarAVT: checks 
*** TURN *** [2h Ks 7h] [2c]
Dorex2007: checks 
StarAVT: checks 
*** RIVER *** [2h Ks 7h 2c] [Jd]
Dorex2007: checks 
StarAVT: bets $0.11
Dorex2007: folds 
Uncalled bet ($0.11) returned to StarAVT
StarAVT collected $0.11 from pot
StarAVT: doesn't show hand 
*** SUMMARY ***
Total pot $0.11 | Rake $0 
Board [2h Ks 7h 2c Jd]
Seat 2: rjeg333 folded before Flop (didn't bet)
Seat 3: GianniML folded before Flop (didn't bet)
Seat 4: StarAVT (button) collected ($0.11)
Seat 5: R2PNZ (small blind) folded before Flop
Seat 6: Khrenya (big blind) folded before Flop
Seat 7: BBilly200 folded before Flop (didn't bet)
Seat 8: Dorex2007 folded on the River
Seat 9: QUEENOFCG folded before Flop (didn't bet)



PokerStars Hand #234256568068:  Hold'em No Limit ($0.01/$0.02 USD) - 2022/02/20 22:24:20 PT [2022/02/21 1:24:20 ET]
Table 'Iduna V' 9-max Seat #5 is the button
Seat 2: rjeg333 ($2.50 in chips) 
Seat 3: GianniML ($1.92 in chips) 
Seat 4: StarAVT ($0.94 in chips) 
Seat 5: R2PNZ ($2.66 in chips) 
Seat 6: Khrenya ($2.90 in chips) 
Seat 7: BBilly200 ($2.03 in chips) 
Seat 8: Dorex2007 ($2 in chips) 
Seat 9: QUEENOFCG ($2.19 in chips) 
Khrenya: posts small blind $0.01
BBilly200: posts big blind $0.02
Aleks120483: sits out 
*** HOLE CARDS ***
Dealt to Dorex2007 [3s Kd]
Dorex2007: folds 
QUEENOFCG: folds 
rjeg333: folds 
GianniML: folds 
StarAVT: folds 
R2PNZ: folds 
Khrenya: raises $0.06 to $0.08
BBilly200: calls $0.06
*** FLOP *** [Ts 7d 6c]
Khrenya: checks 
BBilly200: checks 
*** TURN *** [Ts 7d 6c] [9d]
Khrenya: checks 
BBilly200: checks 
*** RIVER *** [Ts 7d 6c 9d] [Ac]
Khrenya: bets $0.09
BBilly200: calls $0.09
*** SHOW DOWN ***
Khrenya: shows [3h Qh] (high card Ace)
BBilly200: shows [Ks Ad] (a pair of Aces)
BBilly200 collected $0.33 from pot
*** SUMMARY ***
Total pot $0.34 | Rake $0.01 
Board [Ts 7d 6c 9d Ac]
Seat 2: rjeg333 folded before Flop (didn't bet)
Seat 3: GianniML folded before Flop (didn't bet)
Seat 4: StarAVT folded before Flop (didn't bet)
Seat 5: R2PNZ (button) folded before Flop (didn't bet)
Seat 6: Khrenya (small blind) showed [3h Qh] and lost with high card Ace
Seat 7: BBilly200 (big blind) showed [Ks Ad] and won ($0.33) with a pair of Aces
Seat 8: Dorex2007 folded before Flop (didn't bet)
Seat 9: QUEENOFCG folded before Flop (didn't bet)



PokerStars Hand #234256574886:  Hold'em No Limit ($0.01/$0.02 USD) - 2022/02/20 22:25:12 PT [2022/02/21 1:25:12 ET]
Table 'Iduna V' 9-max Seat #6 is the button
Seat 2: rjeg333 ($2.50 in chips) 
Seat 3: GianniML ($1.92 in chips) 
Seat 4: StarAVT ($0.94 in chips) 
Seat 5: R2PNZ ($2.66 in chips) 
Seat 6: Khrenya ($2.73 in chips) 
Seat 7: BBilly200 ($2.19 in chips) 
Seat 8: Dorex2007 ($2 in chips) 
Seat 9: QUEENOFCG ($2.19 in chips) 
BBilly200: posts small blind $0.01
Dorex2007: posts big blind $0.02
Aleks120483: sits out 
*** HOLE CARDS ***
Dealt to Dorex2007 [4s Tc]
QUEENOFCG: folds 
rjeg333: raises $0.04 to $0.06
GianniML: folds 
StarAVT: folds 
R2PNZ: folds 
Khrenya: folds 
BBilly200: folds 
Dorex2007: folds 
Uncalled bet ($0.04) returned to rjeg333
rjeg333 collected $0.05 from pot
*** SUMMARY ***
Total pot $0.05 | Rake $0 
Seat 2: rjeg333 collected ($0.05)
Seat 3: GianniML folded before Flop (didn't bet)
Seat 4: StarAVT folded before Flop (didn't bet)
Seat 5: R2PNZ folded before Flop (didn't bet)
Seat 6: Khrenya (button) folded before Flop (didn't bet)
Seat 7: BBilly200 (small blind) folded before Flop
Seat 8: Dorex2007 (big blind) folded before Flop
Seat 9: QUEENOFCG folded before Flop (didn't bet)



PokerStars Hand #234256578352:  Hold'em No Limit ($0.01/$0.02 USD) - 2022/02/20 22:25:39 PT [2022/02/21 1:25:39 ET]
Table 'Iduna V' 9-max Seat #7 is the button
Seat 1: Aleks120483 ($2 in chips) 
Seat 2: rjeg333 ($2.53 in chips) 
Seat 3: GianniML ($1.92 in chips) 
Seat 4: StarAVT ($0.94 in chips) 
Seat 5: R2PNZ ($2.66 in chips) 
Seat 6: Khrenya ($2.73 in chips) 
Seat 7: BBilly200 ($2.18 in chips) 
Seat 8: Dorex2007 ($2 in chips) 
Dorex2007: posts small blind $0.01
QUEENOFCG: is sitting out 
QUEENOFCG leaves the table
Aleks120483: posts big blind $0.02
*** HOLE CARDS ***
Dealt to Dorex2007 [9h 5h]
rjeg333: folds 
GianniML: folds 
StarAVT: folds 
Mighty01s joins the table at seat #9 
R2PNZ: raises $0.04 to $0.06
Khrenya: folds 
BBilly200: calls $0.06
Dorex2007: folds 
Aleks120483: folds 
*** FLOP *** [Js Jc 7h]
R2PNZ: checks 
BBilly200: bets $0.10
R2PNZ: folds 
Uncalled bet ($0.10) returned to BBilly200
BBilly200 collected $0.14 from pot
BBilly200: doesn't show hand 
*** SUMMARY ***
Total pot $0.15 | Rake $0.01 
Board [Js Jc 7h]
Seat 1: Aleks120483 (big blind) folded before Flop
Seat 2: rjeg333 folded before Flop (didn't bet)
Seat 3: GianniML folded before Flop (didn't bet)
Seat 4: StarAVT folded before Flop (didn't bet)
Seat 5: R2PNZ folded on the Flop
Seat 6: Khrenya folded before Flop (didn't bet)
Seat 7: BBilly200 (button) collected ($0.14)
Seat 8: Dorex2007 (small blind) folded before Flop



PokerStars Hand #234256581879:  Hold'em No Limit ($0.01/$0.02 USD) - 2022/02/20 22:26:05 PT [2022/02/21 1:26:05 ET]
Table 'Iduna V' 9-max Seat #8 is the button
Seat 1: Aleks120483 ($1.98 in chips) 
Seat 2: rjeg333 ($2.53 in chips) 
Seat 3: GianniML ($1.92 in chips) 
Seat 4: StarAVT ($0.94 in chips) 
Seat 5: R2PNZ ($2.60 in chips) 
Seat 6: Khrenya ($2.73 in chips) 
Seat 7: BBilly200 ($2.26 in chips) 
Seat 8: Dorex2007 ($2 in chips) 
Aleks120483: posts small blind $0.01
rjeg333: posts big blind $0.02
*** HOLE CARDS ***
Dealt to Dorex2007 [Kd 4c]
GianniML: folds 
StarAVT: folds 
R2PNZ: folds 
Khrenya: folds 
BBilly200: folds 
Dorex2007: folds 
Aleks120483: folds 
Uncalled bet ($0.01) returned to rjeg333
rjeg333 collected $0.02 from pot
*** SUMMARY ***
Total pot $0.02 | Rake $0 
Seat 1: Aleks120483 (small blind) folded before Flop
Seat 2: rjeg333 (big blind) collected ($0.02)
Seat 3: GianniML folded before Flop (didn't bet)
Seat 4: StarAVT folded before Flop (didn't bet)
Seat 5: R2PNZ folded before Flop (didn't bet)
Seat 6: Khrenya folded before Flop (didn't bet)
Seat 7: BBilly200 folded before Flop (didn't bet)
Seat 8: Dorex2007 (button) folded before Flop (didn't bet)



PokerStars Hand #234256583807:  Hold'em No Limit ($0.01/$0.02 USD) - 2022/02/20 22:26:19 PT [2022/02/21 1:26:19 ET]
Table 'Iduna V' 9-max Seat #1 is the button
Seat 1: Aleks120483 ($1.97 in chips) 
Seat 2: rjeg333 ($2.54 in chips) 
Seat 3: GianniML ($1.92 in chips) 
Seat 4: StarAVT ($0.94 in chips) 
Seat 5: R2PNZ ($2.60 in chips) 
Seat 6: Khrenya ($2.73 in chips) 
Seat 7: BBilly200 ($2.26 in chips) 
Seat 8: Dorex2007 ($2 in chips) 
Seat 9: Mighty01s ($2 in chips) 
rjeg333: posts small blind $0.01
GianniML: posts big blind $0.02
Mighty01s: posts big blind $0.02
*** HOLE CARDS ***
Dealt to Dorex2007 [Tc 8s]
StarAVT: folds 
R2PNZ: folds 
Khrenya: raises $0.06 to $0.08
BBilly200: calls $0.08
Dorex2007: folds 
Mighty01s: calls $0.06
Aleks120483: folds 
rjeg333: folds 
GianniML: folds 
*** FLOP *** [9s 7s 2h]
Khrenya: checks 
BBilly200: checks 
Mighty01s: checks 
*** TURN *** [9s 7s 2h] [2c]
Khrenya: bets $0.13
BBilly200: folds 
Mighty01s: folds 
Uncalled bet ($0.13) returned to Khrenya
Khrenya collected $0.26 from pot
Khrenya: doesn't show hand 
*** SUMMARY ***
Total pot $0.27 | Rake $0.01 
Board [9s 7s 2h 2c]
Seat 1: Aleks120483 (button) folded before Flop (didn't bet)
Seat 2: rjeg333 (small blind) folded before Flop
Seat 3: GianniML (big blind) folded before Flop
Seat 4: StarAVT folded before Flop (didn't bet)
Seat 5: R2PNZ folded before Flop (didn't bet)
Seat 6: Khrenya collected ($0.26)
Seat 7: BBilly200 folded on the Turn
Seat 8: Dorex2007 folded before Flop (didn't bet)
Seat 9: Mighty01s folded on the Turn



PokerStars Hand #234256589792:  Hold'em No Limit ($0.01/$0.02 USD) - 2022/02/20 22:27:05 PT [2022/02/21 1:27:05 ET]
Table 'Iduna V' 9-max Seat #2 is the button
Seat 1: Aleks120483 ($1.97 in chips) 
Seat 2: rjeg333 ($2.53 in chips) 
Seat 3: GianniML ($1.90 in chips) 
Seat 4: StarAVT ($0.94 in chips) 
Seat 5: R2PNZ ($2.60 in chips) 
Seat 6: Khrenya ($2.91 in chips) 
Seat 7: BBilly200 ($2.18 in chips) 
Seat 8: Dorex2007 ($2 in chips) 
Seat 9: Mighty01s ($1.92 in chips) 
GianniML: posts small blind $0.01
StarAVT: posts big blind $0.02
*** HOLE CARDS ***
Dealt to Dorex2007 [7s Jd]
R2PNZ: folds 
Khrenya: folds 
BBilly200: calls $0.02
Dorex2007: folds 
Mighty01s: folds 
Aleks120483: folds 
rjeg333: calls $0.02
GianniML: folds 
StarAVT: checks 
*** FLOP *** [7d 3h Ks]
StarAVT: checks 
BBilly200: checks 
rjeg333: checks 
*** TURN *** [7d 3h Ks] [6c]
StarAVT: checks 
BBilly200: checks 
rjeg333: checks 
*** RIVER *** [7d 3h Ks 6c] [Qh]
StarAVT: checks 
BBilly200: checks 
rjeg333: checks 
*** SHOW DOWN ***
StarAVT: shows [2h 9h] (high card King)
BBilly200: shows [Ac 6s] (a pair of Sixes)
rjeg333: mucks hand 
BBilly200 collected $0.07 from pot
*** SUMMARY ***
Total pot $0.07 | Rake $0 
Board [7d 3h Ks 6c Qh]
Seat 1: Aleks120483 folded before Flop (didn't bet)
Seat 2: rjeg333 (button) mucked [4c 4s]
Seat 3: GianniML (small blind) folded before Flop
Seat 4: StarAVT (big blind) showed [2h 9h] and lost with high card King
Seat 5: R2PNZ folded before Flop (didn't bet)
Seat 6: Khrenya folded before Flop (didn't bet)
Seat 7: BBilly200 showed [Ac 6s] and won ($0.07) with a pair of Sixes
Seat 8: Dorex2007 folded before Flop (didn't bet)
Seat 9: Mighty01s folded before Flop (didn't bet)



PokerStars Hand #234256594730:  Hold'em No Limit ($0.01/$0.02 USD) - 2022/02/20 22:27:43 PT [2022/02/21 1:27:43 ET]
Table 'Iduna V' 9-max Seat #3 is the button
Seat 1: Aleks120483 ($1.97 in chips) 
Seat 2: rjeg333 ($2.51 in chips) 
Seat 3: GianniML ($1.89 in chips) 
Seat 4: StarAVT ($0.92 in chips) 
Seat 5: R2PNZ ($2.60 in chips) 
Seat 6: Khrenya ($2.91 in chips) 
Seat 7: BBilly200 ($2.23 in chips) 
Seat 8: Dorex2007 ($2 in chips) 
Seat 9: Mighty01s ($1.92 in chips) 
StarAVT: posts small blind $0.01
R2PNZ: posts big blind $0.02
*** HOLE CARDS ***
Dealt to Dorex2007 [Kh Jc]
Khrenya: folds 
BBilly200: folds 
Dorex2007: raises $0.02 to $0.04
Mighty01s: calls $0.04
Aleks120483: folds 
rjeg333: folds 
GianniML: folds 
StarAVT: folds 
R2PNZ: folds 
*** FLOP *** [8d Td Ac]
Dorex2007: checks 
Mighty01s: checks 
*** TURN *** [8d Td Ac] [2d]
Dorex2007: checks 
Mighty01s: checks 
*** RIVER *** [8d Td Ac 2d] [Qh]
Dorex2007: checks 
Mighty01s: checks 
*** SHOW DOWN ***
Dorex2007: shows [Kh Jc] (a straight, Ten to Ace)
Mighty01s: mucks hand 
Dorex2007 collected $0.11 from pot
*** SUMMARY ***
Total pot $0.11 | Rake $0 
Board [8d Td Ac 2d Qh]
Seat 1: Aleks120483 folded before Flop (didn't bet)
Seat 2: rjeg333 folded before Flop (didn't bet)
Seat 3: GianniML (button) folded before Flop (didn't bet)
Seat 4: StarAVT (small blind) folded before Flop
Seat 5: R2PNZ (big blind) folded before Flop
Seat 6: Khrenya folded before Flop (didn't bet)
Seat 7: BBilly200 folded before Flop (didn't bet)
Seat 8: Dorex2007 showed [Kh Jc] and won ($0.11) with a straight, Ten to Ace
Seat 9: Mighty01s mucked [Ks 4s]



PokerStars Hand #234256598746:  Hold'em No Limit ($0.01/$0.02 USD) - 2022/02/20 22:28:14 PT [2022/02/21 1:28:14 ET]
Table 'Iduna V' 9-max Seat #4 is the button
Seat 1: Aleks120483 ($1.97 in chips) 
Seat 2: rjeg333 ($2.51 in chips) 
Seat 3: GianniML ($1.89 in chips) 
Seat 4: StarAVT ($0.91 in chips) 
Seat 5: R2PNZ ($2.58 in chips) 
Seat 6: Khrenya ($2.91 in chips) 
Seat 7: BBilly200 ($2.23 in chips) 
Seat 8: Dorex2007 ($2.07 in chips) 
Seat 9: Mighty01s ($1.88 in chips) 
R2PNZ: posts small blind $0.01
Khrenya: posts big blind $0.02
*** HOLE CARDS ***
Dealt to Dorex2007 [2h Jd]
BBilly200: folds 
Dorex2007: folds 
Mighty01s: calls $0.02
Aleks120483: folds 
rjeg333: folds 
GianniML: folds 
StarAVT: folds 
R2PNZ: folds 
Khrenya: raises $0.08 to $0.10
Mighty01s: folds 
Uncalled bet ($0.08) returned to Khrenya
Khrenya collected $0.05 from pot
Khrenya: doesn't show hand 
*** SUMMARY ***
Total pot $0.05 | Rake $0 
Seat 1: Aleks120483 folded before Flop (didn't bet)
Seat 2: rjeg333 folded before Flop (didn't bet)
Seat 3: GianniML folded before Flop (didn't bet)
Seat 4: StarAVT (button) folded before Flop (didn't bet)
Seat 5: R2PNZ (small blind) folded before Flop
Seat 6: Khrenya (big blind) collected ($0.05)
Seat 7: BBilly200 folded before Flop (didn't bet)
Seat 8: Dorex2007 folded before Flop (didn't bet)
Seat 9: Mighty01s folded before Flop



PokerStars Hand #234256604543:  Hold'em No Limit ($0.01/$0.02 USD) - 2022/02/20 22:28:59 PT [2022/02/21 1:28:59 ET]
Table 'Iduna V' 9-max Seat #5 is the button
Seat 1: Aleks120483 ($1.97 in chips) 
Seat 2: rjeg333 ($2.51 in chips) 
Seat 3: GianniML ($1.89 in chips) 
Seat 4: StarAVT ($0.91 in chips) 
Seat 5: R2PNZ ($2.57 in chips) 
Seat 6: Khrenya ($2.94 in chips) 
Seat 7: BBilly200 ($2.23 in chips) 
Seat 8: Dorex2007 ($2.07 in chips) 
Seat 9: Mighty01s ($1.86 in chips) 
Khrenya: posts small blind $0.01
BBilly200: posts big blind $0.02
*** HOLE CARDS ***
Dealt to Dorex2007 [Ad 6h]
Dorex2007: folds 
Mighty01s: folds 
Aleks120483: folds 
rjeg333: folds 
GianniML: folds 
StarAVT: folds 
R2PNZ: folds 
Khrenya: raises $0.06 to $0.08
BBilly200: folds 
Uncalled bet ($0.06) returned to Khrenya
Khrenya collected $0.04 from pot
Khrenya: doesn't show hand 
*** SUMMARY ***
Total pot $0.04 | Rake $0 
Seat 1: Aleks120483 folded before Flop (didn't bet)
Seat 2: rjeg333 folded before Flop (didn't bet)
Seat 3: GianniML folded before Flop (didn't bet)
Seat 4: StarAVT folded before Flop (didn't bet)
Seat 5: R2PNZ (button) folded before Flop (didn't bet)
Seat 6: Khrenya (small blind) collected ($0.04)
Seat 7: BBilly200 (big blind) folded before Flop
Seat 8: Dorex2007 folded before Flop (didn't bet)
Seat 9: Mighty01s folded before Flop (didn't bet)



PokerStars Hand #234256606824:  Hold'em No Limit ($0.01/$0.02 USD) - 2022/02/20 22:29:16 PT [2022/02/21 1:29:16 ET]
Table 'Iduna V' 9-max Seat #6 is the button
Seat 1: Aleks120483 ($1.97 in chips) 
Seat 2: rjeg333 ($2.51 in chips) 
Seat 3: GianniML ($1.89 in chips) 
Seat 4: StarAVT ($0.91 in chips) 
Seat 5: R2PNZ ($2.57 in chips) 
Seat 6: Khrenya ($2.96 in chips) 
Seat 7: BBilly200 ($2.21 in chips) 
Seat 8: Dorex2007 ($2.07 in chips) 
Seat 9: Mighty01s ($1.86 in chips) 
BBilly200: posts small blind $0.01
Dorex2007: posts big blind $0.02
*** HOLE CARDS ***
Dealt to Dorex2007 [2s Jc]
Mighty01s: folds 
Aleks120483: folds 
rjeg333: folds 
GianniML: folds 
StarAVT: folds 
R2PNZ: raises $0.04 to $0.06
Khrenya: folds 
BBilly200: folds 
Dorex2007: folds 
Uncalled bet ($0.04) returned to R2PNZ
R2PNZ collected $0.05 from pot
R2PNZ: doesn't show hand 
*** SUMMARY ***
Total pot $0.05 | Rake $0 
Seat 1: Aleks120483 folded before Flop (didn't bet)
Seat 2: rjeg333 folded before Flop (didn't bet)
Seat 3: GianniML folded before Flop (didn't bet)
Seat 4: StarAVT folded before Flop (didn't bet)
Seat 5: R2PNZ collected ($0.05)
Seat 6: Khrenya (button) folded before Flop (didn't bet)
Seat 7: BBilly200 (small blind) folded before Flop
Seat 8: Dorex2007 (big blind) folded before Flop
Seat 9: Mighty01s folded before Flop (didn't bet)



PokerStars Hand #234256609392:  Hold'em No Limit ($0.01/$0.02 USD) - 2022/02/20 22:29:36 PT [2022/02/21 1:29:36 ET]
Table 'Iduna V' 9-max Seat #7 is the button
Seat 1: Aleks120483 ($1.97 in chips) 
Seat 2: rjeg333 ($2.51 in chips) 
Seat 3: GianniML ($1.89 in chips) 
Seat 4: StarAVT ($0.91 in chips) 
Seat 5: R2PNZ ($2.60 in chips) 
Seat 6: Khrenya ($2.96 in chips) 
Seat 7: BBilly200 ($2.20 in chips) 
Seat 8: Dorex2007 ($2.05 in chips) 
Seat 9: Mighty01s ($1.86 in chips) 
Dorex2007: posts small blind $0.01
Mighty01s: posts big blind $0.02
*** HOLE CARDS ***
Dealt to Dorex2007 [2h 6s]
Aleks120483: folds 
rjeg333: folds 
GianniML: raises $0.05 to $0.07
StarAVT: folds 
R2PNZ: folds 
Khrenya: folds 
BBilly200: calls $0.07
Dorex2007: folds 
Mighty01s: folds 
*** FLOP *** [2d 8d 4c]
GianniML: bets $0.08
BBilly200: folds 
Uncalled bet ($0.08) returned to GianniML
GianniML collected $0.16 from pot
GianniML: doesn't show hand 
*** SUMMARY ***
Total pot $0.17 | Rake $0.01 
Board [2d 8d 4c]
Seat 1: Aleks120483 folded before Flop (didn't bet)
Seat 2: rjeg333 folded before Flop (didn't bet)
Seat 3: GianniML collected ($0.16)
Seat 4: StarAVT folded before Flop (didn't bet)
Seat 5: R2PNZ folded before Flop (didn't bet)
Seat 6: Khrenya folded before Flop (didn't bet)
Seat 7: BBilly200 (button) folded on the Flop
Seat 8: Dorex2007 (small blind) folded before Flop
Seat 9: Mighty01s (big blind) folded before Flop



PokerStars Hand #234256613519:  Hold'em No Limit ($0.01/$0.02 USD) - 2022/02/20 22:30:08 PT [2022/02/21 1:30:08 ET]
Table 'Iduna V' 9-max Seat #8 is the button
Seat 1: Aleks120483 ($1.97 in chips) 
Seat 2: rjeg333 ($2.51 in chips) 
Seat 3: GianniML ($1.98 in chips) 
Seat 4: StarAVT ($0.91 in chips) 
Seat 5: R2PNZ ($2.60 in chips) 
Seat 6: Khrenya ($2.96 in chips) 
Seat 7: BBilly200 ($2.13 in chips) 
Seat 8: Dorex2007 ($2.04 in chips) 
Seat 9: Mighty01s ($1.84 in chips) 
Mighty01s: posts small blind $0.01
Aleks120483: posts big blind $0.02
*** HOLE CARDS ***
Dealt to Dorex2007 [2s 7c]
rjeg333: folds 
GianniML: folds 
StarAVT: folds 
R2PNZ: folds 
Khrenya: folds 
BBilly200: calls $0.02
Dorex2007: folds 
Mighty01s: folds 
Aleks120483: checks 
*** FLOP *** [Ad Tc 8h]
Aleks120483: bets $0.05
BBilly200: calls $0.05
*** TURN *** [Ad Tc 8h] [Qd]
Aleks120483: checks 
BBilly200: checks 
*** RIVER *** [Ad Tc 8h Qd] [7s]
Aleks120483: checks 
BBilly200: checks 
*** SHOW DOWN ***
Aleks120483: shows [6s 8c] (a pair of Eights)
BBilly200: shows [Ah 9s] (a pair of Aces)
BBilly200 collected $0.14 from pot
*** SUMMARY ***
Total pot $0.15 | Rake $0.01 
Board [Ad Tc 8h Qd 7s]
Seat 1: Aleks120483 (big blind) showed [6s 8c] and lost with a pair of Eights
Seat 2: rjeg333 folded before Flop (didn't bet)
Seat 3: GianniML folded before Flop (didn't bet)
Seat 4: StarAVT folded before Flop (didn't bet)
Seat 5: R2PNZ folded before Flop (didn't bet)
Seat 6: Khrenya folded before Flop (didn't bet)
Seat 7: BBilly200 showed [Ah 9s] and won ($0.14) with a pair of Aces
Seat 8: Dorex2007 (button) folded before Flop (didn't bet)
Seat 9: Mighty01s (small blind) folded before Flop



PokerStars Hand #234256619890:  Hold'em No Limit ($0.01/$0.02 USD) - 2022/02/20 22:30:58 PT [2022/02/21 1:30:58 ET]
Table 'Iduna V' 9-max Seat #1 is the button
Seat 1: Aleks120483 ($1.90 in chips) 
Seat 2: rjeg333 ($2.51 in chips) 
Seat 3: GianniML ($1.98 in chips) 
Seat 4: StarAVT ($0.91 in chips) 
Seat 5: R2PNZ ($2.60 in chips) 
Seat 6: Khrenya ($2.96 in chips) 
Seat 7: BBilly200 ($2.20 in chips) 
Seat 8: Dorex2007 ($2.04 in chips) 
rjeg333: posts small blind $0.01
GianniML: posts big blind $0.02
*** HOLE CARDS ***
Dealt to Dorex2007 [2d Jh]
StarAVT: calls $0.02
R2PNZ: raises $0.07 to $0.09
Khrenya: folds 
BBilly200: folds 
Dorex2007: folds 
Aleks120483: folds 
rjeg333: folds 
GianniML: calls $0.07
StarAVT: calls $0.07
*** FLOP *** [3s Jc 4h]
GianniML: checks 
StarAVT: checks 
R2PNZ: checks 
*** TURN *** [3s Jc 4h] [4s]
GianniML: checks 
StarAVT: bets $0.02
R2PNZ: raises $0.18 to $0.20
GianniML: folds 
StarAVT: folds 
Uncalled bet ($0.18) returned to R2PNZ
R2PNZ collected $0.31 from pot
R2PNZ: doesn't show hand 
*** SUMMARY ***
Total pot $0.32 | Rake $0.01 
Board [3s Jc 4h 4s]
Seat 1: Aleks120483 (button) folded before Flop (didn't bet)
Seat 2: rjeg333 (small blind) folded before Flop
Seat 3: GianniML (big blind) folded on the Turn
Seat 4: StarAVT folded on the Turn
Seat 5: R2PNZ collected ($0.31)
Seat 6: Khrenya folded before Flop (didn't bet)
Seat 7: BBilly200 folded before Flop (didn't bet)
Seat 8: Dorex2007 folded before Flop (didn't bet)



PokerStars Hand #234256626443:  Hold'em No Limit ($0.01/$0.02 USD) - 2022/02/20 22:31:48 PT [2022/02/21 1:31:48 ET]
Table 'Iduna V' 9-max Seat #2 is the button
Seat 1: Aleks120483 ($1.90 in chips) 
Seat 2: rjeg333 ($2.50 in chips) 
Seat 3: GianniML ($1.89 in chips) 
Seat 4: StarAVT ($0.80 in chips) 
Seat 5: R2PNZ ($2.80 in chips) 
Seat 6: Khrenya ($2.96 in chips) 
Seat 7: BBilly200 ($2.20 in chips) 
Seat 8: Dorex2007 ($2.04 in chips) 
GianniML: posts small blind $0.01
StarAVT: posts big blind $0.02
*** HOLE CARDS ***
Dealt to Dorex2007 [3c Jd]
R2PNZ: folds 
Khrenya: folds 
BBilly200: folds 
Dorex2007: folds 
Aleks120483: folds 
Mighty01s is disconnected 
rjeg333 has timed out
rjeg333: folds 
GianniML: folds 
Uncalled bet ($0.01) returned to StarAVT
StarAVT collected $0.02 from pot
StarAVT: doesn't show hand 
*** SUMMARY ***
Total pot $0.02 | Rake $0 
Seat 1: Aleks120483 folded before Flop (didn't bet)
Seat 2: rjeg333 (button) folded before Flop (didn't bet)
Seat 3: GianniML (small blind) folded before Flop
Seat 4: StarAVT (big blind) collected ($0.02)
Seat 5: R2PNZ folded before Flop (didn't bet)
Seat 6: Khrenya folded before Flop (didn't bet)
Seat 7: BBilly200 folded before Flop (didn't bet)
Seat 8: Dorex2007 folded before Flop (didn't bet)



PokerStars Hand #234256629761:  Hold'em No Limit ($0.01/$0.02 USD) - 2022/02/20 22:32:13 PT [2022/02/21 1:32:13 ET]
Table 'Iduna V' 9-max Seat #3 is the button
Seat 1: Aleks120483 ($1.90 in chips) 
Seat 3: GianniML ($1.88 in chips) 
Seat 4: StarAVT ($0.81 in chips) 
Seat 5: R2PNZ ($2.80 in chips) 
Seat 6: Khrenya ($2.96 in chips) 
Seat 7: BBilly200 ($2.20 in chips) 
Seat 8: Dorex2007 ($2.04 in chips) 
Seat 9: Mighty01s ($1.83 in chips) 
StarAVT: posts small blind $0.01
R2PNZ: posts big blind $0.02
*** HOLE CARDS ***
Dealt to Dorex2007 [6d 5h]
Khrenya: folds 
BBilly200: folds 
Dorex2007: folds 
Mighty01s: raises $0.04 to $0.06
Aleks120483: folds 
GianniML: folds 
StarAVT: calls $0.05
rjeg333 leaves the table
R2PNZ: folds 
*** FLOP *** [9s 3h Kd]
StarAVT: checks 
Mighty01s: checks 
*** TURN *** [9s 3h Kd] [2s]
Shahta-16 joins the table at seat #2 
StarAVT: bets $0.02
Mighty01s: calls $0.02
*** RIVER *** [9s 3h Kd 2s] [Ks]
StarAVT: bets $0.08
Mighty01s: calls $0.08
*** SHOW DOWN ***
StarAVT: shows [Ah 2d] (two pair, Kings and Deuces)
Mighty01s: shows [8s 8c] (two pair, Kings and Eights)
Mighty01s collected $0.33 from pot
*** SUMMARY ***
Total pot $0.34 | Rake $0.01 
Board [9s 3h Kd 2s Ks]
Seat 1: Aleks120483 folded before Flop (didn't bet)
Seat 3: GianniML (button) folded before Flop (didn't bet)
Seat 4: StarAVT (small blind) showed [Ah 2d] and lost with two pair, Kings and Deuces
Seat 5: R2PNZ (big blind) folded before Flop
Seat 6: Khrenya folded before Flop (didn't bet)
Seat 7: BBilly200 folded before Flop (didn't bet)
Seat 8: Dorex2007 folded before Flop (didn't bet)
Seat 9: Mighty01s showed [8s 8c] and won ($0.33) with two pair, Kings and Eights



PokerStars Hand #234256634522:  Hold'em No Limit ($0.01/$0.02 USD) - 2022/02/20 22:32:50 PT [2022/02/21 1:32:50 ET]
Table 'Iduna V' 9-max Seat #4 is the button
Seat 1: Aleks120483 ($1.90 in chips) 
Seat 3: GianniML ($1.88 in chips) 
Seat 4: StarAVT ($0.65 in chips) 
Seat 5: R2PNZ ($2.78 in chips) 
Seat 6: Khrenya ($2.96 in chips) 
Seat 7: BBilly200 ($2.20 in chips) 
Seat 8: Dorex2007 ($2.04 in chips) 
Seat 9: Mighty01s ($2 in chips) 
R2PNZ: posts small blind $0.01
Khrenya: posts big blind $0.02
Shahta-16: sits out 
*** HOLE CARDS ***
Dealt to Dorex2007 [5s 9h]
BBilly200: folds 
Dorex2007: folds 
Mighty01s: folds 
Aleks120483: folds 
GianniML: folds 
StarAVT: folds 
R2PNZ: raises $0.04 to $0.06
Khrenya: raises $0.08 to $0.14
R2PNZ: folds 
Uncalled bet ($0.08) returned to Khrenya
Khrenya collected $0.12 from pot
Khrenya: doesn't show hand 
*** SUMMARY ***
Total pot $0.12 | Rake $0 
Seat 1: Aleks120483 folded before Flop (didn't bet)
Seat 3: GianniML folded before Flop (didn't bet)
Seat 4: StarAVT (button) folded before Flop (didn't bet)
Seat 5: R2PNZ (small blind) folded before Flop
Seat 6: Khrenya (big blind) collected ($0.12)
Seat 7: BBilly200 folded before Flop (didn't bet)
Seat 8: Dorex2007 folded before Flop (didn't bet)
Seat 9: Mighty01s folded before Flop (didn't bet)



PokerStars Hand #234256642028:  Hold'em No Limit ($0.01/$0.02 USD) - 2022/02/20 22:33:12 PT [2022/02/21 1:33:12 ET]
Table 'Iduna V' 9-max Seat #5 is the button
Seat 1: Aleks120483 ($1.90 in chips) 
Seat 3: GianniML ($1.88 in chips) 
Seat 4: StarAVT ($0.65 in chips) 
Seat 5: R2PNZ ($2.72 in chips) 
Seat 6: Khrenya ($3.02 in chips) 
Seat 7: BBilly200 ($2.20 in chips) 
Seat 8: Dorex2007 ($2.04 in chips) 
Seat 9: Mighty01s ($2 in chips) 
Khrenya: posts small blind $0.01
BBilly200: posts big blind $0.02
Shahta-16: sits out 
*** HOLE CARDS ***
Dealt to Dorex2007 [6c 5s]
Dorex2007: folds 
Mighty01s: folds 
Aleks120483: folds 
GianniML: calls $0.02
StarAVT has timed out
StarAVT: folds 
R2PNZ: folds 
Khrenya: folds 
BBilly200: checks 
*** FLOP *** [As 3h Jh]
BBilly200: checks 
GianniML: checks 
*** TURN *** [As 3h Jh] [4h]
BBilly200: checks 
GianniML: checks 
*** RIVER *** [As 3h Jh 4h] [7d]
BBilly200: checks 
GianniML: checks 
*** SHOW DOWN ***
BBilly200: shows [Kh 8c] (high card Ace)
GianniML: mucks hand 
BBilly200 collected $0.05 from pot
*** SUMMARY ***
Total pot $0.05 | Rake $0 
Board [As 3h Jh 4h 7d]
Seat 1: Aleks120483 folded before Flop (didn't bet)
Seat 3: GianniML mucked [9d 8d]
Seat 4: StarAVT folded before Flop (didn't bet)
Seat 5: R2PNZ (button) folded before Flop (didn't bet)
Seat 6: Khrenya (small blind) folded before Flop
Seat 7: BBilly200 (big blind) showed [Kh 8c] and won ($0.05) with high card Ace
Seat 8: Dorex2007 folded before Flop (didn't bet)
Seat 9: Mighty01s folded before Flop (didn't bet)



PokerStars Hand #234256648377:  Hold'em No Limit ($0.01/$0.02 USD) - 2022/02/20 22:34:01 PT [2022/02/21 1:34:01 ET]
Table 'Iduna V' 9-max Seat #6 is the button
Seat 1: Aleks120483 ($1.90 in chips) 
Seat 3: GianniML ($1.86 in chips) 
Seat 4: StarAVT ($0.65 in chips) 
Seat 5: R2PNZ ($2.72 in chips) 
Seat 6: Khrenya ($3.01 in chips) 
Seat 7: BBilly200 ($2.23 in chips) 
Seat 8: Dorex2007 ($2.04 in chips) 
Seat 9: Mighty01s ($2 in chips) 
BBilly200: posts small blind $0.01
Dorex2007: posts big blind $0.02
Shahta-16: sits out 
*** HOLE CARDS ***
Dealt to Dorex2007 [Kc 9s]
Mighty01s: folds 
Aleks120483: folds 
GianniML: folds 
StarAVT has timed out
StarAVT: folds 
R2PNZ: folds 
Khrenya: folds 
BBilly200: calls $0.01
Dorex2007: checks 
*** FLOP *** [Ts Qh 8s]
BBilly200: bets $0.02
Dorex2007: calls $0.02
*** TURN *** [Ts Qh 8s] [6d]
BBilly200: bets $0.08
Dorex2007: calls $0.08
*** RIVER *** [Ts Qh 8s 6d] [Tc]
BBilly200: bets $0.24
Dorex2007: folds 
Uncalled bet ($0.24) returned to BBilly200
BBilly200 collected $0.23 from pot
BBilly200: doesn't show hand 
*** SUMMARY ***
Total pot $0.24 | Rake $0.01 
Board [Ts Qh 8s 6d Tc]
Seat 1: Aleks120483 folded before Flop (didn't bet)
Seat 3: GianniML folded before Flop (didn't bet)
Seat 4: StarAVT folded before Flop (didn't bet)
Seat 5: R2PNZ folded before Flop (didn't bet)
Seat 6: Khrenya (button) folded before Flop (didn't bet)
Seat 7: BBilly200 (small blind) collected ($0.23)
Seat 8: Dorex2007 (big blind) folded on the River
Seat 9: Mighty01s folded before Flop (didn't bet)



PokerStars Hand #234256655366:  Hold'em No Limit ($0.01/$0.02 USD) - 2022/02/20 22:34:54 PT [2022/02/21 1:34:54 ET]
Table 'Iduna V' 9-max Seat #7 is the button
Seat 1: Aleks120483 ($1.90 in chips) 
Seat 3: GianniML ($1.86 in chips) 
Seat 4: StarAVT ($0.65 in chips) 
Seat 5: R2PNZ ($2.72 in chips) 
Seat 6: Khrenya ($3.01 in chips) 
Seat 7: BBilly200 ($2.34 in chips) 
Seat 8: Dorex2007 ($2 in chips) 
Seat 9: Mighty01s ($2 in chips) 
Dorex2007: posts small blind $0.01
Mighty01s: posts big blind $0.02
Shahta-16: sits out 
*** HOLE CARDS ***
Dealt to Dorex2007 [Ad 7d]
Aleks120483: folds 
GianniML: calls $0.02
StarAVT: calls $0.02
R2PNZ: raises $0.09 to $0.11
Khrenya: folds 
BBilly200: calls $0.11
Dorex2007: folds 
Mighty01s: folds 
GianniML: folds 
StarAVT: folds 
*** FLOP *** [5c As Th]
R2PNZ: checks 
BBilly200: bets $0.10
R2PNZ: folds 
Uncalled bet ($0.10) returned to BBilly200
BBilly200 collected $0.28 from pot
BBilly200: doesn't show hand 
*** SUMMARY ***
Total pot $0.29 | Rake $0.01 
Board [5c As Th]
Seat 1: Aleks120483 folded before Flop (didn't bet)
Seat 3: GianniML folded before Flop
Seat 4: StarAVT folded before Flop
Seat 5: R2PNZ folded on the Flop
Seat 6: Khrenya folded before Flop (didn't bet)
Seat 7: BBilly200 (button) collected ($0.28)
Seat 8: Dorex2007 (small blind) folded before Flop
Seat 9: Mighty01s (big blind) folded before Flop



PokerStars Hand #234256660475:  Hold'em No Limit ($0.01/$0.02 USD) - 2022/02/20 22:35:33 PT [2022/02/21 1:35:33 ET]
Table 'Iduna V' 9-max Seat #8 is the button
Seat 1: Aleks120483 ($1.90 in chips) 
Seat 3: GianniML ($1.84 in chips) 
Seat 4: StarAVT ($0.63 in chips) 
Seat 5: R2PNZ ($2.61 in chips) 
Seat 6: Khrenya ($3.01 in chips) 
Seat 7: BBilly200 ($2.51 in chips) 
Seat 8: Dorex2007 ($2 in chips) 
Seat 9: Mighty01s ($1.98 in chips) 
Mighty01s: posts small blind $0.01
Aleks120483: posts big blind $0.02
Shahta-16: sits out 
*** HOLE CARDS ***
Dealt to Dorex2007 [6c Kd]
GianniML: folds 
StarAVT: folds 
R2PNZ: folds 
Khrenya: folds 
BBilly200: calls $0.02
Dorex2007: folds 
Mighty01s: calls $0.01
Aleks120483: checks 
*** FLOP *** [As 7c 9d]
Mighty01s: checks 
Aleks120483: checks 
BBilly200: checks 
*** TURN *** [As 7c 9d] [2h]
Mighty01s: bets $0.04
Aleks120483: folds 
BBilly200: calls $0.04
*** RIVER *** [As 7c 9d 2h] [2c]
Mighty01s: bets $0.04
BBilly200: calls $0.04
*** SHOW DOWN ***
Mighty01s: shows [9h 3s] (two pair, Nines and Deuces)
BBilly200: shows [5s Ah] (two pair, Aces and Deuces)
BBilly200 collected $0.21 from pot
*** SUMMARY ***
Total pot $0.22 | Rake $0.01 
Board [As 7c 9d 2h 2c]
Seat 1: Aleks120483 (big blind) folded on the Turn
Seat 3: GianniML folded before Flop (didn't bet)
Seat 4: StarAVT folded before Flop (didn't bet)
Seat 5: R2PNZ folded before Flop (didn't bet)
Seat 6: Khrenya folded before Flop (didn't bet)
Seat 7: BBilly200 showed [5s Ah] and won ($0.21) with two pair, Aces and Deuces
Seat 8: Dorex2007 (button) folded before Flop (didn't bet)
Seat 9: Mighty01s (small blind) showed [9h 3s] and lost with two pair, Nines and Deuces



PokerStars Hand #234256672843:  Hold'em No Limit ($0.01/$0.02 USD) - 2022/02/20 22:36:23 PT [2022/02/21 1:36:23 ET]
Table 'Iduna V' 9-max Seat #9 is the button
Seat 1: Aleks120483 ($1.88 in chips) 
Seat 2: Shahta-16 ($2 in chips) 
Seat 3: GianniML ($1.84 in chips) 
Seat 4: StarAVT ($0.63 in chips) 
Seat 5: R2PNZ ($2.61 in chips) 
Seat 6: Khrenya ($3.01 in chips) 
Seat 7: BBilly200 ($2.62 in chips) 
Seat 8: Dorex2007 ($2 in chips) 
Seat 9: Mighty01s ($1.88 in chips) 
Aleks120483: posts small blind $0.01
Shahta-16: posts big blind $0.02
*** HOLE CARDS ***
Dealt to Dorex2007 [Ad 3s]
GianniML: folds 
StarAVT: calls $0.02
R2PNZ: folds 
Khrenya: folds 
BBilly200: folds 
Dorex2007: folds 
Mighty01s: calls $0.02
Aleks120483: folds 
Shahta-16: checks 
*** FLOP *** [3c Ac As]
Shahta-16: checks 
StarAVT: bets $0.02
Mighty01s: folds 
Shahta-16: folds 
Uncalled bet ($0.02) returned to StarAVT
StarAVT collected $0.07 from pot
StarAVT: doesn't show hand 
*** SUMMARY ***
Total pot $0.07 | Rake $0 
Board [3c Ac As]
Seat 1: Aleks120483 (small blind) folded before Flop
Seat 2: Shahta-16 (big blind) folded on the Flop
Seat 3: GianniML folded before Flop (didn't bet)
Seat 4: StarAVT collected ($0.07)
Seat 5: R2PNZ folded before Flop (didn't bet)
Seat 6: Khrenya folded before Flop (didn't bet)
Seat 7: BBilly200 folded before Flop (didn't bet)
Seat 8: Dorex2007 folded before Flop (didn't bet)
Seat 9: Mighty01s (button) folded on the Flop



PokerStars Hand #234256679785:  Hold'em No Limit ($0.01/$0.02 USD) - 2022/02/20 22:37:17 PT [2022/02/21 1:37:17 ET]
Table 'Iduna V' 9-max Seat #1 is the button
Seat 1: Aleks120483 ($1.87 in chips) 
Seat 2: Shahta-16 ($2 in chips) 
Seat 3: GianniML ($1.84 in chips) 
Seat 4: StarAVT ($0.68 in chips) 
Seat 5: R2PNZ ($2.61 in chips) 
Seat 6: Khrenya ($3.01 in chips) 
Seat 7: BBilly200 ($2.62 in chips) 
Seat 8: Dorex2007 ($2 in chips) 
Seat 9: Mighty01s ($1.86 in chips) 
Shahta-16: posts small blind $0.01
GianniML: posts big blind $0.02
*** HOLE CARDS ***
Dealt to Dorex2007 [6h 6s]
StarAVT: raises $0.04 to $0.06
R2PNZ: folds 
Khrenya: folds 
BBilly200: folds 
Dorex2007: calls $0.06
Mighty01s: calls $0.06
Aleks120483: folds 
Shahta-16: folds 
GianniML: folds 
*** FLOP *** [Tc Kd Ah]
StarAVT: bets $0.10
Dorex2007: folds 
Mighty01s: calls $0.10
*** TURN *** [Tc Kd Ah] [5c]
StarAVT: bets $0.52 and is all-in
Mighty01s: calls $0.52
*** RIVER *** [Tc Kd Ah 5c] [3c]
*** SHOW DOWN ***
StarAVT: shows [As Jd] (a pair of Aces)
Mighty01s: shows [Jh Ks] (a pair of Kings)
StarAVT collected $1.40 from pot
*** SUMMARY ***
Total pot $1.45 | Rake $0.05 
Board [Tc Kd Ah 5c 3c]
Seat 1: Aleks120483 (button) folded before Flop (didn't bet)
Seat 2: Shahta-16 (small blind) folded before Flop
Seat 3: GianniML (big blind) folded before Flop
Seat 4: StarAVT showed [As Jd] and won ($1.40) with a pair of Aces
Seat 5: R2PNZ folded before Flop (didn't bet)
Seat 6: Khrenya folded before Flop (didn't bet)
Seat 7: BBilly200 folded before Flop (didn't bet)
Seat 8: Dorex2007 folded on the Flop
Seat 9: Mighty01s showed [Jh Ks] and lost with a pair of Kings



PokerStars Hand #234256685370:  Hold'em No Limit ($0.01/$0.02 USD) - 2022/02/20 22:37:59 PT [2022/02/21 1:37:59 ET]
Table 'Iduna V' 9-max Seat #2 is the button
Seat 1: Aleks120483 ($1.87 in chips) 
Seat 2: Shahta-16 ($2 in chips) 
Seat 3: GianniML ($1.82 in chips) 
Seat 4: StarAVT ($1.40 in chips) 
Seat 5: R2PNZ ($2.61 in chips) 
Seat 6: Khrenya ($3.01 in chips) 
Seat 7: BBilly200 ($2.62 in chips) 
Seat 8: Dorex2007 ($2 in chips) 
Seat 9: Mighty01s ($1.18 in chips) 
GianniML: posts small blind $0.01
StarAVT: posts big blind $0.02
*** HOLE CARDS ***
Dealt to Dorex2007 [5c 6h]
R2PNZ: folds 
Khrenya: raises $0.06 to $0.08
BBilly200: folds 
Dorex2007: folds 
Mighty01s: calls $0.08
Aleks120483: calls $0.08
Shahta-16: folds 
GianniML: folds 
StarAVT: folds 
*** FLOP *** [Jc 9h Kc]
Khrenya: checks 
Mighty01s: bets $0.13
Aleks120483: folds 
Khrenya: raises $0.13 to $0.26
Mighty01s: calls $0.13
*** TURN *** [Jc 9h Kc] [3h]
Khrenya: bets $0.76
Mighty01s: calls $0.76
*** RIVER *** [Jc 9h Kc 3h] [7d]
Khrenya: bets $1.91 and is all-in
Mighty01s: folds 
Uncalled bet ($1.91) returned to Khrenya
Khrenya collected $2.23 from pot
Khrenya: doesn't show hand 
*** SUMMARY ***
Total pot $2.31 | Rake $0.08 
Board [Jc 9h Kc 3h 7d]
Seat 1: Aleks120483 folded on the Flop
Seat 2: Shahta-16 (button) folded before Flop (didn't bet)
Seat 3: GianniML (small blind) folded before Flop
Seat 4: StarAVT (big blind) folded before Flop
Seat 5: R2PNZ folded before Flop (didn't bet)
Seat 6: Khrenya collected ($2.23)
Seat 7: BBilly200 folded before Flop (didn't bet)
Seat 8: Dorex2007 folded before Flop (didn't bet)
Seat 9: Mighty01s folded on the River



PokerStars Hand #234256693298:  Hold'em No Limit ($0.01/$0.02 USD) - 2022/02/20 22:38:59 PT [2022/02/21 1:38:59 ET]
Table 'Iduna V' 9-max Seat #3 is the button
Seat 1: Aleks120483 ($1.79 in chips) 
Seat 2: Shahta-16 ($2 in chips) 
Seat 3: GianniML ($1.81 in chips) 
Seat 4: StarAVT ($1.38 in chips) 
Seat 5: R2PNZ ($2.61 in chips) 
Seat 6: Khrenya ($4.14 in chips) 
Seat 7: BBilly200 ($2.62 in chips) 
Seat 8: Dorex2007 ($2 in chips) 
Seat 9: Mighty01s ($0.08 in chips) 
StarAVT: posts small blind $0.01
R2PNZ: posts big blind $0.02
*** HOLE CARDS ***
Dealt to Dorex2007 [4c 6s]
Khrenya: folds 
BBilly200: calls $0.02
Dorex2007: folds 
Mighty01s: raises $0.06 to $0.08 and is all-in
Aleks120483: folds 
Shahta-16: folds 
GianniML: folds 
StarAVT: folds 
R2PNZ: folds 
BBilly200: calls $0.06
*** FLOP *** [Qs Ks Js]
*** TURN *** [Qs Ks Js] [4h]
*** RIVER *** [Qs Ks Js 4h] [8d]
*** SHOW DOWN ***
BBilly200: shows [Kd Tc] (a pair of Kings)
Mighty01s: shows [Jh Qd] (two pair, Queens and Jacks)
Mighty01s collected $0.18 from pot
*** SUMMARY ***
Total pot $0.19 | Rake $0.01 
Board [Qs Ks Js 4h 8d]
Seat 1: Aleks120483 folded before Flop (didn't bet)
Seat 2: Shahta-16 folded before Flop (didn't bet)
Seat 3: GianniML (button) folded before Flop (didn't bet)
Seat 4: StarAVT (small blind) folded before Flop
Seat 5: R2PNZ (big blind) folded before Flop
Seat 6: Khrenya folded before Flop (didn't bet)
Seat 7: BBilly200 showed [Kd Tc] and lost with a pair of Kings
Seat 8: Dorex2007 folded before Flop (didn't bet)
Seat 9: Mighty01s showed [Jh Qd] and won ($0.18) with two pair, Queens and Jacks



PokerStars Hand #234256697075:  Hold'em No Limit ($0.01/$0.02 USD) - 2022/02/20 22:39:28 PT [2022/02/21 1:39:28 ET]
Table 'Iduna V' 9-max Seat #4 is the button
Seat 1: Aleks120483 ($1.79 in chips) 
Seat 2: Shahta-16 ($2 in chips) 
Seat 3: GianniML ($1.81 in chips) 
Seat 4: StarAVT ($1.37 in chips) 
Seat 5: R2PNZ ($2.59 in chips) 
Seat 6: Khrenya ($4.14 in chips) 
Seat 7: BBilly200 ($2.54 in chips) 
Seat 8: Dorex2007 ($2 in chips) 
Seat 9: Mighty01s ($0.18 in chips) 
R2PNZ: posts small blind $0.01
Khrenya: posts big blind $0.02
*** HOLE CARDS ***
Dealt to Dorex2007 [Kc 5d]
BBilly200: folds 
Dorex2007: folds 
Mighty01s: folds 
Aleks120483: calls $0.02
Shahta-16: raises $0.06 to $0.08
GianniML: folds 
StarAVT: folds 
R2PNZ: folds 
Khrenya: folds 
Aleks120483: calls $0.06
*** FLOP *** [7d 3d 9c]
Aleks120483: checks 
Shahta-16: bets $0.05
Aleks120483: calls $0.05
*** TURN *** [7d 3d 9c] [As]
Aleks120483: checks 
Shahta-16: checks 
*** RIVER *** [7d 3d 9c As] [6s]
Aleks120483: bets $0.14
Shahta-16: folds 
Uncalled bet ($0.14) returned to Aleks120483
Aleks120483 collected $0.28 from pot
Aleks120483: doesn't show hand 
*** SUMMARY ***
Total pot $0.29 | Rake $0.01 
Board [7d 3d 9c As 6s]
Seat 1: Aleks120483 collected ($0.28)
Seat 2: Shahta-16 folded on the River
Seat 3: GianniML folded before Flop (didn't bet)
Seat 4: StarAVT (button) folded before Flop (didn't bet)
Seat 5: R2PNZ (small blind) folded before Flop
Seat 6: Khrenya (big blind) folded before Flop
Seat 7: BBilly200 folded before Flop (didn't bet)
Seat 8: Dorex2007 folded before Flop (didn't bet)
Seat 9: Mighty01s folded before Flop (didn't bet)



PokerStars Hand #234256705937:  Hold'em No Limit ($0.01/$0.02 USD) - 2022/02/20 22:40:34 PT [2022/02/21 1:40:34 ET]
Table 'Iduna V' 9-max Seat #5 is the button
Seat 1: Aleks120483 ($1.94 in chips) 
Seat 2: Shahta-16 ($2 in chips) 
Seat 3: GianniML ($1.81 in chips) 
Seat 4: StarAVT ($1.37 in chips) 
Seat 5: R2PNZ ($2.58 in chips) 
Seat 6: Khrenya ($4.12 in chips) 
Seat 7: BBilly200 ($2.54 in chips) 
Seat 8: Dorex2007 ($2 in chips) 
Seat 9: Mighty01s ($0.18 in chips) 
Khrenya: posts small blind $0.01
BBilly200: posts big blind $0.02
*** HOLE CARDS ***
Dealt to Dorex2007 [3c 3d]
Dorex2007: folds 
Mighty01s has timed out
Mighty01s: folds 
Aleks120483: folds 
Shahta-16: raises $0.04 to $0.06
GianniML: folds 
StarAVT: calls $0.06
R2PNZ: raises $0.21 to $0.27
Khrenya: folds 
BBilly200: folds 
Shahta-16: folds 
StarAVT: raises $1.10 to $1.37 and is all-in
R2PNZ: folds 
Uncalled bet ($1.10) returned to StarAVT
StarAVT collected $0.63 from pot
StarAVT: doesn't show hand 
*** SUMMARY ***
Total pot $0.63 | Rake $0 
Seat 1: Aleks120483 folded before Flop (didn't bet)
Seat 2: Shahta-16 folded before Flop
Seat 3: GianniML folded before Flop (didn't bet)
Seat 4: StarAVT collected ($0.63)
Seat 5: R2PNZ (button) folded before Flop
Seat 6: Khrenya (small blind) folded before Flop
Seat 7: BBilly200 (big blind) folded before Flop
Seat 8: Dorex2007 folded before Flop (didn't bet)
Seat 9: Mighty01s folded before Flop (didn't bet)



PokerStars Hand #234256711402:  Hold'em No Limit ($0.01/$0.02 USD) - 2022/02/20 22:41:16 PT [2022/02/21 1:41:16 ET]
Table 'Iduna V' 9-max Seat #6 is the button
Seat 1: Aleks120483 ($1.94 in chips) 
Seat 2: Shahta-16 ($2 in chips) 
Seat 3: GianniML ($1.81 in chips) 
Seat 4: StarAVT ($1.73 in chips) 
Seat 5: R2PNZ ($2.31 in chips) 
Seat 6: Khrenya ($4.11 in chips) 
Seat 7: BBilly200 ($2.52 in chips) 
Seat 8: Dorex2007 ($2 in chips) 
Seat 9: Mighty01s ($0.18 in chips) 
BBilly200: posts small blind $0.01
Dorex2007: posts big blind $0.02
*** HOLE CARDS ***
Dealt to Dorex2007 [6h Qd]
Mighty01s: folds 
Aleks120483: folds 
Shahta-16: folds 
GianniML: raises $0.04 to $0.06
StarAVT: folds 
R2PNZ: folds 
Khrenya: folds 
BBilly200: folds 
Dorex2007: folds 
Uncalled bet ($0.04) returned to GianniML
GianniML collected $0.05 from pot
GianniML: doesn't show hand 
*** SUMMARY ***
Total pot $0.05 | Rake $0 
Seat 1: Aleks120483 folded before Flop (didn't bet)
Seat 2: Shahta-16 folded before Flop (didn't bet)
Seat 3: GianniML collected ($0.05)
Seat 4: StarAVT folded before Flop (didn't bet)
Seat 5: R2PNZ folded before Flop (didn't bet)
Seat 6: Khrenya (button) folded before Flop (didn't bet)
Seat 7: BBilly200 (small blind) folded before Flop
Seat 8: Dorex2007 (big blind) folded before Flop
Seat 9: Mighty01s folded before Flop (didn't bet)



