PokerStars Hand #225097365583:  Hold'em No Limit ($0.01/$0.02 USD) - 2021/03/22 22:09:15 PT [2021/03/23 1:09:15 ET]
Table 'Yunnan V' 9-max Seat #3 is the button
Seat 1: n2405n ($2.41 in chips) 
Seat 2: Dorex2007 ($2.21 in chips) 
Seat 3: MMV-SB ($1.10 in chips) 
Seat 4: Pietro_green ($1.76 in chips) 
Seat 5: arafik89 ($1.73 in chips) 
Seat 6: MarkAvrelij ($2.03 in chips) 
Seat 7: miha241183 ($2.38 in chips) 
Seat 8: ignacio8888 ($2.65 in chips) 
Seat 9: cesaraya811 ($0.65 in chips) 
Pietro_green: posts small blind $0.01
arafik89: posts big blind $0.02
Dorex2007: posts big blind $0.02
*** HOLE CARDS ***
Dealt to Dorex2007 [Qd Tc]
MarkAvrelij: folds 
miha241183: calls $0.02
ignacio8888: raises $0.02 to $0.04
cesaraya811: folds 
n2405n: raises $0.02 to $0.06
Dorex2007: calls $0.04
MMV-SB: folds 
Pietro_green: folds 
arafik89: folds 
miha241183: calls $0.04
ignacio8888: calls $0.02
*** FLOP *** [Jc Jh 2d]
miha241183: checks 
ignacio8888: checks 
n2405n: bets $0.02
Dorex2007: calls $0.02
miha241183: folds 
ignacio8888: calls $0.02
*** TURN *** [Jc Jh 2d] [9c]
ignacio8888: checks 
n2405n: bets $0.02
Dorex2007: calls $0.02
ignacio8888: calls $0.02
*** RIVER *** [Jc Jh 2d 9c] [7d]
ignacio8888: checks 
n2405n: checks 
Dorex2007: bets $0.19
ignacio8888: folds 
n2405n: folds 
Uncalled bet ($0.19) returned to Dorex2007
Dorex2007 collected $0.38 from pot
Dorex2007: doesn't show hand 
*** SUMMARY ***
Total pot $0.39 | Rake $0.01 
Board [Jc Jh 2d 9c 7d]
Seat 1: n2405n folded on the River
Seat 2: Dorex2007 collected ($0.38)
Seat 3: MMV-SB (button) folded before Flop (didn't bet)
Seat 4: Pietro_green (small blind) folded before Flop
Seat 5: arafik89 (big blind) folded before Flop
Seat 6: MarkAvrelij folded before Flop (didn't bet)
Seat 7: miha241183 folded on the Flop
Seat 8: ignacio8888 folded on the River
Seat 9: cesaraya811 folded before Flop (didn't bet)



PokerStars Hand #225097376493:  Hold'em No Limit ($0.01/$0.02 USD) - 2021/03/22 22:10:28 PT [2021/03/23 1:10:28 ET]
Table 'Yunnan V' 9-max Seat #4 is the button
Seat 1: n2405n ($2.31 in chips) 
Seat 2: Dorex2007 ($2.49 in chips) 
Seat 3: MMV-SB ($1.10 in chips) 
Seat 4: Pietro_green ($1.75 in chips) 
Seat 5: arafik89 ($1.71 in chips) 
Seat 6: MarkAvrelij ($2.03 in chips) 
Seat 7: miha241183 ($2.32 in chips) 
Seat 8: ignacio8888 ($2.55 in chips) 
Seat 9: cesaraya811 ($0.65 in chips) 
arafik89: posts small blind $0.01
MarkAvrelij: posts big blind $0.02
*** HOLE CARDS ***
Dealt to Dorex2007 [Jh Th]
miha241183: raises $0.02 to $0.04
ignacio8888: folds 
cesaraya811: folds 
n2405n: raises $0.02 to $0.06
Dorex2007: calls $0.06
MMV-SB: folds 
Pietro_green: folds 
arafik89: calls $0.05
MarkAvrelij: folds 
miha241183: calls $0.02
*** FLOP *** [5h 9d 6h]
arafik89: checks 
miha241183: checks 
n2405n: bets $0.02
Dorex2007: calls $0.02
arafik89: calls $0.02
miha241183: calls $0.02
*** TURN *** [5h 9d 6h] [7d]
arafik89: bets $0.33
miha241183: folds 
n2405n: folds 
Dorex2007: folds 
Uncalled bet ($0.33) returned to arafik89
arafik89 collected $0.33 from pot
*** SUMMARY ***
Total pot $0.34 | Rake $0.01 
Board [5h 9d 6h 7d]
Seat 1: n2405n folded on the Turn
Seat 2: Dorex2007 folded on the Turn
Seat 3: MMV-SB folded before Flop (didn't bet)
Seat 4: Pietro_green (button) folded before Flop (didn't bet)
Seat 5: arafik89 (small blind) collected ($0.33)
Seat 6: MarkAvrelij (big blind) folded before Flop
Seat 7: miha241183 folded on the Turn
Seat 8: ignacio8888 folded before Flop (didn't bet)
Seat 9: cesaraya811 folded before Flop (didn't bet)



PokerStars Hand #225097387651:  Hold'em No Limit ($0.01/$0.02 USD) - 2021/03/22 22:11:43 PT [2021/03/23 1:11:43 ET]
Table 'Yunnan V' 9-max Seat #5 is the button
Seat 1: n2405n ($2.23 in chips) 
Seat 2: Dorex2007 ($2.41 in chips) 
Seat 3: MMV-SB ($1.10 in chips) 
Seat 4: Pietro_green ($1.75 in chips) 
Seat 5: arafik89 ($1.96 in chips) 
Seat 6: MarkAvrelij ($2.01 in chips) 
Seat 7: miha241183 ($2.24 in chips) 
Seat 8: ignacio8888 ($2.55 in chips) 
Seat 9: cesaraya811 ($0.65 in chips) 
MarkAvrelij: posts small blind $0.01
miha241183: posts big blind $0.02
*** HOLE CARDS ***
Dealt to Dorex2007 [2d 8d]
ignacio8888: raises $0.02 to $0.04
cesaraya811: folds 
n2405n: folds 
Dorex2007: folds 
MMV-SB: folds 
Pietro_green: folds 
arafik89: folds 
MarkAvrelij: calls $0.03
miha241183: folds 
*** FLOP *** [2h Qs Jh]
miha241183 leaves the table
MarkAvrelij: checks 
ignacio8888: bets $0.05
MarkAvrelij: raises $0.10 to $0.15
ignacio8888: folds 
Uncalled bet ($0.10) returned to MarkAvrelij
MarkAvrelij collected $0.19 from pot
MarkAvrelij: doesn't show hand 
*** SUMMARY ***
Total pot $0.20 | Rake $0.01 
Board [2h Qs Jh]
Seat 1: n2405n folded before Flop (didn't bet)
Seat 2: Dorex2007 folded before Flop (didn't bet)
Seat 3: MMV-SB folded before Flop (didn't bet)
Seat 4: Pietro_green folded before Flop (didn't bet)
Seat 5: arafik89 (button) folded before Flop (didn't bet)
Seat 6: MarkAvrelij (small blind) collected ($0.19)
Seat 7: miha241183 (big blind) folded before Flop
Seat 8: ignacio8888 folded on the Flop
Seat 9: cesaraya811 folded before Flop (didn't bet)



PokerStars Hand #225097393943:  Hold'em No Limit ($0.01/$0.02 USD) - 2021/03/22 22:12:26 PT [2021/03/23 1:12:26 ET]
Table 'Yunnan V' 9-max Seat #6 is the button
Seat 1: n2405n ($2.23 in chips) 
Seat 2: Dorex2007 ($2.41 in chips) 
Seat 3: MMV-SB ($1.10 in chips) 
Seat 4: Pietro_green ($1.75 in chips) 
Seat 5: arafik89 ($1.96 in chips) 
Seat 6: MarkAvrelij ($2.11 in chips) 
Seat 8: ignacio8888 ($2.46 in chips) 
Seat 9: cesaraya811 ($0.65 in chips) 
ignacio8888: posts small blind $0.01
cesaraya811: posts big blind $0.02
*** HOLE CARDS ***
Dealt to Dorex2007 [4c 9h]
n2405n: folds 
Dorex2007: folds 
MMV-SB: folds 
Pietro_green: folds 
arafik89: folds 
MarkAvrelij: raises $0.03 to $0.05
ignacio8888: calls $0.04
cesaraya811: raises $0.07 to $0.12
MarkAvrelij: folds 
ignacio8888: calls $0.07
*** FLOP *** [Qc 8h Th]
ignacio8888: checks 
cesaraya811: bets $0.10
ignacio8888: folds 
Uncalled bet ($0.10) returned to cesaraya811
cesaraya811 collected $0.28 from pot
cesaraya811: doesn't show hand 
*** SUMMARY ***
Total pot $0.29 | Rake $0.01 
Board [Qc 8h Th]
Seat 1: n2405n folded before Flop (didn't bet)
Seat 2: Dorex2007 folded before Flop (didn't bet)
Seat 3: MMV-SB folded before Flop (didn't bet)
Seat 4: Pietro_green folded before Flop (didn't bet)
Seat 5: arafik89 folded before Flop (didn't bet)
Seat 6: MarkAvrelij (button) folded before Flop
Seat 8: ignacio8888 (small blind) folded on the Flop
Seat 9: cesaraya811 (big blind) collected ($0.28)



PokerStars Hand #225097402531:  Hold'em No Limit ($0.01/$0.02 USD) - 2021/03/22 22:13:24 PT [2021/03/23 1:13:24 ET]
Table 'Yunnan V' 9-max Seat #8 is the button
Seat 1: n2405n ($2.23 in chips) 
Seat 2: Dorex2007 ($2.41 in chips) 
Seat 3: MMV-SB ($1.10 in chips) 
Seat 4: Pietro_green ($1.75 in chips) 
Seat 5: arafik89 ($1.96 in chips) 
Seat 6: MarkAvrelij ($2.06 in chips) 
Seat 8: ignacio8888 ($2.34 in chips) 
Seat 9: cesaraya811 ($0.81 in chips) 
cesaraya811: posts small blind $0.01
n2405n: posts big blind $0.02
*** HOLE CARDS ***
Dealt to Dorex2007 [Td 3s]
Dorex2007: folds 
MMV-SB: folds 
Pietro_green: folds 
arafik89: raises $0.04 to $0.06
MarkAvrelij: folds 
ignacio8888: calls $0.06
cesaraya811: folds 
n2405n: folds 
*** FLOP *** [4h Th 9d]
geni580 joins the table at seat #7 
arafik89: bets $0.12
ignacio8888: calls $0.12
*** TURN *** [4h Th 9d] [Jh]
arafik89: checks 
ignacio8888: bets $0.19
arafik89: calls $0.19
*** RIVER *** [4h Th 9d Jh] [2h]
arafik89: checks 
ignacio8888: checks 
*** SHOW DOWN ***
arafik89: shows [8s 8h] (a flush, Jack high)
ignacio8888: shows [9h Js] (a flush, Jack high - Nine higher)
ignacio8888 collected $0.74 from pot
*** SUMMARY ***
Total pot $0.77 | Rake $0.03 
Board [4h Th 9d Jh 2h]
Seat 1: n2405n (big blind) folded before Flop
Seat 2: Dorex2007 folded before Flop (didn't bet)
Seat 3: MMV-SB folded before Flop (didn't bet)
Seat 4: Pietro_green folded before Flop (didn't bet)
Seat 5: arafik89 showed [8s 8h] and lost with a flush, Jack high
Seat 6: MarkAvrelij folded before Flop (didn't bet)
Seat 8: ignacio8888 (button) showed [9h Js] and won ($0.74) with a flush, Jack high
Seat 9: cesaraya811 (small blind) folded before Flop



PokerStars Hand #225097414619:  Hold'em No Limit ($0.01/$0.02 USD) - 2021/03/22 22:14:29 PT [2021/03/23 1:14:29 ET]
Table 'Yunnan V' 9-max Seat #9 is the button
Seat 1: n2405n ($2.21 in chips) 
Seat 2: Dorex2007 ($2.41 in chips) 
Seat 3: MMV-SB ($1.10 in chips) 
Seat 4: Pietro_green ($1.75 in chips) 
Seat 5: arafik89 ($1.59 in chips) 
Seat 6: MarkAvrelij ($2.06 in chips) 
Seat 8: ignacio8888 ($2.71 in chips) 
Seat 9: cesaraya811 ($0.80 in chips) 
n2405n: posts small blind $0.01
Dorex2007: posts big blind $0.02
geni580: sits out 
*** HOLE CARDS ***
Dealt to Dorex2007 [Ks 9d]
MMV-SB: folds 
Pietro_green: folds 
arafik89: calls $0.02
MarkAvrelij: folds 
ignacio8888: raises $0.02 to $0.04
cesaraya811: calls $0.04
n2405n: raises $0.02 to $0.06
Dorex2007: folds 
arafik89: folds 
ignacio8888: calls $0.02
cesaraya811: calls $0.02
*** FLOP *** [4s Qs 7c]
n2405n: bets $0.02
ignacio8888: calls $0.02
cesaraya811: folds 
*** TURN *** [4s Qs 7c] [8c]
n2405n: bets $0.25
ignacio8888: calls $0.25
*** RIVER *** [4s Qs 7c 8c] [Ah]
n2405n: bets $0.73
ignacio8888: calls $0.73
*** SHOW DOWN ***
n2405n: shows [7h 8h] (two pair, Eights and Sevens)
ignacio8888: shows [7d 8d] (two pair, Eights and Sevens)
n2405n collected $1.07 from pot
ignacio8888 collected $1.07 from pot
*** SUMMARY ***
Total pot $2.22 | Rake $0.08 
Board [4s Qs 7c 8c Ah]
Seat 1: n2405n (small blind) showed [7h 8h] and won ($1.07) with two pair, Eights and Sevens
Seat 2: Dorex2007 (big blind) folded before Flop
Seat 3: MMV-SB folded before Flop (didn't bet)
Seat 4: Pietro_green folded before Flop (didn't bet)
Seat 5: arafik89 folded before Flop
Seat 6: MarkAvrelij folded before Flop (didn't bet)
Seat 8: ignacio8888 showed [7d 8d] and won ($1.07) with two pair, Eights and Sevens
Seat 9: cesaraya811 (button) folded on the Flop



PokerStars Hand #225097423051:  Hold'em No Limit ($0.01/$0.02 USD) - 2021/03/22 22:15:25 PT [2021/03/23 1:15:25 ET]
Table 'Yunnan V' 9-max Seat #1 is the button
Seat 1: n2405n ($2.22 in chips) 
Seat 2: Dorex2007 ($2.39 in chips) 
Seat 4: Pietro_green ($1.75 in chips) 
Seat 5: arafik89 ($1.57 in chips) 
Seat 6: MarkAvrelij ($2.06 in chips) 
Seat 8: ignacio8888 ($2.72 in chips) 
Seat 9: cesaraya811 ($0.74 in chips) 
Dorex2007: posts small blind $0.01
MMV-SB: is sitting out 
Pietro_green: posts big blind $0.02
geni580: sits out 
*** HOLE CARDS ***
Dealt to Dorex2007 [6c 6d]
arafik89: folds 
MarkAvrelij: folds 
ignacio8888: folds 
cesaraya811: raises $0.04 to $0.06
n2405n: folds 
Dorex2007: folds 
Pietro_green: folds 
Uncalled bet ($0.04) returned to cesaraya811
cesaraya811 collected $0.05 from pot
cesaraya811: doesn't show hand 
*** SUMMARY ***
Total pot $0.05 | Rake $0 
Seat 1: n2405n (button) folded before Flop (didn't bet)
Seat 2: Dorex2007 (small blind) folded before Flop
Seat 4: Pietro_green (big blind) folded before Flop
Seat 5: arafik89 folded before Flop (didn't bet)
Seat 6: MarkAvrelij folded before Flop (didn't bet)
Seat 8: ignacio8888 folded before Flop (didn't bet)
Seat 9: cesaraya811 collected ($0.05)



PokerStars Hand #225097425654:  Hold'em No Limit ($0.01/$0.02 USD) - 2021/03/22 22:15:42 PT [2021/03/23 1:15:42 ET]
Table 'Yunnan V' 9-max Seat #2 is the button
Seat 1: n2405n ($2.22 in chips) 
Seat 2: Dorex2007 ($2.38 in chips) 
Seat 4: Pietro_green ($1.73 in chips) 
Seat 5: arafik89 ($1.57 in chips) 
Seat 6: MarkAvrelij ($2.06 in chips) 
Seat 7: geni580 ($2 in chips) 
Seat 8: ignacio8888 ($2.72 in chips) 
Seat 9: cesaraya811 ($0.77 in chips) 
Pietro_green: posts small blind $0.01
arafik89: posts big blind $0.02
geni580: posts big blind $0.02
*** HOLE CARDS ***
Dealt to Dorex2007 [2d 2s]
MarkAvrelij: folds 
MMV-SB leaves the table
geni580: raises $0.05 to $0.07
ignacio8888: calls $0.07
cesaraya811: folds 
n2405n: folds 
Dorex2007: calls $0.07
Pietro_green: folds 
arafik89: folds 
*** FLOP *** [Td 5d 6h]
geni580: bets $0.12
ignacio8888: folds 
Dorex2007: folds 
Uncalled bet ($0.12) returned to geni580
geni580 collected $0.23 from pot
geni580: doesn't show hand 
*** SUMMARY ***
Total pot $0.24 | Rake $0.01 
Board [Td 5d 6h]
Seat 1: n2405n folded before Flop (didn't bet)
Seat 2: Dorex2007 (button) folded on the Flop
Seat 4: Pietro_green (small blind) folded before Flop
Seat 5: arafik89 (big blind) folded before Flop
Seat 6: MarkAvrelij folded before Flop (didn't bet)
Seat 7: geni580 collected ($0.23)
Seat 8: ignacio8888 folded on the Flop
Seat 9: cesaraya811 folded before Flop (didn't bet)



PokerStars Hand #225097431230:  Hold'em No Limit ($0.01/$0.02 USD) - 2021/03/22 22:16:20 PT [2021/03/23 1:16:20 ET]
Table 'Yunnan V' 9-max Seat #4 is the button
Seat 1: n2405n ($2.22 in chips) 
Seat 2: Dorex2007 ($2.31 in chips) 
Seat 4: Pietro_green ($1.72 in chips) 
Seat 5: arafik89 ($1.55 in chips) 
Seat 6: MarkAvrelij ($2.06 in chips) 
Seat 7: geni580 ($2.16 in chips) 
Seat 8: ignacio8888 ($2.65 in chips) 
Seat 9: cesaraya811 ($0.77 in chips) 
arafik89: posts small blind $0.01
MarkAvrelij: posts big blind $0.02
*** HOLE CARDS ***
Dealt to Dorex2007 [4d 8s]
geni580: folds 
ignacio8888: folds 
cesaraya811: folds 
n2405n: raises $0.02 to $0.04
Dorex2007: folds 
Pietro_green: folds 
arafik89: folds 
MarkAvrelij: folds 
Uncalled bet ($0.02) returned to n2405n
n2405n collected $0.05 from pot
n2405n: doesn't show hand 
*** SUMMARY ***
Total pot $0.05 | Rake $0 
Seat 1: n2405n collected ($0.05)
Seat 2: Dorex2007 folded before Flop (didn't bet)
Seat 4: Pietro_green (button) folded before Flop (didn't bet)
Seat 5: arafik89 (small blind) folded before Flop
Seat 6: MarkAvrelij (big blind) folded before Flop
Seat 7: geni580 folded before Flop (didn't bet)
Seat 8: ignacio8888 folded before Flop (didn't bet)
Seat 9: cesaraya811 folded before Flop (didn't bet)



PokerStars Hand #225097440192:  Hold'em No Limit ($0.01/$0.02 USD) - 2021/03/22 22:16:42 PT [2021/03/23 1:16:42 ET]
Table 'Yunnan V' 9-max Seat #5 is the button
Seat 1: n2405n ($2.25 in chips) 
Seat 2: Dorex2007 ($2.31 in chips) 
Seat 4: Pietro_green ($1.72 in chips) 
Seat 5: arafik89 ($1.54 in chips) 
Seat 6: MarkAvrelij ($2.04 in chips) 
Seat 7: geni580 ($2.16 in chips) 
Seat 8: ignacio8888 ($2.65 in chips) 
Seat 9: cesaraya811 ($0.77 in chips) 
MarkAvrelij: posts small blind $0.01
geni580: posts big blind $0.02
*** HOLE CARDS ***
Dealt to Dorex2007 [5c As]
ignacio8888: folds 
cesaraya811: folds 
n2405n: folds 
Dorex2007: folds 
Pietro_green: folds 
arafik89: raises $0.04 to $0.06
MarkAvrelij: folds 
geni580: calls $0.04
*** FLOP *** [Kd 8c 7h]
geni580: checks 
arafik89: bets $0.12
geni580: folds 
Uncalled bet ($0.12) returned to arafik89
arafik89 collected $0.13 from pot
*** SUMMARY ***
Total pot $0.13 | Rake $0 
Board [Kd 8c 7h]
Seat 1: n2405n folded before Flop (didn't bet)
Seat 2: Dorex2007 folded before Flop (didn't bet)
Seat 4: Pietro_green folded before Flop (didn't bet)
Seat 5: arafik89 (button) collected ($0.13)
Seat 6: MarkAvrelij (small blind) folded before Flop
Seat 7: geni580 (big blind) folded on the Flop
Seat 8: ignacio8888 folded before Flop (didn't bet)
Seat 9: cesaraya811 folded before Flop (didn't bet)



PokerStars Hand #225097449347:  Hold'em No Limit ($0.01/$0.02 USD) - 2021/03/22 22:17:44 PT [2021/03/23 1:17:44 ET]
Table 'Yunnan V' 9-max Seat #6 is the button
Seat 1: n2405n ($2.25 in chips) 
Seat 2: Dorex2007 ($2.31 in chips) 
Seat 4: Pietro_green ($1.72 in chips) 
Seat 5: arafik89 ($1.61 in chips) 
Seat 6: MarkAvrelij ($2.03 in chips) 
Seat 7: geni580 ($2.10 in chips) 
Seat 8: ignacio8888 ($2.65 in chips) 
Seat 9: cesaraya811 ($0.77 in chips) 
geni580: posts small blind $0.01
ignacio8888: posts big blind $0.02
*** HOLE CARDS ***
Dealt to Dorex2007 [5s 8c]
cesaraya811: folds 
n2405n: raises $0.02 to $0.04
Dorex2007: folds 
Pietro_green: folds 
arafik89: folds 
MarkAvrelij: folds 
geni580: raises $0.18 to $0.22
ignacio8888: folds 
n2405n: folds 
Uncalled bet ($0.18) returned to geni580
geni580 collected $0.10 from pot
geni580: doesn't show hand 
*** SUMMARY ***
Total pot $0.10 | Rake $0 
Seat 1: n2405n folded before Flop
Seat 2: Dorex2007 folded before Flop (didn't bet)
Seat 4: Pietro_green folded before Flop (didn't bet)
Seat 5: arafik89 folded before Flop (didn't bet)
Seat 6: MarkAvrelij (button) folded before Flop (didn't bet)
Seat 7: geni580 (small blind) collected ($0.10)
Seat 8: ignacio8888 (big blind) folded before Flop
Seat 9: cesaraya811 folded before Flop (didn't bet)



PokerStars Hand #225097454218:  Hold'em No Limit ($0.01/$0.02 USD) - 2021/03/22 22:18:16 PT [2021/03/23 1:18:16 ET]
Table 'Yunnan V' 9-max Seat #7 is the button
Seat 1: n2405n ($2.21 in chips) 
Seat 2: Dorex2007 ($2.31 in chips) 
Seat 4: Pietro_green ($1.72 in chips) 
Seat 5: arafik89 ($1.61 in chips) 
Seat 6: MarkAvrelij ($2.03 in chips) 
Seat 7: geni580 ($2.16 in chips) 
Seat 8: ignacio8888 ($2.63 in chips) 
Seat 9: cesaraya811 ($0.77 in chips) 
ignacio8888: posts small blind $0.01
cesaraya811: posts big blind $0.02
*** HOLE CARDS ***
Dealt to Dorex2007 [2d 6c]
n2405n: folds 
123golden456 joins the table at seat #3 
Dorex2007: folds 
Pietro_green: folds 
arafik89: folds 
MarkAvrelij: folds 
geni580: folds 
ignacio8888: raises $0.04 to $0.06
cesaraya811: folds 
Uncalled bet ($0.04) returned to ignacio8888
ignacio8888 collected $0.04 from pot
ignacio8888: doesn't show hand 
*** SUMMARY ***
Total pot $0.04 | Rake $0 
Seat 1: n2405n folded before Flop (didn't bet)
Seat 2: Dorex2007 folded before Flop (didn't bet)
Seat 4: Pietro_green folded before Flop (didn't bet)
Seat 5: arafik89 folded before Flop (didn't bet)
Seat 6: MarkAvrelij folded before Flop (didn't bet)
Seat 7: geni580 (button) folded before Flop (didn't bet)
Seat 8: ignacio8888 (small blind) collected ($0.04)
Seat 9: cesaraya811 (big blind) folded before Flop



PokerStars Hand #225097457016:  Hold'em No Limit ($0.01/$0.02 USD) - 2021/03/22 22:18:35 PT [2021/03/23 1:18:35 ET]
Table 'Yunnan V' 9-max Seat #8 is the button
Seat 1: n2405n ($2.21 in chips) 
Seat 2: Dorex2007 ($2.31 in chips) 
Seat 4: Pietro_green ($1.72 in chips) 
Seat 5: arafik89 ($1.61 in chips) 
Seat 6: MarkAvrelij ($2.03 in chips) 
Seat 7: geni580 ($2.16 in chips) 
Seat 8: ignacio8888 ($2.65 in chips) 
Seat 9: cesaraya811 ($0.75 in chips) 
cesaraya811: posts small blind $0.01
n2405n: posts big blind $0.02
123golden456: sits out 
*** HOLE CARDS ***
Dealt to Dorex2007 [6h Qd]
Dorex2007: folds 
Pietro_green: raises $0.02 to $0.04
arafik89: folds 
MarkAvrelij: folds 
geni580: folds 
ignacio8888: calls $0.04
cesaraya811: raises $0.06 to $0.10
n2405n: folds 
Pietro_green: calls $0.06
ignacio8888: folds 
*** FLOP *** [Jh 4d 8h]
cesaraya811: bets $0.02
Pietro_green: raises $0.10 to $0.12
cesaraya811: raises $0.53 to $0.65 and is all-in
Pietro_green: folds 
Uncalled bet ($0.53) returned to cesaraya811
cesaraya811 collected $0.48 from pot
cesaraya811: doesn't show hand 
*** SUMMARY ***
Total pot $0.50 | Rake $0.02 
Board [Jh 4d 8h]
Seat 1: n2405n (big blind) folded before Flop
Seat 2: Dorex2007 folded before Flop (didn't bet)
Seat 4: Pietro_green folded on the Flop
Seat 5: arafik89 folded before Flop (didn't bet)
Seat 6: MarkAvrelij folded before Flop (didn't bet)
Seat 7: geni580 folded before Flop (didn't bet)
Seat 8: ignacio8888 (button) folded before Flop
Seat 9: cesaraya811 (small blind) collected ($0.48)



PokerStars Hand #225097467187:  Hold'em No Limit ($0.01/$0.02 USD) - 2021/03/22 22:19:44 PT [2021/03/23 1:19:44 ET]
Table 'Yunnan V' 9-max Seat #9 is the button
Seat 1: n2405n ($2.19 in chips) 
Seat 2: Dorex2007 ($2.31 in chips) 
Seat 4: Pietro_green ($1.50 in chips) 
Seat 5: arafik89 ($1.61 in chips) 
Seat 6: MarkAvrelij ($2.03 in chips) 
Seat 7: geni580 ($2.16 in chips) 
Seat 8: ignacio8888 ($2.61 in chips) 
Seat 9: cesaraya811 ($1.01 in chips) 
n2405n: posts small blind $0.01
Dorex2007: posts big blind $0.02
123golden456: sits out 
*** HOLE CARDS ***
Dealt to Dorex2007 [7c Qs]
Pietro_green: calls $0.02
arafik89: folds 
MarkAvrelij: folds 
geni580: folds 
ignacio8888: calls $0.02
cesaraya811: folds 
cesaraya811 leaves the table
n2405n: folds 
Dorex2007: checks 
*** FLOP *** [Tc Qd Ac]
Dorex2007: checks 
Pietro_green: bets $0.02
ignacio8888: calls $0.02
Dorex2007: calls $0.02
*** TURN *** [Tc Qd Ac] [Qc]
Dorex2007: checks 
Pietro_green: bets $0.08
ignacio8888: folds 
Dorex2007: calls $0.08
*** RIVER *** [Tc Qd Ac Qc] [4d]
Dorex2007: checks 
Pietro_green: bets $0.16
Dorex2007: calls $0.16
*** SHOW DOWN ***
Pietro_green: shows [9h Jh] (a pair of Queens)
Dorex2007: shows [7c Qs] (three of a kind, Queens)
Dorex2007 collected $0.59 from pot
*** SUMMARY ***
Total pot $0.61 | Rake $0.02 
Board [Tc Qd Ac Qc 4d]
Seat 1: n2405n (small blind) folded before Flop
Seat 2: Dorex2007 (big blind) showed [7c Qs] and won ($0.59) with three of a kind, Queens
Seat 4: Pietro_green showed [9h Jh] and lost with a pair of Queens
Seat 5: arafik89 folded before Flop (didn't bet)
Seat 6: MarkAvrelij folded before Flop (didn't bet)
Seat 7: geni580 folded before Flop (didn't bet)
Seat 8: ignacio8888 folded on the Turn
Seat 9: cesaraya811 (button) folded before Flop (didn't bet)



PokerStars Hand #225097477172:  Hold'em No Limit ($0.01/$0.02 USD) - 2021/03/22 22:20:52 PT [2021/03/23 1:20:52 ET]
Table 'Yunnan V' 9-max Seat #1 is the button
Seat 1: n2405n ($2.18 in chips) 
Seat 2: Dorex2007 ($2.62 in chips) 
Seat 3: 123golden456 ($2 in chips) 
Seat 4: Pietro_green ($1.22 in chips) 
Seat 5: arafik89 ($1.61 in chips) 
Seat 6: MarkAvrelij ($2.03 in chips) 
Seat 7: geni580 ($2.16 in chips) 
Seat 8: ignacio8888 ($2.57 in chips) 
Dorex2007: posts small blind $0.01
123golden456: posts big blind $0.02
*** HOLE CARDS ***
Dealt to Dorex2007 [2h Jh]
Pietro_green: folds 
arafik89: calls $0.02
Pietro_green leaves the table
MarkAvrelij: folds 
geni580: folds 
ignacio8888: raises $0.02 to $0.04
n2405n: folds 
Dorex2007: folds 
123golden456: calls $0.02
arafik89: calls $0.02
*** FLOP *** [8s 4s 9c]
123golden456: checks 
arafik89: checks 
ignacio8888: bets $0.06
123golden456: calls $0.06
arafik89: raises $0.24 to $0.30
ignacio8888: folds 
123golden456: calls $0.24
*** TURN *** [8s 4s 9c] [6s]
123golden456: checks 
arafik89: checks 
*** RIVER *** [8s 4s 9c 6s] [4c]
123golden456: checks 
arafik89: checks 
*** SHOW DOWN ***
123golden456: shows [8d Kd] (two pair, Eights and Fours)
arafik89: shows [Jd 9d] (two pair, Nines and Fours)
arafik89 collected $0.76 from pot
*** SUMMARY ***
Total pot $0.79 | Rake $0.03 
Board [8s 4s 9c 6s 4c]
Seat 1: n2405n (button) folded before Flop (didn't bet)
Seat 2: Dorex2007 (small blind) folded before Flop
Seat 3: 123golden456 (big blind) showed [8d Kd] and lost with two pair, Eights and Fours
Seat 4: Pietro_green folded before Flop (didn't bet)
Seat 5: arafik89 showed [Jd 9d] and won ($0.76) with two pair, Nines and Fours
Seat 6: MarkAvrelij folded before Flop (didn't bet)
Seat 7: geni580 folded before Flop (didn't bet)
Seat 8: ignacio8888 folded on the Flop



PokerStars Hand #225097489814:  Hold'em No Limit ($0.01/$0.02 USD) - 2021/03/22 22:22:18 PT [2021/03/23 1:22:18 ET]
Table 'Yunnan V' 9-max Seat #2 is the button
Seat 1: n2405n ($2.18 in chips) 
Seat 2: Dorex2007 ($2.61 in chips) 
Seat 3: 123golden456 ($1.66 in chips) 
Seat 5: arafik89 ($2.03 in chips) 
Seat 6: MarkAvrelij ($2.03 in chips) 
Seat 7: geni580 ($2.16 in chips) 
Seat 8: ignacio8888 ($2.47 in chips) 
123golden456: posts small blind $0.01
arafik89: posts big blind $0.02
*** HOLE CARDS ***
Dealt to Dorex2007 [5d Jc]
MarkAvrelij: folds 
geni580: folds 
ignacio8888: raises $0.02 to $0.04
n2405n: folds 
Dorex2007: folds 
123golden456: folds 
arafik89: folds 
Uncalled bet ($0.02) returned to ignacio8888
ignacio8888 collected $0.05 from pot
ignacio8888: doesn't show hand 
*** SUMMARY ***
Total pot $0.05 | Rake $0 
Seat 1: n2405n folded before Flop (didn't bet)
Seat 2: Dorex2007 (button) folded before Flop (didn't bet)
Seat 3: 123golden456 (small blind) folded before Flop
Seat 5: arafik89 (big blind) folded before Flop
Seat 6: MarkAvrelij folded before Flop (didn't bet)
Seat 7: geni580 folded before Flop (didn't bet)
Seat 8: ignacio8888 collected ($0.05)



PokerStars Hand #225097493728:  Hold'em No Limit ($0.01/$0.02 USD) - 2021/03/22 22:22:44 PT [2021/03/23 1:22:44 ET]
Table 'Yunnan V' 9-max Seat #3 is the button
Seat 1: n2405n ($2.18 in chips) 
Seat 2: Dorex2007 ($2.61 in chips) 
Seat 3: 123golden456 ($1.65 in chips) 
Seat 5: arafik89 ($2.01 in chips) 
Seat 6: MarkAvrelij ($2.03 in chips) 
Seat 7: geni580 ($2.16 in chips) 
Seat 8: ignacio8888 ($2.50 in chips) 
arafik89: posts small blind $0.01
MarkAvrelij: posts big blind $0.02
*** HOLE CARDS ***
Dealt to Dorex2007 [9d 6s]
geni580: folds 
ignacio8888: raises $0.02 to $0.04
n2405n: raises $0.20 to $0.24
Dorex2007: folds 
123golden456: folds 
arafik89: folds 
MarkAvrelij: folds 
ignacio8888: calls $0.20
*** FLOP *** [3s Ad Qs]
ignacio8888: checks 
n2405n: checks 
*** TURN *** [3s Ad Qs] [5d]
ignacio8888: bets $0.14
n2405n: calls $0.14
*** RIVER *** [3s Ad Qs 5d] [6c]
ignacio8888: checks 
n2405n: checks 
*** SHOW DOWN ***
ignacio8888: shows [7h 7s] (a pair of Sevens)
n2405n: shows [Jc Jd] (a pair of Jacks)
n2405n collected $0.76 from pot
*** SUMMARY ***
Total pot $0.79 | Rake $0.03 
Board [3s Ad Qs 5d 6c]
Seat 1: n2405n showed [Jc Jd] and won ($0.76) with a pair of Jacks
Seat 2: Dorex2007 folded before Flop (didn't bet)
Seat 3: 123golden456 (button) folded before Flop (didn't bet)
Seat 5: arafik89 (small blind) folded before Flop
Seat 6: MarkAvrelij (big blind) folded before Flop
Seat 7: geni580 folded before Flop (didn't bet)
Seat 8: ignacio8888 showed [7h 7s] and lost with a pair of Sevens



PokerStars Hand #225097501200:  Hold'em No Limit ($0.01/$0.02 USD) - 2021/03/22 22:23:35 PT [2021/03/23 1:23:35 ET]
Table 'Yunnan V' 9-max Seat #5 is the button
Seat 1: n2405n ($2.56 in chips) 
Seat 2: Dorex2007 ($2.61 in chips) 
Seat 3: 123golden456 ($1.65 in chips) 
Seat 5: arafik89 ($2 in chips) 
Seat 6: MarkAvrelij ($2.01 in chips) 
Seat 7: geni580 ($2.16 in chips) 
Seat 8: ignacio8888 ($2.12 in chips) 
MarkAvrelij: posts small blind $0.01
geni580: posts big blind $0.02
*** HOLE CARDS ***
Dealt to Dorex2007 [Ad Qs]
ignacio8888: raises $0.02 to $0.04
n2405n: raises $0.36 to $0.40
Dorex2007: folds 
123golden456: folds 
arafik89: folds 
MarkAvrelij: folds 
geni580: folds 
ignacio8888: folds 
Uncalled bet ($0.36) returned to n2405n
n2405n collected $0.11 from pot
n2405n: doesn't show hand 
*** SUMMARY ***
Total pot $0.11 | Rake $0 
Seat 1: n2405n collected ($0.11)
Seat 2: Dorex2007 folded before Flop (didn't bet)
Seat 3: 123golden456 folded before Flop (didn't bet)
Seat 5: arafik89 (button) folded before Flop (didn't bet)
Seat 6: MarkAvrelij (small blind) folded before Flop
Seat 7: geni580 (big blind) folded before Flop
Seat 8: ignacio8888 folded before Flop



PokerStars Hand #225097507131:  Hold'em No Limit ($0.01/$0.02 USD) - 2021/03/22 22:24:15 PT [2021/03/23 1:24:15 ET]
Table 'Yunnan V' 9-max Seat #6 is the button
Seat 1: n2405n ($2.63 in chips) 
Seat 2: Dorex2007 ($2.61 in chips) 
Seat 3: 123golden456 ($1.65 in chips) 
Seat 5: arafik89 ($2 in chips) 
Seat 6: MarkAvrelij ($2 in chips) 
Seat 7: geni580 ($2.14 in chips) 
Seat 8: ignacio8888 ($2.08 in chips) 
geni580: posts small blind $0.01
ignacio8888: posts big blind $0.02
*** HOLE CARDS ***
Dealt to Dorex2007 [6h 7d]
n2405n: raises $0.02 to $0.04
Dorex2007: folds 
123golden456: calls $0.04
ßilliejean joins the table at seat #9 
arafik89: folds 
MarkAvrelij: folds 
Ekshli joins the table at seat #4 
geni580: folds 
ignacio8888: calls $0.02
*** FLOP *** [Qh 8h Kh]
ignacio8888: checks 
n2405n: checks 
123golden456: bets $0.06
ignacio8888: calls $0.06
n2405n: folds 
*** TURN *** [Qh 8h Kh] [7c]
ignacio8888: checks 
123golden456: checks 
*** RIVER *** [Qh 8h Kh 7c] [Ad]
ignacio8888: checks 
123golden456: checks 
*** SHOW DOWN ***
ignacio8888: shows [3h Ks] (a pair of Kings)
123golden456: mucks hand 
ignacio8888 collected $0.24 from pot
*** SUMMARY ***
Total pot $0.25 | Rake $0.01 
Board [Qh 8h Kh 7c Ad]
Seat 1: n2405n folded on the Flop
Seat 2: Dorex2007 folded before Flop (didn't bet)
Seat 3: 123golden456 mucked [2d 2h]
Seat 5: arafik89 folded before Flop (didn't bet)
Seat 6: MarkAvrelij (button) folded before Flop (didn't bet)
Seat 7: geni580 (small blind) folded before Flop
Seat 8: ignacio8888 (big blind) showed [3h Ks] and won ($0.24) with a pair of Kings



PokerStars Hand #225097514862:  Hold'em No Limit ($0.01/$0.02 USD) - 2021/03/22 22:25:09 PT [2021/03/23 1:25:09 ET]
Table 'Yunnan V' 9-max Seat #7 is the button
Seat 1: n2405n ($2.59 in chips) 
Seat 2: Dorex2007 ($2.61 in chips) 
Seat 3: 123golden456 ($1.55 in chips) 
Seat 5: arafik89 ($2 in chips) 
Seat 6: MarkAvrelij ($2 in chips) 
Seat 7: geni580 ($2.13 in chips) 
Seat 8: ignacio8888 ($2.22 in chips) 
Seat 9: ßilliejean ($1.60 in chips) 
ignacio8888: posts small blind $0.01
ßilliejean: posts big blind $0.02
Ekshli: sits out 
*** HOLE CARDS ***
Dealt to Dorex2007 [Js 5s]
n2405n: raises $0.02 to $0.04
Dorex2007: folds 
123golden456: folds 
arafik89: folds 
MarkAvrelij: folds 
geni580: folds 
ignacio8888: calls $0.03
ßilliejean: calls $0.02
*** FLOP *** [6c Ks Jd]
ignacio8888: checks 
ßilliejean: checks 
n2405n: checks 
*** TURN *** [6c Ks Jd] [Ad]
ignacio8888: checks 
ßilliejean: checks 
n2405n: bets $0.04
ignacio8888: folds 
ßilliejean: calls $0.04
*** RIVER *** [6c Ks Jd Ad] [Th]
ßilliejean: checks 
n2405n: checks 
*** SHOW DOWN ***
ßilliejean: shows [6s 9h] (a pair of Sixes)
n2405n: shows [4h As] (a pair of Aces)
n2405n collected $0.19 from pot
*** SUMMARY ***
Total pot $0.20 | Rake $0.01 
Board [6c Ks Jd Ad Th]
Seat 1: n2405n showed [4h As] and won ($0.19) with a pair of Aces
Seat 2: Dorex2007 folded before Flop (didn't bet)
Seat 3: 123golden456 folded before Flop (didn't bet)
Seat 5: arafik89 folded before Flop (didn't bet)
Seat 6: MarkAvrelij folded before Flop (didn't bet)
Seat 7: geni580 (button) folded before Flop (didn't bet)
Seat 8: ignacio8888 (small blind) folded on the Turn
Seat 9: ßilliejean (big blind) showed [6s 9h] and lost with a pair of Sixes



PokerStars Hand #225097523475:  Hold'em No Limit ($0.01/$0.02 USD) - 2021/03/22 22:26:09 PT [2021/03/23 1:26:09 ET]
Table 'Yunnan V' 9-max Seat #8 is the button
Seat 1: n2405n ($2.70 in chips) 
Seat 2: Dorex2007 ($2.61 in chips) 
Seat 3: 123golden456 ($1.55 in chips) 
Seat 5: arafik89 ($2 in chips) 
Seat 6: MarkAvrelij ($2 in chips) 
Seat 7: geni580 ($2.13 in chips) 
Seat 8: ignacio8888 ($2.18 in chips) 
Seat 9: ßilliejean ($1.52 in chips) 
ßilliejean: posts small blind $0.01
n2405n: posts big blind $0.02
Ekshli: sits out 
*** HOLE CARDS ***
Dealt to Dorex2007 [Js Ad]
Dorex2007: folds 
123golden456: folds 
arafik89: raises $0.04 to $0.06
MarkAvrelij: folds 
geni580: folds 
ignacio8888: calls $0.06
ßilliejean: calls $0.05
n2405n: folds 
*** FLOP *** [9d 5d 3s]
ßilliejean: checks 
arafik89: bets $0.14
ignacio8888: folds 
ßilliejean: calls $0.14
*** TURN *** [9d 5d 3s] [4h]
ßilliejean: checks 
arafik89: bets $0.46
ßilliejean: calls $0.46
*** RIVER *** [9d 5d 3s 4h] [6c]
ßilliejean: checks 
arafik89: bets $1.34 and is all-in
ßilliejean: folds 
Uncalled bet ($1.34) returned to arafik89
arafik89 collected $1.35 from pot
*** SUMMARY ***
Total pot $1.40 | Rake $0.05 
Board [9d 5d 3s 4h 6c]
Seat 1: n2405n (big blind) folded before Flop
Seat 2: Dorex2007 folded before Flop (didn't bet)
Seat 3: 123golden456 folded before Flop (didn't bet)
Seat 5: arafik89 collected ($1.35)
Seat 6: MarkAvrelij folded before Flop (didn't bet)
Seat 7: geni580 folded before Flop (didn't bet)
Seat 8: ignacio8888 (button) folded on the Flop
Seat 9: ßilliejean (small blind) folded on the River



PokerStars Hand #225097534168:  Hold'em No Limit ($0.01/$0.02 USD) - 2021/03/22 22:27:22 PT [2021/03/23 1:27:22 ET]
Table 'Yunnan V' 9-max Seat #9 is the button
Seat 1: n2405n ($2.68 in chips) 
Seat 2: Dorex2007 ($2.61 in chips) 
Seat 3: 123golden456 ($1.55 in chips) 
Seat 5: arafik89 ($2.69 in chips) 
Seat 6: MarkAvrelij ($2 in chips) 
Seat 7: geni580 ($2.13 in chips) 
Seat 8: ignacio8888 ($2.12 in chips) 
Seat 9: ßilliejean ($0.86 in chips) 
n2405n: posts small blind $0.01
Dorex2007: posts big blind $0.02
Ekshli: sits out 
*** HOLE CARDS ***
Dealt to Dorex2007 [9d 4d]
123golden456: folds 
arafik89: folds 
MarkAvrelij: raises $0.03 to $0.05
geni580: folds 
ignacio8888: calls $0.05
ßilliejean: folds 
n2405n: folds 
Dorex2007: folds 
*** FLOP *** [5c 3c 7d]
MarkAvrelij: checks 
ignacio8888: bets $0.06
MarkAvrelij: calls $0.06
*** TURN *** [5c 3c 7d] [9s]
MarkAvrelij: checks 
ignacio8888: bets $0.12
MarkAvrelij: calls $0.12
*** RIVER *** [5c 3c 7d 9s] [5d]
MarkAvrelij: checks 
ignacio8888: bets $0.25
MarkAvrelij: calls $0.25
*** SHOW DOWN ***
ignacio8888: shows [Ac 9h] (two pair, Nines and Fives)
MarkAvrelij: mucks hand 
ignacio8888 collected $0.96 from pot
*** SUMMARY ***
Total pot $0.99 | Rake $0.03 
Board [5c 3c 7d 9s 5d]
Seat 1: n2405n (small blind) folded before Flop
Seat 2: Dorex2007 (big blind) folded before Flop
Seat 3: 123golden456 folded before Flop (didn't bet)
Seat 5: arafik89 folded before Flop (didn't bet)
Seat 6: MarkAvrelij mucked [Ah Kh]
Seat 7: geni580 folded before Flop (didn't bet)
Seat 8: ignacio8888 showed [Ac 9h] and won ($0.96) with two pair, Nines and Fives
Seat 9: ßilliejean (button) folded before Flop (didn't bet)



PokerStars Hand #225097543853:  Hold'em No Limit ($0.01/$0.02 USD) - 2021/03/22 22:28:29 PT [2021/03/23 1:28:29 ET]
Table 'Yunnan V' 9-max Seat #1 is the button
Seat 1: n2405n ($2.67 in chips) 
Seat 2: Dorex2007 ($2.59 in chips) 
Seat 3: 123golden456 ($1.55 in chips) 
Seat 5: arafik89 ($2.69 in chips) 
Seat 6: MarkAvrelij ($2 in chips) 
Seat 7: geni580 ($2.13 in chips) 
Seat 8: ignacio8888 ($2.60 in chips) 
Seat 9: ßilliejean ($0.86 in chips) 
Dorex2007: posts small blind $0.01
123golden456: posts big blind $0.02
Ekshli: sits out 
*** HOLE CARDS ***
Dealt to Dorex2007 [4c Td]
arafik89: folds 
MarkAvrelij: folds 
geni580: folds 
ignacio8888: folds 
ßilliejean: folds 
n2405n: raises $0.02 to $0.04
Dorex2007: folds 
123golden456: folds 
Uncalled bet ($0.02) returned to n2405n
n2405n collected $0.05 from pot
n2405n: doesn't show hand 
*** SUMMARY ***
Total pot $0.05 | Rake $0 
Seat 1: n2405n (button) collected ($0.05)
Seat 2: Dorex2007 (small blind) folded before Flop
Seat 3: 123golden456 (big blind) folded before Flop
Seat 5: arafik89 folded before Flop (didn't bet)
Seat 6: MarkAvrelij folded before Flop (didn't bet)
Seat 7: geni580 folded before Flop (didn't bet)
Seat 8: ignacio8888 folded before Flop (didn't bet)
Seat 9: ßilliejean folded before Flop (didn't bet)



PokerStars Hand #225097552005:  Hold'em No Limit ($0.01/$0.02 USD) - 2021/03/22 22:28:49 PT [2021/03/23 1:28:49 ET]
Table 'Yunnan V' 9-max Seat #2 is the button
Seat 1: n2405n ($2.70 in chips) 
Seat 2: Dorex2007 ($2.58 in chips) 
Seat 3: 123golden456 ($1.53 in chips) 
Seat 4: Ekshli ($1.98 in chips) 
Seat 5: arafik89 ($2.69 in chips) 
Seat 6: MarkAvrelij ($2 in chips) 
Seat 7: geni580 ($2.13 in chips) 
Seat 8: ignacio8888 ($2.60 in chips) 
Seat 9: ßilliejean ($0.86 in chips) 
123golden456: posts small blind $0.01
Ekshli: posts big blind $0.02
*** HOLE CARDS ***
Dealt to Dorex2007 [Jh Jd]
arafik89: folds 
MarkAvrelij: folds 
geni580: folds 
ignacio8888: raises $0.02 to $0.04
ßilliejean: folds 
n2405n: raises $0.02 to $0.06
Dorex2007: calls $0.06
123golden456: folds 
Ekshli: folds 
ignacio8888: calls $0.02
*** FLOP *** [Qh 2s Ah]
ignacio8888: checks 
n2405n: bets $0.02
Dorex2007: calls $0.02
ignacio8888: calls $0.02
*** TURN *** [Qh 2s Ah] [Kd]
ignacio8888: checks 
n2405n: bets $0.02
Dorex2007: calls $0.02
ignacio8888: calls $0.02
*** RIVER *** [Qh 2s Ah Kd] [Tc]
ignacio8888: checks 
n2405n: bets $0.02
Dorex2007: raises $0.24 to $0.26
ignacio8888: folds 
n2405n: folds 
Uncalled bet ($0.24) returned to Dorex2007
Dorex2007 collected $0.36 from pot
Dorex2007: doesn't show hand 
*** SUMMARY ***
Total pot $0.37 | Rake $0.01 
Board [Qh 2s Ah Kd Tc]
Seat 1: n2405n folded on the River
Seat 2: Dorex2007 (button) collected ($0.36)
Seat 3: 123golden456 (small blind) folded before Flop
Seat 4: Ekshli (big blind) folded before Flop
Seat 5: arafik89 folded before Flop (didn't bet)
Seat 6: MarkAvrelij folded before Flop (didn't bet)
Seat 7: geni580 folded before Flop (didn't bet)
Seat 8: ignacio8888 folded on the River
Seat 9: ßilliejean folded before Flop (didn't bet)



PokerStars Hand #225097562576:  Hold'em No Limit ($0.01/$0.02 USD) - 2021/03/22 22:30:02 PT [2021/03/23 1:30:02 ET]
Table 'Yunnan V' 9-max Seat #3 is the button
Seat 1: n2405n ($2.58 in chips) 
Seat 2: Dorex2007 ($2.82 in chips) 
Seat 3: 123golden456 ($1.52 in chips) 
Seat 4: Ekshli ($1.98 in chips) 
Seat 5: arafik89 ($2.69 in chips) 
Seat 6: MarkAvrelij ($2 in chips) 
Seat 7: geni580 ($2.13 in chips) 
Seat 8: ignacio8888 ($2.50 in chips) 
Seat 9: ßilliejean ($0.86 in chips) 
Ekshli: posts small blind $0.01
arafik89: posts big blind $0.02
*** HOLE CARDS ***
Dealt to Dorex2007 [Kd 7c]
MarkAvrelij: folds 
geni580 has timed out
geni580: folds 
ignacio8888: folds 
ßilliejean: calls $0.02
n2405n: folds 
Dorex2007: folds 
123golden456: raises $0.07 to $0.09
Ekshli: folds 
arafik89: folds 
ßilliejean: calls $0.07
*** FLOP *** [8s 5c 9d]
ßilliejean: checks 
123golden456: checks 
*** TURN *** [8s 5c 9d] [Ad]
ßilliejean: checks 
123golden456: checks 
*** RIVER *** [8s 5c 9d Ad] [5h]
ßilliejean: bets $0.10
123golden456: calls $0.10
*** SHOW DOWN ***
ßilliejean: shows [5s 6c] (three of a kind, Fives)
123golden456: mucks hand 
ßilliejean collected $0.40 from pot
*** SUMMARY ***
Total pot $0.41 | Rake $0.01 
Board [8s 5c 9d Ad 5h]
Seat 1: n2405n folded before Flop (didn't bet)
Seat 2: Dorex2007 folded before Flop (didn't bet)
Seat 3: 123golden456 (button) mucked [Ah 3h]
Seat 4: Ekshli (small blind) folded before Flop
Seat 5: arafik89 (big blind) folded before Flop
Seat 6: MarkAvrelij folded before Flop (didn't bet)
Seat 7: geni580 folded before Flop (didn't bet)
Seat 8: ignacio8888 folded before Flop (didn't bet)
Seat 9: ßilliejean showed [5s 6c] and won ($0.40) with three of a kind, Fives



PokerStars Hand #225097571302:  Hold'em No Limit ($0.01/$0.02 USD) - 2021/03/22 22:31:01 PT [2021/03/23 1:31:01 ET]
Table 'Yunnan V' 9-max Seat #4 is the button
Seat 1: n2405n ($2.58 in chips) 
Seat 2: Dorex2007 ($2.82 in chips) 
Seat 3: 123golden456 ($1.33 in chips) 
Seat 4: Ekshli ($1.98 in chips) 
Seat 5: arafik89 ($2.67 in chips) 
Seat 6: MarkAvrelij ($2 in chips) 
Seat 7: geni580 ($2.13 in chips) 
Seat 8: ignacio8888 ($2.50 in chips) 
Seat 9: ßilliejean ($1.07 in chips) 
arafik89: posts small blind $0.01
MarkAvrelij: posts big blind $0.02
*** HOLE CARDS ***
Dealt to Dorex2007 [Kd 3s]
geni580 has timed out
geni580: folds 
ignacio8888: raises $0.02 to $0.04
ßilliejean: folds 
n2405n: raises $0.02 to $0.06
Dorex2007: folds 
123golden456: folds 
Ekshli: folds 
arafik89: folds 
MarkAvrelij: calls $0.04
ignacio8888: calls $0.02
*** FLOP *** [Ts 7s Kc]
MarkAvrelij: checks 
ignacio8888: checks 
n2405n: bets $0.09
MarkAvrelij: calls $0.09
ignacio8888: folds 
*** TURN *** [Ts 7s Kc] [3c]
MarkAvrelij: checks 
n2405n: checks 
*** RIVER *** [Ts 7s Kc 3c] [2c]
MarkAvrelij: bets $0.29
n2405n: folds 
Uncalled bet ($0.29) returned to MarkAvrelij
MarkAvrelij collected $0.36 from pot
MarkAvrelij: doesn't show hand 
*** SUMMARY ***
Total pot $0.37 | Rake $0.01 
Board [Ts 7s Kc 3c 2c]
Seat 1: n2405n folded on the River
Seat 2: Dorex2007 folded before Flop (didn't bet)
Seat 3: 123golden456 folded before Flop (didn't bet)
Seat 4: Ekshli (button) folded before Flop (didn't bet)
Seat 5: arafik89 (small blind) folded before Flop
Seat 6: MarkAvrelij (big blind) collected ($0.36)
Seat 7: geni580 folded before Flop (didn't bet)
Seat 8: ignacio8888 folded on the Flop
Seat 9: ßilliejean folded before Flop (didn't bet)



PokerStars Hand #225097579909:  Hold'em No Limit ($0.01/$0.02 USD) - 2021/03/22 22:32:00 PT [2021/03/23 1:32:00 ET]
Table 'Yunnan V' 9-max Seat #5 is the button
Seat 1: n2405n ($2.43 in chips) 
Seat 2: Dorex2007 ($2.82 in chips) 
Seat 3: 123golden456 ($1.33 in chips) 
Seat 4: Ekshli ($1.98 in chips) 
Seat 5: arafik89 ($2.66 in chips) 
Seat 6: MarkAvrelij ($2.21 in chips) 
Seat 7: geni580 ($2.13 in chips) 
Seat 8: ignacio8888 ($2.44 in chips) 
Seat 9: ßilliejean ($1.07 in chips) 
MarkAvrelij: posts small blind $0.01
geni580: posts big blind $0.02
*** HOLE CARDS ***
Dealt to Dorex2007 [3s 8s]
ignacio8888: folds 
ßilliejean: folds 
n2405n: folds 
Dorex2007: folds 
123golden456: folds 
Ekshli: folds 
arafik89: raises $0.02 to $0.04
MarkAvrelij: folds 
geni580: folds 
Uncalled bet ($0.02) returned to arafik89
arafik89 collected $0.05 from pot
*** SUMMARY ***
Total pot $0.05 | Rake $0 
Seat 1: n2405n folded before Flop (didn't bet)
Seat 2: Dorex2007 folded before Flop (didn't bet)
Seat 3: 123golden456 folded before Flop (didn't bet)
Seat 4: Ekshli folded before Flop (didn't bet)
Seat 5: arafik89 (button) collected ($0.05)
Seat 6: MarkAvrelij (small blind) folded before Flop
Seat 7: geni580 (big blind) folded before Flop
Seat 8: ignacio8888 folded before Flop (didn't bet)
Seat 9: ßilliejean folded before Flop (didn't bet)



PokerStars Hand #225097584015:  Hold'em No Limit ($0.01/$0.02 USD) - 2021/03/22 22:32:28 PT [2021/03/23 1:32:28 ET]
Table 'Yunnan V' 9-max Seat #6 is the button
Seat 1: n2405n ($2.43 in chips) 
Seat 2: Dorex2007 ($2.82 in chips) 
Seat 3: 123golden456 ($1.33 in chips) 
Seat 4: Ekshli ($1.98 in chips) 
Seat 5: arafik89 ($2.69 in chips) 
Seat 6: MarkAvrelij ($2.20 in chips) 
Seat 7: geni580 ($2.11 in chips) 
Seat 8: ignacio8888 ($2.44 in chips) 
Seat 9: ßilliejean ($1.07 in chips) 
geni580: posts small blind $0.01
ignacio8888: posts big blind $0.02
*** HOLE CARDS ***
Dealt to Dorex2007 [5h Kc]
ßilliejean: folds 
n2405n: folds 
Dorex2007: folds 
123golden456: raises $0.04 to $0.06
Ekshli: folds 
arafik89: folds 
MarkAvrelij: folds 
geni580: folds 
ignacio8888: calls $0.04
*** FLOP *** [Ks Qd 7c]
ignacio8888: checks 
123golden456: bets $0.06
ignacio8888: folds 
Uncalled bet ($0.06) returned to 123golden456
123golden456 collected $0.13 from pot
123golden456: doesn't show hand 
*** SUMMARY ***
Total pot $0.13 | Rake $0 
Board [Ks Qd 7c]
Seat 1: n2405n folded before Flop (didn't bet)
Seat 2: Dorex2007 folded before Flop (didn't bet)
Seat 3: 123golden456 collected ($0.13)
Seat 4: Ekshli folded before Flop (didn't bet)
Seat 5: arafik89 folded before Flop (didn't bet)
Seat 6: MarkAvrelij (button) folded before Flop (didn't bet)
Seat 7: geni580 (small blind) folded before Flop
Seat 8: ignacio8888 (big blind) folded on the Flop
Seat 9: ßilliejean folded before Flop (didn't bet)



PokerStars Hand #225097589911:  Hold'em No Limit ($0.01/$0.02 USD) - 2021/03/22 22:33:08 PT [2021/03/23 1:33:08 ET]
Table 'Yunnan V' 9-max Seat #7 is the button
Seat 1: n2405n ($2.43 in chips) 
Seat 2: Dorex2007 ($2.82 in chips) 
Seat 3: 123golden456 ($1.40 in chips) 
Seat 4: Ekshli ($1.98 in chips) 
Seat 5: arafik89 ($2.69 in chips) 
Seat 6: MarkAvrelij ($2.20 in chips) 
Seat 7: geni580 ($2.10 in chips) 
Seat 8: ignacio8888 ($2.38 in chips) 
Seat 9: ßilliejean ($1.07 in chips) 
ignacio8888: posts small blind $0.01
ßilliejean: posts big blind $0.02
*** HOLE CARDS ***
Dealt to Dorex2007 [6h 2s]
n2405n: raises $0.02 to $0.04
Dorex2007: folds 
123golden456: folds 
Ekshli: folds 
arafik89: folds 
MarkAvrelij: folds 
geni580: folds 
ignacio8888: folds 
ßilliejean: calls $0.02
*** FLOP *** [Qh Tc Ah]
ßilliejean: checks 
n2405n: bets $0.16
ßilliejean: calls $0.16
*** TURN *** [Qh Tc Ah] [4d]
ßilliejean: checks 
n2405n: checks 
*** RIVER *** [Qh Tc Ah 4d] [Th]
ßilliejean: checks 
n2405n: checks 
*** SHOW DOWN ***
ßilliejean: shows [Js Qd] (two pair, Queens and Tens)
n2405n: shows [3d Ac] (two pair, Aces and Tens)
n2405n collected $0.40 from pot
*** SUMMARY ***
Total pot $0.41 | Rake $0.01 
Board [Qh Tc Ah 4d Th]
Seat 1: n2405n showed [3d Ac] and won ($0.40) with two pair, Aces and Tens
Seat 2: Dorex2007 folded before Flop (didn't bet)
Seat 3: 123golden456 folded before Flop (didn't bet)
Seat 4: Ekshli folded before Flop (didn't bet)
Seat 5: arafik89 folded before Flop (didn't bet)
Seat 6: MarkAvrelij folded before Flop (didn't bet)
Seat 7: geni580 (button) folded before Flop (didn't bet)
Seat 8: ignacio8888 (small blind) folded before Flop
Seat 9: ßilliejean (big blind) showed [Js Qd] and lost with two pair, Queens and Tens



PokerStars Hand #225097596932:  Hold'em No Limit ($0.01/$0.02 USD) - 2021/03/22 22:33:57 PT [2021/03/23 1:33:57 ET]
Table 'Yunnan V' 9-max Seat #8 is the button
Seat 1: n2405n ($2.63 in chips) 
Seat 2: Dorex2007 ($2.82 in chips) 
Seat 3: 123golden456 ($1.40 in chips) 
Seat 4: Ekshli ($1.98 in chips) 
Seat 5: arafik89 ($2.69 in chips) 
Seat 6: MarkAvrelij ($2.20 in chips) 
Seat 7: geni580 ($2.10 in chips) 
Seat 8: ignacio8888 ($2.37 in chips) 
Seat 9: ßilliejean ($0.87 in chips) 
ßilliejean: posts small blind $0.01
n2405n: posts big blind $0.02
*** HOLE CARDS ***
Dealt to Dorex2007 [3c 7c]
Dorex2007: folds 
123golden456: folds 
Ekshli: folds 
arafik89: folds 
MarkAvrelij: folds 
geni580: folds 
ignacio8888: raises $0.04 to $0.06
ßilliejean: calls $0.05
n2405n: folds 
*** FLOP *** [Td 2s Ac]
ßilliejean: checks 
ignacio8888: checks 
*** TURN *** [Td 2s Ac] [5d]
ßilliejean: checks 
ignacio8888: bets $0.07
ßilliejean: folds 
Uncalled bet ($0.07) returned to ignacio8888
ignacio8888 collected $0.14 from pot
ignacio8888: doesn't show hand 
*** SUMMARY ***
Total pot $0.14 | Rake $0 
Board [Td 2s Ac 5d]
Seat 1: n2405n (big blind) folded before Flop
Seat 2: Dorex2007 folded before Flop (didn't bet)
Seat 3: 123golden456 folded before Flop (didn't bet)
Seat 4: Ekshli folded before Flop (didn't bet)
Seat 5: arafik89 folded before Flop (didn't bet)
Seat 6: MarkAvrelij folded before Flop (didn't bet)
Seat 7: geni580 folded before Flop (didn't bet)
Seat 8: ignacio8888 (button) collected ($0.14)
Seat 9: ßilliejean (small blind) folded on the Turn



PokerStars Hand #225097602233:  Hold'em No Limit ($0.01/$0.02 USD) - 2021/03/22 22:34:34 PT [2021/03/23 1:34:34 ET]
Table 'Yunnan V' 9-max Seat #9 is the button
Seat 1: n2405n ($2.61 in chips) 
Seat 2: Dorex2007 ($2.82 in chips) 
Seat 3: 123golden456 ($1.40 in chips) 
Seat 4: Ekshli ($1.98 in chips) 
Seat 5: arafik89 ($2.69 in chips) 
Seat 6: MarkAvrelij ($2.20 in chips) 
Seat 7: geni580 ($2.10 in chips) 
Seat 8: ignacio8888 ($2.45 in chips) 
Seat 9: ßilliejean ($0.81 in chips) 
n2405n: posts small blind $0.01
Dorex2007: posts big blind $0.02
*** HOLE CARDS ***
Dealt to Dorex2007 [Ts 9c]
123golden456: folds 
Ekshli: raises $0.02 to $0.04
arafik89: folds 
MarkAvrelij: folds 
geni580: folds 
ignacio8888: folds 
ßilliejean: calls $0.04
n2405n: folds 
Dorex2007: calls $0.02
*** FLOP *** [Ad 5c 4c]
Dorex2007: checks 
Ekshli: checks 
ßilliejean: bets $0.07
Dorex2007: folds 
Ekshli: folds 
Uncalled bet ($0.07) returned to ßilliejean
ßilliejean collected $0.13 from pot
ßilliejean: doesn't show hand 
*** SUMMARY ***
Total pot $0.13 | Rake $0 
Board [Ad 5c 4c]
Seat 1: n2405n (small blind) folded before Flop
Seat 2: Dorex2007 (big blind) folded on the Flop
Seat 3: 123golden456 folded before Flop (didn't bet)
Seat 4: Ekshli folded on the Flop
Seat 5: arafik89 folded before Flop (didn't bet)
Seat 6: MarkAvrelij folded before Flop (didn't bet)
Seat 7: geni580 folded before Flop (didn't bet)
Seat 8: ignacio8888 folded before Flop (didn't bet)
Seat 9: ßilliejean (button) collected ($0.13)



PokerStars Hand #225097608069:  Hold'em No Limit ($0.01/$0.02 USD) - 2021/03/22 22:35:14 PT [2021/03/23 1:35:14 ET]
Table 'Yunnan V' 9-max Seat #1 is the button
Seat 1: n2405n ($2.60 in chips) 
Seat 2: Dorex2007 ($2.78 in chips) 
Seat 3: 123golden456 ($1.40 in chips) 
Seat 4: Ekshli ($1.98 in chips) 
Seat 5: arafik89 ($2.69 in chips) 
Seat 6: MarkAvrelij ($2.20 in chips) 
Seat 7: geni580 ($2.10 in chips) 
Seat 8: ignacio8888 ($2.45 in chips) 
Seat 9: ßilliejean ($0.90 in chips) 
Dorex2007: posts small blind $0.01
123golden456: posts big blind $0.02
*** HOLE CARDS ***
Dealt to Dorex2007 [Jc Qc]
Ekshli: folds 
arafik89: folds 
MarkAvrelij: folds 
geni580: folds 
ignacio8888: raises $0.02 to $0.04
ßilliejean: calls $0.04
n2405n: folds 
Dorex2007: calls $0.03
123golden456: folds 
*** FLOP *** [4c 4h 9d]
Dorex2007: checks 
ignacio8888: bets $0.07
ßilliejean: calls $0.07
Dorex2007: folds 
*** TURN *** [4c 4h 9d] [6d]
ignacio8888: bets $0.13
ßilliejean: calls $0.13
*** RIVER *** [4c 4h 9d 6d] [7d]
ignacio8888: bets $0.26
ßilliejean: calls $0.26
*** SHOW DOWN ***
ignacio8888: shows [Ah Ad] (two pair, Aces and Fours)
ßilliejean: shows [2c 4s] (three of a kind, Fours)
ßilliejean collected $1.02 from pot
*** SUMMARY ***
Total pot $1.06 | Rake $0.04 
Board [4c 4h 9d 6d 7d]
Seat 1: n2405n (button) folded before Flop (didn't bet)
Seat 2: Dorex2007 (small blind) folded on the Flop
Seat 3: 123golden456 (big blind) folded before Flop
Seat 4: Ekshli folded before Flop (didn't bet)
Seat 5: arafik89 folded before Flop (didn't bet)
Seat 6: MarkAvrelij folded before Flop (didn't bet)
Seat 7: geni580 folded before Flop (didn't bet)
Seat 8: ignacio8888 showed [Ah Ad] and lost with two pair, Aces and Fours
Seat 9: ßilliejean showed [2c 4s] and won ($1.02) with three of a kind, Fours



PokerStars Hand #225097618078:  Hold'em No Limit ($0.01/$0.02 USD) - 2021/03/22 22:36:23 PT [2021/03/23 1:36:23 ET]
Table 'Yunnan V' 9-max Seat #2 is the button
Seat 1: n2405n ($2.60 in chips) 
Seat 2: Dorex2007 ($2.74 in chips) 
Seat 3: 123golden456 ($1.38 in chips) 
Seat 4: Ekshli ($1.98 in chips) 
Seat 5: arafik89 ($2.69 in chips) 
Seat 6: MarkAvrelij ($2.20 in chips) 
Seat 7: geni580 ($2.10 in chips) 
Seat 8: ignacio8888 ($1.95 in chips) 
Seat 9: ßilliejean ($1.42 in chips) 
123golden456: posts small blind $0.01
Ekshli: posts big blind $0.02
*** HOLE CARDS ***
Dealt to Dorex2007 [Ac Qd]
arafik89 has timed out
arafik89: folds 
MarkAvrelij: folds 
geni580: folds 
ignacio8888: raises $0.02 to $0.04
ßilliejean: calls $0.04
n2405n: folds 
Dorex2007: raises $0.10 to $0.14
123golden456: folds 
Ekshli: folds 
ignacio8888: calls $0.10
ßilliejean: calls $0.10
*** FLOP *** [8s Qs 5s]
ignacio8888: checks 
ßilliejean: checks 
Dorex2007: bets $0.43
ignacio8888: folds 
ßilliejean: folds 
Uncalled bet ($0.43) returned to Dorex2007
Dorex2007 collected $0.43 from pot
Dorex2007: doesn't show hand 
*** SUMMARY ***
Total pot $0.45 | Rake $0.02 
Board [8s Qs 5s]
Seat 1: n2405n folded before Flop (didn't bet)
Seat 2: Dorex2007 (button) collected ($0.43)
Seat 3: 123golden456 (small blind) folded before Flop
Seat 4: Ekshli (big blind) folded before Flop
Seat 5: arafik89 folded before Flop (didn't bet)
Seat 6: MarkAvrelij folded before Flop (didn't bet)
Seat 7: geni580 folded before Flop (didn't bet)
Seat 8: ignacio8888 folded on the Flop
Seat 9: ßilliejean folded on the Flop



PokerStars Hand #225097626144:  Hold'em No Limit ($0.01/$0.02 USD) - 2021/03/22 22:37:18 PT [2021/03/23 1:37:18 ET]
Table 'Yunnan V' 9-max Seat #3 is the button
Seat 1: n2405n ($2.60 in chips) 
Seat 2: Dorex2007 ($3.03 in chips) 
Seat 3: 123golden456 ($1.37 in chips) 
Seat 4: Ekshli ($1.98 in chips) 
Seat 5: arafik89 ($2.69 in chips) 
Seat 6: MarkAvrelij ($2.20 in chips) 
Seat 7: geni580 ($2.10 in chips) 
Seat 8: ignacio8888 ($1.81 in chips) 
Seat 9: ßilliejean ($1.28 in chips) 
Ekshli: posts small blind $0.01
arafik89: posts big blind $0.02
*** HOLE CARDS ***
Dealt to Dorex2007 [7s 8s]
MarkAvrelij: folds 
geni580: folds 
ignacio8888: folds 
ßilliejean: calls $0.02
n2405n: raises $0.02 to $0.04
Dorex2007: calls $0.04
123golden456: folds 
Ekshli: calls $0.03
arafik89: folds 
ßilliejean: calls $0.02
*** FLOP *** [3d 2d 2s]
Ekshli: checks 
ßilliejean: checks 
n2405n: checks 
Dorex2007: checks 
*** TURN *** [3d 2d 2s] [Th]
Ekshli: checks 
ßilliejean: bets $0.09
n2405n: folds 
Dorex2007: folds 
Ekshli: calls $0.09
*** RIVER *** [3d 2d 2s Th] [7h]
Ekshli: checks 
ßilliejean: bets $0.18
Ekshli: calls $0.18
*** SHOW DOWN ***
ßilliejean: shows [Ah Td] (two pair, Tens and Deuces)
Ekshli: shows [Ts Ad] (two pair, Tens and Deuces)
Ekshli collected $0.35 from pot
ßilliejean collected $0.34 from pot
*** SUMMARY ***
Total pot $0.72 | Rake $0.03 
Board [3d 2d 2s Th 7h]
Seat 1: n2405n folded on the Turn
Seat 2: Dorex2007 folded on the Turn
Seat 3: 123golden456 (button) folded before Flop (didn't bet)
Seat 4: Ekshli (small blind) showed [Ts Ad] and won ($0.35) with two pair, Tens and Deuces
Seat 5: arafik89 (big blind) folded before Flop
Seat 6: MarkAvrelij folded before Flop (didn't bet)
Seat 7: geni580 folded before Flop (didn't bet)
Seat 8: ignacio8888 folded before Flop (didn't bet)
Seat 9: ßilliejean showed [Ah Td] and won ($0.34) with two pair, Tens and Deuces



PokerStars Hand #225097634926:  Hold'em No Limit ($0.01/$0.02 USD) - 2021/03/22 22:38:18 PT [2021/03/23 1:38:18 ET]
Table 'Yunnan V' 9-max Seat #4 is the button
Seat 1: n2405n ($2.56 in chips) 
Seat 2: Dorex2007 ($2.99 in chips) 
Seat 3: 123golden456 ($1.37 in chips) 
Seat 4: Ekshli ($2.02 in chips) 
Seat 5: arafik89 ($2.67 in chips) 
Seat 6: MarkAvrelij ($2.20 in chips) 
Seat 7: geni580 ($2.10 in chips) 
Seat 8: ignacio8888 ($1.81 in chips) 
Seat 9: ßilliejean ($1.31 in chips) 
arafik89: posts small blind $0.01
MarkAvrelij: posts big blind $0.02
*** HOLE CARDS ***
Dealt to Dorex2007 [Kd 2d]
geni580: folds 
ignacio8888: raises $0.02 to $0.04
ßilliejean: calls $0.04
n2405n: raises $0.02 to $0.06
Dorex2007: folds 
123golden456: calls $0.06
Ekshli: calls $0.06
arafik89: folds 
MarkAvrelij: folds 
ignacio8888: calls $0.02
ßilliejean: calls $0.02
*** FLOP *** [3c 3s Jc]
ignacio8888: checks 
ßilliejean: checks 
n2405n: bets $0.02
123golden456: raises $0.18 to $0.20
Ekshli: folds 
ignacio8888: calls $0.20
ßilliejean: folds 
n2405n: folds 
*** TURN *** [3c 3s Jc] [8h]
ignacio8888: checks 
123golden456: bets $0.36
ignacio8888: calls $0.36
*** RIVER *** [3c 3s Jc 8h] [5d]
ignacio8888: checks 
123golden456: bets $0.75 and is all-in
ignacio8888: calls $0.75
*** SHOW DOWN ***
123golden456: shows [7c 6s] (a pair of Threes)
ignacio8888: shows [As Js] (two pair, Jacks and Threes)
ignacio8888 collected $2.87 from pot
*** SUMMARY ***
Total pot $2.97 | Rake $0.10 
Board [3c 3s Jc 8h 5d]
Seat 1: n2405n folded on the Flop
Seat 2: Dorex2007 folded before Flop (didn't bet)
Seat 3: 123golden456 showed [7c 6s] and lost with a pair of Threes
Seat 4: Ekshli (button) folded on the Flop
Seat 5: arafik89 (small blind) folded before Flop
Seat 6: MarkAvrelij (big blind) folded before Flop
Seat 7: geni580 folded before Flop (didn't bet)
Seat 8: ignacio8888 showed [As Js] and won ($2.87) with two pair, Jacks and Threes
Seat 9: ßilliejean folded on the Flop



PokerStars Hand #225097647217:  Hold'em No Limit ($0.01/$0.02 USD) - 2021/03/22 22:39:42 PT [2021/03/23 1:39:42 ET]
Table 'Yunnan V' 9-max Seat #5 is the button
Seat 1: n2405n ($2.48 in chips) 
Seat 2: Dorex2007 ($2.99 in chips) 
Seat 4: Ekshli ($1.98 in chips) 
Seat 5: arafik89 ($2.66 in chips) 
Seat 6: MarkAvrelij ($2.18 in chips) 
Seat 7: geni580 ($2.10 in chips) 
Seat 8: ignacio8888 ($3.31 in chips) 
Seat 9: ßilliejean ($1.25 in chips) 
MarkAvrelij: posts small blind $0.01
geni580: posts big blind $0.02
*** HOLE CARDS ***
Dealt to Dorex2007 [Td 8d]
ignacio8888: folds 
ßilliejean: folds 
n2405n: raises $0.02 to $0.04
Dorex2007: folds 
Ekshli: folds 
123golden456 leaves the table
arafik89: folds 
MarkAvrelij: folds 
geni580: folds 
Uncalled bet ($0.02) returned to n2405n
n2405n collected $0.05 from pot
n2405n: doesn't show hand 
*** SUMMARY ***
Total pot $0.05 | Rake $0 
Seat 1: n2405n collected ($0.05)
Seat 2: Dorex2007 folded before Flop (didn't bet)
Seat 4: Ekshli folded before Flop (didn't bet)
Seat 5: arafik89 (button) folded before Flop (didn't bet)
Seat 6: MarkAvrelij (small blind) folded before Flop
Seat 7: geni580 (big blind) folded before Flop
Seat 8: ignacio8888 folded before Flop (didn't bet)
Seat 9: ßilliejean folded before Flop (didn't bet)



PokerStars Hand #225097651340:  Hold'em No Limit ($0.01/$0.02 USD) - 2021/03/22 22:40:11 PT [2021/03/23 1:40:11 ET]
Table 'Yunnan V' 9-max Seat #6 is the button
Seat 1: n2405n ($2.51 in chips) 
Seat 2: Dorex2007 ($2.99 in chips) 
Seat 4: Ekshli ($1.98 in chips) 
Seat 5: arafik89 ($2.66 in chips) 
Seat 6: MarkAvrelij ($2.17 in chips) 
Seat 7: geni580 ($2.08 in chips) 
Seat 8: ignacio8888 ($3.31 in chips) 
Seat 9: ßilliejean ($1.25 in chips) 
geni580: posts small blind $0.01
ignacio8888: posts big blind $0.02
*** HOLE CARDS ***
Dealt to Dorex2007 [9c Tc]
ßilliejean: calls $0.02
n2405n: folds 
Dorex2007: folds 
Ekshli: folds 
arafik89: calls $0.02
MarkAvrelij: folds 
kiling1 joins the table at seat #3 
geni580: folds 
ignacio8888: checks 
*** FLOP *** [7c 4h 2h]
ignacio8888: checks 
ßilliejean: checks 
arafik89: bets $0.07
ignacio8888: folds 
ßilliejean: folds 
Uncalled bet ($0.07) returned to arafik89
arafik89 collected $0.07 from pot
*** SUMMARY ***
Total pot $0.07 | Rake $0 
Board [7c 4h 2h]
Seat 1: n2405n folded before Flop (didn't bet)
Seat 2: Dorex2007 folded before Flop (didn't bet)
Seat 4: Ekshli folded before Flop (didn't bet)
Seat 5: arafik89 collected ($0.07)
Seat 6: MarkAvrelij (button) folded before Flop (didn't bet)
Seat 7: geni580 (small blind) folded before Flop
Seat 8: ignacio8888 (big blind) folded on the Flop
Seat 9: ßilliejean folded on the Flop



PokerStars Hand #225097658111:  Hold'em No Limit ($0.01/$0.02 USD) - 2021/03/22 22:40:57 PT [2021/03/23 1:40:57 ET]
Table 'Yunnan V' 9-max Seat #7 is the button
Seat 1: n2405n ($2.51 in chips) 
Seat 2: Dorex2007 ($2.99 in chips) 
Seat 4: Ekshli ($1.98 in chips) 
Seat 5: arafik89 ($2.71 in chips) 
Seat 6: MarkAvrelij ($2.17 in chips) 
Seat 7: geni580 ($2.07 in chips) 
Seat 8: ignacio8888 ($3.29 in chips) 
Seat 9: ßilliejean ($1.23 in chips) 
ignacio8888: posts small blind $0.01
ßilliejean: posts big blind $0.02
kiling1: sits out 
*** HOLE CARDS ***
Dealt to Dorex2007 [3s 6d]
n2405n: folds 
Dorex2007: folds 
Ekshli: folds 
Ekshli leaves the table
arafik89: raises $0.04 to $0.06
kiling1 leaves the table
MarkAvrelij: folds 
geni580: folds 
ignacio8888: folds 
ßilliejean: calls $0.04
*** FLOP *** [5h 8c 4h]
ßilliejean: checks 
arafik89: bets $0.13
ßilliejean: calls $0.13
*** TURN *** [5h 8c 4h] [2d]
ßilliejean: checks 
arafik89: checks 
*** RIVER *** [5h 8c 4h 2d] [5d]
ßilliejean: bets $0.19
arafik89: folds 
Uncalled bet ($0.19) returned to ßilliejean
ßilliejean collected $0.38 from pot
ßilliejean: doesn't show hand 
*** SUMMARY ***
Total pot $0.39 | Rake $0.01 
Board [5h 8c 4h 2d 5d]
Seat 1: n2405n folded before Flop (didn't bet)
Seat 2: Dorex2007 folded before Flop (didn't bet)
Seat 4: Ekshli folded before Flop (didn't bet)
Seat 5: arafik89 folded on the River
Seat 6: MarkAvrelij folded before Flop (didn't bet)
Seat 7: geni580 (button) folded before Flop (didn't bet)
Seat 8: ignacio8888 (small blind) folded before Flop
Seat 9: ßilliejean (big blind) collected ($0.38)



PokerStars Hand #225097667432:  Hold'em No Limit ($0.01/$0.02 USD) - 2021/03/22 22:41:58 PT [2021/03/23 1:41:58 ET]
Table 'Yunnan V' 9-max Seat #8 is the button
Seat 1: n2405n ($2.51 in chips) 
Seat 2: Dorex2007 ($2.99 in chips) 
Seat 5: arafik89 ($2.52 in chips) 
Seat 6: MarkAvrelij ($2.17 in chips) 
Seat 7: geni580 ($2.07 in chips) 
Seat 8: ignacio8888 ($3.28 in chips) 
Seat 9: ßilliejean ($1.42 in chips) 
ßilliejean: posts small blind $0.01
n2405n: posts big blind $0.02
*** HOLE CARDS ***
Dealt to Dorex2007 [3c 6h]
133556 joins the table at seat #3 
Dorex2007: folds 
arafik89: folds 
MarkAvrelij: folds 
arafik89 leaves the table
187Equalizer joins the table at seat #5 
Benefaktor X joins the table at seat #4 
geni580: raises $0.03 to $0.05
ignacio8888: folds 
ßilliejean: calls $0.04
n2405n: folds 
*** FLOP *** [Ks Jd 5s]
ßilliejean: checks 
geni580: bets $0.09
ßilliejean: folds 
Uncalled bet ($0.09) returned to geni580
geni580 collected $0.12 from pot
geni580: doesn't show hand 
*** SUMMARY ***
Total pot $0.12 | Rake $0 
Board [Ks Jd 5s]
Seat 1: n2405n (big blind) folded before Flop
Seat 2: Dorex2007 folded before Flop (didn't bet)
Seat 5: arafik89 folded before Flop (didn't bet)
Seat 6: MarkAvrelij folded before Flop (didn't bet)
Seat 7: geni580 collected ($0.12)
Seat 8: ignacio8888 (button) folded before Flop (didn't bet)
Seat 9: ßilliejean (small blind) folded on the Flop



PokerStars Hand #225097671620:  Hold'em No Limit ($0.01/$0.02 USD) - 2021/03/22 22:42:28 PT [2021/03/23 1:42:28 ET]
Table 'Yunnan V' 9-max Seat #9 is the button
Seat 1: n2405n ($2.49 in chips) 
Seat 2: Dorex2007 ($2.99 in chips) 
Seat 4: Benefaktor X ($0.89 in chips) 
Seat 6: MarkAvrelij ($2.17 in chips) 
Seat 7: geni580 ($2.14 in chips) 
Seat 8: ignacio8888 ($3.28 in chips) 
Seat 9: ßilliejean ($1.37 in chips) 
n2405n: posts small blind $0.01
Dorex2007: posts big blind $0.02
133556: sits out 
Benefaktor X: posts big blind $0.02
187Equalizer: sits out 
*** HOLE CARDS ***
Dealt to Dorex2007 [Th 7c]
Benefaktor X: checks 
MarkAvrelij: folds 
geni580: folds 
ignacio8888: folds 
ßilliejean: calls $0.02
n2405n: folds 
Dorex2007: checks 
*** FLOP *** [Ac 2d Kc]
Dorex2007: checks 
Benefaktor X: checks 
ßilliejean: checks 
*** TURN *** [Ac 2d Kc] [5h]
Dorex2007: checks 
Benefaktor X: checks 
ßilliejean: checks 
*** RIVER *** [Ac 2d Kc 5h] [9h]
Dorex2007: checks 
Benefaktor X: checks 
ßilliejean: checks 
*** SHOW DOWN ***
Dorex2007: shows [Th 7c] (high card Ace)
Benefaktor X: shows [3h 5c] (a pair of Fives)
ßilliejean: shows [9d Jh] (a pair of Nines)
ßilliejean collected $0.07 from pot
*** SUMMARY ***
Total pot $0.07 | Rake $0 
Board [Ac 2d Kc 5h 9h]
Seat 1: n2405n (small blind) folded before Flop
Seat 2: Dorex2007 (big blind) showed [Th 7c] and lost with high card Ace
Seat 4: Benefaktor X showed [3h 5c] and lost with a pair of Fives
Seat 6: MarkAvrelij folded before Flop (didn't bet)
Seat 7: geni580 folded before Flop (didn't bet)
Seat 8: ignacio8888 folded before Flop (didn't bet)
Seat 9: ßilliejean (button) showed [9d Jh] and won ($0.07) with a pair of Nines



PokerStars Hand #225097678362:  Hold'em No Limit ($0.01/$0.02 USD) - 2021/03/22 22:43:14 PT [2021/03/23 1:43:14 ET]
Table 'Yunnan V' 9-max Seat #1 is the button
Seat 1: n2405n ($2.48 in chips) 
Seat 2: Dorex2007 ($2.97 in chips) 
Seat 3: 133556 ($0.80 in chips) 
Seat 4: Benefaktor X ($0.87 in chips) 
Seat 6: MarkAvrelij ($2.17 in chips) 
Seat 7: geni580 ($2.14 in chips) 
Seat 8: ignacio8888 ($3.28 in chips) 
Seat 9: ßilliejean ($1.42 in chips) 
Dorex2007: posts small blind $0.01
133556: posts big blind $0.02
187Equalizer: sits out 
*** HOLE CARDS ***
Dealt to Dorex2007 [Kc 4s]
Benefaktor X: folds 
MarkAvrelij: folds 
geni580: folds 
ignacio8888: folds 
ßilliejean: folds 
n2405n: folds 
Dorex2007: calls $0.01
133556: checks 
*** FLOP *** [8s 7d 6s]
Dorex2007: checks 
133556: bets $0.04
Dorex2007: calls $0.04
*** TURN *** [8s 7d 6s] [Ks]
Dorex2007: bets $0.08
133556: folds 
Uncalled bet ($0.08) returned to Dorex2007
Dorex2007 collected $0.12 from pot
Dorex2007: doesn't show hand 
*** SUMMARY ***
Total pot $0.12 | Rake $0 
Board [8s 7d 6s Ks]
Seat 1: n2405n (button) folded before Flop (didn't bet)
Seat 2: Dorex2007 (small blind) collected ($0.12)
Seat 3: 133556 (big blind) folded on the Turn
Seat 4: Benefaktor X folded before Flop (didn't bet)
Seat 6: MarkAvrelij folded before Flop (didn't bet)
Seat 7: geni580 folded before Flop (didn't bet)
Seat 8: ignacio8888 folded before Flop (didn't bet)
Seat 9: ßilliejean folded before Flop (didn't bet)



PokerStars Hand #225097693504:  Hold'em No Limit ($0.01/$0.02 USD) - 2021/03/22 22:43:53 PT [2021/03/23 1:43:53 ET]
Table 'Yunnan V' 9-max Seat #2 is the button
Seat 1: n2405n ($2.48 in chips) 
Seat 2: Dorex2007 ($3.03 in chips) 
Seat 3: 133556 ($0.74 in chips) 
Seat 4: Benefaktor X ($0.87 in chips) 
Seat 6: MarkAvrelij ($2.17 in chips) 
Seat 7: geni580 ($2.14 in chips) 
Seat 8: ignacio8888 ($3.28 in chips) 
Seat 9: ßilliejean ($1.42 in chips) 
133556: posts small blind $0.01
Benefaktor X: posts big blind $0.02
187Equalizer: sits out 
*** HOLE CARDS ***
Dealt to Dorex2007 [7d 9h]
MarkAvrelij: folds 
geni580: folds 
ignacio8888: raises $0.04 to $0.06
ßilliejean: folds 
n2405n: raises $0.04 to $0.10
Dorex2007: folds 
133556: folds 
Benefaktor X: folds 
ignacio8888: calls $0.04
*** FLOP *** [8s 4s Ks]
ignacio8888: bets $0.11
n2405n: calls $0.11
*** TURN *** [8s 4s Ks] [8c]
ignacio8888: bets $0.21
n2405n: calls $0.21
*** RIVER *** [8s 4s Ks 8c] [Qc]
ignacio8888: bets $0.42
n2405n: calls $0.42
*** SHOW DOWN ***
ignacio8888: shows [Qd Ad] (two pair, Queens and Eights)
n2405n: mucks hand 
ignacio8888 collected $1.65 from pot
*** SUMMARY ***
Total pot $1.71 | Rake $0.06 
Board [8s 4s Ks 8c Qc]
Seat 1: n2405n mucked [Jd Js]
Seat 2: Dorex2007 (button) folded before Flop (didn't bet)
Seat 3: 133556 (small blind) folded before Flop
Seat 4: Benefaktor X (big blind) folded before Flop
Seat 6: MarkAvrelij folded before Flop (didn't bet)
Seat 7: geni580 folded before Flop (didn't bet)
Seat 8: ignacio8888 showed [Qd Ad] and won ($1.65) with two pair, Queens and Eights
Seat 9: ßilliejean folded before Flop (didn't bet)



PokerStars Hand #225097700159:  Hold'em No Limit ($0.01/$0.02 USD) - 2021/03/22 22:44:39 PT [2021/03/23 1:44:39 ET]
Table 'Yunnan V' 9-max Seat #3 is the button
Seat 1: n2405n ($2 in chips) 
Seat 2: Dorex2007 ($3.03 in chips) 
Seat 3: 133556 ($0.73 in chips) 
Seat 4: Benefaktor X ($0.85 in chips) 
Seat 5: 187Equalizer ($0.80 in chips) 
Seat 6: MarkAvrelij ($2.17 in chips) 
Seat 7: geni580 ($2.14 in chips) 
Seat 8: ignacio8888 ($4.09 in chips) 
Seat 9: ßilliejean ($1.42 in chips) 
Benefaktor X: posts small blind $0.01
187Equalizer: posts big blind $0.02
*** HOLE CARDS ***
Dealt to Dorex2007 [4d Qc]
MarkAvrelij: raises $0.03 to $0.05
geni580: folds 
ignacio8888: folds 
ßilliejean: calls $0.05
n2405n: raises $0.03 to $0.08
Dorex2007: folds 
133556: folds 
Benefaktor X: raises $0.16 to $0.24
187Equalizer: folds 
MarkAvrelij: folds 
ßilliejean: folds 
n2405n: calls $0.16
*** FLOP *** [3c 3s 7s]
Benefaktor X: bets $0.61 and is all-in
n2405n: calls $0.61
*** TURN *** [3c 3s 7s] [2c]
*** RIVER *** [3c 3s 7s 2c] [9c]
*** SHOW DOWN ***
Benefaktor X: shows [Ah Kc] (a pair of Threes)
n2405n: shows [Kh Js] (a pair of Threes - lower kicker)
Benefaktor X collected $1.76 from pot
*** SUMMARY ***
Total pot $1.82 | Rake $0.06 
Board [3c 3s 7s 2c 9c]
Seat 1: n2405n showed [Kh Js] and lost with a pair of Threes
Seat 2: Dorex2007 folded before Flop (didn't bet)
Seat 3: 133556 (button) folded before Flop (didn't bet)
Seat 4: Benefaktor X (small blind) showed [Ah Kc] and won ($1.76) with a pair of Threes
Seat 5: 187Equalizer (big blind) folded before Flop
Seat 6: MarkAvrelij folded before Flop
Seat 7: geni580 folded before Flop (didn't bet)
Seat 8: ignacio8888 folded before Flop (didn't bet)
Seat 9: ßilliejean folded before Flop



PokerStars Hand #225097709148:  Hold'em No Limit ($0.01/$0.02 USD) - 2021/03/22 22:45:41 PT [2021/03/23 1:45:41 ET]
Table 'Yunnan V' 9-max Seat #4 is the button
Seat 1: n2405n ($2 in chips) 
Seat 2: Dorex2007 ($3.03 in chips) 
Seat 3: 133556 ($0.73 in chips) 
Seat 4: Benefaktor X ($1.76 in chips) 
Seat 5: 187Equalizer ($0.78 in chips) 
Seat 6: MarkAvrelij ($2.12 in chips) 
Seat 7: geni580 ($2.14 in chips) 
Seat 8: ignacio8888 ($4.09 in chips) 
Seat 9: ßilliejean ($1.37 in chips) 
187Equalizer: posts small blind $0.01
MarkAvrelij: posts big blind $0.02
*** HOLE CARDS ***
Dealt to Dorex2007 [Jd 5s]
geni580: folds 
ignacio8888: raises $0.02 to $0.04
ßilliejean: calls $0.04
n2405n: raises $0.28 to $0.32
Dorex2007: folds 
133556: folds 
Benefaktor X: folds 
187Equalizer: folds 
MarkAvrelij: folds 
ignacio8888: folds 
ßilliejean: folds 
Uncalled bet ($0.28) returned to n2405n
n2405n collected $0.15 from pot
n2405n: doesn't show hand 
*** SUMMARY ***
Total pot $0.15 | Rake $0 
Seat 1: n2405n collected ($0.15)
Seat 2: Dorex2007 folded before Flop (didn't bet)
Seat 3: 133556 folded before Flop (didn't bet)
Seat 4: Benefaktor X (button) folded before Flop (didn't bet)
Seat 5: 187Equalizer (small blind) folded before Flop
Seat 6: MarkAvrelij (big blind) folded before Flop
Seat 7: geni580 folded before Flop (didn't bet)
Seat 8: ignacio8888 folded before Flop
Seat 9: ßilliejean folded before Flop



PokerStars Hand #225097714966:  Hold'em No Limit ($0.01/$0.02 USD) - 2021/03/22 22:46:21 PT [2021/03/23 1:46:21 ET]
Table 'Yunnan V' 9-max Seat #5 is the button
Seat 1: n2405n ($2.11 in chips) 
Seat 2: Dorex2007 ($3.03 in chips) 
Seat 3: 133556 ($0.73 in chips) 
Seat 4: Benefaktor X ($1.76 in chips) 
Seat 5: 187Equalizer ($0.77 in chips) 
Seat 6: MarkAvrelij ($2.10 in chips) 
Seat 7: geni580 ($2.14 in chips) 
Seat 8: ignacio8888 ($4.05 in chips) 
Seat 9: ßilliejean ($1.33 in chips) 
MarkAvrelij: posts small blind $0.01
geni580: posts big blind $0.02
*** HOLE CARDS ***
Dealt to Dorex2007 [6c 4d]
ignacio8888: folds 
ßilliejean: folds 
n2405n: raises $0.02 to $0.04
Dorex2007: folds 
133556: calls $0.04
Benefaktor X: folds 
187Equalizer: folds 
MarkAvrelij: calls $0.03
geni580: folds 
*** FLOP *** [Ts 3s 9c]
MarkAvrelij: checks 
n2405n: bets $0.26
133556: folds 
MarkAvrelij: calls $0.26
*** TURN *** [Ts 3s 9c] [6h]
ignacio8888 leaves the table
MarkAvrelij: checks 
n2405n: checks 
*** RIVER *** [Ts 3s 9c 6h] [Th]
MarkAvrelij: bets $0.26
n2405n: calls $0.26
*** SHOW DOWN ***
MarkAvrelij: shows [Jd Kc] (a pair of Tens)
n2405n: shows [Jc Tc] (three of a kind, Tens)
n2405n collected $1.14 from pot
*** SUMMARY ***
Total pot $1.18 | Rake $0.04 
Board [Ts 3s 9c 6h Th]
Seat 1: n2405n showed [Jc Tc] and won ($1.14) with three of a kind, Tens
Seat 2: Dorex2007 folded before Flop (didn't bet)
Seat 3: 133556 folded on the Flop
Seat 4: Benefaktor X folded before Flop (didn't bet)
Seat 5: 187Equalizer (button) folded before Flop (didn't bet)
Seat 6: MarkAvrelij (small blind) showed [Jd Kc] and lost with a pair of Tens
Seat 7: geni580 (big blind) folded before Flop
Seat 8: ignacio8888 folded before Flop (didn't bet)
Seat 9: ßilliejean folded before Flop (didn't bet)



PokerStars Hand #225097722041:  Hold'em No Limit ($0.01/$0.02 USD) - 2021/03/22 22:47:10 PT [2021/03/23 1:47:10 ET]
Table 'Yunnan V' 9-max Seat #6 is the button
Seat 1: n2405n ($2.69 in chips) 
Seat 2: Dorex2007 ($3.03 in chips) 
Seat 3: 133556 ($0.69 in chips) 
Seat 4: Benefaktor X ($1.76 in chips) 
Seat 5: 187Equalizer ($0.77 in chips) 
Seat 6: MarkAvrelij ($2 in chips) 
Seat 7: geni580 ($2.12 in chips) 
Seat 9: ßilliejean ($1.33 in chips) 
geni580: posts small blind $0.01
ßilliejean: posts big blind $0.02
*** HOLE CARDS ***
Dealt to Dorex2007 [4s 6s]
n2405n: folds 
Dorex2007: folds 
133556: raises $0.05 to $0.07
Benefaktor X: calls $0.07
187Equalizer: folds 
MarkAvrelij: folds 
geni580: folds 
ßilliejean: calls $0.05
*** FLOP *** [Qs 9d Qh]
ßilliejean: checks 
133556: bets $0.62 and is all-in
Benefaktor X: calls $0.62
ßilliejean: folds 
*** TURN *** [Qs 9d Qh] [5d]
73alekcandr joins the table at seat #8 
*** RIVER *** [Qs 9d Qh 5d] [As]
*** SHOW DOWN ***
133556: shows [Kc Kh] (two pair, Kings and Queens)
Benefaktor X: shows [Qc Ks] (three of a kind, Queens)
Benefaktor X collected $1.41 from pot
133556 cashed out the hand for $0.08
*** SUMMARY ***
Total pot $1.46 | Rake $0.05 
Board [Qs 9d Qh 5d As]
Seat 1: n2405n folded before Flop (didn't bet)
Seat 2: Dorex2007 folded before Flop (didn't bet)
Seat 3: 133556 showed [Kc Kh] and lost with two pair, Kings and Queens (cashed out).
Seat 4: Benefaktor X showed [Qc Ks] and won ($1.41) with three of a kind, Queens
Seat 5: 187Equalizer folded before Flop (didn't bet)
Seat 6: MarkAvrelij (button) folded before Flop (didn't bet)
Seat 7: geni580 (small blind) folded before Flop
Seat 9: ßilliejean (big blind) folded on the Flop



PokerStars Hand #225097731263:  Hold'em No Limit ($0.01/$0.02 USD) - 2021/03/22 22:48:14 PT [2021/03/23 1:48:14 ET]
Table 'Yunnan V' 9-max Seat #7 is the button
Seat 1: n2405n ($2.69 in chips) 
Seat 2: Dorex2007 ($3.03 in chips) 
Seat 3: 133556 ($0.08 in chips) 
Seat 4: Benefaktor X ($2.48 in chips) 
Seat 5: 187Equalizer ($0.77 in chips) 
Seat 6: MarkAvrelij ($2 in chips) 
Seat 7: geni580 ($2.11 in chips) 
Seat 9: ßilliejean ($1.26 in chips) 
ßilliejean: posts small blind $0.01
n2405n: posts big blind $0.02
*** HOLE CARDS ***
Dealt to Dorex2007 [Ks 8c]
Dorex2007: folds 
133556: raises $0.06 to $0.08 and is all-in
Benefaktor X: folds 
187Equalizer: folds 
MarkAvrelij: calls $0.08
geni580: folds 
ßilliejean: folds 
n2405n: folds 
*** FLOP *** [5s Js 4c]
*** TURN *** [5s Js 4c] [Kd]
*** RIVER *** [5s Js 4c Kd] [7d]
*** SHOW DOWN ***
133556: shows [Kh Ah] (a pair of Kings)
MarkAvrelij: shows [Td Ad] (high card Ace)
133556 collected $0.18 from pot
*** SUMMARY ***
Total pot $0.19 | Rake $0.01 
Board [5s Js 4c Kd 7d]
Seat 1: n2405n (big blind) folded before Flop
Seat 2: Dorex2007 folded before Flop (didn't bet)
Seat 3: 133556 showed [Kh Ah] and won ($0.18) with a pair of Kings
Seat 4: Benefaktor X folded before Flop (didn't bet)
Seat 5: 187Equalizer folded before Flop (didn't bet)
Seat 6: MarkAvrelij showed [Td Ad] and lost with high card Ace
Seat 7: geni580 (button) folded before Flop (didn't bet)
Seat 9: ßilliejean (small blind) folded before Flop



PokerStars Hand #225097735338:  Hold'em No Limit ($0.01/$0.02 USD) - 2021/03/22 22:48:43 PT [2021/03/23 1:48:43 ET]
Table 'Yunnan V' 9-max Seat #9 is the button
Seat 1: n2405n ($2.67 in chips) 
Seat 2: Dorex2007 ($3.03 in chips) 
Seat 3: 133556 ($0.18 in chips) 
Seat 4: Benefaktor X ($2.48 in chips) 
Seat 5: 187Equalizer ($0.77 in chips) 
Seat 6: MarkAvrelij ($2 in chips) 
Seat 7: geni580 ($2.11 in chips) 
Seat 8: 73alekcandr ($1.60 in chips) 
Seat 9: ßilliejean ($1.25 in chips) 
n2405n: posts small blind $0.01
Dorex2007: posts big blind $0.02
73alekcandr: posts big blind $0.02
*** HOLE CARDS ***
Dealt to Dorex2007 [2h 7s]
133556: folds 
Benefaktor X: folds 
187Equalizer: folds 
MarkAvrelij: folds 
geni580: folds 
73alekcandr: raises $0.02 to $0.04
ßilliejean: folds 
n2405n: raises $0.02 to $0.06
Dorex2007: folds 
Benefaktor X leaves the table
73alekcandr: calls $0.02
*** FLOP *** [8s 6c 6s]
n2405n: bets $0.26
73alekcandr: calls $0.26
*** TURN *** [8s 6c 6s] [5d]
n2405n: checks 
73alekcandr: bets $0.32
n2405n: folds 
Uncalled bet ($0.32) returned to 73alekcandr
73alekcandr collected $0.64 from pot
73alekcandr: doesn't show hand 
*** SUMMARY ***
Total pot $0.66 | Rake $0.02 
Board [8s 6c 6s 5d]
Seat 1: n2405n (small blind) folded on the Turn
Seat 2: Dorex2007 (big blind) folded before Flop
Seat 3: 133556 folded before Flop (didn't bet)
Seat 4: Benefaktor X folded before Flop (didn't bet)
Seat 5: 187Equalizer folded before Flop (didn't bet)
Seat 6: MarkAvrelij folded before Flop (didn't bet)
Seat 7: geni580 folded before Flop (didn't bet)
Seat 8: 73alekcandr collected ($0.64)
Seat 9: ßilliejean (button) folded before Flop (didn't bet)



PokerStars Hand #225097741296:  Hold'em No Limit ($0.01/$0.02 USD) - 2021/03/22 22:49:25 PT [2021/03/23 1:49:25 ET]
Table 'Yunnan V' 9-max Seat #1 is the button
Seat 1: n2405n ($2.35 in chips) 
Seat 2: Dorex2007 ($3.01 in chips) 
Seat 3: 133556 ($0.18 in chips) 
Seat 5: 187Equalizer ($0.77 in chips) 
Seat 6: MarkAvrelij ($2 in chips) 
Seat 7: geni580 ($2.11 in chips) 
Seat 8: 73alekcandr ($1.92 in chips) 
Seat 9: ßilliejean ($1.25 in chips) 
Dorex2007: posts small blind $0.01
133556: posts big blind $0.02
*** HOLE CARDS ***
Dealt to Dorex2007 [3s Jh]
187Equalizer: folds 
MarkAvrelij: folds 
geni580: folds 
VaGriVas joins the table at seat #4 
73alekcandr: folds 
ßilliejean: folds 
n2405n: raises $0.02 to $0.04
Dorex2007: folds 
133556: calls $0.02
*** FLOP *** [Td 8h Qd]
133556: checks 
n2405n: checks 
*** TURN *** [Td 8h Qd] [3d]
133556: bets $0.02
n2405n: calls $0.02
*** RIVER *** [Td 8h Qd 3d] [6c]
133556: bets $0.04
n2405n: folds 
Uncalled bet ($0.04) returned to 133556
133556 collected $0.13 from pot
133556: doesn't show hand 
*** SUMMARY ***
Total pot $0.13 | Rake $0 
Board [Td 8h Qd 3d 6c]
Seat 1: n2405n (button) folded on the River
Seat 2: Dorex2007 (small blind) folded before Flop
Seat 3: 133556 (big blind) collected ($0.13)
Seat 5: 187Equalizer folded before Flop (didn't bet)
Seat 6: MarkAvrelij folded before Flop (didn't bet)
Seat 7: geni580 folded before Flop (didn't bet)
Seat 8: 73alekcandr folded before Flop (didn't bet)
Seat 9: ßilliejean folded before Flop (didn't bet)



PokerStars Hand #225097745361:  Hold'em No Limit ($0.01/$0.02 USD) - 2021/03/22 22:49:53 PT [2021/03/23 1:49:53 ET]
Table 'Yunnan V' 9-max Seat #2 is the button
Seat 1: n2405n ($2.29 in chips) 
Seat 2: Dorex2007 ($3 in chips) 
Seat 3: 133556 ($0.25 in chips) 
Seat 4: VaGriVas ($2 in chips) 
Seat 5: 187Equalizer ($0.77 in chips) 
Seat 6: MarkAvrelij ($2 in chips) 
Seat 7: geni580 ($2.11 in chips) 
Seat 8: 73alekcandr ($1.92 in chips) 
Seat 9: ßilliejean ($1.25 in chips) 
133556: posts small blind $0.01
VaGriVas: posts big blind $0.02
*** HOLE CARDS ***
Dealt to Dorex2007 [6s Jh]
187Equalizer: calls $0.02
MarkAvrelij: raises $0.05 to $0.07
geni580: folds 
73alekcandr: folds 
ßilliejean: folds 
n2405n: calls $0.07
Dorex2007: folds 
133556: folds 
VaGriVas: folds 
187Equalizer: folds 
*** FLOP *** [4d 7s 5d]
MarkAvrelij: bets $0.07
n2405n: raises $0.07 to $0.14
MarkAvrelij: calls $0.07
*** TURN *** [4d 7s 5d] [9c]
MarkAvrelij: checks 
n2405n: bets $0.23
MarkAvrelij: calls $0.23
*** RIVER *** [4d 7s 5d 9c] [8h]
MarkAvrelij: checks 
n2405n: checks 
*** SHOW DOWN ***
MarkAvrelij: shows [Ad 9d] (a pair of Nines)
n2405n: mucks hand 
MarkAvrelij collected $0.90 from pot
*** SUMMARY ***
Total pot $0.93 | Rake $0.03 
Board [4d 7s 5d 9c 8h]
Seat 1: n2405n mucked [Td 9h]
Seat 2: Dorex2007 (button) folded before Flop (didn't bet)
Seat 3: 133556 (small blind) folded before Flop
Seat 4: VaGriVas (big blind) folded before Flop
Seat 5: 187Equalizer folded before Flop
Seat 6: MarkAvrelij showed [Ad 9d] and won ($0.90) with a pair of Nines
Seat 7: geni580 folded before Flop (didn't bet)
Seat 8: 73alekcandr folded before Flop (didn't bet)
Seat 9: ßilliejean folded before Flop (didn't bet)



PokerStars Hand #225097751177:  Hold'em No Limit ($0.01/$0.02 USD) - 2021/03/22 22:50:33 PT [2021/03/23 1:50:33 ET]
Table 'Yunnan V' 9-max Seat #3 is the button
Seat 1: n2405n ($2 in chips) 
Seat 2: Dorex2007 ($3 in chips) 
Seat 3: 133556 ($0.24 in chips) 
Seat 4: VaGriVas ($2 in chips) 
Seat 5: 187Equalizer ($0.75 in chips) 
Seat 6: MarkAvrelij ($2.46 in chips) 
Seat 7: geni580 ($2.11 in chips) 
Seat 8: 73alekcandr ($1.92 in chips) 
Seat 9: ßilliejean ($1.25 in chips) 
VaGriVas: posts small blind $0.01
187Equalizer: posts big blind $0.02
*** HOLE CARDS ***
Dealt to Dorex2007 [2d 8c]
MarkAvrelij: folds 
geni580: folds 
73alekcandr: folds 
ßilliejean: calls $0.02
n2405n: raises $0.10 to $0.12
Dorex2007: folds 
133556: folds 
VaGriVas: folds 
187Equalizer: folds 
ßilliejean: calls $0.10
*** FLOP *** [As 3h 5d]
ßilliejean: checks 
n2405n: checks 
*** TURN *** [As 3h 5d] [6c]
ßilliejean: checks 
n2405n: checks 
*** RIVER *** [As 3h 5d 6c] [6d]
ßilliejean: checks 
n2405n: bets $0.26
ßilliejean: folds 
Uncalled bet ($0.26) returned to n2405n
n2405n collected $0.26 from pot
n2405n: doesn't show hand 
*** SUMMARY ***
Total pot $0.27 | Rake $0.01 
Board [As 3h 5d 6c 6d]
Seat 1: n2405n collected ($0.26)
Seat 2: Dorex2007 folded before Flop (didn't bet)
Seat 3: 133556 (button) folded before Flop (didn't bet)
Seat 4: VaGriVas (small blind) folded before Flop
Seat 5: 187Equalizer (big blind) folded before Flop
Seat 6: MarkAvrelij folded before Flop (didn't bet)
Seat 7: geni580 folded before Flop (didn't bet)
Seat 8: 73alekcandr folded before Flop (didn't bet)
Seat 9: ßilliejean folded on the River



PokerStars Hand #225097757084:  Hold'em No Limit ($0.01/$0.02 USD) - 2021/03/22 22:51:14 PT [2021/03/23 1:51:14 ET]
Table 'Yunnan V' 9-max Seat #4 is the button
Seat 1: n2405n ($2.14 in chips) 
Seat 2: Dorex2007 ($3 in chips) 
Seat 3: 133556 ($0.24 in chips) 
Seat 4: VaGriVas ($2 in chips) 
Seat 5: 187Equalizer ($0.73 in chips) 
Seat 6: MarkAvrelij ($2.46 in chips) 
Seat 7: geni580 ($2.11 in chips) 
Seat 8: 73alekcandr ($1.92 in chips) 
Seat 9: ßilliejean ($1.13 in chips) 
187Equalizer: posts small blind $0.01
MarkAvrelij: posts big blind $0.02
*** HOLE CARDS ***
Dealt to Dorex2007 [5s Tc]
geni580: folds 
73alekcandr: raises $0.02 to $0.04
ßilliejean: folds 
n2405n: raises $0.02 to $0.06
Dorex2007: folds 
133556: raises $0.18 to $0.24 and is all-in
VaGriVas: folds 
187Equalizer: folds 
MarkAvrelij: folds 
73alekcandr: calls $0.20
n2405n: folds 
*** FLOP *** [6c Ad Jh]
*** TURN *** [6c Ad Jh] [Kc]
*** RIVER *** [6c Ad Jh Kc] [5d]
*** SHOW DOWN ***
73alekcandr: shows [9s 9c] (a pair of Nines)
133556: shows [Kh Ah] (two pair, Aces and Kings)
133556 collected $0.55 from pot
*** SUMMARY ***
Total pot $0.57 | Rake $0.02 
Board [6c Ad Jh Kc 5d]
Seat 1: n2405n folded before Flop
Seat 2: Dorex2007 folded before Flop (didn't bet)
Seat 3: 133556 showed [Kh Ah] and won ($0.55) with two pair, Aces and Kings
Seat 4: VaGriVas (button) folded before Flop (didn't bet)
Seat 5: 187Equalizer (small blind) folded before Flop
Seat 6: MarkAvrelij (big blind) folded before Flop
Seat 7: geni580 folded before Flop (didn't bet)
Seat 8: 73alekcandr showed [9s 9c] and lost with a pair of Nines
Seat 9: ßilliejean folded before Flop (didn't bet)



PokerStars Hand #225097763693:  Hold'em No Limit ($0.01/$0.02 USD) - 2021/03/22 22:52:01 PT [2021/03/23 1:52:01 ET]
Table 'Yunnan V' 9-max Seat #5 is the button
Seat 1: n2405n ($2.08 in chips) 
Seat 2: Dorex2007 ($3 in chips) 
Seat 3: 133556 ($0.55 in chips) 
Seat 4: VaGriVas ($2 in chips) 
Seat 5: 187Equalizer ($0.72 in chips) 
Seat 6: MarkAvrelij ($2.44 in chips) 
Seat 7: geni580 ($2.11 in chips) 
Seat 8: 73alekcandr ($1.68 in chips) 
Seat 9: ßilliejean ($1.13 in chips) 
MarkAvrelij: posts small blind $0.01
geni580: posts big blind $0.02
*** HOLE CARDS ***
Dealt to Dorex2007 [4c 4d]
73alekcandr: folds 
ßilliejean: calls $0.02
n2405n: raises $0.14 to $0.16
Dorex2007: folds 
133556: folds 
VaGriVas: folds 
187Equalizer: folds 
MarkAvrelij: folds 
geni580: folds 
ßilliejean: calls $0.14
*** FLOP *** [8d 7h 6c]
ßilliejean: checks 
n2405n: bets $0.80
ßilliejean: folds 
Uncalled bet ($0.80) returned to n2405n
n2405n collected $0.34 from pot
n2405n: doesn't show hand 
*** SUMMARY ***
Total pot $0.35 | Rake $0.01 
Board [8d 7h 6c]
Seat 1: n2405n collected ($0.34)
Seat 2: Dorex2007 folded before Flop (didn't bet)
Seat 3: 133556 folded before Flop (didn't bet)
Seat 4: VaGriVas folded before Flop (didn't bet)
Seat 5: 187Equalizer (button) folded before Flop (didn't bet)
Seat 6: MarkAvrelij (small blind) folded before Flop
Seat 7: geni580 (big blind) folded before Flop
Seat 8: 73alekcandr folded before Flop (didn't bet)
Seat 9: ßilliejean folded on the Flop



PokerStars Hand #225097768528:  Hold'em No Limit ($0.01/$0.02 USD) - 2021/03/22 22:52:35 PT [2021/03/23 1:52:35 ET]
Table 'Yunnan V' 9-max Seat #6 is the button
Seat 1: n2405n ($2.26 in chips) 
Seat 2: Dorex2007 ($3 in chips) 
Seat 3: 133556 ($0.55 in chips) 
Seat 4: VaGriVas ($2 in chips) 
Seat 5: 187Equalizer ($0.72 in chips) 
Seat 6: MarkAvrelij ($2.43 in chips) 
Seat 7: geni580 ($2.09 in chips) 
Seat 8: 73alekcandr ($1.68 in chips) 
Seat 9: ßilliejean ($0.97 in chips) 
geni580: posts small blind $0.01
73alekcandr: posts big blind $0.02
*** HOLE CARDS ***
Dealt to Dorex2007 [9d Ks]
ßilliejean: folds 
n2405n: folds 
Dorex2007: folds 
133556: raises $0.02 to $0.04
VaGriVas: folds 
187Equalizer: calls $0.04
MarkAvrelij: folds 
geni580: folds 
73alekcandr: folds 
*** FLOP *** [3d Kh Qh]
133556: bets $0.02
187Equalizer: calls $0.02
*** TURN *** [3d Kh Qh] [5h]
133556: bets $0.04
187Equalizer: calls $0.04
*** RIVER *** [3d Kh Qh 5h] [3c]
133556: bets $0.04
187Equalizer: calls $0.04
*** SHOW DOWN ***
133556: shows [5s Qs] (two pair, Queens and Fives)
187Equalizer: mucks hand 
133556 collected $0.30 from pot
*** SUMMARY ***
Total pot $0.31 | Rake $0.01 
Board [3d Kh Qh 5h 3c]
Seat 1: n2405n folded before Flop (didn't bet)
Seat 2: Dorex2007 folded before Flop (didn't bet)
Seat 3: 133556 showed [5s Qs] and won ($0.30) with two pair, Queens and Fives
Seat 4: VaGriVas folded before Flop (didn't bet)
Seat 5: 187Equalizer mucked [6h 6d]
Seat 6: MarkAvrelij (button) folded before Flop (didn't bet)
Seat 7: geni580 (small blind) folded before Flop
Seat 8: 73alekcandr (big blind) folded before Flop
Seat 9: ßilliejean folded before Flop (didn't bet)



PokerStars Hand #225097820316:  Hold'em No Limit ($0.01/$0.02 USD) - 2021/03/22 22:59:03 PT [2021/03/23 1:59:03 ET]
Table 'Yunnan V' 9-max Seat #9 is the button
Seat 1: n2405n ($2 in chips) 
Seat 2: Dorex2007 ($3 in chips) 
Seat 3: 133556 ($0.79 in chips) 
Seat 4: VaGriVas ($2 in chips) 
Seat 5: 187Equalizer ($0.76 in chips) 
Seat 6: MarkAvrelij ($2.40 in chips) 
Seat 7: geni580 ($2.10 in chips) 
Seat 8: 73alekcandr ($1.59 in chips) 
Seat 9: ßilliejean ($1.81 in chips) 
n2405n: posts small blind $0.01
Dorex2007: posts big blind $0.02
*** HOLE CARDS ***
Dealt to Dorex2007 [6s 5d]
133556: raises $0.02 to $0.04
VaGriVas: folds 
187Equalizer: folds 
MarkAvrelij: folds 
geni580: folds 
73alekcandr: folds 
ßilliejean: folds 
n2405n: raises $0.02 to $0.06
Dorex2007: folds 
133556: calls $0.02
*** FLOP *** [2c Ts Ad]
n2405n: bets $0.02
133556: raises $0.06 to $0.08
n2405n: calls $0.06
*** TURN *** [2c Ts Ad] [Ah]
n2405n: bets $0.02
133556: raises $0.08 to $0.10
n2405n: calls $0.08
*** RIVER *** [2c Ts Ad Ah] [8s]
n2405n: bets $0.02
133556: calls $0.02
*** SHOW DOWN ***
n2405n: shows [Qh Th] (two pair, Aces and Tens)
133556: mucks hand 
n2405n collected $0.52 from pot
*** SUMMARY ***
Total pot $0.54 | Rake $0.02 
Board [2c Ts Ad Ah 8s]
Seat 1: n2405n (small blind) showed [Qh Th] and won ($0.52) with two pair, Aces and Tens
Seat 2: Dorex2007 (big blind) folded before Flop
Seat 3: 133556 mucked [Tc 8c]
Seat 4: VaGriVas folded before Flop (didn't bet)
Seat 5: 187Equalizer folded before Flop (didn't bet)
Seat 6: MarkAvrelij folded before Flop (didn't bet)
Seat 7: geni580 folded before Flop (didn't bet)
Seat 8: 73alekcandr folded before Flop (didn't bet)
Seat 9: ßilliejean (button) folded before Flop (didn't bet)



PokerStars Hand #225097823907:  Hold'em No Limit ($0.01/$0.02 USD) - 2021/03/22 22:59:32 PT [2021/03/23 1:59:32 ET]
Table 'Yunnan V' 9-max Seat #1 is the button
Seat 1: n2405n ($2.26 in chips) 
Seat 2: Dorex2007 ($2.98 in chips) 
Seat 3: 133556 ($0.53 in chips) 
Seat 4: VaGriVas ($2 in chips) 
Seat 5: 187Equalizer ($0.76 in chips) 
Seat 6: MarkAvrelij ($2.40 in chips) 
Seat 7: geni580 ($2.10 in chips) 
Seat 8: 73alekcandr ($1.59 in chips) 
Seat 9: ßilliejean ($1.81 in chips) 
Dorex2007: posts small blind $0.01
133556: posts big blind $0.02
*** HOLE CARDS ***
Dealt to Dorex2007 [2d 2h]
VaGriVas: folds 
187Equalizer: calls $0.02
MarkAvrelij: raises $0.05 to $0.07
geni580: folds 
73alekcandr: folds 
ßilliejean: folds 
n2405n: calls $0.07
Dorex2007: folds 
133556: calls $0.05
187Equalizer: calls $0.05
*** FLOP *** [3h 4h As]
133556: checks 
187Equalizer: checks 
MarkAvrelij: bets $0.08
n2405n: folds 
133556: folds 
187Equalizer: folds 
Uncalled bet ($0.08) returned to MarkAvrelij
MarkAvrelij collected $0.28 from pot
MarkAvrelij: doesn't show hand 
*** SUMMARY ***
Total pot $0.29 | Rake $0.01 
Board [3h 4h As]
Seat 1: n2405n (button) folded on the Flop
Seat 2: Dorex2007 (small blind) folded before Flop
Seat 3: 133556 (big blind) folded on the Flop
Seat 4: VaGriVas folded before Flop (didn't bet)
Seat 5: 187Equalizer folded on the Flop
Seat 6: MarkAvrelij collected ($0.28)
Seat 7: geni580 folded before Flop (didn't bet)
Seat 8: 73alekcandr folded before Flop (didn't bet)
Seat 9: ßilliejean folded before Flop (didn't bet)



PokerStars Hand #225097830627:  Hold'em No Limit ($0.01/$0.02 USD) - 2021/03/22 23:00:26 PT [2021/03/23 2:00:26 ET]
Table 'Yunnan V' 9-max Seat #2 is the button
Seat 1: n2405n ($2.19 in chips) 
Seat 2: Dorex2007 ($2.97 in chips) 
Seat 3: 133556 ($0.46 in chips) 
Seat 4: VaGriVas ($2 in chips) 
Seat 5: 187Equalizer ($0.69 in chips) 
Seat 6: MarkAvrelij ($2.61 in chips) 
Seat 7: geni580 ($2.10 in chips) 
Seat 8: 73alekcandr ($1.59 in chips) 
Seat 9: ßilliejean ($1.81 in chips) 
133556: posts small blind $0.01
VaGriVas: posts big blind $0.02
*** HOLE CARDS ***
Dealt to Dorex2007 [Ks 8d]
187Equalizer: calls $0.02
MarkAvrelij: folds 
geni580: folds 
73alekcandr: raises $0.02 to $0.04
ßilliejean: calls $0.04
n2405n: folds 
Dorex2007: folds 
133556: raises $0.42 to $0.46 and is all-in
VaGriVas: calls $0.44
187Equalizer: folds 
73alekcandr: folds 
ßilliejean: folds 
*** FLOP *** [9d Kc Qd]
*** TURN *** [9d Kc Qd] [4d]
*** RIVER *** [9d Kc Qd 4d] [8s]
*** SHOW DOWN ***
133556: shows [Kh Ac] (a pair of Kings)
VaGriVas: shows [As Ad] (a pair of Aces)
VaGriVas collected $0.98 from pot
133556 cashed out the hand for $0.08
*** SUMMARY ***
Total pot $1.02 | Rake $0.04 
Board [9d Kc Qd 4d 8s]
Seat 1: n2405n folded before Flop (didn't bet)
Seat 2: Dorex2007 (button) folded before Flop (didn't bet)
Seat 3: 133556 (small blind) showed [Kh Ac] and lost with a pair of Kings (cashed out).
Seat 4: VaGriVas (big blind) showed [As Ad] and won ($0.98) with a pair of Aces
Seat 5: 187Equalizer folded before Flop
Seat 6: MarkAvrelij folded before Flop (didn't bet)
Seat 7: geni580 folded before Flop (didn't bet)
Seat 8: 73alekcandr folded before Flop
Seat 9: ßilliejean folded before Flop



PokerStars Hand #225097837587:  Hold'em No Limit ($0.01/$0.02 USD) - 2021/03/22 23:01:17 PT [2021/03/23 2:01:17 ET]
Table 'Yunnan V' 9-max Seat #3 is the button
Seat 1: n2405n ($2.19 in chips) 
Seat 2: Dorex2007 ($2.97 in chips) 
Seat 3: 133556 ($0.08 in chips) 
Seat 4: VaGriVas ($2.52 in chips) 
Seat 5: 187Equalizer ($0.67 in chips) 
Seat 6: MarkAvrelij ($2.61 in chips) 
Seat 7: geni580 ($2.10 in chips) 
Seat 8: 73alekcandr ($1.55 in chips) 
Seat 9: ßilliejean ($1.77 in chips) 
VaGriVas: posts small blind $0.01
187Equalizer: posts big blind $0.02
*** HOLE CARDS ***
Dealt to Dorex2007 [2c Qs]
MarkAvrelij: folds 
geni580: folds 
73alekcandr: raises $0.02 to $0.04
ßilliejean: folds 
n2405n: folds 
Dorex2007: folds 
133556: folds 
133556 leaves the table
VaGriVas: folds 
187Equalizer: calls $0.02
*** FLOP *** [6d 5d Qh]
187Equalizer: checks 
laakts23 joins the table at seat #3 
73alekcandr: bets $0.04
187Equalizer: folds 
Uncalled bet ($0.04) returned to 73alekcandr
73alekcandr collected $0.09 from pot
73alekcandr: doesn't show hand 
*** SUMMARY ***
Total pot $0.09 | Rake $0 
Board [6d 5d Qh]
Seat 1: n2405n folded before Flop (didn't bet)
Seat 2: Dorex2007 folded before Flop (didn't bet)
Seat 3: 133556 (button) folded before Flop (didn't bet)
Seat 4: VaGriVas (small blind) folded before Flop
Seat 5: 187Equalizer (big blind) folded on the Flop
Seat 6: MarkAvrelij folded before Flop (didn't bet)
Seat 7: geni580 folded before Flop (didn't bet)
Seat 8: 73alekcandr collected ($0.09)
Seat 9: ßilliejean folded before Flop (didn't bet)



PokerStars Hand #225097841062:  Hold'em No Limit ($0.01/$0.02 USD) - 2021/03/22 23:01:42 PT [2021/03/23 2:01:42 ET]
Table 'Yunnan V' 9-max Seat #4 is the button
Seat 1: n2405n ($2.19 in chips) 
Seat 2: Dorex2007 ($2.97 in chips) 
Seat 4: VaGriVas ($2.51 in chips) 
Seat 5: 187Equalizer ($0.63 in chips) 
Seat 6: MarkAvrelij ($2.61 in chips) 
Seat 7: geni580 ($2.10 in chips) 
Seat 8: 73alekcandr ($1.60 in chips) 
Seat 9: ßilliejean ($1.77 in chips) 
187Equalizer: posts small blind $0.01
MarkAvrelij: posts big blind $0.02
laakts23: sits out 
*** HOLE CARDS ***
Dealt to Dorex2007 [7h Jd]
geni580: folds 
73alekcandr: folds 
ßilliejean: folds 
n2405n: folds 
Dorex2007: folds 
VaGriVas: folds 
187Equalizer: calls $0.01
MarkAvrelij: checks 
*** FLOP *** [Ac 2h Jh]
187Equalizer: checks 
MarkAvrelij: checks 
*** TURN *** [Ac 2h Jh] [As]
187Equalizer: checks 
MarkAvrelij: bets $0.04
187Equalizer: folds 
Uncalled bet ($0.04) returned to MarkAvrelij
MarkAvrelij collected $0.04 from pot
MarkAvrelij: doesn't show hand 
*** SUMMARY ***
Total pot $0.04 | Rake $0 
Board [Ac 2h Jh As]
Seat 1: n2405n folded before Flop (didn't bet)
Seat 2: Dorex2007 folded before Flop (didn't bet)
Seat 4: VaGriVas (button) folded before Flop (didn't bet)
Seat 5: 187Equalizer (small blind) folded on the Turn
Seat 6: MarkAvrelij (big blind) collected ($0.04)
Seat 7: geni580 folded before Flop (didn't bet)
Seat 8: 73alekcandr folded before Flop (didn't bet)
Seat 9: ßilliejean folded before Flop (didn't bet)



PokerStars Hand #225097845074:  Hold'em No Limit ($0.01/$0.02 USD) - 2021/03/22 23:02:09 PT [2021/03/23 2:02:09 ET]
Table 'Yunnan V' 9-max Seat #5 is the button
Seat 1: n2405n ($2.19 in chips) 
Seat 2: Dorex2007 ($2.97 in chips) 
Seat 4: VaGriVas ($2.51 in chips) 
Seat 5: 187Equalizer ($0.61 in chips) 
Seat 6: MarkAvrelij ($2.63 in chips) 
Seat 7: geni580 ($2.10 in chips) 
Seat 8: 73alekcandr ($1.60 in chips) 
Seat 9: ßilliejean ($1.77 in chips) 
MarkAvrelij: posts small blind $0.01
geni580: posts big blind $0.02
laakts23: sits out 
*** HOLE CARDS ***
Dealt to Dorex2007 [8c 3h]
73alekcandr: folds 
ßilliejean: folds 
n2405n: raises $0.02 to $0.04
Dorex2007: folds 
VaGriVas: folds 
187Equalizer: folds 
MarkAvrelij: calls $0.03
geni580: folds 
*** FLOP *** [7s 8s 7c]
MarkAvrelij: checks 
n2405n: bets $0.02
MarkAvrelij: calls $0.02
*** TURN *** [7s 8s 7c] [4s]
MarkAvrelij: checks 
n2405n: bets $0.02
MarkAvrelij: calls $0.02
*** RIVER *** [7s 8s 7c 4s] [Th]
MarkAvrelij: checks 
n2405n: bets $0.09
MarkAvrelij: folds 
Uncalled bet ($0.09) returned to n2405n
n2405n collected $0.17 from pot
n2405n: doesn't show hand 
*** SUMMARY ***
Total pot $0.18 | Rake $0.01 
Board [7s 8s 7c 4s Th]
Seat 1: n2405n collected ($0.17)
Seat 2: Dorex2007 folded before Flop (didn't bet)
Seat 4: VaGriVas folded before Flop (didn't bet)
Seat 5: 187Equalizer (button) folded before Flop (didn't bet)
Seat 6: MarkAvrelij (small blind) folded on the River
Seat 7: geni580 (big blind) folded before Flop
Seat 8: 73alekcandr folded before Flop (didn't bet)
Seat 9: ßilliejean folded before Flop (didn't bet)



PokerStars Hand #225097854084:  Hold'em No Limit ($0.01/$0.02 USD) - 2021/03/22 23:02:46 PT [2021/03/23 2:02:46 ET]
Table 'Yunnan V' 9-max Seat #6 is the button
Seat 1: n2405n ($2.28 in chips) 
Seat 2: Dorex2007 ($2.97 in chips) 
Seat 4: VaGriVas ($2.51 in chips) 
Seat 5: 187Equalizer ($0.61 in chips) 
Seat 6: MarkAvrelij ($2.55 in chips) 
Seat 7: geni580 ($2.08 in chips) 
Seat 8: 73alekcandr ($1.60 in chips) 
Seat 9: ßilliejean ($1.77 in chips) 
geni580: posts small blind $0.01
73alekcandr: posts big blind $0.02
laakts23: sits out 
*** HOLE CARDS ***
Dealt to Dorex2007 [9s Tc]
ßilliejean: calls $0.02
n2405n: raises $0.02 to $0.04
Dorex2007: folds 
VaGriVas: folds 
187Equalizer: calls $0.04
MarkAvrelij: calls $0.04
geni580: calls $0.03
73alekcandr: folds 
ßilliejean: calls $0.02
*** FLOP *** [8h Ah 4h]
geni580: checks 
ßilliejean: checks 
n2405n: bets $0.02
187Equalizer: calls $0.02
MarkAvrelij: calls $0.02
geni580: folds 
ßilliejean: folds 
*** TURN *** [8h Ah 4h] [Qh]
n2405n: checks 
187Equalizer: checks 
MarkAvrelij: bets $0.09
n2405n: folds 
187Equalizer: folds 
Uncalled bet ($0.09) returned to MarkAvrelij
MarkAvrelij collected $0.27 from pot
MarkAvrelij: doesn't show hand 
*** SUMMARY ***
Total pot $0.28 | Rake $0.01 
Board [8h Ah 4h Qh]
Seat 1: n2405n folded on the Turn
Seat 2: Dorex2007 folded before Flop (didn't bet)
Seat 4: VaGriVas folded before Flop (didn't bet)
Seat 5: 187Equalizer folded on the Turn
Seat 6: MarkAvrelij (button) collected ($0.27)
Seat 7: geni580 (small blind) folded on the Flop
Seat 8: 73alekcandr (big blind) folded before Flop
Seat 9: ßilliejean folded on the Flop



PokerStars Hand #225097863848:  Hold'em No Limit ($0.01/$0.02 USD) - 2021/03/22 23:03:54 PT [2021/03/23 2:03:54 ET]
Table 'Yunnan V' 9-max Seat #7 is the button
Seat 1: n2405n ($2.22 in chips) 
Seat 2: Dorex2007 ($2.97 in chips) 
Seat 4: VaGriVas ($2.51 in chips) 
Seat 5: 187Equalizer ($0.55 in chips) 
Seat 6: MarkAvrelij ($2.76 in chips) 
Seat 7: geni580 ($2.04 in chips) 
Seat 8: 73alekcandr ($1.58 in chips) 
Seat 9: ßilliejean ($1.73 in chips) 
73alekcandr: posts small blind $0.01
ßilliejean: posts big blind $0.02
laakts23: sits out 
*** HOLE CARDS ***
Dealt to Dorex2007 [Qc Td]
n2405n: raises $0.02 to $0.04
Dorex2007: folds 
VaGriVas: folds 
187Equalizer: folds 
MarkAvrelij: calls $0.04
geni580: folds 
73alekcandr: calls $0.03
ßilliejean: calls $0.02
*** FLOP *** [Th Kc 6d]
73alekcandr: checks 
ßilliejean: checks 
n2405n: bets $0.02
MarkAvrelij: calls $0.02
73alekcandr: folds 
ßilliejean: calls $0.02
*** TURN *** [Th Kc 6d] [2s]
ßilliejean: bets $0.11
n2405n: calls $0.11
MarkAvrelij: calls $0.11
*** RIVER *** [Th Kc 6d 2s] [9s]
ßilliejean: bets $0.27
n2405n: raises $0.27 to $0.54
MarkAvrelij: calls $0.54
ßilliejean: folds 
*** SHOW DOWN ***
n2405n: shows [Kd 9d] (two pair, Kings and Nines)
MarkAvrelij: shows [8h 7h] (a straight, Six to Ten)
MarkAvrelij collected $1.83 from pot
*** SUMMARY ***
Total pot $1.90 | Rake $0.07 
Board [Th Kc 6d 2s 9s]
Seat 1: n2405n showed [Kd 9d] and lost with two pair, Kings and Nines
Seat 2: Dorex2007 folded before Flop (didn't bet)
Seat 4: VaGriVas folded before Flop (didn't bet)
Seat 5: 187Equalizer folded before Flop (didn't bet)
Seat 6: MarkAvrelij showed [8h 7h] and won ($1.83) with a straight, Six to Ten
Seat 7: geni580 (button) folded before Flop (didn't bet)
Seat 8: 73alekcandr (small blind) folded on the Flop
Seat 9: ßilliejean (big blind) folded on the River



PokerStars Hand #225097872813:  Hold'em No Limit ($0.01/$0.02 USD) - 2021/03/22 23:04:56 PT [2021/03/23 2:04:56 ET]
Table 'Yunnan V' 9-max Seat #8 is the button
Seat 1: n2405n ($2 in chips) 
Seat 2: Dorex2007 ($2.97 in chips) 
Seat 4: VaGriVas ($2.51 in chips) 
Seat 5: 187Equalizer ($0.55 in chips) 
Seat 6: MarkAvrelij ($3.88 in chips) 
Seat 7: geni580 ($2.04 in chips) 
Seat 8: 73alekcandr ($1.54 in chips) 
Seat 9: ßilliejean ($1.29 in chips) 
ßilliejean: posts small blind $0.01
n2405n: posts big blind $0.02
laakts23: sits out 
*** HOLE CARDS ***
Dealt to Dorex2007 [4h Qc]
Dorex2007: folds 
VaGriVas: folds 
187Equalizer: calls $0.02
MarkAvrelij: folds 
geni580: folds 
73alekcandr: raises $0.02 to $0.04
ßilliejean: calls $0.03
n2405n: raises $0.02 to $0.06
187Equalizer: calls $0.04
73alekcandr: calls $0.02
ßilliejean: calls $0.02
*** FLOP *** [7s 9s Qh]
ßilliejean: checks 
n2405n: bets $0.02
187Equalizer: calls $0.02
73alekcandr: calls $0.02
ßilliejean: folds 
*** TURN *** [7s 9s Qh] [Jc]
n2405n: checks 
187Equalizer: checks 
73alekcandr: checks 
*** RIVER *** [7s 9s Qh Jc] [6h]
n2405n: checks 
187Equalizer: bets $0.06
73alekcandr: raises $0.30 to $0.36
n2405n: folds 
187Equalizer: calls $0.30
*** SHOW DOWN ***
73alekcandr: shows [7d 8d] (a pair of Sevens)
187Equalizer: shows [Ad Js] (a pair of Jacks)
187Equalizer collected $0.98 from pot
*** SUMMARY ***
Total pot $1.02 | Rake $0.04 
Board [7s 9s Qh Jc 6h]
Seat 1: n2405n (big blind) folded on the River
Seat 2: Dorex2007 folded before Flop (didn't bet)
Seat 4: VaGriVas folded before Flop (didn't bet)
Seat 5: 187Equalizer showed [Ad Js] and won ($0.98) with a pair of Jacks
Seat 6: MarkAvrelij folded before Flop (didn't bet)
Seat 7: geni580 folded before Flop (didn't bet)
Seat 8: 73alekcandr (button) showed [7d 8d] and lost with a pair of Sevens
Seat 9: ßilliejean (small blind) folded on the Flop



PokerStars Hand #225097883694:  Hold'em No Limit ($0.01/$0.02 USD) - 2021/03/22 23:06:12 PT [2021/03/23 2:06:12 ET]
Table 'Yunnan V' 9-max Seat #9 is the button
Seat 1: n2405n ($2 in chips) 
Seat 2: Dorex2007 ($2.97 in chips) 
Seat 4: VaGriVas ($2.51 in chips) 
Seat 5: 187Equalizer ($1.09 in chips) 
Seat 6: MarkAvrelij ($3.88 in chips) 
Seat 7: geni580 ($2.04 in chips) 
Seat 8: 73alekcandr ($1.10 in chips) 
Seat 9: ßilliejean ($1.23 in chips) 
n2405n: posts small blind $0.01
Dorex2007: posts big blind $0.02
laakts23: sits out 
*** HOLE CARDS ***
Dealt to Dorex2007 [Js Kc]
VaGriVas: folds 
187Equalizer: calls $0.02
MarkAvrelij: folds 
geni580: folds 
73alekcandr: raises $0.02 to $0.04
ßilliejean: folds 
n2405n: raises $0.02 to $0.06
geni580 leaves the table
Dorex2007: folds 
187Equalizer: calls $0.04
73alekcandr: raises $1.04 to $1.10 and is all-in
n2405n: folds 
ni_k.o._0914 joins the table at seat #7 
187Equalizer: folds 
Uncalled bet ($1.04) returned to 73alekcandr
73alekcandr collected $0.20 from pot
73alekcandr: doesn't show hand 
*** SUMMARY ***
Total pot $0.20 | Rake $0 
Seat 1: n2405n (small blind) folded before Flop
Seat 2: Dorex2007 (big blind) folded before Flop
Seat 4: VaGriVas folded before Flop (didn't bet)
Seat 5: 187Equalizer folded before Flop
Seat 6: MarkAvrelij folded before Flop (didn't bet)
Seat 7: geni580 folded before Flop (didn't bet)
Seat 8: 73alekcandr collected ($0.20)
Seat 9: ßilliejean (button) folded before Flop (didn't bet)



PokerStars Hand #225097887277:  Hold'em No Limit ($0.01/$0.02 USD) - 2021/03/22 23:06:37 PT [2021/03/23 2:06:37 ET]
Table 'Yunnan V' 9-max Seat #1 is the button
Seat 1: n2405n ($2 in chips) 
Seat 2: Dorex2007 ($2.95 in chips) 
Seat 3: laakts23 ($0.80 in chips) 
Seat 4: VaGriVas ($2.51 in chips) 
Seat 5: 187Equalizer ($1.03 in chips) 
Seat 6: MarkAvrelij ($3.88 in chips) 
Seat 8: 73alekcandr ($1.24 in chips) 
Seat 9: ßilliejean ($1.23 in chips) 
Dorex2007: posts small blind $0.01
laakts23: posts big blind $0.02
ni_k.o._0914: sits out 
*** HOLE CARDS ***
Dealt to Dorex2007 [Ts Jd]
VaGriVas: folds 
187Equalizer: folds 
MarkAvrelij: folds 
73alekcandr: folds 
ßilliejean: folds 
n2405n: raises $0.02 to $0.04
Dorex2007: folds 
laakts23: folds 
Uncalled bet ($0.02) returned to n2405n
n2405n collected $0.05 from pot
n2405n: doesn't show hand 
*** SUMMARY ***
Total pot $0.05 | Rake $0 
Seat 1: n2405n (button) collected ($0.05)
Seat 2: Dorex2007 (small blind) folded before Flop
Seat 3: laakts23 (big blind) folded before Flop
Seat 4: VaGriVas folded before Flop (didn't bet)
Seat 5: 187Equalizer folded before Flop (didn't bet)
Seat 6: MarkAvrelij folded before Flop (didn't bet)
Seat 8: 73alekcandr folded before Flop (didn't bet)
Seat 9: ßilliejean folded before Flop (didn't bet)



PokerStars Hand #225097891843:  Hold'em No Limit ($0.01/$0.02 USD) - 2021/03/22 23:07:09 PT [2021/03/23 2:07:09 ET]
Table 'Yunnan V' 9-max Seat #2 is the button
Seat 1: n2405n ($2.03 in chips) 
Seat 2: Dorex2007 ($2.94 in chips) 
Seat 3: laakts23 ($0.78 in chips) 
Seat 4: VaGriVas ($2.51 in chips) 
Seat 5: 187Equalizer ($1.03 in chips) 
Seat 6: MarkAvrelij ($3.88 in chips) 
Seat 8: 73alekcandr ($1.24 in chips) 
Seat 9: ßilliejean ($1.23 in chips) 
laakts23: posts small blind $0.01
VaGriVas: posts big blind $0.02
ni_k.o._0914: sits out 
*** HOLE CARDS ***
Dealt to Dorex2007 [Ts Ks]
187Equalizer: folds 
MarkAvrelij: raises $0.03 to $0.05
73alekcandr: folds 
ßilliejean: folds 
n2405n: raises $1.98 to $2.03 and is all-in
Dorex2007: folds 
laakts23: folds 
VaGriVas: folds 
MarkAvrelij: folds 
Uncalled bet ($1.98) returned to n2405n
n2405n collected $0.13 from pot
n2405n: doesn't show hand 
*** SUMMARY ***
Total pot $0.13 | Rake $0 
Seat 1: n2405n collected ($0.13)
Seat 2: Dorex2007 (button) folded before Flop (didn't bet)
Seat 3: laakts23 (small blind) folded before Flop
Seat 4: VaGriVas (big blind) folded before Flop
Seat 5: 187Equalizer folded before Flop (didn't bet)
Seat 6: MarkAvrelij folded before Flop
Seat 8: 73alekcandr folded before Flop (didn't bet)
Seat 9: ßilliejean folded before Flop (didn't bet)



PokerStars Hand #225097895020:  Hold'em No Limit ($0.01/$0.02 USD) - 2021/03/22 23:07:31 PT [2021/03/23 2:07:31 ET]
Table 'Yunnan V' 9-max Seat #3 is the button
Seat 1: n2405n ($2.11 in chips) 
Seat 2: Dorex2007 ($2.94 in chips) 
Seat 3: laakts23 ($0.77 in chips) 
Seat 4: VaGriVas ($2.49 in chips) 
Seat 5: 187Equalizer ($1.03 in chips) 
Seat 6: MarkAvrelij ($3.83 in chips) 
Seat 8: 73alekcandr ($1.24 in chips) 
Seat 9: ßilliejean ($1.23 in chips) 
VaGriVas: posts small blind $0.01
187Equalizer: posts big blind $0.02
ni_k.o._0914: sits out 
*** HOLE CARDS ***
Dealt to Dorex2007 [As 6c]
MarkAvrelij: folds 
73alekcandr: folds 
ßilliejean: calls $0.02
n2405n: raises $0.02 to $0.04
Dorex2007: folds 
laakts23: folds 
VaGriVas: calls $0.03
187Equalizer: calls $0.02
ßilliejean: calls $0.02
*** FLOP *** [6s Qs Ks]
VaGriVas: checks 
187Equalizer: checks 
ßilliejean: checks 
n2405n: checks 
*** TURN *** [6s Qs Ks] [4c]
VaGriVas: checks 
187Equalizer: checks 
ßilliejean: checks 
n2405n: bets $0.08
VaGriVas: folds 
187Equalizer: folds 
ßilliejean: folds 
Uncalled bet ($0.08) returned to n2405n
n2405n collected $0.15 from pot
n2405n: doesn't show hand 
*** SUMMARY ***
Total pot $0.16 | Rake $0.01 
Board [6s Qs Ks 4c]
Seat 1: n2405n collected ($0.15)
Seat 2: Dorex2007 folded before Flop (didn't bet)
Seat 3: laakts23 (button) folded before Flop (didn't bet)
Seat 4: VaGriVas (small blind) folded on the Turn
Seat 5: 187Equalizer (big blind) folded on the Turn
Seat 6: MarkAvrelij folded before Flop (didn't bet)
Seat 8: 73alekcandr folded before Flop (didn't bet)
Seat 9: ßilliejean folded on the Turn



PokerStars Hand #225097902668:  Hold'em No Limit ($0.01/$0.02 USD) - 2021/03/22 23:08:24 PT [2021/03/23 2:08:24 ET]
Table 'Yunnan V' 9-max Seat #4 is the button
Seat 1: n2405n ($2.22 in chips) 
Seat 2: Dorex2007 ($2.94 in chips) 
Seat 3: laakts23 ($0.77 in chips) 
Seat 4: VaGriVas ($2.45 in chips) 
Seat 5: 187Equalizer ($0.99 in chips) 
Seat 6: MarkAvrelij ($3.83 in chips) 
Seat 8: 73alekcandr ($1.24 in chips) 
Seat 9: ßilliejean ($1.19 in chips) 
187Equalizer: posts small blind $0.01
MarkAvrelij: posts big blind $0.02
ni_k.o._0914: sits out 
*** HOLE CARDS ***
Dealt to Dorex2007 [Jd 7s]
73alekcandr: folds 
ßilliejean: folds 
n2405n: raises $0.02 to $0.04
Dorex2007: folds 
laakts23: folds 
VaGriVas: folds 
187Equalizer: calls $0.03
MarkAvrelij: folds 
*** FLOP *** [6c 5h Th]
187Equalizer: checks 
n2405n: checks 
*** TURN *** [6c 5h Th] [Qh]
187Equalizer: checks 
n2405n: checks 
*** RIVER *** [6c 5h Th Qh] [Jc]
187Equalizer: bets $0.02
n2405n: raises $0.02 to $0.04
187Equalizer: calls $0.02
*** SHOW DOWN ***
n2405n: shows [Kc Ah] (a straight, Ten to Ace)
187Equalizer: mucks hand 
n2405n collected $0.17 from pot
*** SUMMARY ***
Total pot $0.18 | Rake $0.01 
Board [6c 5h Th Qh Jc]
Seat 1: n2405n showed [Kc Ah] and won ($0.17) with a straight, Ten to Ace
Seat 2: Dorex2007 folded before Flop (didn't bet)
Seat 3: laakts23 folded before Flop (didn't bet)
Seat 4: VaGriVas (button) folded before Flop (didn't bet)
Seat 5: 187Equalizer (small blind) mucked [Qc Kh]
Seat 6: MarkAvrelij (big blind) folded before Flop
Seat 8: 73alekcandr folded before Flop (didn't bet)
Seat 9: ßilliejean folded before Flop (didn't bet)



PokerStars Hand #225097907712:  Hold'em No Limit ($0.01/$0.02 USD) - 2021/03/22 23:09:00 PT [2021/03/23 2:09:00 ET]
Table 'Yunnan V' 9-max Seat #5 is the button
Seat 1: n2405n ($2.31 in chips) 
Seat 2: Dorex2007 ($2.94 in chips) 
Seat 3: laakts23 ($0.77 in chips) 
Seat 4: VaGriVas ($2.45 in chips) 
Seat 5: 187Equalizer ($0.91 in chips) 
Seat 6: MarkAvrelij ($3.81 in chips) 
Seat 7: ni_k.o._0914 ($2 in chips) 
Seat 8: 73alekcandr ($1.24 in chips) 
Seat 9: ßilliejean ($1.19 in chips) 
MarkAvrelij: posts small blind $0.01
ni_k.o._0914: posts big blind $0.02
*** HOLE CARDS ***
Dealt to Dorex2007 [Th Kc]
73alekcandr has timed out
73alekcandr: folds 
ßilliejean: calls $0.02
n2405n: raises $0.02 to $0.04
Dorex2007: folds 
laakts23: calls $0.04
VaGriVas: folds 
187Equalizer: folds 
MarkAvrelij: folds 
ni_k.o._0914: calls $0.02
ßilliejean: calls $0.02
*** FLOP *** [6c 3h 6s]
ni_k.o._0914: checks 
ßilliejean: checks 
n2405n: checks 
laakts23: bets $0.08
ni_k.o._0914: folds 
ßilliejean: calls $0.08
n2405n: folds 
*** TURN *** [6c 3h 6s] [4h]
ßilliejean: checks 
laakts23: checks 
*** RIVER *** [6c 3h 6s 4h] [Qd]
ßilliejean: bets $0.32
laakts23: raises $0.33 to $0.65 and is all-in
ßilliejean: calls $0.33
*** SHOW DOWN ***
laakts23: shows [9d 9h] (two pair, Nines and Sixes)
ßilliejean: shows [3s 3d] (a full house, Threes full of Sixes)
ßilliejean collected $1.57 from pot
*** SUMMARY ***
Total pot $1.63 | Rake $0.06 
Board [6c 3h 6s 4h Qd]
Seat 1: n2405n folded on the Flop
Seat 2: Dorex2007 folded before Flop (didn't bet)
Seat 3: laakts23 showed [9d 9h] and lost with two pair, Nines and Sixes
Seat 4: VaGriVas folded before Flop (didn't bet)
Seat 5: 187Equalizer (button) folded before Flop (didn't bet)
Seat 6: MarkAvrelij (small blind) folded before Flop
Seat 7: ni_k.o._0914 (big blind) folded on the Flop
Seat 8: 73alekcandr folded before Flop (didn't bet)
Seat 9: ßilliejean showed [3s 3d] and won ($1.57) with a full house, Threes full of Sixes



PokerStars Hand #225097918356:  Hold'em No Limit ($0.01/$0.02 USD) - 2021/03/22 23:10:12 PT [2021/03/23 2:10:12 ET]
Table 'Yunnan V' 9-max Seat #6 is the button
Seat 1: n2405n ($2.27 in chips) 
Seat 2: Dorex2007 ($2.94 in chips) 
Seat 4: VaGriVas ($2.45 in chips) 
Seat 5: 187Equalizer ($0.91 in chips) 
Seat 6: MarkAvrelij ($3.80 in chips) 
Seat 7: ni_k.o._0914 ($2 in chips) 
Seat 9: ßilliejean ($1.99 in chips) 
ni_k.o._0914: posts small blind $0.01
73alekcandr: is sitting out 
ßilliejean: posts big blind $0.02
*** HOLE CARDS ***
Dealt to Dorex2007 [5s 3c]
n2405n: folds 
Dorex2007: folds 
VaGriVas: folds 
187Equalizer: calls $0.02
MarkAvrelij: folds 
ni_k.o._0914: folds 
ßilliejean: checks 
*** FLOP *** [Qs 2h Js]
ßilliejean: bets $0.03
187Equalizer: calls $0.03
*** TURN *** [Qs 2h Js] [Kc]
ßilliejean: bets $0.06
laakts23 leaves the table
187Equalizer: calls $0.06
*** RIVER *** [Qs 2h Js Kc] [3h]
clog101 joins the table at seat #3 
ßilliejean: bets $0.11
187Equalizer: folds 
Uncalled bet ($0.11) returned to ßilliejean
ßilliejean collected $0.22 from pot
ßilliejean: doesn't show hand 
*** SUMMARY ***
Total pot $0.23 | Rake $0.01 
Board [Qs 2h Js Kc 3h]
Seat 1: n2405n folded before Flop (didn't bet)
Seat 2: Dorex2007 folded before Flop (didn't bet)
Seat 4: VaGriVas folded before Flop (didn't bet)
Seat 5: 187Equalizer folded on the River
Seat 6: MarkAvrelij (button) folded before Flop (didn't bet)
Seat 7: ni_k.o._0914 (small blind) folded before Flop
Seat 9: ßilliejean (big blind) collected ($0.22)



PokerStars Hand #225097925575:  Hold'em No Limit ($0.01/$0.02 USD) - 2021/03/22 23:11:02 PT [2021/03/23 2:11:02 ET]
Table 'Yunnan V' 9-max Seat #7 is the button
Seat 1: n2405n ($2.27 in chips) 
Seat 2: Dorex2007 ($2.94 in chips) 
Seat 4: VaGriVas ($2.45 in chips) 
Seat 5: 187Equalizer ($0.80 in chips) 
Seat 6: MarkAvrelij ($3.80 in chips) 
Seat 7: ni_k.o._0914 ($2 in chips) 
Seat 9: ßilliejean ($2.10 in chips) 
ßilliejean: posts small blind $0.01
n2405n: posts big blind $0.02
clog101: sits out 
*** HOLE CARDS ***
Dealt to Dorex2007 [6d 3d]
Dorex2007: folds 
VaGriVas: folds 
187Equalizer: calls $0.02
MarkAvrelij: folds 
ni_k.o._0914: calls $0.02
ßilliejean: folds 
n2405n: checks 
*** FLOP *** [4d 3c 8d]
n2405n: checks 
187Equalizer: checks 
ni_k.o._0914: checks 
*** TURN *** [4d 3c 8d] [4c]
n2405n: checks 
187Equalizer: checks 
ni_k.o._0914: checks 
*** RIVER *** [4d 3c 8d 4c] [7h]
n2405n: checks 
187Equalizer: checks 
ni_k.o._0914: checks 
*** SHOW DOWN ***
n2405n: shows [2s 9h] (a pair of Fours)
187Equalizer: shows [Kh Qs] (a pair of Fours - King kicker)
ni_k.o._0914: mucks hand 
187Equalizer collected $0.07 from pot
*** SUMMARY ***
Total pot $0.07 | Rake $0 
Board [4d 3c 8d 4c 7h]
Seat 1: n2405n (big blind) showed [2s 9h] and lost with a pair of Fours
Seat 2: Dorex2007 folded before Flop (didn't bet)
Seat 4: VaGriVas folded before Flop (didn't bet)
Seat 5: 187Equalizer showed [Kh Qs] and won ($0.07) with a pair of Fours
Seat 6: MarkAvrelij folded before Flop (didn't bet)
Seat 7: ni_k.o._0914 (button) mucked [Ts Js]
Seat 9: ßilliejean (small blind) folded before Flop



PokerStars Hand #225097929415:  Hold'em No Limit ($0.01/$0.02 USD) - 2021/03/22 23:11:29 PT [2021/03/23 2:11:29 ET]
Table 'Yunnan V' 9-max Seat #9 is the button
Seat 1: n2405n ($2.25 in chips) 
Seat 2: Dorex2007 ($2.94 in chips) 
Seat 4: VaGriVas ($2.45 in chips) 
Seat 5: 187Equalizer ($0.85 in chips) 
Seat 6: MarkAvrelij ($3.80 in chips) 
Seat 7: ni_k.o._0914 ($2 in chips) 
Seat 8: 73alekcandr ($1.24 in chips) 
Seat 9: ßilliejean ($2.09 in chips) 
n2405n: posts small blind $0.01
Dorex2007: posts big blind $0.02
clog101: sits out 
73alekcandr: posts small & big blinds $0.03
*** HOLE CARDS ***
Dealt to Dorex2007 [6c Ks]
VaGriVas: folds 
187Equalizer: calls $0.02
MarkAvrelij: calls $0.02
ni_k.o._0914: calls $0.02
clog101 leaves the table
faisauld2612 joins the table at seat #3 
73alekcandr has timed out
73alekcandr: checks 
ßilliejean: folds 
n2405n: raises $0.02 to $0.04
Dorex2007: folds 
187Equalizer: calls $0.02
MarkAvrelij: calls $0.02
ni_k.o._0914: calls $0.02
73alekcandr has timed out
73alekcandr: folds 
*** FLOP *** [2h 5d 6d]
n2405n: bets $0.02
187Equalizer: calls $0.02
MarkAvrelij: calls $0.02
ni_k.o._0914: folds 
*** TURN *** [2h 5d 6d] [8d]
n2405n: bets $0.26
187Equalizer: folds 
MarkAvrelij: folds 
Uncalled bet ($0.26) returned to n2405n
n2405n collected $0.26 from pot
n2405n: doesn't show hand 
*** SUMMARY ***
Total pot $0.27 | Rake $0.01 
Board [2h 5d 6d 8d]
Seat 1: n2405n (small blind) collected ($0.26)
Seat 2: Dorex2007 (big blind) folded before Flop
Seat 4: VaGriVas folded before Flop (didn't bet)
Seat 5: 187Equalizer folded on the Turn
Seat 6: MarkAvrelij folded on the Turn
Seat 7: ni_k.o._0914 folded on the Flop
Seat 8: 73alekcandr folded before Flop (didn't bet)
Seat 9: ßilliejean (button) folded before Flop (didn't bet)



PokerStars Hand #225097943708:  Hold'em No Limit ($0.01/$0.02 USD) - 2021/03/22 23:13:09 PT [2021/03/23 2:13:09 ET]
Table 'Yunnan V' 9-max Seat #1 is the button
Seat 1: n2405n ($2.45 in chips) 
Seat 2: Dorex2007 ($2.92 in chips) 
Seat 3: faisauld2612 ($2 in chips) 
Seat 4: VaGriVas ($2.45 in chips) 
Seat 5: 187Equalizer ($0.79 in chips) 
Seat 6: MarkAvrelij ($3.74 in chips) 
Seat 7: ni_k.o._0914 ($2 in chips) 
Seat 9: ßilliejean ($2.09 in chips) 
Dorex2007: posts small blind $0.01
faisauld2612: posts big blind $0.02
*** HOLE CARDS ***
Dealt to Dorex2007 [Qh 7h]
VaGriVas: folds 
187Equalizer: folds 
MarkAvrelij: folds 
ni_k.o._0914: raises $0.04 to $0.06
ßilliejean: folds 
n2405n: folds 
Dorex2007: folds 
faisauld2612: calls $0.04
*** FLOP *** [3h 2d 6d]
faisauld2612: checks 
ni_k.o._0914: bets $0.09
faisauld2612: calls $0.09
*** TURN *** [3h 2d 6d] [2c]
faisauld2612: checks 
ni_k.o._0914: bets $0.20
faisauld2612: folds 
Uncalled bet ($0.20) returned to ni_k.o._0914
ni_k.o._0914 collected $0.30 from pot
ni_k.o._0914: doesn't show hand 
*** SUMMARY ***
Total pot $0.31 | Rake $0.01 
Board [3h 2d 6d 2c]
Seat 1: n2405n (button) folded before Flop (didn't bet)
Seat 2: Dorex2007 (small blind) folded before Flop
Seat 3: faisauld2612 (big blind) folded on the Turn
Seat 4: VaGriVas folded before Flop (didn't bet)
Seat 5: 187Equalizer folded before Flop (didn't bet)
Seat 6: MarkAvrelij folded before Flop (didn't bet)
Seat 7: ni_k.o._0914 collected ($0.30)
Seat 9: ßilliejean folded before Flop (didn't bet)



PokerStars Hand #225097949332:  Hold'em No Limit ($0.01/$0.02 USD) - 2021/03/22 23:13:48 PT [2021/03/23 2:13:48 ET]
Table 'Yunnan V' 9-max Seat #2 is the button
Seat 1: n2405n ($2.45 in chips) 
Seat 2: Dorex2007 ($2.91 in chips) 
Seat 3: faisauld2612 ($1.85 in chips) 
Seat 4: VaGriVas ($2.45 in chips) 
Seat 5: 187Equalizer ($0.79 in chips) 
Seat 6: MarkAvrelij ($3.74 in chips) 
Seat 7: ni_k.o._0914 ($2.15 in chips) 
Seat 9: ßilliejean ($2.09 in chips) 
faisauld2612: posts small blind $0.01
VaGriVas: posts big blind $0.02
*** HOLE CARDS ***
Dealt to Dorex2007 [Qc 7h]
187Equalizer: folds 
MarkAvrelij: folds 
ni_k.o._0914: folds 
ßilliejean: calls $0.02
n2405n: raises $0.02 to $0.04
Dorex2007: folds 
faisauld2612: calls $0.03
VaGriVas: calls $0.02
ßilliejean: raises $0.16 to $0.20
n2405n: folds 
faisauld2612: folds 
VaGriVas: folds 
Uncalled bet ($0.16) returned to ßilliejean
ßilliejean collected $0.16 from pot
ßilliejean: doesn't show hand 
*** SUMMARY ***
Total pot $0.16 | Rake $0 
Seat 1: n2405n folded before Flop
Seat 2: Dorex2007 (button) folded before Flop (didn't bet)
Seat 3: faisauld2612 (small blind) folded before Flop
Seat 4: VaGriVas (big blind) folded before Flop
Seat 5: 187Equalizer folded before Flop (didn't bet)
Seat 6: MarkAvrelij folded before Flop (didn't bet)
Seat 7: ni_k.o._0914 folded before Flop (didn't bet)
Seat 9: ßilliejean collected ($0.16)



PokerStars Hand #225097953477:  Hold'em No Limit ($0.01/$0.02 USD) - 2021/03/22 23:14:18 PT [2021/03/23 2:14:18 ET]
Table 'Yunnan V' 9-max Seat #3 is the button
Seat 1: n2405n ($2.41 in chips) 
Seat 2: Dorex2007 ($2.91 in chips) 
Seat 3: faisauld2612 ($1.81 in chips) 
Seat 4: VaGriVas ($2.41 in chips) 
Seat 6: MarkAvrelij ($3.74 in chips) 
Seat 7: ni_k.o._0914 ($2.15 in chips) 
Seat 9: ßilliejean ($2.21 in chips) 
VaGriVas: posts small blind $0.01
187Equalizer: is sitting out 
MarkAvrelij: posts big blind $0.02
*** HOLE CARDS ***
Dealt to Dorex2007 [2d 5d]
ni_k.o._0914: folds 
ßilliejean: folds 
n2405n: raises $0.02 to $0.04
Dorex2007: folds 
faisauld2612: calls $0.04
VaGriVas: folds 
MarkAvrelij: folds 
*** FLOP *** [2c Ad 3h]
n2405n: bets $0.02
faisauld2612: folds 
Uncalled bet ($0.02) returned to n2405n
n2405n collected $0.11 from pot
n2405n: doesn't show hand 
73alekcandr leaves the table
*** SUMMARY ***
Total pot $0.11 | Rake $0 
Board [2c Ad 3h]
Seat 1: n2405n collected ($0.11)
Seat 2: Dorex2007 folded before Flop (didn't bet)
Seat 3: faisauld2612 (button) folded on the Flop
Seat 4: VaGriVas (small blind) folded before Flop
Seat 6: MarkAvrelij (big blind) folded before Flop
Seat 7: ni_k.o._0914 folded before Flop (didn't bet)
Seat 9: ßilliejean folded before Flop (didn't bet)



PokerStars Hand #225097957050:  Hold'em No Limit ($0.01/$0.02 USD) - 2021/03/22 23:14:43 PT [2021/03/23 2:14:43 ET]
Table 'Yunnan V' 9-max Seat #4 is the button
Seat 1: n2405n ($2.48 in chips) 
Seat 2: Dorex2007 ($2.91 in chips) 
Seat 3: faisauld2612 ($1.77 in chips) 
Seat 4: VaGriVas ($2.40 in chips) 
Seat 6: MarkAvrelij ($3.72 in chips) 
Seat 7: ni_k.o._0914 ($2.15 in chips) 
Seat 9: ßilliejean ($2.21 in chips) 
MarkAvrelij: posts small blind $0.01
ni_k.o._0914: posts big blind $0.02
*** HOLE CARDS ***
Dealt to Dorex2007 [8h Kc]
kolyasik2401 joins the table at seat #8 
ßilliejean: folds 
n2405n: raises $0.02 to $0.04
Dorex2007: folds 
faisauld2612: calls $0.04
VaGriVas: folds 
MarkAvrelij: calls $0.03
ni_k.o._0914: folds 
*** FLOP *** [9d 2c Ad]
MarkAvrelij: checks 
n2405n: checks 
faisauld2612: checks 
*** TURN *** [9d 2c Ad] [6c]
187Equalizer leaves the table
MarkAvrelij: bets $0.06
n2405n: folds 
faisauld2612: folds 
Uncalled bet ($0.06) returned to MarkAvrelij
MarkAvrelij collected $0.14 from pot
MarkAvrelij: doesn't show hand 
*** SUMMARY ***
Total pot $0.14 | Rake $0 
Board [9d 2c Ad 6c]
Seat 1: n2405n folded on the Turn
Seat 2: Dorex2007 folded before Flop (didn't bet)
Seat 3: faisauld2612 folded on the Turn
Seat 4: VaGriVas (button) folded before Flop (didn't bet)
Seat 6: MarkAvrelij (small blind) collected ($0.14)
Seat 7: ni_k.o._0914 (big blind) folded before Flop
Seat 9: ßilliejean folded before Flop (didn't bet)



PokerStars Hand #225097961241:  Hold'em No Limit ($0.01/$0.02 USD) - 2021/03/22 23:15:12 PT [2021/03/23 2:15:12 ET]
Table 'Yunnan V' 9-max Seat #6 is the button
Seat 1: n2405n ($2.44 in chips) 
Seat 2: Dorex2007 ($2.91 in chips) 
Seat 3: faisauld2612 ($1.73 in chips) 
Seat 4: VaGriVas ($2.40 in chips) 
Seat 6: MarkAvrelij ($3.82 in chips) 
Seat 7: ni_k.o._0914 ($2.13 in chips) 
Seat 8: kolyasik2401 ($2 in chips) 
Seat 9: ßilliejean ($2.21 in chips) 
ni_k.o._0914: posts small blind $0.01
kolyasik2401: posts big blind $0.02
*** HOLE CARDS ***
Dealt to Dorex2007 [Kh Jc]
BrykmiD joins the table at seat #5 
ßilliejean: folds 
n2405n: raises $0.02 to $0.04
BrykmiD leaves the table
Dorex2007: folds 
faisauld2612: folds 
VaGriVas: folds 
MarkAvrelij: folds 
ni_k.o._0914: folds 
kolyasik2401: calls $0.02
*** FLOP *** [Ts 4h 6c]
fytb0list joins the table at seat #5 
kolyasik2401: checks 
n2405n: bets $0.02
kolyasik2401: folds 
Uncalled bet ($0.02) returned to n2405n
n2405n collected $0.09 from pot
n2405n: doesn't show hand 
*** SUMMARY ***
Total pot $0.09 | Rake $0 
Board [Ts 4h 6c]
Seat 1: n2405n collected ($0.09)
Seat 2: Dorex2007 folded before Flop (didn't bet)
Seat 3: faisauld2612 folded before Flop (didn't bet)
Seat 4: VaGriVas folded before Flop (didn't bet)
Seat 6: MarkAvrelij (button) folded before Flop (didn't bet)
Seat 7: ni_k.o._0914 (small blind) folded before Flop
Seat 8: kolyasik2401 (big blind) folded on the Flop
Seat 9: ßilliejean folded before Flop (didn't bet)



PokerStars Hand #225097966968:  Hold'em No Limit ($0.01/$0.02 USD) - 2021/03/22 23:15:52 PT [2021/03/23 2:15:52 ET]
Table 'Yunnan V' 9-max Seat #7 is the button
Seat 1: n2405n ($2.49 in chips) 
Seat 2: Dorex2007 ($2.91 in chips) 
Seat 3: faisauld2612 ($1.73 in chips) 
Seat 4: VaGriVas ($2.40 in chips) 
Seat 5: fytb0list ($1.23 in chips) 
Seat 6: MarkAvrelij ($3.82 in chips) 
Seat 7: ni_k.o._0914 ($2.12 in chips) 
Seat 8: kolyasik2401 ($2 in chips) 
Seat 9: ßilliejean ($2.21 in chips) 
kolyasik2401: posts small blind $0.01
ßilliejean: posts big blind $0.02
fytb0list: posts big blind $0.02
*** HOLE CARDS ***
Dealt to Dorex2007 [4s 8s]
n2405n: raises $0.02 to $0.04
Dorex2007: folds 
faisauld2612: folds 
VaGriVas: folds 
fytb0list: calls $0.02
MarkAvrelij: folds 
ni_k.o._0914: folds 
kolyasik2401: folds 
ßilliejean: calls $0.02
*** FLOP *** [As Kd 8h]
ßilliejean: checks 
n2405n: bets $0.02
fytb0list: folds 
ßilliejean: folds 
Uncalled bet ($0.02) returned to n2405n
n2405n collected $0.13 from pot
n2405n: doesn't show hand 
*** SUMMARY ***
Total pot $0.13 | Rake $0 
Board [As Kd 8h]
Seat 1: n2405n collected ($0.13)
Seat 2: Dorex2007 folded before Flop (didn't bet)
Seat 3: faisauld2612 folded before Flop (didn't bet)
Seat 4: VaGriVas folded before Flop (didn't bet)
Seat 5: fytb0list folded on the Flop
Seat 6: MarkAvrelij folded before Flop (didn't bet)
Seat 7: ni_k.o._0914 (button) folded before Flop (didn't bet)
Seat 8: kolyasik2401 (small blind) folded before Flop
Seat 9: ßilliejean (big blind) folded on the Flop



PokerStars Hand #225097970458:  Hold'em No Limit ($0.01/$0.02 USD) - 2021/03/22 23:16:16 PT [2021/03/23 2:16:16 ET]
Table 'Yunnan V' 9-max Seat #8 is the button
Seat 1: n2405n ($2.58 in chips) 
Seat 2: Dorex2007 ($2.91 in chips) 
Seat 3: faisauld2612 ($1.73 in chips) 
Seat 4: VaGriVas ($2.40 in chips) 
Seat 5: fytb0list ($1.19 in chips) 
Seat 6: MarkAvrelij ($3.82 in chips) 
Seat 7: ni_k.o._0914 ($2.12 in chips) 
Seat 8: kolyasik2401 ($2 in chips) 
Seat 9: ßilliejean ($2.17 in chips) 
ßilliejean: posts small blind $0.01
n2405n: posts big blind $0.02
*** HOLE CARDS ***
Dealt to Dorex2007 [7c 3h]
Dorex2007: folds 
faisauld2612: calls $0.02
VaGriVas: folds 
fytb0list: folds 
MarkAvrelij: raises $0.06 to $0.08
ni_k.o._0914: folds 
kolyasik2401: folds 
ßilliejean: folds 
n2405n: folds 
faisauld2612: calls $0.06
*** FLOP *** [Jh 9s 9h]
faisauld2612: checks 
MarkAvrelij: bets $0.06
faisauld2612: calls $0.06
*** TURN *** [Jh 9s 9h] [2s]
faisauld2612: checks 
MarkAvrelij: bets $0.15
faisauld2612: calls $0.15
*** RIVER *** [Jh 9s 9h 2s] [Th]
faisauld2612: checks 
MarkAvrelij: checks 
*** SHOW DOWN ***
faisauld2612: shows [Td Tc] (a full house, Tens full of Nines)
MarkAvrelij: mucks hand 
faisauld2612 collected $0.59 from pot
*** SUMMARY ***
Total pot $0.61 | Rake $0.02 
Board [Jh 9s 9h 2s Th]
Seat 1: n2405n (big blind) folded before Flop
Seat 2: Dorex2007 folded before Flop (didn't bet)
Seat 3: faisauld2612 showed [Td Tc] and won ($0.59) with a full house, Tens full of Nines
Seat 4: VaGriVas folded before Flop (didn't bet)
Seat 5: fytb0list folded before Flop (didn't bet)
Seat 6: MarkAvrelij mucked [Jc Ac]
Seat 7: ni_k.o._0914 folded before Flop (didn't bet)
Seat 8: kolyasik2401 (button) folded before Flop (didn't bet)
Seat 9: ßilliejean (small blind) folded before Flop



PokerStars Hand #225097977471:  Hold'em No Limit ($0.01/$0.02 USD) - 2021/03/22 23:17:06 PT [2021/03/23 2:17:06 ET]
Table 'Yunnan V' 9-max Seat #9 is the button
Seat 1: n2405n ($2.56 in chips) 
Seat 2: Dorex2007 ($2.91 in chips) 
Seat 3: faisauld2612 ($2.03 in chips) 
Seat 4: VaGriVas ($2.40 in chips) 
Seat 5: fytb0list ($1.19 in chips) 
Seat 6: MarkAvrelij ($3.53 in chips) 
Seat 7: ni_k.o._0914 ($2.12 in chips) 
Seat 8: kolyasik2401 ($2 in chips) 
Seat 9: ßilliejean ($2.16 in chips) 
n2405n: posts small blind $0.01
Dorex2007: posts big blind $0.02
*** HOLE CARDS ***
Dealt to Dorex2007 [Kh 2h]
faisauld2612: calls $0.02
VaGriVas: folds 
fytb0list: folds 
MarkAvrelij: folds 
ni_k.o._0914: folds 
kolyasik2401: folds 
ßilliejean: folds 
n2405n: raises $0.02 to $0.04
Dorex2007: calls $0.02
faisauld2612: calls $0.02
*** FLOP *** [9c 9d 2d]
n2405n: bets $0.02
Dorex2007: calls $0.02
faisauld2612: calls $0.02
*** TURN *** [9c 9d 2d] [Ks]
n2405n: bets $0.02
Dorex2007: raises $0.21 to $0.23
faisauld2612: folds 
n2405n: folds 
Uncalled bet ($0.21) returned to Dorex2007
Dorex2007 collected $0.21 from pot
Dorex2007: doesn't show hand 
*** SUMMARY ***
Total pot $0.22 | Rake $0.01 
Board [9c 9d 2d Ks]
Seat 1: n2405n (small blind) folded on the Turn
Seat 2: Dorex2007 (big blind) collected ($0.21)
Seat 3: faisauld2612 folded on the Turn
Seat 4: VaGriVas folded before Flop (didn't bet)
Seat 5: fytb0list folded before Flop (didn't bet)
Seat 6: MarkAvrelij folded before Flop (didn't bet)
Seat 7: ni_k.o._0914 folded before Flop (didn't bet)
Seat 8: kolyasik2401 folded before Flop (didn't bet)
Seat 9: ßilliejean (button) folded before Flop (didn't bet)



PokerStars Hand #225097983555:  Hold'em No Limit ($0.01/$0.02 USD) - 2021/03/22 23:17:48 PT [2021/03/23 2:17:48 ET]
Table 'Yunnan V' 9-max Seat #1 is the button
Seat 1: n2405n ($2.48 in chips) 
Seat 2: Dorex2007 ($3.04 in chips) 
Seat 3: faisauld2612 ($1.97 in chips) 
Seat 4: VaGriVas ($2.40 in chips) 
Seat 5: fytb0list ($1.19 in chips) 
Seat 6: MarkAvrelij ($3.53 in chips) 
Seat 7: ni_k.o._0914 ($2.12 in chips) 
Seat 8: kolyasik2401 ($2 in chips) 
Seat 9: ßilliejean ($2.16 in chips) 
Dorex2007: posts small blind $0.01
faisauld2612: posts big blind $0.02
*** HOLE CARDS ***
Dealt to Dorex2007 [9c 5d]
VaGriVas: folds 
fytb0list: folds 
MarkAvrelij: folds 
ni_k.o._0914: folds 
kolyasik2401: folds 
ßilliejean: calls $0.02
n2405n: raises $0.02 to $0.04
Dorex2007: folds 
faisauld2612: calls $0.02
ßilliejean: calls $0.02
*** FLOP *** [4c 7s Ah]
faisauld2612: checks 
ßilliejean: checks 
n2405n: checks 
*** TURN *** [4c 7s Ah] [5s]
faisauld2612: checks 
ßilliejean: bets $0.07
n2405n: raises $0.14 to $0.21
faisauld2612: folds 
ßilliejean: folds 
Uncalled bet ($0.14) returned to n2405n
n2405n collected $0.26 from pot
n2405n: doesn't show hand 
*** SUMMARY ***
Total pot $0.27 | Rake $0.01 
Board [4c 7s Ah 5s]
Seat 1: n2405n (button) collected ($0.26)
Seat 2: Dorex2007 (small blind) folded before Flop
Seat 3: faisauld2612 (big blind) folded on the Turn
Seat 4: VaGriVas folded before Flop (didn't bet)
Seat 5: fytb0list folded before Flop (didn't bet)
Seat 6: MarkAvrelij folded before Flop (didn't bet)
Seat 7: ni_k.o._0914 folded before Flop (didn't bet)
Seat 8: kolyasik2401 folded before Flop (didn't bet)
Seat 9: ßilliejean folded on the Turn



PokerStars Hand #225097989509:  Hold'em No Limit ($0.01/$0.02 USD) - 2021/03/22 23:18:29 PT [2021/03/23 2:18:29 ET]
Table 'Yunnan V' 9-max Seat #2 is the button
Seat 1: n2405n ($2.63 in chips) 
Seat 2: Dorex2007 ($3.03 in chips) 
Seat 3: faisauld2612 ($1.93 in chips) 
Seat 4: VaGriVas ($2.40 in chips) 
Seat 5: fytb0list ($1.19 in chips) 
Seat 6: MarkAvrelij ($3.53 in chips) 
Seat 7: ni_k.o._0914 ($2.12 in chips) 
Seat 8: kolyasik2401 ($2 in chips) 
Seat 9: ßilliejean ($2.05 in chips) 
faisauld2612: posts small blind $0.01
VaGriVas: posts big blind $0.02
*** HOLE CARDS ***
Dealt to Dorex2007 [Th 4d]
fytb0list: folds 
MarkAvrelij: folds 
ni_k.o._0914: folds 
kolyasik2401: folds 
ßilliejean: folds 
n2405n: raises $0.02 to $0.04
Dorex2007: folds 
faisauld2612: calls $0.03
VaGriVas: folds 
*** FLOP *** [Kh 7c Jc]
faisauld2612: checks 
n2405n: bets $0.16
faisauld2612: folds 
Uncalled bet ($0.16) returned to n2405n
n2405n collected $0.10 from pot
n2405n: doesn't show hand 
*** SUMMARY ***
Total pot $0.10 | Rake $0 
Board [Kh 7c Jc]
Seat 1: n2405n collected ($0.10)
Seat 2: Dorex2007 (button) folded before Flop (didn't bet)
Seat 3: faisauld2612 (small blind) folded on the Flop
Seat 4: VaGriVas (big blind) folded before Flop
Seat 5: fytb0list folded before Flop (didn't bet)
Seat 6: MarkAvrelij folded before Flop (didn't bet)
Seat 7: ni_k.o._0914 folded before Flop (didn't bet)
Seat 8: kolyasik2401 folded before Flop (didn't bet)
Seat 9: ßilliejean folded before Flop (didn't bet)



PokerStars Hand #225098003250:  Hold'em No Limit ($0.01/$0.02 USD) - 2021/03/22 23:19:11 PT [2021/03/23 2:19:11 ET]
Table 'Yunnan V' 9-max Seat #3 is the button
Seat 1: n2405n ($2.69 in chips) 
Seat 2: Dorex2007 ($3.03 in chips) 
Seat 3: faisauld2612 ($1.89 in chips) 
Seat 4: VaGriVas ($2.38 in chips) 
Seat 5: fytb0list ($1.19 in chips) 
Seat 6: MarkAvrelij ($3.53 in chips) 
Seat 7: ni_k.o._0914 ($2.12 in chips) 
Seat 8: kolyasik2401 ($2 in chips) 
Seat 9: ßilliejean ($2.05 in chips) 
VaGriVas: posts small blind $0.01
fytb0list: posts big blind $0.02
*** HOLE CARDS ***
Dealt to Dorex2007 [9h 9s]
MarkAvrelij: folds 
ni_k.o._0914: folds 
kolyasik2401: folds 
ßilliejean: calls $0.02
n2405n: raises $0.02 to $0.04
Dorex2007: calls $0.04
faisauld2612: calls $0.04
VaGriVas: folds 
fytb0list: folds 
ßilliejean: raises $0.02 to $0.06
n2405n: calls $0.02
Dorex2007: calls $0.02
faisauld2612: calls $0.02
*** FLOP *** [Jc 2s 8h]
ßilliejean: checks 
n2405n: checks 
Dorex2007: bets $0.13
faisauld2612: calls $0.13
ßilliejean: calls $0.13
n2405n: folds 
*** TURN *** [Jc 2s 8h] [Qh]
ßilliejean: checks 
Dorex2007: checks 
faisauld2612: checks 
*** RIVER *** [Jc 2s 8h Qh] [6h]
ßilliejean: checks 
Dorex2007: checks 
faisauld2612: checks 
*** SHOW DOWN ***
ßilliejean: shows [9d Js] (a pair of Jacks)
Dorex2007: mucks hand 
faisauld2612: mucks hand 
ßilliejean collected $0.64 from pot
*** SUMMARY ***
Total pot $0.66 | Rake $0.02 
Board [Jc 2s 8h Qh 6h]
Seat 1: n2405n folded on the Flop
Seat 2: Dorex2007 mucked [9h 9s]
Seat 3: faisauld2612 (button) mucked [Ks Ac]
Seat 4: VaGriVas (small blind) folded before Flop
Seat 5: fytb0list (big blind) folded before Flop
Seat 6: MarkAvrelij folded before Flop (didn't bet)
Seat 7: ni_k.o._0914 folded before Flop (didn't bet)
Seat 8: kolyasik2401 folded before Flop (didn't bet)
Seat 9: ßilliejean showed [9d Js] and won ($0.64) with a pair of Jacks



PokerStars Hand #225098013704:  Hold'em No Limit ($0.01/$0.02 USD) - 2021/03/22 23:20:24 PT [2021/03/23 2:20:24 ET]
Table 'Yunnan V' 9-max Seat #4 is the button
Seat 1: n2405n ($2.63 in chips) 
Seat 2: Dorex2007 ($2.84 in chips) 
Seat 3: faisauld2612 ($1.70 in chips) 
Seat 4: VaGriVas ($2.37 in chips) 
Seat 5: fytb0list ($1.17 in chips) 
Seat 6: MarkAvrelij ($3.53 in chips) 
Seat 7: ni_k.o._0914 ($2.12 in chips) 
Seat 8: kolyasik2401 ($2 in chips) 
Seat 9: ßilliejean ($2.50 in chips) 
fytb0list: posts small blind $0.01
MarkAvrelij: posts big blind $0.02
*** HOLE CARDS ***
Dealt to Dorex2007 [6d 8d]
ni_k.o._0914: folds 
kolyasik2401: folds 
ßilliejean: calls $0.02
n2405n: raises $0.02 to $0.04
Dorex2007: folds 
faisauld2612: folds 
VaGriVas: folds 
fytb0list: folds 
MarkAvrelij: folds 
ßilliejean: calls $0.02
*** FLOP *** [Qs 9h Qh]
ßilliejean: checks 
n2405n: checks 
*** TURN *** [Qs 9h Qh] [9d]
ßilliejean: bets $0.06
n2405n: raises $0.12 to $0.18
ßilliejean: calls $0.12
*** RIVER *** [Qs 9h Qh 9d] [5d]
ßilliejean: checks 
n2405n: bets $0.23
ßilliejean: calls $0.23
*** SHOW DOWN ***
n2405n: shows [Qd 5h] (a full house, Queens full of Nines)
ßilliejean: mucks hand 
n2405n collected $0.90 from pot
*** SUMMARY ***
Total pot $0.93 | Rake $0.03 
Board [Qs 9h Qh 9d 5d]
Seat 1: n2405n showed [Qd 5h] and won ($0.90) with a full house, Queens full of Nines
Seat 2: Dorex2007 folded before Flop (didn't bet)
Seat 3: faisauld2612 folded before Flop (didn't bet)
Seat 4: VaGriVas (button) folded before Flop (didn't bet)
Seat 5: fytb0list (small blind) folded before Flop
Seat 6: MarkAvrelij (big blind) folded before Flop
Seat 7: ni_k.o._0914 folded before Flop (didn't bet)
Seat 8: kolyasik2401 folded before Flop (didn't bet)
Seat 9: ßilliejean mucked [Ac Js]



PokerStars Hand #225098018725:  Hold'em No Limit ($0.01/$0.02 USD) - 2021/03/22 23:20:59 PT [2021/03/23 2:20:59 ET]
Table 'Yunnan V' 9-max Seat #5 is the button
Seat 1: n2405n ($3.08 in chips) 
Seat 2: Dorex2007 ($2.84 in chips) 
Seat 3: faisauld2612 ($1.70 in chips) 
Seat 4: VaGriVas ($2.37 in chips) 
Seat 5: fytb0list ($1.16 in chips) 
Seat 6: MarkAvrelij ($3.51 in chips) 
Seat 7: ni_k.o._0914 ($2.12 in chips) 
Seat 8: kolyasik2401 ($2 in chips) 
Seat 9: ßilliejean ($2.05 in chips) 
MarkAvrelij: posts small blind $0.01
ni_k.o._0914: posts big blind $0.02
*** HOLE CARDS ***
Dealt to Dorex2007 [Jc 7d]
kolyasik2401: folds 
ßilliejean: calls $0.02
n2405n: raises $0.02 to $0.04
Dorex2007: folds 
faisauld2612: folds 
VaGriVas: folds 
fytb0list: calls $0.04
MarkAvrelij: folds 
ni_k.o._0914: folds 
ßilliejean: calls $0.02
*** FLOP *** [4h 3c 3h]
ßilliejean: bets $0.02
n2405n: calls $0.02
fytb0list: folds 
*** TURN *** [4h 3c 3h] [7c]
ßilliejean: bets $0.09
n2405n: folds 
Uncalled bet ($0.09) returned to ßilliejean
ßilliejean collected $0.18 from pot
ßilliejean: doesn't show hand 
*** SUMMARY ***
Total pot $0.19 | Rake $0.01 
Board [4h 3c 3h 7c]
Seat 1: n2405n folded on the Turn
Seat 2: Dorex2007 folded before Flop (didn't bet)
Seat 3: faisauld2612 folded before Flop (didn't bet)
Seat 4: VaGriVas folded before Flop (didn't bet)
Seat 5: fytb0list (button) folded on the Flop
Seat 6: MarkAvrelij (small blind) folded before Flop
Seat 7: ni_k.o._0914 (big blind) folded before Flop
Seat 8: kolyasik2401 folded before Flop (didn't bet)
Seat 9: ßilliejean collected ($0.18)



PokerStars Hand #225098022792:  Hold'em No Limit ($0.01/$0.02 USD) - 2021/03/22 23:21:28 PT [2021/03/23 2:21:28 ET]
Table 'Yunnan V' 9-max Seat #6 is the button
Seat 1: n2405n ($3.02 in chips) 
Seat 2: Dorex2007 ($2.84 in chips) 
Seat 3: faisauld2612 ($1.70 in chips) 
Seat 4: VaGriVas ($2.37 in chips) 
Seat 5: fytb0list ($1.12 in chips) 
Seat 6: MarkAvrelij ($3.50 in chips) 
Seat 7: ni_k.o._0914 ($2.10 in chips) 
Seat 8: kolyasik2401 ($2 in chips) 
Seat 9: ßilliejean ($2.17 in chips) 
ni_k.o._0914: posts small blind $0.01
kolyasik2401: posts big blind $0.02
*** HOLE CARDS ***
Dealt to Dorex2007 [9c Qc]
ßilliejean: calls $0.02
n2405n: raises $0.02 to $0.04
Dorex2007: folds 
faisauld2612: calls $0.04
VaGriVas: folds 
fytb0list: calls $0.04
MarkAvrelij: folds 
ni_k.o._0914: folds 
kolyasik2401: folds 
ßilliejean: calls $0.02
*** FLOP *** [6c 6s 4d]
ßilliejean: checks 
n2405n: bets $0.02
faisauld2612: calls $0.02
fytb0list: calls $0.02
ßilliejean: calls $0.02
*** TURN *** [6c 6s 4d] [9d]
ßilliejean: checks 
n2405n: bets $0.02
faisauld2612: folds 
fytb0list: calls $0.02
ßilliejean: calls $0.02
*** RIVER *** [6c 6s 4d 9d] [4c]
ßilliejean: checks 
n2405n: checks 
fytb0list: checks 
*** SHOW DOWN ***
ßilliejean: shows [5d 2h] (two pair, Sixes and Fours)
n2405n: shows [As Ts] (two pair, Sixes and Fours - Ace kicker)
fytb0list: mucks hand 
n2405n collected $0.32 from pot
*** SUMMARY ***
Total pot $0.33 | Rake $0.01 
Board [6c 6s 4d 9d 4c]
Seat 1: n2405n showed [As Ts] and won ($0.32) with two pair, Sixes and Fours
Seat 2: Dorex2007 folded before Flop (didn't bet)
Seat 3: faisauld2612 folded on the Turn
Seat 4: VaGriVas folded before Flop (didn't bet)
Seat 5: fytb0list mucked [7d Kd]
Seat 6: MarkAvrelij (button) folded before Flop (didn't bet)
Seat 7: ni_k.o._0914 (small blind) folded before Flop
Seat 8: kolyasik2401 (big blind) folded before Flop
Seat 9: ßilliejean showed [5d 2h] and lost with two pair, Sixes and Fours



PokerStars Hand #225098031290:  Hold'em No Limit ($0.01/$0.02 USD) - 2021/03/22 23:22:27 PT [2021/03/23 2:22:27 ET]
Table 'Yunnan V' 9-max Seat #7 is the button
Seat 1: n2405n ($3.26 in chips) 
Seat 2: Dorex2007 ($2.84 in chips) 
Seat 3: faisauld2612 ($1.64 in chips) 
Seat 4: VaGriVas ($2.37 in chips) 
Seat 5: fytb0list ($1.04 in chips) 
Seat 6: MarkAvrelij ($3.50 in chips) 
Seat 7: ni_k.o._0914 ($2.09 in chips) 
Seat 8: kolyasik2401 ($2 in chips) 
Seat 9: ßilliejean ($2.09 in chips) 
kolyasik2401: posts small blind $0.01
ßilliejean: posts big blind $0.02
*** HOLE CARDS ***
Dealt to Dorex2007 [8h 2d]
n2405n: folds 
Dorex2007: folds 
faisauld2612: calls $0.02
VaGriVas: folds 
fytb0list: folds 
MarkAvrelij: folds 
ni_k.o._0914: raises $0.06 to $0.08
kolyasik2401: folds 
ßilliejean: calls $0.06
faisauld2612: calls $0.06
*** FLOP *** [5c As 8s]
ßilliejean: checks 
faisauld2612: checks 
ni_k.o._0914: bets $0.18
ßilliejean: calls $0.18
faisauld2612: calls $0.18
*** TURN *** [5c As 8s] [7s]
ßilliejean: checks 
faisauld2612: checks 
ni_k.o._0914: checks 
*** RIVER *** [5c As 8s 7s] [4c]
ßilliejean: bets $1.83 and is all-in
faisauld2612: folds 
ni_k.o._0914: folds 
Uncalled bet ($1.83) returned to ßilliejean
ßilliejean collected $0.76 from pot
ßilliejean: doesn't show hand 
*** SUMMARY ***
Total pot $0.79 | Rake $0.03 
Board [5c As 8s 7s 4c]
Seat 1: n2405n folded before Flop (didn't bet)
Seat 2: Dorex2007 folded before Flop (didn't bet)
Seat 3: faisauld2612 folded on the River
Seat 4: VaGriVas folded before Flop (didn't bet)
Seat 5: fytb0list folded before Flop (didn't bet)
Seat 6: MarkAvrelij folded before Flop (didn't bet)
Seat 7: ni_k.o._0914 (button) folded on the River
Seat 8: kolyasik2401 (small blind) folded before Flop
Seat 9: ßilliejean (big blind) collected ($0.76)



PokerStars Hand #225098039523:  Hold'em No Limit ($0.01/$0.02 USD) - 2021/03/22 23:23:26 PT [2021/03/23 2:23:26 ET]
Table 'Yunnan V' 9-max Seat #8 is the button
Seat 1: n2405n ($3.26 in chips) 
Seat 2: Dorex2007 ($2.84 in chips) 
Seat 3: faisauld2612 ($1.38 in chips) 
Seat 4: VaGriVas ($2.37 in chips) 
Seat 5: fytb0list ($1.04 in chips) 
Seat 6: MarkAvrelij ($3.50 in chips) 
Seat 7: ni_k.o._0914 ($2 in chips) 
Seat 8: kolyasik2401 ($2 in chips) 
Seat 9: ßilliejean ($2.59 in chips) 
ßilliejean: posts small blind $0.01
n2405n: posts big blind $0.02
*** HOLE CARDS ***
Dealt to Dorex2007 [4c 4d]
Dorex2007: folds 
faisauld2612: folds 
VaGriVas: folds 
fytb0list has timed out
fytb0list: folds 
MarkAvrelij: raises $0.03 to $0.05
ni_k.o._0914: calls $0.05
kolyasik2401: folds 
fytb0list is disconnected 
ßilliejean: calls $0.04
n2405n: folds 
*** FLOP *** [8s Kd Ah]
ßilliejean: checks 
MarkAvrelij: bets $0.06
ni_k.o._0914: folds 
ßilliejean: folds 
Uncalled bet ($0.06) returned to MarkAvrelij
MarkAvrelij collected $0.16 from pot
MarkAvrelij: doesn't show hand 
*** SUMMARY ***
Total pot $0.17 | Rake $0.01 
Board [8s Kd Ah]
Seat 1: n2405n (big blind) folded before Flop
Seat 2: Dorex2007 folded before Flop (didn't bet)
Seat 3: faisauld2612 folded before Flop (didn't bet)
Seat 4: VaGriVas folded before Flop (didn't bet)
Seat 5: fytb0list folded before Flop (didn't bet)
Seat 6: MarkAvrelij collected ($0.16)
Seat 7: ni_k.o._0914 folded on the Flop
Seat 8: kolyasik2401 (button) folded before Flop (didn't bet)
Seat 9: ßilliejean (small blind) folded on the Flop



PokerStars Hand #225098047658:  Hold'em No Limit ($0.01/$0.02 USD) - 2021/03/22 23:24:22 PT [2021/03/23 2:24:22 ET]
Table 'Yunnan V' 9-max Seat #9 is the button
Seat 1: n2405n ($3.24 in chips) 
Seat 2: Dorex2007 ($2.84 in chips) 
Seat 3: faisauld2612 ($1.38 in chips) 
Seat 4: VaGriVas ($2.37 in chips) 
Seat 6: MarkAvrelij ($3.61 in chips) 
Seat 7: ni_k.o._0914 ($2 in chips) 
Seat 8: kolyasik2401 ($2 in chips) 
Seat 9: ßilliejean ($2.54 in chips) 
n2405n: posts small blind $0.01
Dorex2007: posts big blind $0.02
*** HOLE CARDS ***
Dealt to Dorex2007 [Kc Ts]
faisauld2612: calls $0.02
VaGriVas: folds 
MarkAvrelij: folds 
ni_k.o._0914: raises $0.04 to $0.06
kolyasik2401: folds 
ßilliejean: folds 
n2405n: folds 
Dorex2007: calls $0.04
faisauld2612: calls $0.04
*** FLOP *** [Qh 8s 5d]
Dorex2007: checks 
faisauld2612: checks 
ni_k.o._0914: bets $0.14
Dorex2007: folds 
faisauld2612: calls $0.14
*** TURN *** [Qh 8s 5d] [4d]
faisauld2612: checks 
ni_k.o._0914: bets $0.34
faisauld2612: calls $0.34
*** RIVER *** [Qh 8s 5d 4d] [2s]
faisauld2612: checks 
ni_k.o._0914: checks 
*** SHOW DOWN ***
faisauld2612: shows [Qs 6s] (a pair of Queens)
ni_k.o._0914: shows [Qc Kd] (a pair of Queens - King kicker)
ni_k.o._0914 collected $1.11 from pot
*** SUMMARY ***
Total pot $1.15 | Rake $0.04 
Board [Qh 8s 5d 4d 2s]
Seat 1: n2405n (small blind) folded before Flop
Seat 2: Dorex2007 (big blind) folded on the Flop
Seat 3: faisauld2612 showed [Qs 6s] and lost with a pair of Queens
Seat 4: VaGriVas folded before Flop (didn't bet)
Seat 6: MarkAvrelij folded before Flop (didn't bet)
Seat 7: ni_k.o._0914 showed [Qc Kd] and won ($1.11) with a pair of Queens
Seat 8: kolyasik2401 folded before Flop (didn't bet)
Seat 9: ßilliejean (button) folded before Flop (didn't bet)



PokerStars Hand #225098056630:  Hold'em No Limit ($0.01/$0.02 USD) - 2021/03/22 23:25:24 PT [2021/03/23 2:25:24 ET]
Table 'Yunnan V' 9-max Seat #1 is the button
Seat 1: n2405n ($3.23 in chips) 
Seat 2: Dorex2007 ($2.78 in chips) 
Seat 3: faisauld2612 ($0.84 in chips) 
Seat 4: VaGriVas ($2.37 in chips) 
Seat 5: fytb0list ($1.04 in chips) 
Seat 6: MarkAvrelij ($3.61 in chips) 
Seat 7: ni_k.o._0914 ($2.57 in chips) 
Seat 8: kolyasik2401 ($2 in chips) 
Seat 9: ßilliejean ($2.54 in chips) 
Dorex2007: posts small blind $0.01
faisauld2612: posts big blind $0.02
*** HOLE CARDS ***
Dealt to Dorex2007 [7c 8h]
VaGriVas: folds 
fytb0list: folds 
MarkAvrelij: raises $0.03 to $0.05
ni_k.o._0914: folds 
kolyasik2401: folds 
ßilliejean: folds 
n2405n: calls $0.05
Dorex2007: folds 
faisauld2612: calls $0.03
*** FLOP *** [Qh 9c Kc]
faisauld2612: checks 
MarkAvrelij: checks 
n2405n: bets $0.08
faisauld2612: folds 
MarkAvrelij: folds 
Uncalled bet ($0.08) returned to n2405n
n2405n collected $0.15 from pot
n2405n: doesn't show hand 
*** SUMMARY ***
Total pot $0.16 | Rake $0.01 
Board [Qh 9c Kc]
Seat 1: n2405n (button) collected ($0.15)
Seat 2: Dorex2007 (small blind) folded before Flop
Seat 3: faisauld2612 (big blind) folded on the Flop
Seat 4: VaGriVas folded before Flop (didn't bet)
Seat 5: fytb0list folded before Flop (didn't bet)
Seat 6: MarkAvrelij folded on the Flop
Seat 7: ni_k.o._0914 folded before Flop (didn't bet)
Seat 8: kolyasik2401 folded before Flop (didn't bet)
Seat 9: ßilliejean folded before Flop (didn't bet)



PokerStars Hand #225098063372:  Hold'em No Limit ($0.01/$0.02 USD) - 2021/03/22 23:26:11 PT [2021/03/23 2:26:11 ET]
Table 'Yunnan V' 9-max Seat #2 is the button
Seat 1: n2405n ($3.33 in chips) 
Seat 2: Dorex2007 ($2.77 in chips) 
Seat 3: faisauld2612 ($0.79 in chips) 
Seat 4: VaGriVas ($2.37 in chips) 
Seat 5: fytb0list ($1.04 in chips) 
Seat 6: MarkAvrelij ($3.56 in chips) 
Seat 7: ni_k.o._0914 ($2.57 in chips) 
Seat 8: kolyasik2401 ($2 in chips) 
Seat 9: ßilliejean ($2.54 in chips) 
faisauld2612: posts small blind $0.01
VaGriVas: posts big blind $0.02
*** HOLE CARDS ***
Dealt to Dorex2007 [9h 6d]
fytb0list: folds 
MarkAvrelij: folds 
ni_k.o._0914: folds 
kolyasik2401: folds 
ßilliejean: folds 
n2405n: raises $0.02 to $0.04
Dorex2007: folds 
faisauld2612: folds 
VaGriVas: calls $0.02
*** FLOP *** [4h Jd Kd]
VaGriVas: checks 
n2405n: bets $0.02
VaGriVas: raises $0.04 to $0.06
n2405n: calls $0.04
*** TURN *** [4h Jd Kd] [Ks]
VaGriVas: checks 
n2405n: checks 
*** RIVER *** [4h Jd Kd Ks] [6c]
VaGriVas: bets $0.08
n2405n: folds 
Uncalled bet ($0.08) returned to VaGriVas
VaGriVas collected $0.20 from pot
VaGriVas: doesn't show hand 
*** SUMMARY ***
Total pot $0.21 | Rake $0.01 
Board [4h Jd Kd Ks 6c]
Seat 1: n2405n folded on the River
Seat 2: Dorex2007 (button) folded before Flop (didn't bet)
Seat 3: faisauld2612 (small blind) folded before Flop
Seat 4: VaGriVas (big blind) collected ($0.20)
Seat 5: fytb0list folded before Flop (didn't bet)
Seat 6: MarkAvrelij folded before Flop (didn't bet)
Seat 7: ni_k.o._0914 folded before Flop (didn't bet)
Seat 8: kolyasik2401 folded before Flop (didn't bet)
Seat 9: ßilliejean folded before Flop (didn't bet)



PokerStars Hand #225098069174:  Hold'em No Limit ($0.01/$0.02 USD) - 2021/03/22 23:26:51 PT [2021/03/23 2:26:51 ET]
Table 'Yunnan V' 9-max Seat #3 is the button
Seat 1: n2405n ($3.23 in chips) 
Seat 2: Dorex2007 ($2.77 in chips) 
Seat 3: faisauld2612 ($0.78 in chips) 
Seat 4: VaGriVas ($2.47 in chips) 
Seat 5: fytb0list ($1.04 in chips) 
Seat 6: MarkAvrelij ($3.56 in chips) 
Seat 7: ni_k.o._0914 ($2.57 in chips) 
Seat 8: kolyasik2401 ($2 in chips) 
Seat 9: ßilliejean ($2.54 in chips) 
VaGriVas: posts small blind $0.01
fytb0list: posts big blind $0.02
*** HOLE CARDS ***
Dealt to Dorex2007 [9h Kc]
MarkAvrelij: folds 
ni_k.o._0914: folds 
kolyasik2401: folds 
ßilliejean: calls $0.02
n2405n: raises $0.02 to $0.04
Dorex2007: folds 
faisauld2612: folds 
VaGriVas: folds 
fytb0list: calls $0.02
ßilliejean: calls $0.02
*** FLOP *** [Kh Js Jc]
fytb0list: checks 
ßilliejean: checks 
n2405n: checks 
*** TURN *** [Kh Js Jc] [6c]
fytb0list: bets $0.04
ßilliejean: folds 
n2405n: raises $0.11 to $0.15
fytb0list: folds 
Uncalled bet ($0.11) returned to n2405n
n2405n collected $0.20 from pot
n2405n: doesn't show hand 
*** SUMMARY ***
Total pot $0.21 | Rake $0.01 
Board [Kh Js Jc 6c]
Seat 1: n2405n collected ($0.20)
Seat 2: Dorex2007 folded before Flop (didn't bet)
Seat 3: faisauld2612 (button) folded before Flop (didn't bet)
Seat 4: VaGriVas (small blind) folded before Flop
Seat 5: fytb0list (big blind) folded on the Turn
Seat 6: MarkAvrelij folded before Flop (didn't bet)
Seat 7: ni_k.o._0914 folded before Flop (didn't bet)
Seat 8: kolyasik2401 folded before Flop (didn't bet)
Seat 9: ßilliejean folded on the Turn



PokerStars Hand #225098075513:  Hold'em No Limit ($0.01/$0.02 USD) - 2021/03/22 23:27:36 PT [2021/03/23 2:27:36 ET]
Table 'Yunnan V' 9-max Seat #4 is the button
Seat 1: n2405n ($3.35 in chips) 
Seat 2: Dorex2007 ($2.77 in chips) 
Seat 3: faisauld2612 ($0.78 in chips) 
Seat 4: VaGriVas ($2.46 in chips) 
Seat 5: fytb0list ($0.96 in chips) 
Seat 6: MarkAvrelij ($3.56 in chips) 
Seat 7: ni_k.o._0914 ($2.57 in chips) 
Seat 8: kolyasik2401 ($2 in chips) 
Seat 9: ßilliejean ($2.50 in chips) 
fytb0list: posts small blind $0.01
MarkAvrelij: posts big blind $0.02
*** HOLE CARDS ***
Dealt to Dorex2007 [8h Ac]
ni_k.o._0914: folds 
kolyasik2401: folds 
ßilliejean: folds 
n2405n: raises $0.02 to $0.04
Dorex2007: folds 
faisauld2612: calls $0.04
VaGriVas: folds 
fytb0list: folds 
MarkAvrelij: folds 
*** FLOP *** [2s Tc 7c]
n2405n: checks 
faisauld2612: checks 
*** TURN *** [2s Tc 7c] [Jc]
n2405n: checks 
faisauld2612: checks 
*** RIVER *** [2s Tc 7c Jc] [Jh]
n2405n: bets $0.11
faisauld2612: folds 
Uncalled bet ($0.11) returned to n2405n
n2405n collected $0.11 from pot
n2405n: doesn't show hand 
*** SUMMARY ***
Total pot $0.11 | Rake $0 
Board [2s Tc 7c Jc Jh]
Seat 1: n2405n collected ($0.11)
Seat 2: Dorex2007 folded before Flop (didn't bet)
Seat 3: faisauld2612 folded on the River
Seat 4: VaGriVas (button) folded before Flop (didn't bet)
Seat 5: fytb0list (small blind) folded before Flop
Seat 6: MarkAvrelij (big blind) folded before Flop
Seat 7: ni_k.o._0914 folded before Flop (didn't bet)
Seat 8: kolyasik2401 folded before Flop (didn't bet)
Seat 9: ßilliejean folded before Flop (didn't bet)



PokerStars Hand #225098080271:  Hold'em No Limit ($0.01/$0.02 USD) - 2021/03/22 23:28:08 PT [2021/03/23 2:28:08 ET]
Table 'Yunnan V' 9-max Seat #5 is the button
Seat 1: n2405n ($3.42 in chips) 
Seat 2: Dorex2007 ($2.77 in chips) 
Seat 3: faisauld2612 ($0.74 in chips) 
Seat 4: VaGriVas ($2.46 in chips) 
Seat 5: fytb0list ($0.95 in chips) 
Seat 6: MarkAvrelij ($3.54 in chips) 
Seat 7: ni_k.o._0914 ($2.57 in chips) 
Seat 8: kolyasik2401 ($2 in chips) 
Seat 9: ßilliejean ($2.50 in chips) 
MarkAvrelij: posts small blind $0.01
ni_k.o._0914: posts big blind $0.02
*** HOLE CARDS ***
Dealt to Dorex2007 [Qs Ts]
kolyasik2401: folds 
ßilliejean: folds 
n2405n: raises $0.02 to $0.04
Dorex2007: calls $0.04
faisauld2612: folds 
VaGriVas: folds 
fytb0list: folds 
MarkAvrelij: calls $0.03
ni_k.o._0914: folds 
*** FLOP *** [5d 4d As]
MarkAvrelij: checks 
n2405n: bets $0.02
Dorex2007: calls $0.02
MarkAvrelij: folds 
*** TURN *** [5d 4d As] [8c]
n2405n: bets $0.02
Dorex2007: raises $0.14 to $0.16
n2405n: raises $0.49 to $0.65
Dorex2007: folds 
Uncalled bet ($0.49) returned to n2405n
n2405n collected $0.48 from pot
n2405n: doesn't show hand 
*** SUMMARY ***
Total pot $0.50 | Rake $0.02 
Board [5d 4d As 8c]
Seat 1: n2405n collected ($0.48)
Seat 2: Dorex2007 folded on the Turn
Seat 3: faisauld2612 folded before Flop (didn't bet)
Seat 4: VaGriVas folded before Flop (didn't bet)
Seat 5: fytb0list (button) folded before Flop (didn't bet)
Seat 6: MarkAvrelij (small blind) folded on the Flop
Seat 7: ni_k.o._0914 (big blind) folded before Flop
Seat 8: kolyasik2401 folded before Flop (didn't bet)
Seat 9: ßilliejean folded before Flop (didn't bet)



PokerStars Hand #225098086746:  Hold'em No Limit ($0.01/$0.02 USD) - 2021/03/22 23:28:52 PT [2021/03/23 2:28:52 ET]
Table 'Yunnan V' 9-max Seat #6 is the button
Seat 1: n2405n ($3.68 in chips) 
Seat 2: Dorex2007 ($2.55 in chips) 
Seat 3: faisauld2612 ($0.74 in chips) 
Seat 4: VaGriVas ($2.46 in chips) 
Seat 5: fytb0list ($0.95 in chips) 
Seat 6: MarkAvrelij ($3.50 in chips) 
Seat 7: ni_k.o._0914 ($2.55 in chips) 
Seat 8: kolyasik2401 ($2 in chips) 
Seat 9: ßilliejean ($2.50 in chips) 
ni_k.o._0914: posts small blind $0.01
kolyasik2401: posts big blind $0.02
*** HOLE CARDS ***
Dealt to Dorex2007 [7d 5c]
ßilliejean: calls $0.02
n2405n: raises $0.02 to $0.04
Dorex2007: folds 
faisauld2612: folds 
VaGriVas: folds 
fytb0list: folds 
MarkAvrelij: folds 
ni_k.o._0914: folds 
kolyasik2401: folds 
ßilliejean: calls $0.02
*** FLOP *** [Td 9h 6c]
ßilliejean: checks 
n2405n: checks 
*** TURN *** [Td 9h 6c] [4d]
ßilliejean: bets $0.02
n2405n: calls $0.02
*** RIVER *** [Td 9h 6c 4d] [5s]
ßilliejean: bets $0.07
n2405n: calls $0.07
*** SHOW DOWN ***
ßilliejean: shows [6d 7h] (a pair of Sixes)
n2405n: shows [Ks Ts] (a pair of Tens)
n2405n collected $0.28 from pot
*** SUMMARY ***
Total pot $0.29 | Rake $0.01 
Board [Td 9h 6c 4d 5s]
Seat 1: n2405n showed [Ks Ts] and won ($0.28) with a pair of Tens
Seat 2: Dorex2007 folded before Flop (didn't bet)
Seat 3: faisauld2612 folded before Flop (didn't bet)
Seat 4: VaGriVas folded before Flop (didn't bet)
Seat 5: fytb0list folded before Flop (didn't bet)
Seat 6: MarkAvrelij (button) folded before Flop (didn't bet)
Seat 7: ni_k.o._0914 (small blind) folded before Flop
Seat 8: kolyasik2401 (big blind) folded before Flop
Seat 9: ßilliejean showed [6d 7h] and lost with a pair of Sixes



PokerStars Hand #225098092141:  Hold'em No Limit ($0.01/$0.02 USD) - 2021/03/22 23:29:29 PT [2021/03/23 2:29:29 ET]
Table 'Yunnan V' 9-max Seat #7 is the button
Seat 1: n2405n ($3.83 in chips) 
Seat 2: Dorex2007 ($2.55 in chips) 
Seat 3: faisauld2612 ($0.74 in chips) 
Seat 4: VaGriVas ($2.46 in chips) 
Seat 5: fytb0list ($0.95 in chips) 
Seat 6: MarkAvrelij ($3.50 in chips) 
Seat 7: ni_k.o._0914 ($2.54 in chips) 
Seat 8: kolyasik2401 ($2 in chips) 
Seat 9: ßilliejean ($2.37 in chips) 
kolyasik2401: posts small blind $0.01
ßilliejean: posts big blind $0.02
*** HOLE CARDS ***
Dealt to Dorex2007 [As 6c]
n2405n: raises $0.02 to $0.04
Dorex2007: folds 
faisauld2612: raises $0.11 to $0.15
VaGriVas: folds 
fytb0list: folds 
MarkAvrelij: folds 
ni_k.o._0914: folds 
kolyasik2401: folds 
ßilliejean: folds 
n2405n: raises $3.68 to $3.83 and is all-in
faisauld2612: calls $0.59 and is all-in
Uncalled bet ($3.09) returned to n2405n
*** FLOP *** [6d 9s 7h]
*** TURN *** [6d 9s 7h] [5s]
*** RIVER *** [6d 9s 7h 5s] [5h]
*** SHOW DOWN ***
n2405n: shows [Jd Jh] (two pair, Jacks and Fives)
faisauld2612: shows [Qs Qh] (two pair, Queens and Fives)
faisauld2612 collected $1.46 from pot
*** SUMMARY ***
Total pot $1.51 | Rake $0.05 
Board [6d 9s 7h 5s 5h]
Seat 1: n2405n showed [Jd Jh] and lost with two pair, Jacks and Fives
Seat 2: Dorex2007 folded before Flop (didn't bet)
Seat 3: faisauld2612 showed [Qs Qh] and won ($1.46) with two pair, Queens and Fives
Seat 4: VaGriVas folded before Flop (didn't bet)
Seat 5: fytb0list folded before Flop (didn't bet)
Seat 6: MarkAvrelij folded before Flop (didn't bet)
Seat 7: ni_k.o._0914 (button) folded before Flop (didn't bet)
Seat 8: kolyasik2401 (small blind) folded before Flop
Seat 9: ßilliejean (big blind) folded before Flop



PokerStars Hand #225098096550:  Hold'em No Limit ($0.01/$0.02 USD) - 2021/03/22 23:30:00 PT [2021/03/23 2:30:00 ET]
Table 'Yunnan V' 9-max Seat #8 is the button
Seat 1: n2405n ($3.09 in chips) 
Seat 2: Dorex2007 ($2.55 in chips) 
Seat 3: faisauld2612 ($1.46 in chips) 
Seat 4: VaGriVas ($2.46 in chips) 
Seat 5: fytb0list ($0.95 in chips) 
Seat 6: MarkAvrelij ($3.50 in chips) 
Seat 7: ni_k.o._0914 ($2.54 in chips) 
Seat 8: kolyasik2401 ($2 in chips) 
Seat 9: ßilliejean ($2.35 in chips) 
ßilliejean: posts small blind $0.01
n2405n: posts big blind $0.02
*** HOLE CARDS ***
Dealt to Dorex2007 [Qh 9d]
Dorex2007: folds 
faisauld2612: folds 
VaGriVas: folds 
fytb0list: folds 
MarkAvrelij: folds 
ni_k.o._0914: folds 
kolyasik2401: folds 
ßilliejean: calls $0.01
n2405n: checks 
*** FLOP *** [4s 5c Ah]
ßilliejean: checks 
n2405n: bets $0.04
ßilliejean: calls $0.04
*** TURN *** [4s 5c Ah] [4c]
ßilliejean: checks 
n2405n: bets $0.06
ßilliejean: calls $0.06
*** RIVER *** [4s 5c Ah 4c] [8d]
ßilliejean: checks 
n2405n: bets $0.06
ßilliejean: calls $0.06
*** SHOW DOWN ***
n2405n: shows [5d Ac] (two pair, Aces and Fives)
ßilliejean: mucks hand 
n2405n collected $0.35 from pot
*** SUMMARY ***
Total pot $0.36 | Rake $0.01 
Board [4s 5c Ah 4c 8d]
Seat 1: n2405n (big blind) showed [5d Ac] and won ($0.35) with two pair, Aces and Fives
Seat 2: Dorex2007 folded before Flop (didn't bet)
Seat 3: faisauld2612 folded before Flop (didn't bet)
Seat 4: VaGriVas folded before Flop (didn't bet)
Seat 5: fytb0list folded before Flop (didn't bet)
Seat 6: MarkAvrelij folded before Flop (didn't bet)
Seat 7: ni_k.o._0914 folded before Flop (didn't bet)
Seat 8: kolyasik2401 (button) folded before Flop (didn't bet)
Seat 9: ßilliejean (small blind) mucked [6h 3h]



PokerStars Hand #225098102221:  Hold'em No Limit ($0.01/$0.02 USD) - 2021/03/22 23:30:39 PT [2021/03/23 2:30:39 ET]
Table 'Yunnan V' 9-max Seat #9 is the button
Seat 1: n2405n ($3.26 in chips) 
Seat 2: Dorex2007 ($2.55 in chips) 
Seat 3: faisauld2612 ($1.46 in chips) 
Seat 4: VaGriVas ($2.46 in chips) 
Seat 5: fytb0list ($0.95 in chips) 
Seat 6: MarkAvrelij ($3.50 in chips) 
Seat 7: ni_k.o._0914 ($2.54 in chips) 
Seat 8: kolyasik2401 ($2 in chips) 
Seat 9: ßilliejean ($2.17 in chips) 
n2405n: posts small blind $0.01
Dorex2007: posts big blind $0.02
*** HOLE CARDS ***
Dealt to Dorex2007 [7c Qd]
faisauld2612: calls $0.02
VaGriVas: folds 
fytb0list: folds 
MarkAvrelij: folds 
ni_k.o._0914: folds 
kolyasik2401: folds 
ßilliejean: calls $0.02
n2405n: raises $0.08 to $0.10
Dorex2007: folds 
faisauld2612: calls $0.08
ßilliejean: calls $0.08
*** FLOP *** [Kh 3c Js]
n2405n: bets $0.02
faisauld2612: calls $0.02
ßilliejean: raises $0.19 to $0.21
n2405n: folds 
faisauld2612: folds 
Uncalled bet ($0.19) returned to ßilliejean
ßilliejean collected $0.37 from pot
ßilliejean: doesn't show hand 
*** SUMMARY ***
Total pot $0.38 | Rake $0.01 
Board [Kh 3c Js]
Seat 1: n2405n (small blind) folded on the Flop
Seat 2: Dorex2007 (big blind) folded before Flop
Seat 3: faisauld2612 folded on the Flop
Seat 4: VaGriVas folded before Flop (didn't bet)
Seat 5: fytb0list folded before Flop (didn't bet)
Seat 6: MarkAvrelij folded before Flop (didn't bet)
Seat 7: ni_k.o._0914 folded before Flop (didn't bet)
Seat 8: kolyasik2401 folded before Flop (didn't bet)
Seat 9: ßilliejean (button) collected ($0.37)



PokerStars Hand #225098107145:  Hold'em No Limit ($0.01/$0.02 USD) - 2021/03/22 23:31:13 PT [2021/03/23 2:31:13 ET]
Table 'Yunnan V' 9-max Seat #1 is the button
Seat 1: n2405n ($3.14 in chips) 
Seat 2: Dorex2007 ($2.53 in chips) 
Seat 3: faisauld2612 ($1.34 in chips) 
Seat 4: VaGriVas ($2.46 in chips) 
Seat 5: fytb0list ($0.95 in chips) 
Seat 6: MarkAvrelij ($3.50 in chips) 
Seat 7: ni_k.o._0914 ($2.54 in chips) 
Seat 8: kolyasik2401 ($2 in chips) 
Seat 9: ßilliejean ($2.42 in chips) 
Dorex2007: posts small blind $0.01
faisauld2612: posts big blind $0.02
*** HOLE CARDS ***
Dealt to Dorex2007 [6s 4d]
VaGriVas: folds 
fytb0list: folds 
MarkAvrelij: folds 
ni_k.o._0914: folds 
kolyasik2401: folds 
ßilliejean: calls $0.02
n2405n: raises $0.02 to $0.04
Dorex2007: folds 
faisauld2612: calls $0.02
ßilliejean: calls $0.02
*** FLOP *** [Jd As 8d]
faisauld2612: checks 
ßilliejean: checks 
n2405n: bets $0.13
faisauld2612: calls $0.13
ßilliejean: folds 
*** TURN *** [Jd As 8d] [2h]
faisauld2612: checks 
n2405n: bets $0.38
faisauld2612: calls $0.38
*** RIVER *** [Jd As 8d 2h] [9s]
faisauld2612: checks 
n2405n: checks 
*** SHOW DOWN ***
faisauld2612: shows [Ad Kd] (a pair of Aces)
n2405n: shows [8h Jh] (two pair, Jacks and Eights)
n2405n collected $1.11 from pot
*** SUMMARY ***
Total pot $1.15 | Rake $0.04 
Board [Jd As 8d 2h 9s]
Seat 1: n2405n (button) showed [8h Jh] and won ($1.11) with two pair, Jacks and Eights
Seat 2: Dorex2007 (small blind) folded before Flop
Seat 3: faisauld2612 (big blind) showed [Ad Kd] and lost with a pair of Aces
Seat 4: VaGriVas folded before Flop (didn't bet)
Seat 5: fytb0list folded before Flop (didn't bet)
Seat 6: MarkAvrelij folded before Flop (didn't bet)
Seat 7: ni_k.o._0914 folded before Flop (didn't bet)
Seat 8: kolyasik2401 folded before Flop (didn't bet)
Seat 9: ßilliejean folded on the Flop



PokerStars Hand #225098115368:  Hold'em No Limit ($0.01/$0.02 USD) - 2021/03/22 23:32:10 PT [2021/03/23 2:32:10 ET]
Table 'Yunnan V' 9-max Seat #2 is the button
Seat 1: n2405n ($3.70 in chips) 
Seat 2: Dorex2007 ($2.52 in chips) 
Seat 3: faisauld2612 ($0.79 in chips) 
Seat 4: VaGriVas ($2.46 in chips) 
Seat 5: fytb0list ($0.95 in chips) 
Seat 6: MarkAvrelij ($3.50 in chips) 
Seat 7: ni_k.o._0914 ($2.54 in chips) 
Seat 8: kolyasik2401 ($2 in chips) 
Seat 9: ßilliejean ($2.38 in chips) 
faisauld2612: posts small blind $0.01
VaGriVas: posts big blind $0.02
*** HOLE CARDS ***
Dealt to Dorex2007 [As 6h]
fytb0list: calls $0.02
MarkAvrelij: folds 
ni_k.o._0914: folds 
kolyasik2401: folds 
ßilliejean: folds 
n2405n: folds 
Dorex2007: folds 
faisauld2612: folds 
VaGriVas: checks 
*** FLOP *** [8h 8s 6c]
VaGriVas: checks 
fytb0list: bets $0.02
VaGriVas: folds 
Uncalled bet ($0.02) returned to fytb0list
fytb0list collected $0.05 from pot
fytb0list: doesn't show hand 
*** SUMMARY ***
Total pot $0.05 | Rake $0 
Board [8h 8s 6c]
Seat 1: n2405n folded before Flop (didn't bet)
Seat 2: Dorex2007 (button) folded before Flop (didn't bet)
Seat 3: faisauld2612 (small blind) folded before Flop
Seat 4: VaGriVas (big blind) folded on the Flop
Seat 5: fytb0list collected ($0.05)
Seat 6: MarkAvrelij folded before Flop (didn't bet)
Seat 7: ni_k.o._0914 folded before Flop (didn't bet)
Seat 8: kolyasik2401 folded before Flop (didn't bet)
Seat 9: ßilliejean folded before Flop (didn't bet)



PokerStars Hand #225098119422:  Hold'em No Limit ($0.01/$0.02 USD) - 2021/03/22 23:32:38 PT [2021/03/23 2:32:38 ET]
Table 'Yunnan V' 9-max Seat #3 is the button
Seat 1: n2405n ($3.70 in chips) 
Seat 2: Dorex2007 ($2.52 in chips) 
Seat 3: faisauld2612 ($0.78 in chips) 
Seat 4: VaGriVas ($2.44 in chips) 
Seat 5: fytb0list ($0.98 in chips) 
Seat 6: MarkAvrelij ($3.50 in chips) 
Seat 7: ni_k.o._0914 ($2.54 in chips) 
Seat 8: kolyasik2401 ($2 in chips) 
Seat 9: ßilliejean ($2.38 in chips) 
VaGriVas: posts small blind $0.01
fytb0list: posts big blind $0.02
*** HOLE CARDS ***
Dealt to Dorex2007 [6s Qd]
MarkAvrelij: folds 
ni_k.o._0914: folds 
kolyasik2401: folds 
ßilliejean: calls $0.02
n2405n: raises $0.02 to $0.04
Dorex2007: folds 
faisauld2612: calls $0.04
VaGriVas: calls $0.03
fytb0list: folds 
ßilliejean: calls $0.02
*** FLOP *** [6d Js 7c]
VaGriVas: checks 
ßilliejean: checks 
n2405n: checks 
faisauld2612: bets $0.17
VaGriVas: folds 
ßilliejean: folds 
n2405n: folds 
Uncalled bet ($0.17) returned to faisauld2612
faisauld2612 collected $0.17 from pot
*** SUMMARY ***
Total pot $0.18 | Rake $0.01 
Board [6d Js 7c]
Seat 1: n2405n folded on the Flop
Seat 2: Dorex2007 folded before Flop (didn't bet)
Seat 3: faisauld2612 (button) collected ($0.17)
Seat 4: VaGriVas (small blind) folded on the Flop
Seat 5: fytb0list (big blind) folded before Flop
Seat 6: MarkAvrelij folded before Flop (didn't bet)
Seat 7: ni_k.o._0914 folded before Flop (didn't bet)
Seat 8: kolyasik2401 folded before Flop (didn't bet)
Seat 9: ßilliejean folded on the Flop



PokerStars Hand #225098125945:  Hold'em No Limit ($0.01/$0.02 USD) - 2021/03/22 23:33:23 PT [2021/03/23 2:33:23 ET]
Table 'Yunnan V' 9-max Seat #4 is the button
Seat 1: n2405n ($3.66 in chips) 
Seat 2: Dorex2007 ($2.52 in chips) 
Seat 3: faisauld2612 ($0.91 in chips) 
Seat 4: VaGriVas ($2.40 in chips) 
Seat 5: fytb0list ($0.96 in chips) 
Seat 6: MarkAvrelij ($3.50 in chips) 
Seat 7: ni_k.o._0914 ($2.54 in chips) 
Seat 8: kolyasik2401 ($2 in chips) 
Seat 9: ßilliejean ($2.34 in chips) 
fytb0list: posts small blind $0.01
MarkAvrelij: posts big blind $0.02
*** HOLE CARDS ***
Dealt to Dorex2007 [3s 4s]
ni_k.o._0914: folds 
kolyasik2401: folds 
ßilliejean: calls $0.02
n2405n: raises $0.07 to $0.09
Dorex2007: folds 
faisauld2612: folds 
VaGriVas: calls $0.09
fytb0list: folds 
MarkAvrelij: folds 
ßilliejean: calls $0.07
*** FLOP *** [9h 9c 2s]
ßilliejean: checks 
n2405n: bets $0.52
VaGriVas: folds 
ßilliejean: folds 
Uncalled bet ($0.52) returned to n2405n
n2405n collected $0.29 from pot
n2405n: doesn't show hand 
*** SUMMARY ***
Total pot $0.30 | Rake $0.01 
Board [9h 9c 2s]
Seat 1: n2405n collected ($0.29)
Seat 2: Dorex2007 folded before Flop (didn't bet)
Seat 3: faisauld2612 folded before Flop (didn't bet)
Seat 4: VaGriVas (button) folded on the Flop
Seat 5: fytb0list (small blind) folded before Flop
Seat 6: MarkAvrelij (big blind) folded before Flop
Seat 7: ni_k.o._0914 folded before Flop (didn't bet)
Seat 8: kolyasik2401 folded before Flop (didn't bet)
Seat 9: ßilliejean folded on the Flop



PokerStars Hand #225098133316:  Hold'em No Limit ($0.01/$0.02 USD) - 2021/03/22 23:34:13 PT [2021/03/23 2:34:13 ET]
Table 'Yunnan V' 9-max Seat #5 is the button
Seat 1: n2405n ($3.86 in chips) 
Seat 2: Dorex2007 ($2.52 in chips) 
Seat 3: faisauld2612 ($0.91 in chips) 
Seat 4: VaGriVas ($2.31 in chips) 
Seat 5: fytb0list ($0.95 in chips) 
Seat 6: MarkAvrelij ($3.48 in chips) 
Seat 7: ni_k.o._0914 ($2.54 in chips) 
Seat 8: kolyasik2401 ($2 in chips) 
Seat 9: ßilliejean ($2.25 in chips) 
MarkAvrelij: posts small blind $0.01
ni_k.o._0914: posts big blind $0.02
*** HOLE CARDS ***
Dealt to Dorex2007 [9s 3s]
kolyasik2401: folds 
ßilliejean: folds 
n2405n: folds 
Dorex2007: folds 
faisauld2612: calls $0.02
VaGriVas: folds 
fytb0list: raises $0.04 to $0.06
MarkAvrelij: folds 
ni_k.o._0914: folds 
faisauld2612: calls $0.04
*** FLOP *** [Qs 5h Ts]
faisauld2612: checks 
fytb0list: bets $0.06
faisauld2612: calls $0.06
*** TURN *** [Qs 5h Ts] [4d]
faisauld2612: checks 
fytb0list: bets $0.06
faisauld2612: calls $0.06
*** RIVER *** [Qs 5h Ts 4d] [As]
faisauld2612: checks 
fytb0list: checks 
*** SHOW DOWN ***
faisauld2612: shows [Tc 9d] (a pair of Tens)
fytb0list: shows [Js Jh] (a pair of Jacks)
fytb0list collected $0.38 from pot
*** SUMMARY ***
Total pot $0.39 | Rake $0.01 
Board [Qs 5h Ts 4d As]
Seat 1: n2405n folded before Flop (didn't bet)
Seat 2: Dorex2007 folded before Flop (didn't bet)
Seat 3: faisauld2612 showed [Tc 9d] and lost with a pair of Tens
Seat 4: VaGriVas folded before Flop (didn't bet)
Seat 5: fytb0list (button) showed [Js Jh] and won ($0.38) with a pair of Jacks
Seat 6: MarkAvrelij (small blind) folded before Flop
Seat 7: ni_k.o._0914 (big blind) folded before Flop
Seat 8: kolyasik2401 folded before Flop (didn't bet)
Seat 9: ßilliejean folded before Flop (didn't bet)



PokerStars Hand #225098140594:  Hold'em No Limit ($0.01/$0.02 USD) - 2021/03/22 23:35:04 PT [2021/03/23 2:35:04 ET]
Table 'Yunnan V' 9-max Seat #6 is the button
Seat 1: n2405n ($3.86 in chips) 
Seat 2: Dorex2007 ($2.52 in chips) 
Seat 3: faisauld2612 ($0.73 in chips) 
Seat 4: VaGriVas ($2.31 in chips) 
Seat 5: fytb0list ($1.15 in chips) 
Seat 6: MarkAvrelij ($3.47 in chips) 
Seat 7: ni_k.o._0914 ($2.52 in chips) 
Seat 8: kolyasik2401 ($2 in chips) 
Seat 9: ßilliejean ($2.25 in chips) 
ni_k.o._0914: posts small blind $0.01
kolyasik2401: posts big blind $0.02
*** HOLE CARDS ***
Dealt to Dorex2007 [7s Jh]
ßilliejean: folds 
n2405n: folds 
Dorex2007: folds 
faisauld2612: folds 
VaGriVas: raises $0.04 to $0.06
fytb0list: folds 
MarkAvrelij: folds 
ni_k.o._0914: folds 
kolyasik2401: folds 
Uncalled bet ($0.04) returned to VaGriVas
VaGriVas collected $0.05 from pot
VaGriVas: doesn't show hand 
*** SUMMARY ***
Total pot $0.05 | Rake $0 
Seat 1: n2405n folded before Flop (didn't bet)
Seat 2: Dorex2007 folded before Flop (didn't bet)
Seat 3: faisauld2612 folded before Flop (didn't bet)
Seat 4: VaGriVas collected ($0.05)
Seat 5: fytb0list folded before Flop (didn't bet)
Seat 6: MarkAvrelij (button) folded before Flop (didn't bet)
Seat 7: ni_k.o._0914 (small blind) folded before Flop
Seat 8: kolyasik2401 (big blind) folded before Flop
Seat 9: ßilliejean folded before Flop (didn't bet)



PokerStars Hand #225098143283:  Hold'em No Limit ($0.01/$0.02 USD) - 2021/03/22 23:35:22 PT [2021/03/23 2:35:22 ET]
Table 'Yunnan V' 9-max Seat #7 is the button
Seat 1: n2405n ($3.86 in chips) 
Seat 2: Dorex2007 ($2.52 in chips) 
Seat 3: faisauld2612 ($0.73 in chips) 
Seat 4: VaGriVas ($2.34 in chips) 
Seat 5: fytb0list ($1.15 in chips) 
Seat 6: MarkAvrelij ($3.47 in chips) 
Seat 7: ni_k.o._0914 ($2.51 in chips) 
Seat 8: kolyasik2401 ($2 in chips) 
Seat 9: ßilliejean ($2.25 in chips) 
kolyasik2401: posts small blind $0.01
ßilliejean: posts big blind $0.02
*** HOLE CARDS ***
Dealt to Dorex2007 [Tc 7c]
n2405n: folds 
Dorex2007: folds 
faisauld2612: calls $0.02
VaGriVas: folds 
fytb0list: raises $0.04 to $0.06
MarkAvrelij: folds 
ni_k.o._0914: folds 
kolyasik2401: folds 
ßilliejean: calls $0.04
faisauld2612: calls $0.04
*** FLOP *** [3s Th Qh]
ßilliejean: checks 
faisauld2612: checks 
fytb0list: checks 
*** TURN *** [3s Th Qh] [Ah]
ßilliejean: checks 
faisauld2612: checks 
fytb0list: bets $0.06
ßilliejean: calls $0.06
faisauld2612: folds 
*** RIVER *** [3s Th Qh Ah] [Qd]
ßilliejean: checks 
fytb0list: checks 
*** SHOW DOWN ***
ßilliejean: shows [Jc 5h] (a pair of Queens)
fytb0list: shows [Ac Ks] (two pair, Aces and Queens)
fytb0list collected $0.30 from pot
*** SUMMARY ***
Total pot $0.31 | Rake $0.01 
Board [3s Th Qh Ah Qd]
Seat 1: n2405n folded before Flop (didn't bet)
Seat 2: Dorex2007 folded before Flop (didn't bet)
Seat 3: faisauld2612 folded on the Turn
Seat 4: VaGriVas folded before Flop (didn't bet)
Seat 5: fytb0list showed [Ac Ks] and won ($0.30) with two pair, Aces and Queens
Seat 6: MarkAvrelij folded before Flop (didn't bet)
Seat 7: ni_k.o._0914 (button) folded before Flop (didn't bet)
Seat 8: kolyasik2401 (small blind) folded before Flop
Seat 9: ßilliejean (big blind) showed [Jc 5h] and lost with a pair of Queens



PokerStars Hand #225098161466:  Hold'em No Limit ($0.01/$0.02 USD) - 2021/03/22 23:36:14 PT [2021/03/23 2:36:14 ET]
Table 'Yunnan V' 9-max Seat #8 is the button
Seat 1: n2405n ($3.86 in chips) 
Seat 2: Dorex2007 ($2.52 in chips) 
Seat 3: faisauld2612 ($0.67 in chips) 
Seat 4: VaGriVas ($2.34 in chips) 
Seat 5: fytb0list ($1.33 in chips) 
Seat 6: MarkAvrelij ($3.47 in chips) 
Seat 7: ni_k.o._0914 ($2.51 in chips) 
Seat 8: kolyasik2401 ($2 in chips) 
Seat 9: ßilliejean ($2.13 in chips) 
ßilliejean: posts small blind $0.01
n2405n: posts big blind $0.02
*** HOLE CARDS ***
Dealt to Dorex2007 [Tc 4c]
Dorex2007: folds 
faisauld2612: folds 
VaGriVas: folds 
fytb0list: folds 
MarkAvrelij: folds 
ni_k.o._0914: folds 
kolyasik2401: folds 
ßilliejean: folds 
Uncalled bet ($0.01) returned to n2405n
n2405n collected $0.02 from pot
n2405n: doesn't show hand 
*** SUMMARY ***
Total pot $0.02 | Rake $0 
Seat 1: n2405n (big blind) collected ($0.02)
Seat 2: Dorex2007 folded before Flop (didn't bet)
Seat 3: faisauld2612 folded before Flop (didn't bet)
Seat 4: VaGriVas folded before Flop (didn't bet)
Seat 5: fytb0list folded before Flop (didn't bet)
Seat 6: MarkAvrelij folded before Flop (didn't bet)
Seat 7: ni_k.o._0914 folded before Flop (didn't bet)
Seat 8: kolyasik2401 (button) folded before Flop (didn't bet)
Seat 9: ßilliejean (small blind) folded before Flop



PokerStars Hand #225098165243:  Hold'em No Limit ($0.01/$0.02 USD) - 2021/03/22 23:36:41 PT [2021/03/23 2:36:41 ET]
Table 'Yunnan V' 9-max Seat #9 is the button
Seat 1: n2405n ($3.87 in chips) 
Seat 2: Dorex2007 ($2.52 in chips) 
Seat 3: faisauld2612 ($0.67 in chips) 
Seat 4: VaGriVas ($2.34 in chips) 
Seat 5: fytb0list ($1.33 in chips) 
Seat 6: MarkAvrelij ($3.47 in chips) 
Seat 7: ni_k.o._0914 ($2.51 in chips) 
Seat 8: kolyasik2401 ($2 in chips) 
Seat 9: ßilliejean ($2.12 in chips) 
n2405n: posts small blind $0.01
Dorex2007: posts big blind $0.02
*** HOLE CARDS ***
Dealt to Dorex2007 [Jd 4s]
faisauld2612: folds 
VaGriVas: folds 
fytb0list: folds 
MarkAvrelij: raises $0.03 to $0.05
ni_k.o._0914: folds 
kolyasik2401: folds 
ßilliejean: folds 
n2405n: folds 
Dorex2007: folds 
Uncalled bet ($0.03) returned to MarkAvrelij
MarkAvrelij collected $0.05 from pot
MarkAvrelij: doesn't show hand 
*** SUMMARY ***
Total pot $0.05 | Rake $0 
Seat 1: n2405n (small blind) folded before Flop
Seat 2: Dorex2007 (big blind) folded before Flop
Seat 3: faisauld2612 folded before Flop (didn't bet)
Seat 4: VaGriVas folded before Flop (didn't bet)
Seat 5: fytb0list folded before Flop (didn't bet)
Seat 6: MarkAvrelij collected ($0.05)
Seat 7: ni_k.o._0914 folded before Flop (didn't bet)
Seat 8: kolyasik2401 folded before Flop (didn't bet)
Seat 9: ßilliejean (button) folded before Flop (didn't bet)



PokerStars Hand #225098168173:  Hold'em No Limit ($0.01/$0.02 USD) - 2021/03/22 23:37:01 PT [2021/03/23 2:37:01 ET]
Table 'Yunnan V' 9-max Seat #1 is the button
Seat 1: n2405n ($3.86 in chips) 
Seat 2: Dorex2007 ($2.50 in chips) 
Seat 3: faisauld2612 ($0.67 in chips) 
Seat 4: VaGriVas ($2.34 in chips) 
Seat 5: fytb0list ($1.33 in chips) 
Seat 6: MarkAvrelij ($3.50 in chips) 
Seat 7: ni_k.o._0914 ($2.51 in chips) 
Seat 8: kolyasik2401 ($2 in chips) 
Seat 9: ßilliejean ($2.12 in chips) 
Dorex2007: posts small blind $0.01
faisauld2612: posts big blind $0.02
*** HOLE CARDS ***
Dealt to Dorex2007 [9h 4h]
VaGriVas: folds 
fytb0list: folds 
MarkAvrelij: folds 
ni_k.o._0914: folds 
kolyasik2401: folds 
ßilliejean: folds 
n2405n: raises $0.02 to $0.04
Dorex2007: folds 
faisauld2612: calls $0.02
*** FLOP *** [Kh 3h 4c]
faisauld2612: checks 
n2405n: checks 
*** TURN *** [Kh 3h 4c] [Qc]
faisauld2612: checks 
n2405n: checks 
*** RIVER *** [Kh 3h 4c Qc] [Kd]
faisauld2612: checks 
n2405n: checks 
*** SHOW DOWN ***
faisauld2612: shows [2h 5c] (a pair of Kings)
n2405n: shows [2d Ad] (a pair of Kings - Ace kicker)
n2405n collected $0.09 from pot
*** SUMMARY ***
Total pot $0.09 | Rake $0 
Board [Kh 3h 4c Qc Kd]
Seat 1: n2405n (button) showed [2d Ad] and won ($0.09) with a pair of Kings
Seat 2: Dorex2007 (small blind) folded before Flop
Seat 3: faisauld2612 (big blind) showed [2h 5c] and lost with a pair of Kings
Seat 4: VaGriVas folded before Flop (didn't bet)
Seat 5: fytb0list folded before Flop (didn't bet)
Seat 6: MarkAvrelij folded before Flop (didn't bet)
Seat 7: ni_k.o._0914 folded before Flop (didn't bet)
Seat 8: kolyasik2401 folded before Flop (didn't bet)
Seat 9: ßilliejean folded before Flop (didn't bet)



PokerStars Hand #225098173522:  Hold'em No Limit ($0.01/$0.02 USD) - 2021/03/22 23:37:38 PT [2021/03/23 2:37:38 ET]
Table 'Yunnan V' 9-max Seat #2 is the button
Seat 1: n2405n ($3.91 in chips) 
Seat 2: Dorex2007 ($2.49 in chips) 
Seat 3: faisauld2612 ($0.63 in chips) 
Seat 4: VaGriVas ($2.34 in chips) 
Seat 5: fytb0list ($1.33 in chips) 
Seat 6: MarkAvrelij ($3.50 in chips) 
Seat 7: ni_k.o._0914 ($2.51 in chips) 
Seat 8: kolyasik2401 ($2 in chips) 
Seat 9: ßilliejean ($2.12 in chips) 
faisauld2612: posts small blind $0.01
VaGriVas: posts big blind $0.02
*** HOLE CARDS ***
Dealt to Dorex2007 [Ks Jd]
fytb0list: folds 
MarkAvrelij: folds 
ni_k.o._0914: folds 
kolyasik2401: folds 
ßilliejean: folds 
n2405n: raises $0.02 to $0.04
Dorex2007: calls $0.04
faisauld2612: calls $0.03
VaGriVas: folds 
*** FLOP *** [Qd 4c 9d]
faisauld2612: checks 
n2405n: bets $0.02
Dorex2007: calls $0.02
faisauld2612: folds 
*** TURN *** [Qd 4c 9d] [Ah]
n2405n: bets $0.02
Dorex2007: calls $0.02
*** RIVER *** [Qd 4c 9d Ah] [Kd]
n2405n: checks 
Dorex2007: checks 
*** SHOW DOWN ***
n2405n: shows [8c 5c] (high card Ace)
Dorex2007: shows [Ks Jd] (a pair of Kings)
Dorex2007 collected $0.21 from pot
*** SUMMARY ***
Total pot $0.22 | Rake $0.01 
Board [Qd 4c 9d Ah Kd]
Seat 1: n2405n showed [8c 5c] and lost with high card Ace
Seat 2: Dorex2007 (button) showed [Ks Jd] and won ($0.21) with a pair of Kings
Seat 3: faisauld2612 (small blind) folded on the Flop
Seat 4: VaGriVas (big blind) folded before Flop
Seat 5: fytb0list folded before Flop (didn't bet)
Seat 6: MarkAvrelij folded before Flop (didn't bet)
Seat 7: ni_k.o._0914 folded before Flop (didn't bet)
Seat 8: kolyasik2401 folded before Flop (didn't bet)
Seat 9: ßilliejean folded before Flop (didn't bet)



PokerStars Hand #225098179094:  Hold'em No Limit ($0.01/$0.02 USD) - 2021/03/22 23:38:16 PT [2021/03/23 2:38:16 ET]
Table 'Yunnan V' 9-max Seat #3 is the button
Seat 1: n2405n ($3.83 in chips) 
Seat 2: Dorex2007 ($2.62 in chips) 
Seat 3: faisauld2612 ($0.59 in chips) 
Seat 4: VaGriVas ($2.32 in chips) 
Seat 5: fytb0list ($1.33 in chips) 
Seat 6: MarkAvrelij ($3.50 in chips) 
Seat 7: ni_k.o._0914 ($2.51 in chips) 
Seat 8: kolyasik2401 ($2 in chips) 
Seat 9: ßilliejean ($2.12 in chips) 
VaGriVas: posts small blind $0.01
fytb0list: posts big blind $0.02
*** HOLE CARDS ***
Dealt to Dorex2007 [3s Jh]
MarkAvrelij: folds 
ni_k.o._0914: folds 
kolyasik2401: folds 
ßilliejean: calls $0.02
n2405n: folds 
Dorex2007: folds 
faisauld2612: calls $0.02
VaGriVas: calls $0.01
fytb0list: checks 
*** FLOP *** [Jd Kd 2c]
VaGriVas: bets $0.04
fytb0list: folds 
ßilliejean: folds 
faisauld2612: calls $0.04
*** TURN *** [Jd Kd 2c] [2s]
VaGriVas: bets $0.08
faisauld2612: calls $0.08
*** RIVER *** [Jd Kd 2c 2s] [4s]
VaGriVas: bets $0.12
faisauld2612: folds 
Uncalled bet ($0.12) returned to VaGriVas
VaGriVas collected $0.31 from pot
VaGriVas: doesn't show hand 
*** SUMMARY ***
Total pot $0.32 | Rake $0.01 
Board [Jd Kd 2c 2s 4s]
Seat 1: n2405n folded before Flop (didn't bet)
Seat 2: Dorex2007 folded before Flop (didn't bet)
Seat 3: faisauld2612 (button) folded on the River
Seat 4: VaGriVas (small blind) collected ($0.31)
Seat 5: fytb0list (big blind) folded on the Flop
Seat 6: MarkAvrelij folded before Flop (didn't bet)
Seat 7: ni_k.o._0914 folded before Flop (didn't bet)
Seat 8: kolyasik2401 folded before Flop (didn't bet)
Seat 9: ßilliejean folded on the Flop



PokerStars Hand #225098187834:  Hold'em No Limit ($0.01/$0.02 USD) - 2021/03/22 23:39:16 PT [2021/03/23 2:39:16 ET]
Table 'Yunnan V' 9-max Seat #4 is the button
Seat 1: n2405n ($3.83 in chips) 
Seat 2: Dorex2007 ($2.62 in chips) 
Seat 3: faisauld2612 ($0.45 in chips) 
Seat 4: VaGriVas ($2.49 in chips) 
Seat 5: fytb0list ($1.31 in chips) 
Seat 6: MarkAvrelij ($3.50 in chips) 
Seat 7: ni_k.o._0914 ($2.51 in chips) 
Seat 8: kolyasik2401 ($2 in chips) 
Seat 9: ßilliejean ($2.10 in chips) 
fytb0list: posts small blind $0.01
MarkAvrelij: posts big blind $0.02
*** HOLE CARDS ***
Dealt to Dorex2007 [5c Jh]
ni_k.o._0914: folds 
kolyasik2401: folds 
ßilliejean: folds 
n2405n: folds 
Dorex2007: folds 
faisauld2612: folds 
VaGriVas: folds 
fytb0list: raises $0.02 to $0.04
MarkAvrelij: calls $0.02
*** FLOP *** [Qd 6d 6h]
fytb0list: bets $0.04
MarkAvrelij: calls $0.04
*** TURN *** [Qd 6d 6h] [3c]
fytb0list: bets $0.04
MarkAvrelij: raises $0.08 to $0.12
fytb0list: calls $0.08
*** RIVER *** [Qd 6d 6h 3c] [9s]
fytb0list: bets $0.04
MarkAvrelij: raises $0.11 to $0.15
fytb0list: folds 
Uncalled bet ($0.11) returned to MarkAvrelij
MarkAvrelij collected $0.46 from pot
MarkAvrelij: doesn't show hand 
*** SUMMARY ***
Total pot $0.48 | Rake $0.02 
Board [Qd 6d 6h 3c 9s]
Seat 1: n2405n folded before Flop (didn't bet)
Seat 2: Dorex2007 folded before Flop (didn't bet)
Seat 3: faisauld2612 folded before Flop (didn't bet)
Seat 4: VaGriVas (button) folded before Flop (didn't bet)
Seat 5: fytb0list (small blind) folded on the River
Seat 6: MarkAvrelij (big blind) collected ($0.46)
Seat 7: ni_k.o._0914 folded before Flop (didn't bet)
Seat 8: kolyasik2401 folded before Flop (didn't bet)
Seat 9: ßilliejean folded before Flop (didn't bet)



PokerStars Hand #225098196260:  Hold'em No Limit ($0.01/$0.02 USD) - 2021/03/22 23:40:15 PT [2021/03/23 2:40:15 ET]
Table 'Yunnan V' 9-max Seat #5 is the button
Seat 1: n2405n ($3.83 in chips) 
Seat 2: Dorex2007 ($2.62 in chips) 
Seat 3: faisauld2612 ($0.45 in chips) 
Seat 4: VaGriVas ($2.49 in chips) 
Seat 5: fytb0list ($1.07 in chips) 
Seat 6: MarkAvrelij ($3.72 in chips) 
Seat 7: ni_k.o._0914 ($2.51 in chips) 
Seat 8: kolyasik2401 ($2 in chips) 
Seat 9: ßilliejean ($2.10 in chips) 
MarkAvrelij: posts small blind $0.01
ni_k.o._0914: posts big blind $0.02
*** HOLE CARDS ***
Dealt to Dorex2007 [5s Qd]
kolyasik2401: folds 
ßilliejean: folds 
n2405n: folds 
Dorex2007: folds 
faisauld2612: folds 
VaGriVas: folds 
fytb0list: raises $0.02 to $0.04
MarkAvrelij: raises $0.13 to $0.17
ni_k.o._0914: folds 
fytb0list: folds 
Uncalled bet ($0.13) returned to MarkAvrelij
MarkAvrelij collected $0.10 from pot
MarkAvrelij: doesn't show hand 
*** SUMMARY ***
Total pot $0.10 | Rake $0 
Seat 1: n2405n folded before Flop (didn't bet)
Seat 2: Dorex2007 folded before Flop (didn't bet)
Seat 3: faisauld2612 folded before Flop (didn't bet)
Seat 4: VaGriVas folded before Flop (didn't bet)
Seat 5: fytb0list (button) folded before Flop
Seat 6: MarkAvrelij (small blind) collected ($0.10)
Seat 7: ni_k.o._0914 (big blind) folded before Flop
Seat 8: kolyasik2401 folded before Flop (didn't bet)
Seat 9: ßilliejean folded before Flop (didn't bet)



PokerStars Hand #225098199617:  Hold'em No Limit ($0.01/$0.02 USD) - 2021/03/22 23:40:39 PT [2021/03/23 2:40:39 ET]
Table 'Yunnan V' 9-max Seat #6 is the button
Seat 1: n2405n ($3.83 in chips) 
Seat 2: Dorex2007 ($2.62 in chips) 
Seat 3: faisauld2612 ($0.45 in chips) 
Seat 4: VaGriVas ($2.49 in chips) 
Seat 5: fytb0list ($1.03 in chips) 
Seat 6: MarkAvrelij ($3.78 in chips) 
Seat 7: ni_k.o._0914 ($2.49 in chips) 
Seat 9: ßilliejean ($2.10 in chips) 
ni_k.o._0914: posts small blind $0.01
kolyasik2401: is sitting out 
ßilliejean: posts big blind $0.02
*** HOLE CARDS ***
Dealt to Dorex2007 [Jd 5c]
n2405n: raises $0.02 to $0.04
Dorex2007: folds 
kolyasik2401 leaves the table
faisauld2612: raises $0.41 to $0.45 and is all-in
VaGriVas: folds 
fytb0list: folds 
MarkAvrelij: folds 
ni_k.o._0914: folds 
ßilliejean: folds 
n2405n: folds 
Uncalled bet ($0.41) returned to faisauld2612
faisauld2612 collected $0.11 from pot
*** SUMMARY ***
Total pot $0.11 | Rake $0 
Seat 1: n2405n folded before Flop
Seat 2: Dorex2007 folded before Flop (didn't bet)
Seat 3: faisauld2612 collected ($0.11)
Seat 4: VaGriVas folded before Flop (didn't bet)
Seat 5: fytb0list folded before Flop (didn't bet)
Seat 6: MarkAvrelij (button) folded before Flop (didn't bet)
Seat 7: ni_k.o._0914 (small blind) folded before Flop
Seat 9: ßilliejean (big blind) folded before Flop



PokerStars Hand #225098201961:  Hold'em No Limit ($0.01/$0.02 USD) - 2021/03/22 23:40:54 PT [2021/03/23 2:40:54 ET]
Table 'Yunnan V' 9-max Seat #7 is the button
Seat 1: n2405n ($3.79 in chips) 
Seat 2: Dorex2007 ($2.62 in chips) 
Seat 3: faisauld2612 ($0.52 in chips) 
Seat 4: VaGriVas ($2.49 in chips) 
Seat 5: fytb0list ($1.03 in chips) 
Seat 6: MarkAvrelij ($3.78 in chips) 
Seat 7: ni_k.o._0914 ($2.48 in chips) 
Seat 9: ßilliejean ($2.08 in chips) 
ßilliejean: posts small blind $0.01
n2405n: posts big blind $0.02
*** HOLE CARDS ***
Dealt to Dorex2007 [3d 8d]
Dorex2007: folds 
faisauld2612: calls $0.02
VaGriVas: folds 
fytb0list: folds 
MarkAvrelij: folds 
ni_k.o._0914: raises $0.06 to $0.08
ßilliejean: calls $0.07
n2405n: folds 
faisauld2612: calls $0.06
*** FLOP *** [4h Ad Qd]
ßilliejean: checks 
faisauld2612: checks 
ni_k.o._0914: bets $2.40 and is all-in
ßilliejean: folds 
faisauld2612: folds 
Uncalled bet ($2.40) returned to ni_k.o._0914
ni_k.o._0914 collected $0.25 from pot
ni_k.o._0914: doesn't show hand 
*** SUMMARY ***
Total pot $0.26 | Rake $0.01 
Board [4h Ad Qd]
Seat 1: n2405n (big blind) folded before Flop
Seat 2: Dorex2007 folded before Flop (didn't bet)
Seat 3: faisauld2612 folded on the Flop
Seat 4: VaGriVas folded before Flop (didn't bet)
Seat 5: fytb0list folded before Flop (didn't bet)
Seat 6: MarkAvrelij folded before Flop (didn't bet)
Seat 7: ni_k.o._0914 (button) collected ($0.25)
Seat 9: ßilliejean (small blind) folded on the Flop



PokerStars Hand #225098209508:  Hold'em No Limit ($0.01/$0.02 USD) - 2021/03/22 23:41:46 PT [2021/03/23 2:41:46 ET]
Table 'Yunnan V' 9-max Seat #9 is the button
Seat 1: n2405n ($3.77 in chips) 
Seat 2: Dorex2007 ($2.62 in chips) 
Seat 3: faisauld2612 ($0.44 in chips) 
Seat 4: VaGriVas ($2.49 in chips) 
Seat 5: fytb0list ($1.03 in chips) 
Seat 6: MarkAvrelij ($3.78 in chips) 
Seat 7: ni_k.o._0914 ($2.65 in chips) 
Seat 9: ßilliejean ($2 in chips) 
n2405n: posts small blind $0.01
Dorex2007: posts big blind $0.02
*** HOLE CARDS ***
Dealt to Dorex2007 [6d 6h]
faisauld2612: folds 
VaGriVas: folds 
fytb0list: folds 
MarkAvrelij: folds 
ni_k.o._0914: folds 
ßilliejean: folds 
n2405n: raises $0.02 to $0.04
Dorex2007: folds 
Uncalled bet ($0.02) returned to n2405n
n2405n collected $0.04 from pot
n2405n: doesn't show hand 
*** SUMMARY ***
Total pot $0.04 | Rake $0 
Seat 1: n2405n (small blind) collected ($0.04)
Seat 2: Dorex2007 (big blind) folded before Flop
Seat 3: faisauld2612 folded before Flop (didn't bet)
Seat 4: VaGriVas folded before Flop (didn't bet)
Seat 5: fytb0list folded before Flop (didn't bet)
Seat 6: MarkAvrelij folded before Flop (didn't bet)
Seat 7: ni_k.o._0914 folded before Flop (didn't bet)
Seat 9: ßilliejean (button) folded before Flop (didn't bet)



PokerStars Hand #225098211483:  Hold'em No Limit ($0.01/$0.02 USD) - 2021/03/22 23:42:01 PT [2021/03/23 2:42:01 ET]
Table 'Yunnan V' 9-max Seat #1 is the button
Seat 1: n2405n ($3.79 in chips) 
Seat 2: Dorex2007 ($2.60 in chips) 
Seat 3: faisauld2612 ($0.44 in chips) 
Seat 4: VaGriVas ($2.49 in chips) 
Seat 5: fytb0list ($1.03 in chips) 
Seat 6: MarkAvrelij ($3.78 in chips) 
Seat 7: ni_k.o._0914 ($2.65 in chips) 
Seat 9: ßilliejean ($2 in chips) 
Dorex2007: posts small blind $0.01
faisauld2612: posts big blind $0.02
*** HOLE CARDS ***
Dealt to Dorex2007 [8d 6s]
VaGriVas: folds 
fytb0list: folds 
Marrcceell joins the table at seat #8 
MarkAvrelij: folds 
ni_k.o._0914: folds 
ßilliejean: folds 
n2405n: raises $0.02 to $0.04
Dorex2007: folds 
faisauld2612: raises $0.40 to $0.44 and is all-in
n2405n: calls $0.40
*** FLOP *** [5h 8s 7c]
*** TURN *** [5h 8s 7c] [Qh]
*** RIVER *** [5h 8s 7c Qh] [3c]
*** SHOW DOWN ***
faisauld2612: shows [Jd As] (high card Ace)
n2405n: shows [Tc Ks] (high card King)
faisauld2612 collected $0.86 from pot
*** SUMMARY ***
Total pot $0.89 | Rake $0.03 
Board [5h 8s 7c Qh 3c]
Seat 1: n2405n (button) showed [Tc Ks] and lost with high card King
Seat 2: Dorex2007 (small blind) folded before Flop
Seat 3: faisauld2612 (big blind) showed [Jd As] and won ($0.86) with high card Ace
Seat 4: VaGriVas folded before Flop (didn't bet)
Seat 5: fytb0list folded before Flop (didn't bet)
Seat 6: MarkAvrelij folded before Flop (didn't bet)
Seat 7: ni_k.o._0914 folded before Flop (didn't bet)
Seat 9: ßilliejean folded before Flop (didn't bet)



PokerStars Hand #225098215348:  Hold'em No Limit ($0.01/$0.02 USD) - 2021/03/22 23:42:27 PT [2021/03/23 2:42:27 ET]
Table 'Yunnan V' 9-max Seat #2 is the button
Seat 1: n2405n ($3.35 in chips) 
Seat 2: Dorex2007 ($2.59 in chips) 
Seat 3: faisauld2612 ($0.86 in chips) 
Seat 4: VaGriVas ($2.49 in chips) 
Seat 5: fytb0list ($1.03 in chips) 
Seat 6: MarkAvrelij ($3.78 in chips) 
Seat 7: ni_k.o._0914 ($2.65 in chips) 
Seat 9: ßilliejean ($2 in chips) 
faisauld2612: posts small blind $0.01
VaGriVas: posts big blind $0.02
Marrcceell: sits out 
*** HOLE CARDS ***
Dealt to Dorex2007 [3c Tc]
fytb0list: calls $0.02
MarkAvrelij: folds 
ni_k.o._0914: folds 
ßilliejean: calls $0.02
n2405n: raises $0.18 to $0.20
Dorex2007: folds 
faisauld2612: folds 
VaGriVas: folds 
fytb0list: folds 
ßilliejean: raises $1.80 to $2 and is all-in
n2405n: calls $1.80
*** FLOP *** [Kh 9c 9s]
*** TURN *** [Kh 9c 9s] [Ts]
*** RIVER *** [Kh 9c 9s Ts] [6d]
*** SHOW DOWN ***
ßilliejean: shows [As Ah] (two pair, Aces and Nines)
n2405n: shows [Kc Kd] (a full house, Kings full of Nines)
n2405n collected $3.91 from pot
*** SUMMARY ***
Total pot $4.05 | Rake $0.14 
Board [Kh 9c 9s Ts 6d]
Seat 1: n2405n showed [Kc Kd] and won ($3.91) with a full house, Kings full of Nines
Seat 2: Dorex2007 (button) folded before Flop (didn't bet)
Seat 3: faisauld2612 (small blind) folded before Flop
Seat 4: VaGriVas (big blind) folded before Flop
Seat 5: fytb0list folded before Flop
Seat 6: MarkAvrelij folded before Flop (didn't bet)
Seat 7: ni_k.o._0914 folded before Flop (didn't bet)
Seat 9: ßilliejean showed [As Ah] and lost with two pair, Aces and Nines



PokerStars Hand #225098220186:  Hold'em No Limit ($0.01/$0.02 USD) - 2021/03/22 23:43:00 PT [2021/03/23 2:43:00 ET]
Table 'Yunnan V' 9-max Seat #3 is the button
Seat 1: n2405n ($5.26 in chips) 
Seat 2: Dorex2007 ($2.59 in chips) 
Seat 3: faisauld2612 ($0.85 in chips) 
Seat 4: VaGriVas ($2.47 in chips) 
Seat 5: fytb0list ($1.01 in chips) 
Seat 6: MarkAvrelij ($3.78 in chips) 
Seat 7: ni_k.o._0914 ($2.65 in chips) 
VaGriVas: posts small blind $0.01
fytb0list: posts big blind $0.02
Marrcceell: sits out 
*** HOLE CARDS ***
Dealt to Dorex2007 [Ts 9h]
MarkAvrelij: folds 
ni_k.o._0914: folds 
n2405n: raises $0.02 to $0.04
Dorex2007: folds 
faisauld2612: calls $0.04
VaGriVas: calls $0.03
fytb0list: calls $0.02
*** FLOP *** [Qs Th Jh]
VaGriVas: checks 
ßilliejean leaves the table
fytb0list: bets $0.07
n2405n: folds 
faisauld2612: folds 
VaGriVas: raises $0.19 to $0.26
fytb0list: calls $0.19
*** TURN *** [Qs Th Jh] [2c]
VaGriVas: bets $2.17 and is all-in
fytb0list: calls $0.71 and is all-in
Uncalled bet ($1.46) returned to VaGriVas
*** RIVER *** [Qs Th Jh 2c] [6c]
*** SHOW DOWN ***
VaGriVas: shows [9s Ks] (a straight, Nine to King)
fytb0list: shows [4h Qh] (a pair of Queens)
VaGriVas collected $2.03 from pot
*** SUMMARY ***
Total pot $2.10 | Rake $0.07 
Board [Qs Th Jh 2c 6c]
Seat 1: n2405n folded on the Flop
Seat 2: Dorex2007 folded before Flop (didn't bet)
Seat 3: faisauld2612 (button) folded on the Flop
Seat 4: VaGriVas (small blind) showed [9s Ks] and won ($2.03) with a straight, Nine to King
Seat 5: fytb0list (big blind) showed [4h Qh] and lost with a pair of Queens
Seat 6: MarkAvrelij folded before Flop (didn't bet)
Seat 7: ni_k.o._0914 folded before Flop (didn't bet)



PokerStars Hand #225098227372:  Hold'em No Limit ($0.01/$0.02 USD) - 2021/03/22 23:43:51 PT [2021/03/23 2:43:51 ET]
Table 'Yunnan V' 9-max Seat #4 is the button
Seat 1: n2405n ($5.22 in chips) 
Seat 2: Dorex2007 ($2.59 in chips) 
Seat 3: faisauld2612 ($0.81 in chips) 
Seat 4: VaGriVas ($3.49 in chips) 
Seat 6: MarkAvrelij ($3.78 in chips) 
Seat 7: ni_k.o._0914 ($2.65 in chips) 
MarkAvrelij: posts small blind $0.01
ni_k.o._0914: posts big blind $0.02
Marrcceell: sits out 
*** HOLE CARDS ***
Dealt to Dorex2007 [Kh Ac]
n2405n: folds 
fytb0list leaves the table
Dorex2007: raises $0.04 to $0.06
faisauld2612: folds 
VaGriVas: folds 
MarkAvrelij: folds 
ni_k.o._0914: folds 
Uncalled bet ($0.04) returned to Dorex2007
Dorex2007 collected $0.05 from pot
Dorex2007: doesn't show hand 
*** SUMMARY ***
Total pot $0.05 | Rake $0 
Seat 1: n2405n folded before Flop (didn't bet)
Seat 2: Dorex2007 collected ($0.05)
Seat 3: faisauld2612 folded before Flop (didn't bet)
Seat 4: VaGriVas (button) folded before Flop (didn't bet)
Seat 6: MarkAvrelij (small blind) folded before Flop
Seat 7: ni_k.o._0914 (big blind) folded before Flop



PokerStars Hand #225098229404:  Hold'em No Limit ($0.01/$0.02 USD) - 2021/03/22 23:44:05 PT [2021/03/23 2:44:05 ET]
Table 'Yunnan V' 9-max Seat #6 is the button
Seat 1: n2405n ($5.22 in chips) 
Seat 2: Dorex2007 ($2.62 in chips) 
Seat 3: faisauld2612 ($0.81 in chips) 
Seat 4: VaGriVas ($3.49 in chips) 
Seat 6: MarkAvrelij ($3.77 in chips) 
Seat 7: ni_k.o._0914 ($2.63 in chips) 
Seat 8: Marrcceell ($1.77 in chips) 
ni_k.o._0914: posts small blind $0.01
Marrcceell: posts big blind $0.02
*** HOLE CARDS ***
Dealt to Dorex2007 [7c Ad]
n2405n: raises $0.02 to $0.04
Dorex2007: folds 
faisauld2612: calls $0.04
VaGriVas: folds 
MarkAvrelij: calls $0.04
ni_k.o._0914: folds 
Marrcceell: calls $0.02
*** FLOP *** [6s 5s 5h]
Marrcceell: checks 
n2405n: checks 
faisauld2612: checks 
MarkAvrelij: bets $0.06
Marrcceell: calls $0.06
n2405n: folds 
faisauld2612: folds 
*** TURN *** [6s 5s 5h] [Ah]
Marrcceell: checks 
MarkAvrelij: bets $0.14
Marrcceell: folds 
Uncalled bet ($0.14) returned to MarkAvrelij
MarkAvrelij collected $0.28 from pot
MarkAvrelij: doesn't show hand 
*** SUMMARY ***
Total pot $0.29 | Rake $0.01 
Board [6s 5s 5h Ah]
Seat 1: n2405n folded on the Flop
Seat 2: Dorex2007 folded before Flop (didn't bet)
Seat 3: faisauld2612 folded on the Flop
Seat 4: VaGriVas folded before Flop (didn't bet)
Seat 6: MarkAvrelij (button) collected ($0.28)
Seat 7: ni_k.o._0914 (small blind) folded before Flop
Seat 8: Marrcceell (big blind) folded on the Turn



PokerStars Hand #225098235813:  Hold'em No Limit ($0.01/$0.02 USD) - 2021/03/22 23:44:49 PT [2021/03/23 2:44:49 ET]
Table 'Yunnan V' 9-max Seat #7 is the button
Seat 1: n2405n ($5.18 in chips) 
Seat 2: Dorex2007 ($2.62 in chips) 
Seat 3: faisauld2612 ($0.77 in chips) 
Seat 4: VaGriVas ($3.49 in chips) 
Seat 6: MarkAvrelij ($3.95 in chips) 
Seat 7: ni_k.o._0914 ($2.62 in chips) 
Seat 8: Marrcceell ($1.67 in chips) 
Marrcceell: posts small blind $0.01
n2405n: posts big blind $0.02
*** HOLE CARDS ***
Dealt to Dorex2007 [Qh 6h]
Dorex2007: folds 
faisauld2612: calls $0.02
VaGriVas: folds 
MarkAvrelij: folds 
ni_k.o._0914: calls $0.02
Marrcceell: calls $0.01
n2405n: checks 
*** FLOP *** [3s 7c 8s]
Marrcceell: checks 
n2405n: checks 
faisauld2612: checks 
ni_k.o._0914: checks 
*** TURN *** [3s 7c 8s] [Jc]
Marrcceell: bets $0.06
n2405n: calls $0.06
faisauld2612: calls $0.06
ni_k.o._0914: folds 
*** RIVER *** [3s 7c 8s Jc] [4h]
Marrcceell: bets $0.08
n2405n: calls $0.08
faisauld2612: folds 
*** SHOW DOWN ***
Marrcceell: shows [2c Js] (a pair of Jacks)
n2405n: shows [Jd 2d] (a pair of Jacks)
Marrcceell collected $0.21 from pot
n2405n collected $0.20 from pot
*** SUMMARY ***
Total pot $0.42 | Rake $0.01 
Board [3s 7c 8s Jc 4h]
Seat 1: n2405n (big blind) showed [Jd 2d] and won ($0.20) with a pair of Jacks
Seat 2: Dorex2007 folded before Flop (didn't bet)
Seat 3: faisauld2612 folded on the River
Seat 4: VaGriVas folded before Flop (didn't bet)
Seat 6: MarkAvrelij folded before Flop (didn't bet)
Seat 7: ni_k.o._0914 (button) folded on the Turn
Seat 8: Marrcceell (small blind) showed [2c Js] and won ($0.21) with a pair of Jacks



PokerStars Hand #225098243510:  Hold'em No Limit ($0.01/$0.02 USD) - 2021/03/22 23:45:41 PT [2021/03/23 2:45:41 ET]
Table 'Yunnan V' 9-max Seat #8 is the button
Seat 1: n2405n ($5.22 in chips) 
Seat 2: Dorex2007 ($2.62 in chips) 
Seat 3: faisauld2612 ($0.69 in chips) 
Seat 4: VaGriVas ($3.49 in chips) 
Seat 6: MarkAvrelij ($3.95 in chips) 
Seat 7: ni_k.o._0914 ($2.60 in chips) 
Seat 8: Marrcceell ($1.72 in chips) 
n2405n: posts small blind $0.01
Dorex2007: posts big blind $0.02
*** HOLE CARDS ***
Dealt to Dorex2007 [4d 2d]
faisauld2612: folds 
VaGriVas: folds 
MarkAvrelij: folds 
ni_k.o._0914: folds 
Marrcceell: calls $0.02
n2405n: raises $0.02 to $0.04
Dorex2007: folds 
Marrcceell: folds 
Uncalled bet ($0.02) returned to n2405n
n2405n collected $0.06 from pot
n2405n: doesn't show hand 
*** SUMMARY ***
Total pot $0.06 | Rake $0 
Seat 1: n2405n (small blind) collected ($0.06)
Seat 2: Dorex2007 (big blind) folded before Flop
Seat 3: faisauld2612 folded before Flop (didn't bet)
Seat 4: VaGriVas folded before Flop (didn't bet)
Seat 6: MarkAvrelij folded before Flop (didn't bet)
Seat 7: ni_k.o._0914 folded before Flop (didn't bet)
Seat 8: Marrcceell (button) folded before Flop



PokerStars Hand #225098246603:  Hold'em No Limit ($0.01/$0.02 USD) - 2021/03/22 23:46:02 PT [2021/03/23 2:46:02 ET]
Table 'Yunnan V' 9-max Seat #1 is the button
Seat 1: n2405n ($5.26 in chips) 
Seat 2: Dorex2007 ($2.60 in chips) 
Seat 3: faisauld2612 ($0.69 in chips) 
Seat 4: VaGriVas ($3.49 in chips) 
Seat 6: MarkAvrelij ($3.95 in chips) 
Seat 7: ni_k.o._0914 ($2.60 in chips) 
Seat 8: Marrcceell ($1.70 in chips) 
Dorex2007: posts small blind $0.01
faisauld2612: posts big blind $0.02
*** HOLE CARDS ***
Dealt to Dorex2007 [As 9c]
VaGriVas: folds 
MarkAvrelij: folds 
ni_k.o._0914: folds 
Marrcceell: calls $0.02
n2405n: raises $0.02 to $0.04
Dorex2007: folds 
faisauld2612: calls $0.02
Marrcceell: calls $0.02
*** FLOP *** [4s 8s 8c]
faisauld2612: checks 
Marrcceell: checks 
n2405n: checks 
*** TURN *** [4s 8s 8c] [4h]
faisauld2612: checks 
Marrcceell: checks 
n2405n: checks 
*** RIVER *** [4s 8s 8c 4h] [Tc]
faisauld2612: checks 
Marrcceell: checks 
n2405n: bets $0.13
faisauld2612: raises $0.52 to $0.65 and is all-in
Marrcceell: folds 
n2405n: folds 
Uncalled bet ($0.52) returned to faisauld2612
faisauld2612 collected $0.38 from pot
*** SUMMARY ***
Total pot $0.39 | Rake $0.01 
Board [4s 8s 8c 4h Tc]
Seat 1: n2405n (button) folded on the River
Seat 2: Dorex2007 (small blind) folded before Flop
Seat 3: faisauld2612 (big blind) collected ($0.38)
Seat 4: VaGriVas folded before Flop (didn't bet)
Seat 6: MarkAvrelij folded before Flop (didn't bet)
Seat 7: ni_k.o._0914 folded before Flop (didn't bet)
Seat 8: Marrcceell folded on the River



PokerStars Hand #225098254043:  Hold'em No Limit ($0.01/$0.02 USD) - 2021/03/22 23:46:52 PT [2021/03/23 2:46:52 ET]
Table 'Yunnan V' 9-max Seat #2 is the button
Seat 1: n2405n ($5.09 in chips) 
Seat 2: Dorex2007 ($2.59 in chips) 
Seat 3: faisauld2612 ($0.90 in chips) 
Seat 6: MarkAvrelij ($3.95 in chips) 
Seat 7: ni_k.o._0914 ($2.60 in chips) 
Seat 8: Marrcceell ($1.66 in chips) 
faisauld2612: posts small blind $0.01
VaGriVas: is sitting out 
MarkAvrelij: posts big blind $0.02
*** HOLE CARDS ***
Dealt to Dorex2007 [Qs 9d]
ni_k.o._0914: folds 
ni_k.o._0914 leaves the table
Marrcceell: calls $0.02
n2405n: raises $0.07 to $0.09
Dorex2007: folds 
faisauld2612: folds 
VaGriVas leaves the table
MarkAvrelij: calls $0.07
Marrcceell: folds 
*** FLOP *** [8s 6h 7s]
MarkAvrelij: checks 
n2405n: checks 
*** TURN *** [8s 6h 7s] [8d]
MarkAvrelij: checks 
n2405n: bets $0.10
MarkAvrelij: calls $0.10
*** RIVER *** [8s 6h 7s 8d] [Jh]
MarkAvrelij: checks 
n2405n: checks 
*** SHOW DOWN ***
MarkAvrelij: shows [8c Tc] (three of a kind, Eights)
n2405n: mucks hand 
MarkAvrelij collected $0.40 from pot
*** SUMMARY ***
Total pot $0.41 | Rake $0.01 
Board [8s 6h 7s 8d Jh]
Seat 1: n2405n mucked [Js Kc]
Seat 2: Dorex2007 (button) folded before Flop (didn't bet)
Seat 3: faisauld2612 (small blind) folded before Flop
Seat 6: MarkAvrelij (big blind) showed [8c Tc] and won ($0.40) with three of a kind, Eights
Seat 7: ni_k.o._0914 folded before Flop (didn't bet)
Seat 8: Marrcceell folded before Flop



PokerStars Hand #225098261369:  Hold'em No Limit ($0.01/$0.02 USD) - 2021/03/22 23:47:42 PT [2021/03/23 2:47:42 ET]
Table 'Yunnan V' 9-max Seat #3 is the button
Seat 1: n2405n ($4.90 in chips) 
Seat 2: Dorex2007 ($2.59 in chips) 
Seat 3: faisauld2612 ($0.89 in chips) 
Seat 6: MarkAvrelij ($4.16 in chips) 
Seat 8: Marrcceell ($1.64 in chips) 
MarkAvrelij: posts small blind $0.01
Marrcceell: posts big blind $0.02
*** HOLE CARDS ***
Dealt to Dorex2007 [8s As]
n2405n: raises $0.08 to $0.10
Dorex2007: folds 
faisauld2612: folds 
MarkAvrelij: folds 
Marrcceell: folds 
Uncalled bet ($0.08) returned to n2405n
n2405n collected $0.05 from pot
n2405n: doesn't show hand 
*** SUMMARY ***
Total pot $0.05 | Rake $0 
Seat 1: n2405n collected ($0.05)
Seat 2: Dorex2007 folded before Flop (didn't bet)
Seat 3: faisauld2612 (button) folded before Flop (didn't bet)
Seat 6: MarkAvrelij (small blind) folded before Flop
Seat 8: Marrcceell (big blind) folded before Flop



