PokerStars Hand #224748109243:  Hold'em No Limit ($0.01/$0.02 USD) - 2021/03/12 19:02:33 PT [2021/03/12 22:02:33 ET]
Table 'Libera III' 9-max Seat #5 is the button
Seat 1: $CALP-J ($1.72 in chips) 
Seat 2: azores66 ($0.51 in chips) 
Seat 3: Dk10771 ($3.10 in chips) 
Seat 4: a21b4 ($0.55 in chips) 
Seat 5: kent330330 ($1.74 in chips) 
Seat 6: Brownstone47 ($1.01 in chips) 
Seat 7: Dorex2007 ($1.50 in chips) 
Seat 8: umka186 ($2.19 in chips) 
Seat 9: SomeCash ($1.52 in chips) 
Brownstone47: posts small blind $0.01
Dorex2007: posts big blind $0.02
*** HOLE CARDS ***
Dealt to Dorex2007 [7d 9c]
umka186: folds 
SomeCash: raises $0.02 to $0.04
$CALP-J: folds 
azores66: folds 
Dk10771: calls $0.04
a21b4: calls $0.04
kent330330: folds 
Brownstone47: folds 
Dorex2007: folds 
*** FLOP *** [2d Qc Ks]
Brownstone47 leaves the table
SomeCash: checks 
Dk10771: checks 
a21b4: bets $0.02
SomeCash: calls $0.02
Dk10771: calls $0.02
*** TURN *** [2d Qc Ks] [8h]
SomeCash: checks 
Dk10771: checks 
a21b4: checks 
*** RIVER *** [2d Qc Ks 8h] [4d]
SomeCash: bets $0.10
Dk10771: calls $0.10
a21b4: calls $0.10
*** SHOW DOWN ***
SomeCash: shows [8s Ts] (a pair of Eights)
Dk10771: shows [Qs 6s] (a pair of Queens)
a21b4: shows [Jh Qd] (a pair of Queens - King+Jack kicker)
a21b4 collected $0.49 from pot
*** SUMMARY ***
Total pot $0.51 | Rake $0.02 
Board [2d Qc Ks 8h 4d]
Seat 1: $CALP-J folded before Flop (didn't bet)
Seat 2: azores66 folded before Flop (didn't bet)
Seat 3: Dk10771 showed [Qs 6s] and lost with a pair of Queens
Seat 4: a21b4 showed [Jh Qd] and won ($0.49) with a pair of Queens
Seat 5: kent330330 (button) folded before Flop (didn't bet)
Seat 6: Brownstone47 (small blind) folded before Flop
Seat 7: Dorex2007 (big blind) folded before Flop
Seat 8: umka186 folded before Flop (didn't bet)
Seat 9: SomeCash showed [8s Ts] and lost with a pair of Eights



PokerStars Hand #224748132531:  Hold'em No Limit ($0.01/$0.02 USD) - 2021/03/12 19:03:19 PT [2021/03/12 22:03:19 ET]
Table 'Libera III' 9-max Seat #7 is the button
Seat 1: $CALP-J ($1.72 in chips) 
Seat 2: azores66 ($0.51 in chips) 
Seat 3: Dk10771 ($2.94 in chips) 
Seat 4: a21b4 ($0.88 in chips) 
Seat 5: kent330330 ($1.74 in chips) 
Seat 7: Dorex2007 ($1.48 in chips) 
Seat 8: umka186 ($2.19 in chips) 
umka186: posts small blind $0.01
SomeCash: is sitting out 
$CALP-J: posts big blind $0.02
*** HOLE CARDS ***
Dealt to Dorex2007 [3d 4c]
azores66: folds 
Dk10771: folds 
a21b4: calls $0.02
kent330330: folds 
Dorex2007: folds 
umka186: calls $0.01
$CALP-J: checks 
*** FLOP *** [5h Jd Ts]
umka186: checks 
$CALP-J: bets $0.04
a21b4: calls $0.04
umka186: folds 
*** TURN *** [5h Jd Ts] [8d]
$CALP-J: bets $0.06
a21b4: calls $0.06
*** RIVER *** [5h Jd Ts 8d] [Qc]
Minugov joins the table at seat #6 
$CALP-J: checks 
a21b4: bets $0.25
$CALP-J: folds 
Uncalled bet ($0.25) returned to a21b4
a21b4 collected $0.25 from pot
a21b4: doesn't show hand 
*** SUMMARY ***
Total pot $0.26 | Rake $0.01 
Board [5h Jd Ts 8d Qc]
Seat 1: $CALP-J (big blind) folded on the River
Seat 2: azores66 folded before Flop (didn't bet)
Seat 3: Dk10771 folded before Flop (didn't bet)
Seat 4: a21b4 collected ($0.25)
Seat 5: kent330330 folded before Flop (didn't bet)
Seat 7: Dorex2007 (button) folded before Flop (didn't bet)
Seat 8: umka186 (small blind) folded on the Flop



PokerStars Hand #224748156967:  Hold'em No Limit ($0.01/$0.02 USD) - 2021/03/12 19:04:30 PT [2021/03/12 22:04:30 ET]
Table 'Libera III' 9-max Seat #8 is the button
Seat 1: $CALP-J ($1.60 in chips) 
Seat 2: azores66 ($0.51 in chips) 
Seat 3: Dk10771 ($2.94 in chips) 
Seat 4: a21b4 ($1.01 in chips) 
Seat 5: kent330330 ($1.74 in chips) 
Seat 7: Dorex2007 ($1.48 in chips) 
Seat 8: umka186 ($2.17 in chips) 
$CALP-J: posts small blind $0.01
azores66: posts big blind $0.02
Minugov: sits out 
*** HOLE CARDS ***
Dealt to Dorex2007 [5d 9d]
Dk10771: folds 
SomeCash leaves the table
a21b4: folds 
kent330330: folds 
cppocker30 joins the table at seat #9 
a21b4 leaves the table
Dorex2007: folds 
umka186: folds 
$CALP-J: folds 
Uncalled bet ($0.01) returned to azores66
azores66 collected $0.02 from pot
azores66: doesn't show hand 
*** SUMMARY ***
Total pot $0.02 | Rake $0 
Seat 1: $CALP-J (small blind) folded before Flop
Seat 2: azores66 (big blind) collected ($0.02)
Seat 3: Dk10771 folded before Flop (didn't bet)
Seat 4: a21b4 folded before Flop (didn't bet)
Seat 5: kent330330 folded before Flop (didn't bet)
Seat 7: Dorex2007 folded before Flop (didn't bet)
Seat 8: umka186 (button) folded before Flop (didn't bet)



PokerStars Hand #224748161332:  Hold'em No Limit ($0.01/$0.02 USD) - 2021/03/12 19:04:42 PT [2021/03/12 22:04:42 ET]
Table 'Libera III' 9-max Seat #1 is the button
Seat 1: $CALP-J ($1.59 in chips) 
Seat 2: azores66 ($0.52 in chips) 
Seat 3: Dk10771 ($2.94 in chips) 
Seat 5: kent330330 ($1.74 in chips) 
Seat 7: Dorex2007 ($1.48 in chips) 
Seat 8: umka186 ($2.17 in chips) 
azores66: posts small blind $0.01
Dk10771: posts big blind $0.02
Minugov: sits out 
cppocker30: sits out 
*** HOLE CARDS ***
Dealt to Dorex2007 [9h 3d]
kent330330: folds 
Dorex2007: folds 
umka186: raises $0.03 to $0.05
$CALP-J: calls $0.05
azores66: folds 
Dk10771: calls $0.03
*** FLOP *** [Kc 3h 6s]
Dk10771: checks 
umka186: bets $0.08
$CALP-J: folds 
Dk10771: folds 
Uncalled bet ($0.08) returned to umka186
umka186 collected $0.15 from pot
*** SUMMARY ***
Total pot $0.16 | Rake $0.01 
Board [Kc 3h 6s]
Seat 1: $CALP-J (button) folded on the Flop
Seat 2: azores66 (small blind) folded before Flop
Seat 3: Dk10771 (big blind) folded on the Flop
Seat 5: kent330330 folded before Flop (didn't bet)
Seat 7: Dorex2007 folded before Flop (didn't bet)
Seat 8: umka186 collected ($0.15)



PokerStars Hand #224748172270:  Hold'em No Limit ($0.01/$0.02 USD) - 2021/03/12 19:05:14 PT [2021/03/12 22:05:14 ET]
Table 'Libera III' 9-max Seat #2 is the button
Seat 1: $CALP-J ($1.54 in chips) 
Seat 2: azores66 ($0.51 in chips) 
Seat 3: Dk10771 ($2.89 in chips) 
Seat 5: kent330330 ($1.74 in chips) 
Seat 7: Dorex2007 ($1.48 in chips) 
Seat 8: umka186 ($2.27 in chips) 
Dk10771: posts small blind $0.01
kent330330: posts big blind $0.02
Minugov: sits out 
cppocker30: sits out 
*** HOLE CARDS ***
Dealt to Dorex2007 [5d Ah]
Dorex2007: folds 
umka186: folds 
$CALP-J: folds 
azores66: calls $0.02
Dk10771: folds 
kent330330: checks 
*** FLOP *** [3c Jd Ad]
kent330330: checks 
azores66: bets $0.04
kent330330: folds 
Uncalled bet ($0.04) returned to azores66
azores66 collected $0.05 from pot
azores66: doesn't show hand 
*** SUMMARY ***
Total pot $0.05 | Rake $0 
Board [3c Jd Ad]
Seat 1: $CALP-J folded before Flop (didn't bet)
Seat 2: azores66 (button) collected ($0.05)
Seat 3: Dk10771 (small blind) folded before Flop
Seat 5: kent330330 (big blind) folded on the Flop
Seat 7: Dorex2007 folded before Flop (didn't bet)
Seat 8: umka186 folded before Flop (didn't bet)



PokerStars Hand #224748180758:  Hold'em No Limit ($0.01/$0.02 USD) - 2021/03/12 19:05:38 PT [2021/03/12 22:05:38 ET]
Table 'Libera III' 9-max Seat #3 is the button
Seat 1: $CALP-J ($1.54 in chips) 
Seat 2: azores66 ($0.54 in chips) 
Seat 3: Dk10771 ($2.88 in chips) 
Seat 5: kent330330 ($1.72 in chips) 
Seat 6: Minugov ($2 in chips) 
Seat 7: Dorex2007 ($1.48 in chips) 
Seat 8: umka186 ($2.27 in chips) 
kent330330: posts small blind $0.01
Minugov: posts big blind $0.02
cppocker30: sits out 
*** HOLE CARDS ***
Dealt to Dorex2007 [Qs Kh]
Dorex2007: raises $0.04 to $0.06
umka186: folds 
$CALP-J: folds 
azores66: folds 
Dk10771: folds 
kent330330: folds 
Minugov: calls $0.04
*** FLOP *** [Qd 3s 8d]
Minugov: checks 
Dorex2007: bets $0.13
Minugov: folds 
Uncalled bet ($0.13) returned to Dorex2007
Dorex2007 collected $0.13 from pot
Dorex2007: doesn't show hand 
*** SUMMARY ***
Total pot $0.13 | Rake $0 
Board [Qd 3s 8d]
Seat 1: $CALP-J folded before Flop (didn't bet)
Seat 2: azores66 folded before Flop (didn't bet)
Seat 3: Dk10771 (button) folded before Flop (didn't bet)
Seat 5: kent330330 (small blind) folded before Flop
Seat 6: Minugov (big blind) folded on the Flop
Seat 7: Dorex2007 collected ($0.13)
Seat 8: umka186 folded before Flop (didn't bet)



PokerStars Hand #224748190009:  Hold'em No Limit ($0.01/$0.02 USD) - 2021/03/12 19:06:05 PT [2021/03/12 22:06:05 ET]
Table 'Libera III' 9-max Seat #5 is the button
Seat 1: $CALP-J ($1.54 in chips) 
Seat 2: azores66 ($0.54 in chips) 
Seat 3: Dk10771 ($2.88 in chips) 
Seat 5: kent330330 ($1.71 in chips) 
Seat 6: Minugov ($1.94 in chips) 
Seat 7: Dorex2007 ($1.55 in chips) 
Seat 8: umka186 ($2.27 in chips) 
Minugov: posts small blind $0.01
Dorex2007: posts big blind $0.02
cppocker30: sits out 
*** HOLE CARDS ***
Dealt to Dorex2007 [Ad 3d]
umka186: folds 
$CALP-J: folds 
azores66: folds 
Dk10771: folds 
Dubniam905 joins the table at seat #4 
kent330330: folds 
Minugov: folds 
Uncalled bet ($0.01) returned to Dorex2007
Dorex2007 collected $0.02 from pot
Dorex2007: doesn't show hand 
*** SUMMARY ***
Total pot $0.02 | Rake $0 
Seat 1: $CALP-J folded before Flop (didn't bet)
Seat 2: azores66 folded before Flop (didn't bet)
Seat 3: Dk10771 folded before Flop (didn't bet)
Seat 5: kent330330 (button) folded before Flop (didn't bet)
Seat 6: Minugov (small blind) folded before Flop
Seat 7: Dorex2007 (big blind) collected ($0.02)
Seat 8: umka186 folded before Flop (didn't bet)



PokerStars Hand #224748202583:  Hold'em No Limit ($0.01/$0.02 USD) - 2021/03/12 19:06:20 PT [2021/03/12 22:06:20 ET]
Table 'Libera III' 9-max Seat #6 is the button
Seat 1: $CALP-J ($1.54 in chips) 
Seat 2: azores66 ($0.54 in chips) 
Seat 3: Dk10771 ($2.88 in chips) 
Seat 5: kent330330 ($1.71 in chips) 
Seat 6: Minugov ($1.93 in chips) 
Seat 7: Dorex2007 ($1.56 in chips) 
Seat 8: umka186 ($2.27 in chips) 
Dorex2007: posts small blind $0.01
umka186: posts big blind $0.02
cppocker30: sits out 
Dubniam905: sits out 
*** HOLE CARDS ***
Dealt to Dorex2007 [7h Ks]
$CALP-J: folds 
azores66: folds 
Dk10771: folds 
kent330330: folds 
Minugov: folds 
Dorex2007: folds 
Uncalled bet ($0.01) returned to umka186
umka186 collected $0.02 from pot
*** SUMMARY ***
Total pot $0.02 | Rake $0 
Seat 1: $CALP-J folded before Flop (didn't bet)
Seat 2: azores66 folded before Flop (didn't bet)
Seat 3: Dk10771 folded before Flop (didn't bet)
Seat 5: kent330330 folded before Flop (didn't bet)
Seat 6: Minugov (button) folded before Flop (didn't bet)
Seat 7: Dorex2007 (small blind) folded before Flop
Seat 8: umka186 (big blind) collected ($0.02)



PokerStars Hand #224748206926:  Hold'em No Limit ($0.01/$0.02 USD) - 2021/03/12 19:06:33 PT [2021/03/12 22:06:33 ET]
Table 'Libera III' 9-max Seat #7 is the button
Seat 1: $CALP-J ($1.54 in chips) 
Seat 2: azores66 ($0.54 in chips) 
Seat 3: Dk10771 ($2.88 in chips) 
Seat 4: Dubniam905 ($1.60 in chips) 
Seat 5: kent330330 ($1.71 in chips) 
Seat 6: Minugov ($1.93 in chips) 
Seat 7: Dorex2007 ($1.55 in chips) 
Seat 8: umka186 ($2.28 in chips) 
Seat 9: cppocker30 ($2 in chips) 
umka186: posts small blind $0.01
cppocker30: posts big blind $0.02
Dubniam905: posts big blind $0.02
*** HOLE CARDS ***
Dealt to Dorex2007 [Js 6d]
$CALP-J: folds 
azores66: calls $0.02
Dk10771: folds 
Dubniam905: checks 
kent330330: folds 
Minugov: folds 
Dorex2007: folds 
umka186: raises $0.08 to $0.10
cppocker30: raises $0.34 to $0.44
azores66: folds 
Dubniam905: folds 
umka186: folds 
Uncalled bet ($0.34) returned to cppocker30
cppocker30 collected $0.24 from pot
cppocker30: doesn't show hand 
*** SUMMARY ***
Total pot $0.24 | Rake $0 
Seat 1: $CALP-J folded before Flop (didn't bet)
Seat 2: azores66 folded before Flop
Seat 3: Dk10771 folded before Flop (didn't bet)
Seat 4: Dubniam905 folded before Flop (didn't bet)
Seat 5: kent330330 folded before Flop (didn't bet)
Seat 6: Minugov folded before Flop (didn't bet)
Seat 7: Dorex2007 (button) folded before Flop (didn't bet)
Seat 8: umka186 (small blind) folded before Flop
Seat 9: cppocker30 (big blind) collected ($0.24)



PokerStars Hand #224748222507:  Hold'em No Limit ($0.01/$0.02 USD) - 2021/03/12 19:07:19 PT [2021/03/12 22:07:19 ET]
Table 'Libera III' 9-max Seat #8 is the button
Seat 1: $CALP-J ($1.54 in chips) 
Seat 2: azores66 ($0.52 in chips) 
Seat 3: Dk10771 ($2.88 in chips) 
Seat 4: Dubniam905 ($1.58 in chips) 
Seat 5: kent330330 ($1.71 in chips) 
Seat 6: Minugov ($1.93 in chips) 
Seat 7: Dorex2007 ($1.55 in chips) 
Seat 8: umka186 ($2.18 in chips) 
Seat 9: cppocker30 ($2.14 in chips) 
cppocker30: posts small blind $0.01
$CALP-J: posts big blind $0.02
*** HOLE CARDS ***
Dealt to Dorex2007 [5c 2h]
azores66: calls $0.02
Dk10771: folds 
Dubniam905: calls $0.02
kent330330: folds 
Minugov: folds 
Dorex2007: folds 
umka186: folds 
cppocker30: folds 
$CALP-J: checks 
*** FLOP *** [Kc Kh 4h]
$CALP-J: checks 
azores66: checks 
Dubniam905: checks 
*** TURN *** [Kc Kh 4h] [5d]
$CALP-J: checks 
azores66: checks 
Dubniam905: checks 
*** RIVER *** [Kc Kh 4h 5d] [6s]
$CALP-J: checks 
azores66: bets $0.02
Dubniam905: folds 
$CALP-J: folds 
Uncalled bet ($0.02) returned to azores66
azores66 collected $0.07 from pot
azores66: doesn't show hand 
*** SUMMARY ***
Total pot $0.07 | Rake $0 
Board [Kc Kh 4h 5d 6s]
Seat 1: $CALP-J (big blind) folded on the River
Seat 2: azores66 collected ($0.07)
Seat 3: Dk10771 folded before Flop (didn't bet)
Seat 4: Dubniam905 folded on the River
Seat 5: kent330330 folded before Flop (didn't bet)
Seat 6: Minugov folded before Flop (didn't bet)
Seat 7: Dorex2007 folded before Flop (didn't bet)
Seat 8: umka186 (button) folded before Flop (didn't bet)
Seat 9: cppocker30 (small blind) folded before Flop



PokerStars Hand #224748242663:  Hold'em No Limit ($0.01/$0.02 USD) - 2021/03/12 19:08:18 PT [2021/03/12 22:08:18 ET]
Table 'Libera III' 9-max Seat #9 is the button
Seat 1: $CALP-J ($1.98 in chips) 
Seat 2: azores66 ($0.57 in chips) 
Seat 3: Dk10771 ($2.88 in chips) 
Seat 4: Dubniam905 ($1.56 in chips) 
Seat 5: kent330330 ($1.71 in chips) 
Seat 6: Minugov ($1.93 in chips) 
Seat 7: Dorex2007 ($1.55 in chips) 
Seat 8: umka186 ($2.18 in chips) 
Seat 9: cppocker30 ($2.13 in chips) 
$CALP-J: posts small blind $0.01
azores66: posts big blind $0.02
*** HOLE CARDS ***
Dealt to Dorex2007 [Kd 5d]
Dk10771: calls $0.02
Dubniam905: folds 
kent330330: folds 
Minugov: folds 
Dorex2007: folds 
umka186: folds 
cppocker30: folds 
$CALP-J: folds 
azores66: checks 
*** FLOP *** [Ad Jh Tc]
azores66: checks 
Dk10771: bets $0.02
azores66: calls $0.02
*** TURN *** [Ad Jh Tc] [2h]
azores66: checks 
Dk10771: bets $0.04
azores66: calls $0.04
*** RIVER *** [Ad Jh Tc 2h] [9d]
azores66: checks 
Dk10771: bets $0.10
azores66: folds 
Uncalled bet ($0.10) returned to Dk10771
Dk10771 collected $0.16 from pot
Dk10771: doesn't show hand 
*** SUMMARY ***
Total pot $0.17 | Rake $0.01 
Board [Ad Jh Tc 2h 9d]
Seat 1: $CALP-J (small blind) folded before Flop
Seat 2: azores66 (big blind) folded on the River
Seat 3: Dk10771 collected ($0.16)
Seat 4: Dubniam905 folded before Flop (didn't bet)
Seat 5: kent330330 folded before Flop (didn't bet)
Seat 6: Minugov folded before Flop (didn't bet)
Seat 7: Dorex2007 folded before Flop (didn't bet)
Seat 8: umka186 folded before Flop (didn't bet)
Seat 9: cppocker30 (button) folded before Flop (didn't bet)



PokerStars Hand #224748262247:  Hold'em No Limit ($0.01/$0.02 USD) - 2021/03/12 19:09:15 PT [2021/03/12 22:09:15 ET]
Table 'Libera III' 9-max Seat #1 is the button
Seat 1: $CALP-J ($1.97 in chips) 
Seat 2: azores66 ($0.49 in chips) 
Seat 3: Dk10771 ($2.96 in chips) 
Seat 4: Dubniam905 ($1.56 in chips) 
Seat 5: kent330330 ($1.71 in chips) 
Seat 6: Minugov ($1.93 in chips) 
Seat 7: Dorex2007 ($1.55 in chips) 
Seat 8: umka186 ($2.18 in chips) 
Seat 9: cppocker30 ($2.13 in chips) 
azores66: posts small blind $0.01
Dk10771: posts big blind $0.02
*** HOLE CARDS ***
Dealt to Dorex2007 [Th Ac]
Dubniam905: calls $0.02
kent330330: calls $0.02
Minugov: folds 
Dorex2007: folds 
umka186: folds 
cppocker30: folds 
$CALP-J: folds 
azores66: calls $0.01
Dk10771: checks 
*** FLOP *** [2s Qd 5c]
azores66: checks 
Dk10771: checks 
Dubniam905: checks 
kent330330: bets $0.06
azores66: folds 
Dk10771: folds 
Dubniam905: folds 
Uncalled bet ($0.06) returned to kent330330
kent330330 collected $0.08 from pot
kent330330: doesn't show hand 
*** SUMMARY ***
Total pot $0.08 | Rake $0 
Board [2s Qd 5c]
Seat 1: $CALP-J (button) folded before Flop (didn't bet)
Seat 2: azores66 (small blind) folded on the Flop
Seat 3: Dk10771 (big blind) folded on the Flop
Seat 4: Dubniam905 folded on the Flop
Seat 5: kent330330 collected ($0.08)
Seat 6: Minugov folded before Flop (didn't bet)
Seat 7: Dorex2007 folded before Flop (didn't bet)
Seat 8: umka186 folded before Flop (didn't bet)
Seat 9: cppocker30 folded before Flop (didn't bet)



PokerStars Hand #224748276384:  Hold'em No Limit ($0.01/$0.02 USD) - 2021/03/12 19:09:56 PT [2021/03/12 22:09:56 ET]
Table 'Libera III' 9-max Seat #2 is the button
Seat 1: $CALP-J ($1.97 in chips) 
Seat 2: azores66 ($0.47 in chips) 
Seat 3: Dk10771 ($2.94 in chips) 
Seat 4: Dubniam905 ($1.54 in chips) 
Seat 5: kent330330 ($1.77 in chips) 
Seat 6: Minugov ($1.93 in chips) 
Seat 7: Dorex2007 ($1.55 in chips) 
Seat 8: umka186 ($2.18 in chips) 
Seat 9: cppocker30 ($2.13 in chips) 
Dk10771: posts small blind $0.01
Dubniam905: posts big blind $0.02
*** HOLE CARDS ***
Dealt to Dorex2007 [Ac Qh]
kent330330: folds 
Minugov: raises $0.06 to $0.08
Dorex2007: raises $0.14 to $0.22
umka186: folds 
cppocker30: folds 
$CALP-J: folds 
azores66: folds 
Dk10771: folds 
Dubniam905: folds 
Minugov: folds 
Uncalled bet ($0.14) returned to Dorex2007
Dorex2007 collected $0.19 from pot
Dorex2007: doesn't show hand 
*** SUMMARY ***
Total pot $0.19 | Rake $0 
Seat 1: $CALP-J folded before Flop (didn't bet)
Seat 2: azores66 (button) folded before Flop (didn't bet)
Seat 3: Dk10771 (small blind) folded before Flop
Seat 4: Dubniam905 (big blind) folded before Flop
Seat 5: kent330330 folded before Flop (didn't bet)
Seat 6: Minugov folded before Flop
Seat 7: Dorex2007 collected ($0.19)
Seat 8: umka186 folded before Flop (didn't bet)
Seat 9: cppocker30 folded before Flop (didn't bet)



PokerStars Hand #224748286658:  Hold'em No Limit ($0.01/$0.02 USD) - 2021/03/12 19:10:26 PT [2021/03/12 22:10:26 ET]
Table 'Libera III' 9-max Seat #3 is the button
Seat 1: $CALP-J ($1.97 in chips) 
Seat 2: azores66 ($0.47 in chips) 
Seat 3: Dk10771 ($2.93 in chips) 
Seat 4: Dubniam905 ($1.52 in chips) 
Seat 5: kent330330 ($1.77 in chips) 
Seat 6: Minugov ($1.85 in chips) 
Seat 7: Dorex2007 ($1.66 in chips) 
Seat 8: umka186 ($2.18 in chips) 
Seat 9: cppocker30 ($2.13 in chips) 
Dubniam905: posts small blind $0.01
kent330330: posts big blind $0.02
*** HOLE CARDS ***
Dealt to Dorex2007 [7s 9c]
Minugov: folds 
Dorex2007: folds 
umka186: folds 
cppocker30: folds 
$CALP-J: raises $0.04 to $0.06
azores66: folds 
Dk10771: calls $0.06
Dubniam905: folds 
kent330330: folds 
*** FLOP *** [8s Qc 3c]
$CALP-J: checks 
Dk10771: checks 
*** TURN *** [8s Qc 3c] [9h]
$CALP-J: checks 
Dk10771: checks 
*** RIVER *** [8s Qc 3c 9h] [Th]
$CALP-J: checks 
Dk10771: bets $0.20
$CALP-J: folds 
Uncalled bet ($0.20) returned to Dk10771
Dk10771 collected $0.14 from pot
Dk10771: doesn't show hand 
*** SUMMARY ***
Total pot $0.15 | Rake $0.01 
Board [8s Qc 3c 9h Th]
Seat 1: $CALP-J folded on the River
Seat 2: azores66 folded before Flop (didn't bet)
Seat 3: Dk10771 (button) collected ($0.14)
Seat 4: Dubniam905 (small blind) folded before Flop
Seat 5: kent330330 (big blind) folded before Flop
Seat 6: Minugov folded before Flop (didn't bet)
Seat 7: Dorex2007 folded before Flop (didn't bet)
Seat 8: umka186 folded before Flop (didn't bet)
Seat 9: cppocker30 folded before Flop (didn't bet)



PokerStars Hand #224748317201:  Hold'em No Limit ($0.01/$0.02 USD) - 2021/03/12 19:11:43 PT [2021/03/12 22:11:43 ET]
Table 'Libera III' 9-max Seat #4 is the button
Seat 1: $CALP-J ($1.91 in chips) 
Seat 2: azores66 ($0.47 in chips) 
Seat 3: Dk10771 ($3.01 in chips) 
Seat 4: Dubniam905 ($1.51 in chips) 
Seat 5: kent330330 ($1.75 in chips) 
Seat 6: Minugov ($1.85 in chips) 
Seat 7: Dorex2007 ($1.66 in chips) 
Seat 8: umka186 ($2.18 in chips) 
Seat 9: cppocker30 ($2.13 in chips) 
kent330330: posts small blind $0.01
Minugov: posts big blind $0.02
*** HOLE CARDS ***
Dealt to Dorex2007 [Qh Jd]
Dorex2007: folds 
umka186: folds 
cppocker30: folds 
$CALP-J: folds 
azores66: calls $0.02
Dk10771: folds 
Dubniam905: calls $0.02
kent330330: folds 
Minugov: checks 
*** FLOP *** [8c Jh 6d]
Minugov: checks 
azores66: checks 
Dubniam905: checks 
*** TURN *** [8c Jh 6d] [Jc]
Minugov: checks 
azores66: bets $0.04
Dubniam905: folds 
Minugov: folds 
Uncalled bet ($0.04) returned to azores66
azores66 collected $0.07 from pot
azores66: doesn't show hand 
*** SUMMARY ***
Total pot $0.07 | Rake $0 
Board [8c Jh 6d Jc]
Seat 1: $CALP-J folded before Flop (didn't bet)
Seat 2: azores66 collected ($0.07)
Seat 3: Dk10771 folded before Flop (didn't bet)
Seat 4: Dubniam905 (button) folded on the Turn
Seat 5: kent330330 (small blind) folded before Flop
Seat 6: Minugov (big blind) folded on the Turn
Seat 7: Dorex2007 folded before Flop (didn't bet)
Seat 8: umka186 folded before Flop (didn't bet)
Seat 9: cppocker30 folded before Flop (didn't bet)



PokerStars Hand #224748331278:  Hold'em No Limit ($0.01/$0.02 USD) - 2021/03/12 19:12:23 PT [2021/03/12 22:12:23 ET]
Table 'Libera III' 9-max Seat #5 is the button
Seat 1: $CALP-J ($1.91 in chips) 
Seat 2: azores66 ($0.52 in chips) 
Seat 3: Dk10771 ($3.01 in chips) 
Seat 4: Dubniam905 ($1.49 in chips) 
Seat 5: kent330330 ($1.74 in chips) 
Seat 6: Minugov ($1.83 in chips) 
Seat 7: Dorex2007 ($1.66 in chips) 
Seat 8: umka186 ($2.18 in chips) 
Seat 9: cppocker30 ($2.13 in chips) 
Minugov: posts small blind $0.01
Dorex2007: posts big blind $0.02
*** HOLE CARDS ***
Dealt to Dorex2007 [9s 2s]
umka186: folds 
cppocker30: raises $0.04 to $0.06
$CALP-J: folds 
azores66: folds 
Dk10771: calls $0.06
Dubniam905: folds 
kent330330: folds 
Minugov: folds 
Dorex2007: folds 
*** FLOP *** [7h 3s 3d]
cppocker30: bets $0.07
Dk10771: folds 
Uncalled bet ($0.07) returned to cppocker30
cppocker30 collected $0.14 from pot
cppocker30: doesn't show hand 
*** SUMMARY ***
Total pot $0.15 | Rake $0.01 
Board [7h 3s 3d]
Seat 1: $CALP-J folded before Flop (didn't bet)
Seat 2: azores66 folded before Flop (didn't bet)
Seat 3: Dk10771 folded on the Flop
Seat 4: Dubniam905 folded before Flop (didn't bet)
Seat 5: kent330330 (button) folded before Flop (didn't bet)
Seat 6: Minugov (small blind) folded before Flop
Seat 7: Dorex2007 (big blind) folded before Flop
Seat 8: umka186 folded before Flop (didn't bet)
Seat 9: cppocker30 collected ($0.14)



PokerStars Hand #224748341584:  Hold'em No Limit ($0.01/$0.02 USD) - 2021/03/12 19:12:54 PT [2021/03/12 22:12:54 ET]
Table 'Libera III' 9-max Seat #6 is the button
Seat 1: $CALP-J ($1.91 in chips) 
Seat 2: azores66 ($0.52 in chips) 
Seat 3: Dk10771 ($2.95 in chips) 
Seat 4: Dubniam905 ($1.49 in chips) 
Seat 5: kent330330 ($1.74 in chips) 
Seat 6: Minugov ($1.82 in chips) 
Seat 7: Dorex2007 ($1.64 in chips) 
Seat 8: umka186 ($2.18 in chips) 
Seat 9: cppocker30 ($2.21 in chips) 
Dorex2007: posts small blind $0.01
umka186: posts big blind $0.02
*** HOLE CARDS ***
Dealt to Dorex2007 [2c Jh]
cppocker30: folds 
$CALP-J: folds 
azores66: calls $0.02
Dk10771: calls $0.02
Dubniam905: calls $0.02
kent330330: folds 
Minugov: folds 
Dorex2007: folds 
umka186: checks 
*** FLOP *** [6h 9c Qc]
umka186: bets $0.05
azores66: folds 
Dk10771: folds 
Dubniam905: raises $0.05 to $0.10
umka186: calls $0.05
*** TURN *** [6h 9c Qc] [7h]
umka186: checks 
Dubniam905: bets $0.08
umka186: calls $0.08
*** RIVER *** [6h 9c Qc 7h] [Ac]
umka186: checks 
Dubniam905: checks 
*** SHOW DOWN ***
umka186: shows [5c 6c] (a flush, Ace high)
Dubniam905: mucks hand 
umka186 collected $0.43 from pot
*** SUMMARY ***
Total pot $0.45 | Rake $0.02 
Board [6h 9c Qc 7h Ac]
Seat 1: $CALP-J folded before Flop (didn't bet)
Seat 2: azores66 folded on the Flop
Seat 3: Dk10771 folded on the Flop
Seat 4: Dubniam905 mucked [3h Qh]
Seat 5: kent330330 folded before Flop (didn't bet)
Seat 6: Minugov (button) folded before Flop (didn't bet)
Seat 7: Dorex2007 (small blind) folded before Flop
Seat 8: umka186 (big blind) showed [5c 6c] and won ($0.43) with a flush, Ace high
Seat 9: cppocker30 folded before Flop (didn't bet)



PokerStars Hand #224748360427:  Hold'em No Limit ($0.01/$0.02 USD) - 2021/03/12 19:13:48 PT [2021/03/12 22:13:48 ET]
Table 'Libera III' 9-max Seat #7 is the button
Seat 1: $CALP-J ($1.91 in chips) 
Seat 2: azores66 ($0.50 in chips) 
Seat 3: Dk10771 ($2.93 in chips) 
Seat 4: Dubniam905 ($1.29 in chips) 
Seat 5: kent330330 ($1.74 in chips) 
Seat 6: Minugov ($1.82 in chips) 
Seat 7: Dorex2007 ($1.63 in chips) 
Seat 8: umka186 ($2.41 in chips) 
Seat 9: cppocker30 ($2.21 in chips) 
umka186: posts small blind $0.01
cppocker30: posts big blind $0.02
*** HOLE CARDS ***
Dealt to Dorex2007 [As Jh]
$CALP-J: folds 
azores66: calls $0.02
Dk10771: folds 
Dubniam905: raises $0.02 to $0.04
kent330330: folds 
Minugov: folds 
Dorex2007: folds 
umka186: folds 
cppocker30: folds 
azores66: calls $0.02
*** FLOP *** [Qc 3s 9s]
azores66: checks 
Dubniam905: bets $0.02
azores66: calls $0.02
*** TURN *** [Qc 3s 9s] [4s]
azores66: checks 
Dubniam905: bets $0.02
azores66: raises $0.02 to $0.04
Dubniam905: raises $0.02 to $0.06
azores66: calls $0.02
*** RIVER *** [Qc 3s 9s 4s] [6s]
azores66: checks 
Dubniam905: bets $0.02
azores66: raises $0.04 to $0.06
Dubniam905: calls $0.04
*** SHOW DOWN ***
azores66: shows [Ah 8s] (a flush, Nine high)
Dubniam905: mucks hand 
azores66 collected $0.38 from pot
*** SUMMARY ***
Total pot $0.39 | Rake $0.01 
Board [Qc 3s 9s 4s 6s]
Seat 1: $CALP-J folded before Flop (didn't bet)
Seat 2: azores66 showed [Ah 8s] and won ($0.38) with a flush, Nine high
Seat 3: Dk10771 folded before Flop (didn't bet)
Seat 4: Dubniam905 mucked [Qh Qd]
Seat 5: kent330330 folded before Flop (didn't bet)
Seat 6: Minugov folded before Flop (didn't bet)
Seat 7: Dorex2007 (button) folded before Flop (didn't bet)
Seat 8: umka186 (small blind) folded before Flop
Seat 9: cppocker30 (big blind) folded before Flop



PokerStars Hand #224748384245:  Hold'em No Limit ($0.01/$0.02 USD) - 2021/03/12 19:14:59 PT [2021/03/12 22:14:59 ET]
Table 'Libera III' 9-max Seat #8 is the button
Seat 1: $CALP-J ($1.91 in chips) 
Seat 2: azores66 ($0.70 in chips) 
Seat 3: Dk10771 ($2.93 in chips) 
Seat 4: Dubniam905 ($1.11 in chips) 
Seat 5: kent330330 ($1.74 in chips) 
Seat 6: Minugov ($1.82 in chips) 
Seat 7: Dorex2007 ($1.63 in chips) 
Seat 8: umka186 ($2.40 in chips) 
Seat 9: cppocker30 ($2.19 in chips) 
cppocker30: posts small blind $0.01
$CALP-J: posts big blind $0.02
*** HOLE CARDS ***
Dealt to Dorex2007 [9d 8d]
azores66: folds 
Dk10771: folds 
Dubniam905: folds 
kent330330: folds 
Minugov: folds 
Dorex2007: raises $0.04 to $0.06
umka186: folds 
cppocker30: folds 
$CALP-J: calls $0.04
*** FLOP *** [8s 9h 2s]
$CALP-J: checks 
Dorex2007: bets $0.07
$CALP-J: folds 
Uncalled bet ($0.07) returned to Dorex2007
Dorex2007 collected $0.13 from pot
Dorex2007: doesn't show hand 
*** SUMMARY ***
Total pot $0.13 | Rake $0 
Board [8s 9h 2s]
Seat 1: $CALP-J (big blind) folded on the Flop
Seat 2: azores66 folded before Flop (didn't bet)
Seat 3: Dk10771 folded before Flop (didn't bet)
Seat 4: Dubniam905 folded before Flop (didn't bet)
Seat 5: kent330330 folded before Flop (didn't bet)
Seat 6: Minugov folded before Flop (didn't bet)
Seat 7: Dorex2007 collected ($0.13)
Seat 8: umka186 (button) folded before Flop (didn't bet)
Seat 9: cppocker30 (small blind) folded before Flop



PokerStars Hand #224748396526:  Hold'em No Limit ($0.01/$0.02 USD) - 2021/03/12 19:15:35 PT [2021/03/12 22:15:35 ET]
Table 'Libera III' 9-max Seat #9 is the button
Seat 1: $CALP-J ($1.85 in chips) 
Seat 2: azores66 ($0.70 in chips) 
Seat 3: Dk10771 ($2.93 in chips) 
Seat 4: Dubniam905 ($1.11 in chips) 
Seat 5: kent330330 ($1.74 in chips) 
Seat 6: Minugov ($1.82 in chips) 
Seat 7: Dorex2007 ($1.70 in chips) 
Seat 8: umka186 ($2.40 in chips) 
Seat 9: cppocker30 ($2.18 in chips) 
$CALP-J: posts small blind $0.01
azores66: posts big blind $0.02
*** HOLE CARDS ***
Dealt to Dorex2007 [6s Qh]
Dk10771: folds 
Dubniam905: calls $0.02
kent330330: folds 
Minugov: raises $0.06 to $0.08
Dorex2007: folds 
umka186: folds 
cppocker30: folds 
$CALP-J: folds 
azores66: calls $0.06
Dubniam905: calls $0.06
*** FLOP *** [2s 4c 5c]
azores66: checks 
Dubniam905: checks 
Minugov: checks 
*** TURN *** [2s 4c 5c] [Jh]
azores66: checks 
Dubniam905: bets $0.02
Minugov: calls $0.02
azores66: calls $0.02
*** RIVER *** [2s 4c 5c Jh] [5d]
azores66: checks 
Dubniam905: bets $0.02
Minugov: folds 
azores66: calls $0.02
*** SHOW DOWN ***
Dubniam905: shows [Kh Jc] (two pair, Jacks and Fives)
azores66: mucks hand 
Dubniam905 collected $0.34 from pot
*** SUMMARY ***
Total pot $0.35 | Rake $0.01 
Board [2s 4c 5c Jh 5d]
Seat 1: $CALP-J (small blind) folded before Flop
Seat 2: azores66 (big blind) mucked [Qs As]
Seat 3: Dk10771 folded before Flop (didn't bet)
Seat 4: Dubniam905 showed [Kh Jc] and won ($0.34) with two pair, Jacks and Fives
Seat 5: kent330330 folded before Flop (didn't bet)
Seat 6: Minugov folded on the River
Seat 7: Dorex2007 folded before Flop (didn't bet)
Seat 8: umka186 folded before Flop (didn't bet)
Seat 9: cppocker30 (button) folded before Flop (didn't bet)



PokerStars Hand #224748418510:  Hold'em No Limit ($0.01/$0.02 USD) - 2021/03/12 19:16:39 PT [2021/03/12 22:16:39 ET]
Table 'Libera III' 9-max Seat #1 is the button
Seat 1: $CALP-J ($1.84 in chips) 
Seat 2: azores66 ($0.58 in chips) 
Seat 3: Dk10771 ($2.93 in chips) 
Seat 4: Dubniam905 ($1.33 in chips) 
Seat 5: kent330330 ($1.74 in chips) 
Seat 6: Minugov ($1.72 in chips) 
Seat 7: Dorex2007 ($1.70 in chips) 
Seat 8: umka186 ($2.40 in chips) 
Seat 9: cppocker30 ($2.18 in chips) 
azores66: posts small blind $0.01
Dk10771: posts big blind $0.02
*** HOLE CARDS ***
Dealt to Dorex2007 [Kc 7s]
Dubniam905: folds 
kent330330: folds 
Minugov: folds 
Dorex2007: folds 
umka186: folds 
umka186 leaves the table
cppocker30: raises $0.04 to $0.06
$CALP-J: calls $0.06
azores66: calls $0.05
Dk10771: calls $0.04
*** FLOP *** [Tc 5c Qs]
azores66: checks 
Dk10771: checks 
cppocker30: bets $0.12
$CALP-J: calls $0.12
azores66: folds 
Dk10771: folds 
*** TURN *** [Tc 5c Qs] [6h]
cppocker30: bets $0.35
$CALP-J: folds 
Uncalled bet ($0.35) returned to cppocker30
cppocker30 collected $0.46 from pot
cppocker30: doesn't show hand 
*** SUMMARY ***
Total pot $0.48 | Rake $0.02 
Board [Tc 5c Qs 6h]
Seat 1: $CALP-J (button) folded on the Turn
Seat 2: azores66 (small blind) folded on the Flop
Seat 3: Dk10771 (big blind) folded on the Flop
Seat 4: Dubniam905 folded before Flop (didn't bet)
Seat 5: kent330330 folded before Flop (didn't bet)
Seat 6: Minugov folded before Flop (didn't bet)
Seat 7: Dorex2007 folded before Flop (didn't bet)
Seat 8: umka186 folded before Flop (didn't bet)
Seat 9: cppocker30 collected ($0.46)



PokerStars Hand #224748440784:  Hold'em No Limit ($0.01/$0.02 USD) - 2021/03/12 19:17:42 PT [2021/03/12 22:17:42 ET]
Table 'Libera III' 9-max Seat #2 is the button
Seat 1: $CALP-J ($1.66 in chips) 
Seat 2: azores66 ($0.52 in chips) 
Seat 3: Dk10771 ($2.87 in chips) 
Seat 4: Dubniam905 ($1.33 in chips) 
Seat 5: kent330330 ($1.74 in chips) 
Seat 6: Minugov ($1.72 in chips) 
Seat 7: Dorex2007 ($1.70 in chips) 
Seat 9: cppocker30 ($2.46 in chips) 
Dk10771: posts small blind $0.01
Dubniam905: posts big blind $0.02
*** HOLE CARDS ***
Dealt to Dorex2007 [3s Td]
kent330330: folds 
Minugov: folds 
Dorex2007: folds 
cppocker30: folds 
$CALP-J: folds 
SomeCash joins the table at seat #8 
azores66: folds 
Dk10771: folds 
Uncalled bet ($0.01) returned to Dubniam905
Dubniam905 collected $0.02 from pot
Dubniam905: doesn't show hand 
*** SUMMARY ***
Total pot $0.02 | Rake $0 
Seat 1: $CALP-J folded before Flop (didn't bet)
Seat 2: azores66 (button) folded before Flop (didn't bet)
Seat 3: Dk10771 (small blind) folded before Flop
Seat 4: Dubniam905 (big blind) collected ($0.02)
Seat 5: kent330330 folded before Flop (didn't bet)
Seat 6: Minugov folded before Flop (didn't bet)
Seat 7: Dorex2007 folded before Flop (didn't bet)
Seat 9: cppocker30 folded before Flop (didn't bet)



PokerStars Hand #224748450614:  Hold'em No Limit ($0.01/$0.02 USD) - 2021/03/12 19:17:58 PT [2021/03/12 22:17:58 ET]
Table 'Libera III' 9-max Seat #3 is the button
Seat 1: $CALP-J ($1.66 in chips) 
Seat 2: azores66 ($0.52 in chips) 
Seat 3: Dk10771 ($2.86 in chips) 
Seat 4: Dubniam905 ($1.34 in chips) 
Seat 5: kent330330 ($1.74 in chips) 
Seat 6: Minugov ($1.72 in chips) 
Seat 7: Dorex2007 ($1.70 in chips) 
Seat 8: SomeCash ($1.60 in chips) 
Seat 9: cppocker30 ($2.46 in chips) 
Dubniam905: posts small blind $0.01
kent330330: posts big blind $0.02
SomeCash: posts big blind $0.02
*** HOLE CARDS ***
Dealt to Dorex2007 [8s 3s]
Minugov: folds 
Dorex2007: folds 
SomeCash: checks 
cppocker30: folds 
$CALP-J: raises $0.10 to $0.12
azores66: folds 
Dk10771: folds 
Dubniam905: folds 
kent330330: calls $0.10
SomeCash: calls $0.10
*** FLOP *** [3d 4h 7c]
kent330330: checks 
SomeCash: checks 
$CALP-J: bets $0.18
kent330330: folds 
SomeCash: calls $0.18
*** TURN *** [3d 4h 7c] [Qc]
SomeCash: checks 
$CALP-J: bets $0.40
SomeCash: calls $0.40
*** RIVER *** [3d 4h 7c Qc] [Td]
SomeCash: checks 
$CALP-J: bets $0.52
SomeCash: calls $0.52
*** SHOW DOWN ***
$CALP-J: shows [Qs Qh] (three of a kind, Queens)
SomeCash: mucks hand 
$CALP-J collected $2.48 from pot
*** SUMMARY ***
Total pot $2.57 | Rake $0.09 
Board [3d 4h 7c Qc Td]
Seat 1: $CALP-J showed [Qs Qh] and won ($2.48) with three of a kind, Queens
Seat 2: azores66 folded before Flop (didn't bet)
Seat 3: Dk10771 (button) folded before Flop (didn't bet)
Seat 4: Dubniam905 (small blind) folded before Flop
Seat 5: kent330330 (big blind) folded on the Flop
Seat 6: Minugov folded before Flop (didn't bet)
Seat 7: Dorex2007 folded before Flop (didn't bet)
Seat 8: SomeCash mucked [Tc 9c]
Seat 9: cppocker30 folded before Flop (didn't bet)



PokerStars Hand #224748488246:  Hold'em No Limit ($0.01/$0.02 USD) - 2021/03/12 19:19:20 PT [2021/03/12 22:19:20 ET]
Table 'Libera III' 9-max Seat #4 is the button
Seat 1: $CALP-J ($2.92 in chips) 
Seat 2: azores66 ($0.52 in chips) 
Seat 3: Dk10771 ($2.86 in chips) 
Seat 4: Dubniam905 ($1.33 in chips) 
Seat 5: kent330330 ($1.62 in chips) 
Seat 6: Minugov ($1.72 in chips) 
Seat 7: Dorex2007 ($1.70 in chips) 
Seat 8: SomeCash ($0.38 in chips) 
Seat 9: cppocker30 ($2.46 in chips) 
kent330330: posts small blind $0.01
Minugov: posts big blind $0.02
*** HOLE CARDS ***
Dealt to Dorex2007 [Ks 9d]
Dorex2007: folds 
SomeCash: folds 
cppocker30: raises $0.04 to $0.06
$CALP-J: folds 
azores66: folds 
Dk10771: folds 
Dubniam905: folds 
kent330330: folds 
Minugov: folds 
Uncalled bet ($0.04) returned to cppocker30
cppocker30 collected $0.05 from pot
cppocker30: doesn't show hand 
*** SUMMARY ***
Total pot $0.05 | Rake $0 
Seat 1: $CALP-J folded before Flop (didn't bet)
Seat 2: azores66 folded before Flop (didn't bet)
Seat 3: Dk10771 folded before Flop (didn't bet)
Seat 4: Dubniam905 (button) folded before Flop (didn't bet)
Seat 5: kent330330 (small blind) folded before Flop
Seat 6: Minugov (big blind) folded before Flop
Seat 7: Dorex2007 folded before Flop (didn't bet)
Seat 8: SomeCash folded before Flop (didn't bet)
Seat 9: cppocker30 collected ($0.05)



PokerStars Hand #224748494840:  Hold'em No Limit ($0.01/$0.02 USD) - 2021/03/12 19:19:39 PT [2021/03/12 22:19:39 ET]
Table 'Libera III' 9-max Seat #5 is the button
Seat 1: $CALP-J ($2.92 in chips) 
Seat 2: azores66 ($0.52 in chips) 
Seat 3: Dk10771 ($2.86 in chips) 
Seat 4: Dubniam905 ($1.33 in chips) 
Seat 5: kent330330 ($1.61 in chips) 
Seat 6: Minugov ($1.70 in chips) 
Seat 7: Dorex2007 ($1.70 in chips) 
Seat 8: SomeCash ($0.38 in chips) 
Seat 9: cppocker30 ($2.49 in chips) 
Minugov: posts small blind $0.01
Dorex2007: posts big blind $0.02
*** HOLE CARDS ***
Dealt to Dorex2007 [6s 2d]
SomeCash: raises $0.02 to $0.04
cppocker30: folds 
$CALP-J: folds 
azores66: folds 
Dk10771: calls $0.04
Dubniam905: folds 
kent330330: folds 
Minugov: folds 
Dorex2007: folds 
*** FLOP *** [Td Qc 7d]
SomeCash: bets $0.06
Dk10771: folds 
Uncalled bet ($0.06) returned to SomeCash
SomeCash collected $0.11 from pot
*** SUMMARY ***
Total pot $0.11 | Rake $0 
Board [Td Qc 7d]
Seat 1: $CALP-J folded before Flop (didn't bet)
Seat 2: azores66 folded before Flop (didn't bet)
Seat 3: Dk10771 folded on the Flop
Seat 4: Dubniam905 folded before Flop (didn't bet)
Seat 5: kent330330 (button) folded before Flop (didn't bet)
Seat 6: Minugov (small blind) folded before Flop
Seat 7: Dorex2007 (big blind) folded before Flop
Seat 8: SomeCash collected ($0.11)
Seat 9: cppocker30 folded before Flop (didn't bet)



PokerStars Hand #224748509265:  Hold'em No Limit ($0.01/$0.02 USD) - 2021/03/12 19:20:22 PT [2021/03/12 22:20:22 ET]
Table 'Libera III' 9-max Seat #6 is the button
Seat 1: $CALP-J ($2.92 in chips) 
Seat 2: azores66 ($0.52 in chips) 
Seat 3: Dk10771 ($2.82 in chips) 
Seat 4: Dubniam905 ($1.33 in chips) 
Seat 5: kent330330 ($1.61 in chips) 
Seat 6: Minugov ($1.69 in chips) 
Seat 7: Dorex2007 ($1.68 in chips) 
Seat 8: SomeCash ($0.45 in chips) 
Seat 9: cppocker30 ($2.49 in chips) 
Dorex2007: posts small blind $0.01
SomeCash: posts big blind $0.02
*** HOLE CARDS ***
Dealt to Dorex2007 [Kh 5d]
cppocker30: folds 
$CALP-J: folds 
azores66: calls $0.02
Dk10771: folds 
Dubniam905: folds 
kent330330: folds 
Minugov: raises $0.04 to $0.06
Dorex2007: folds 
SomeCash: calls $0.04
azores66: calls $0.04
*** FLOP *** [Qd 5c Ts]
SomeCash: checks 
azores66: checks 
Minugov: bets $0.12
SomeCash: calls $0.12
azores66: folds 
*** TURN *** [Qd 5c Ts] [9d]
SomeCash: checks 
Minugov: checks 
*** RIVER *** [Qd 5c Ts 9d] [5s]
SomeCash: bets $0.27 and is all-in
Minugov: folds 
Uncalled bet ($0.27) returned to SomeCash
SomeCash collected $0.41 from pot
*** SUMMARY ***
Total pot $0.43 | Rake $0.02 
Board [Qd 5c Ts 9d 5s]
Seat 1: $CALP-J folded before Flop (didn't bet)
Seat 2: azores66 folded on the Flop
Seat 3: Dk10771 folded before Flop (didn't bet)
Seat 4: Dubniam905 folded before Flop (didn't bet)
Seat 5: kent330330 folded before Flop (didn't bet)
Seat 6: Minugov (button) folded on the River
Seat 7: Dorex2007 (small blind) folded before Flop
Seat 8: SomeCash (big blind) collected ($0.41)
Seat 9: cppocker30 folded before Flop (didn't bet)



PokerStars Hand #224748536589:  Hold'em No Limit ($0.01/$0.02 USD) - 2021/03/12 19:21:44 PT [2021/03/12 22:21:44 ET]
Table 'Libera III' 9-max Seat #7 is the button
Seat 1: $CALP-J ($2.92 in chips) 
Seat 2: azores66 ($0.46 in chips) 
Seat 3: Dk10771 ($2.82 in chips) 
Seat 4: Dubniam905 ($1.33 in chips) 
Seat 5: kent330330 ($1.61 in chips) 
Seat 6: Minugov ($1.51 in chips) 
Seat 7: Dorex2007 ($1.67 in chips) 
Seat 8: SomeCash ($0.68 in chips) 
Seat 9: cppocker30 ($2.49 in chips) 
SomeCash: posts small blind $0.01
cppocker30: posts big blind $0.02
*** HOLE CARDS ***
Dealt to Dorex2007 [6d 8d]
$CALP-J: folds 
azores66: folds 
Dk10771: folds 
Dubniam905: calls $0.02
kent330330: calls $0.02
Minugov: raises $0.02 to $0.04
Dorex2007: folds 
SomeCash: folds 
cppocker30: folds 
Dubniam905: calls $0.02
kent330330: calls $0.02
*** FLOP *** [9h 3h Jh]
Dubniam905: bets $0.02
kent330330: calls $0.02
Minugov: folds 
*** TURN *** [9h 3h Jh] [Qs]
Dubniam905: checks 
kent330330: checks 
*** RIVER *** [9h 3h Jh Qs] [5d]
Dubniam905: bets $0.02
kent330330: calls $0.02
*** SHOW DOWN ***
Dubniam905: shows [Td Jc] (a pair of Jacks)
kent330330: mucks hand 
Dubniam905 collected $0.22 from pot
*** SUMMARY ***
Total pot $0.23 | Rake $0.01 
Board [9h 3h Jh Qs 5d]
Seat 1: $CALP-J folded before Flop (didn't bet)
Seat 2: azores66 folded before Flop (didn't bet)
Seat 3: Dk10771 folded before Flop (didn't bet)
Seat 4: Dubniam905 showed [Td Jc] and won ($0.22) with a pair of Jacks
Seat 5: kent330330 mucked [7d 7h]
Seat 6: Minugov folded on the Flop
Seat 7: Dorex2007 (button) folded before Flop (didn't bet)
Seat 8: SomeCash (small blind) folded before Flop
Seat 9: cppocker30 (big blind) folded before Flop



PokerStars Hand #224748559183:  Hold'em No Limit ($0.01/$0.02 USD) - 2021/03/12 19:22:53 PT [2021/03/12 22:22:53 ET]
Table 'Libera III' 9-max Seat #8 is the button
Seat 1: $CALP-J ($2.92 in chips) 
Seat 2: azores66 ($0.46 in chips) 
Seat 3: Dk10771 ($2.82 in chips) 
Seat 4: Dubniam905 ($1.47 in chips) 
Seat 5: kent330330 ($1.53 in chips) 
Seat 6: Minugov ($1.47 in chips) 
Seat 7: Dorex2007 ($1.67 in chips) 
Seat 8: SomeCash ($0.67 in chips) 
Seat 9: cppocker30 ($2.47 in chips) 
cppocker30: posts small blind $0.01
$CALP-J: posts big blind $0.02
*** HOLE CARDS ***
Dealt to Dorex2007 [5d Kh]
azores66: calls $0.02
Dk10771: calls $0.02
Dubniam905: folds 
kent330330: folds 
Minugov: folds 
Dorex2007: folds 
SomeCash: raises $0.03 to $0.05
cppocker30: folds 
$CALP-J: calls $0.03
azores66: calls $0.03
Dk10771: calls $0.03
*** FLOP *** [2h Jh 6h]
$CALP-J: checks 
azores66: checks 
Dk10771: checks 
SomeCash: bets $0.10
$CALP-J: folds 
azores66: calls $0.10
Dk10771: folds 
*** TURN *** [2h Jh 6h] [Qh]
azores66: checks 
SomeCash: bets $0.20
azores66: raises $0.11 to $0.31 and is all-in
SomeCash: folds 
Uncalled bet ($0.11) returned to azores66
azores66 collected $0.78 from pot
azores66: doesn't show hand 
*** SUMMARY ***
Total pot $0.81 | Rake $0.03 
Board [2h Jh 6h Qh]
Seat 1: $CALP-J (big blind) folded on the Flop
Seat 2: azores66 collected ($0.78)
Seat 3: Dk10771 folded on the Flop
Seat 4: Dubniam905 folded before Flop (didn't bet)
Seat 5: kent330330 folded before Flop (didn't bet)
Seat 6: Minugov folded before Flop (didn't bet)
Seat 7: Dorex2007 folded before Flop (didn't bet)
Seat 8: SomeCash (button) folded on the Turn
Seat 9: cppocker30 (small blind) folded before Flop



PokerStars Hand #224748583758:  Hold'em No Limit ($0.01/$0.02 USD) - 2021/03/12 19:24:08 PT [2021/03/12 22:24:08 ET]
Table 'Libera III' 9-max Seat #9 is the button
Seat 1: $CALP-J ($2.87 in chips) 
Seat 2: azores66 ($0.89 in chips) 
Seat 3: Dk10771 ($2.77 in chips) 
Seat 4: Dubniam905 ($1.47 in chips) 
Seat 5: kent330330 ($1.53 in chips) 
Seat 6: Minugov ($1.47 in chips) 
Seat 7: Dorex2007 ($1.67 in chips) 
Seat 8: SomeCash ($0.32 in chips) 
Seat 9: cppocker30 ($2.46 in chips) 
$CALP-J: posts small blind $0.01
azores66: posts big blind $0.02
*** HOLE CARDS ***
Dealt to Dorex2007 [7c Tc]
Dk10771: folds 
Dubniam905: folds 
kent330330: raises $0.05 to $0.07
Minugov: folds 
Dorex2007: folds 
SomeCash: folds 
cppocker30: folds 
$CALP-J: folds 
azores66: calls $0.05
*** FLOP *** [5c 8h 9s]
azores66: checks 
kent330330: bets $0.09
azores66: folds 
Uncalled bet ($0.09) returned to kent330330
kent330330 collected $0.14 from pot
SomeCash leaves the table
kent330330: doesn't show hand 
*** SUMMARY ***
Total pot $0.15 | Rake $0.01 
Board [5c 8h 9s]
Seat 1: $CALP-J (small blind) folded before Flop
Seat 2: azores66 (big blind) folded on the Flop
Seat 3: Dk10771 folded before Flop (didn't bet)
Seat 4: Dubniam905 folded before Flop (didn't bet)
Seat 5: kent330330 collected ($0.14)
Seat 6: Minugov folded before Flop (didn't bet)
Seat 7: Dorex2007 folded before Flop (didn't bet)
Seat 8: SomeCash folded before Flop (didn't bet)
Seat 9: cppocker30 (button) folded before Flop (didn't bet)



PokerStars Hand #224748598692:  Hold'em No Limit ($0.01/$0.02 USD) - 2021/03/12 19:24:46 PT [2021/03/12 22:24:46 ET]
Table 'Libera III' 9-max Seat #1 is the button
Seat 1: $CALP-J ($2.86 in chips) 
Seat 3: Dk10771 ($2.77 in chips) 
Seat 4: Dubniam905 ($1.47 in chips) 
Seat 5: kent330330 ($1.60 in chips) 
Seat 6: Minugov ($1.47 in chips) 
Seat 7: Dorex2007 ($1.67 in chips) 
Seat 9: cppocker30 ($2.46 in chips) 
Dk10771: posts small blind $0.01
Dubniam905: posts big blind $0.02
*** HOLE CARDS ***
Dealt to Dorex2007 [6h Ah]
kent330330: folds 
azores66 leaves the table
Minugov: folds 
Dorex2007: raises $0.04 to $0.06
cppocker30: folds 
$CALP-J: folds 
Dk10771: folds 
Dubniam905: folds 
Uncalled bet ($0.04) returned to Dorex2007
Dorex2007 collected $0.05 from pot
Dorex2007: doesn't show hand 
*** SUMMARY ***
Total pot $0.05 | Rake $0 
Seat 1: $CALP-J (button) folded before Flop (didn't bet)
Seat 3: Dk10771 (small blind) folded before Flop
Seat 4: Dubniam905 (big blind) folded before Flop
Seat 5: kent330330 folded before Flop (didn't bet)
Seat 6: Minugov folded before Flop (didn't bet)
Seat 7: Dorex2007 collected ($0.05)
Seat 9: cppocker30 folded before Flop (didn't bet)



PokerStars Hand #224748605210:  Hold'em No Limit ($0.01/$0.02 USD) - 2021/03/12 19:25:05 PT [2021/03/12 22:25:05 ET]
Table 'Libera III' 9-max Seat #3 is the button
Seat 1: $CALP-J ($2.86 in chips) 
Seat 3: Dk10771 ($2.76 in chips) 
Seat 4: Dubniam905 ($1.45 in chips) 
Seat 5: kent330330 ($1.60 in chips) 
Seat 6: Minugov ($1.47 in chips) 
Seat 7: Dorex2007 ($1.70 in chips) 
Seat 9: cppocker30 ($2.46 in chips) 
Dubniam905: posts small blind $0.01
kent330330: posts big blind $0.02
*** HOLE CARDS ***
Dealt to Dorex2007 [Ts 4c]
Minugov: raises $0.06 to $0.08
Dorex2007: folds 
cppocker30: folds 
$CALP-J: folds 
Dk10771: folds 
Dubniam905: folds 
kent330330: folds 
Uncalled bet ($0.06) returned to Minugov
Minugov collected $0.05 from pot
Minugov: doesn't show hand 
*** SUMMARY ***
Total pot $0.05 | Rake $0 
Seat 1: $CALP-J folded before Flop (didn't bet)
Seat 3: Dk10771 (button) folded before Flop (didn't bet)
Seat 4: Dubniam905 (small blind) folded before Flop
Seat 5: kent330330 (big blind) folded before Flop
Seat 6: Minugov collected ($0.05)
Seat 7: Dorex2007 folded before Flop (didn't bet)
Seat 9: cppocker30 folded before Flop (didn't bet)



PokerStars Hand #224748611159:  Hold'em No Limit ($0.01/$0.02 USD) - 2021/03/12 19:25:23 PT [2021/03/12 22:25:23 ET]
Table 'Libera III' 9-max Seat #4 is the button
Seat 1: $CALP-J ($2.86 in chips) 
Seat 3: Dk10771 ($2.76 in chips) 
Seat 4: Dubniam905 ($1.44 in chips) 
Seat 5: kent330330 ($1.58 in chips) 
Seat 7: Dorex2007 ($1.70 in chips) 
Seat 9: cppocker30 ($2.46 in chips) 
kent330330: posts small blind $0.01
Minugov: is sitting out 
Dorex2007: posts big blind $0.02
*** HOLE CARDS ***
Dealt to Dorex2007 [4c 2c]
cppocker30: folds 
Minugov leaves the table
$CALP-J: folds 
Dk10771: raises $0.02 to $0.04
Dubniam905: calls $0.04
kent330330: folds 
Dorex2007: folds 
*** FLOP *** [9d Tc 5s]
Dk10771: bets $0.02
Dubniam905: calls $0.02
*** TURN *** [9d Tc 5s] [9s]
Dk10771: bets $0.02
Dubniam905: calls $0.02
*** RIVER *** [9d Tc 5s 9s] [2d]
Dk10771: bets $0.12
Dubniam905: calls $0.12
*** SHOW DOWN ***
Dk10771: shows [Ac Ah] (two pair, Aces and Nines)
Dubniam905: mucks hand 
Dk10771 collected $0.41 from pot
*** SUMMARY ***
Total pot $0.43 | Rake $0.02 
Board [9d Tc 5s 9s 2d]
Seat 1: $CALP-J folded before Flop (didn't bet)
Seat 3: Dk10771 showed [Ac Ah] and won ($0.41) with two pair, Aces and Nines
Seat 4: Dubniam905 (button) mucked [6s 6d]
Seat 5: kent330330 (small blind) folded before Flop
Seat 7: Dorex2007 (big blind) folded before Flop
Seat 9: cppocker30 folded before Flop (didn't bet)



PokerStars Hand #224748623372:  Hold'em No Limit ($0.01/$0.02 USD) - 2021/03/12 19:26:00 PT [2021/03/12 22:26:00 ET]
Table 'Libera III' 9-max Seat #5 is the button
Seat 1: $CALP-J ($2.86 in chips) 
Seat 3: Dk10771 ($2.97 in chips) 
Seat 4: Dubniam905 ($1.24 in chips) 
Seat 5: kent330330 ($1.57 in chips) 
Seat 7: Dorex2007 ($1.68 in chips) 
Seat 9: cppocker30 ($2.46 in chips) 
Dorex2007: posts small blind $0.01
cppocker30: posts big blind $0.02
*** HOLE CARDS ***
Dealt to Dorex2007 [Qh Js]
$CALP-J: folds 
Dk10771: folds 
Dubniam905: calls $0.02
kent330330: folds 
Dorex2007: calls $0.01
cppocker30: checks 
*** FLOP *** [Ac 3h Th]
Dorex2007: checks 
cppocker30: checks 
Dubniam905: checks 
*** TURN *** [Ac 3h Th] [Ks]
Dorex2007: bets $0.06
cppocker30: folds 
Dubniam905: raises $0.06 to $0.12
Dorex2007: calls $0.06
*** RIVER *** [Ac 3h Th Ks] [Qc]
Dorex2007: bets $0.19
Dubniam905: calls $0.19
*** SHOW DOWN ***
Dorex2007: shows [Qh Js] (a straight, Ten to Ace)
Dubniam905: mucks hand 
Dorex2007 collected $0.66 from pot
*** SUMMARY ***
Total pot $0.68 | Rake $0.02 
Board [Ac 3h Th Ks Qc]
Seat 1: $CALP-J folded before Flop (didn't bet)
Seat 3: Dk10771 folded before Flop (didn't bet)
Seat 4: Dubniam905 mucked [8c Ad]
Seat 5: kent330330 (button) folded before Flop (didn't bet)
Seat 7: Dorex2007 (small blind) showed [Qh Js] and won ($0.66) with a straight, Ten to Ace
Seat 9: cppocker30 (big blind) folded on the Turn



PokerStars Hand #224748640858:  Hold'em No Limit ($0.01/$0.02 USD) - 2021/03/12 19:26:54 PT [2021/03/12 22:26:54 ET]
Table 'Libera III' 9-max Seat #7 is the button
Seat 1: $CALP-J ($2.86 in chips) 
Seat 3: Dk10771 ($2.97 in chips) 
Seat 4: Dubniam905 ($0.91 in chips) 
Seat 5: kent330330 ($1.57 in chips) 
Seat 7: Dorex2007 ($2.01 in chips) 
Seat 9: cppocker30 ($2.44 in chips) 
cppocker30: posts small blind $0.01
$CALP-J: posts big blind $0.02
*** HOLE CARDS ***
Dealt to Dorex2007 [Qs 8s]
Dk10771: folds 
Dubniam905: calls $0.02
kent330330: folds 
Dorex2007: raises $0.04 to $0.06
cppocker30: folds 
$CALP-J: folds 
Dubniam905: calls $0.04
*** FLOP *** [7s Kd 9c]
Dubniam905: checks 
Dorex2007: checks 
*** TURN *** [7s Kd 9c] [Qc]
Dubniam905: bets $0.02
Dorex2007: calls $0.02
*** RIVER *** [7s Kd 9c Qc] [6c]
Dubniam905: bets $0.18
Dorex2007: folds 
Uncalled bet ($0.18) returned to Dubniam905
Dubniam905 collected $0.18 from pot
Dubniam905: doesn't show hand 
*** SUMMARY ***
Total pot $0.19 | Rake $0.01 
Board [7s Kd 9c Qc 6c]
Seat 1: $CALP-J (big blind) folded before Flop
Seat 3: Dk10771 folded before Flop (didn't bet)
Seat 4: Dubniam905 collected ($0.18)
Seat 5: kent330330 folded before Flop (didn't bet)
Seat 7: Dorex2007 (button) folded on the River
Seat 9: cppocker30 (small blind) folded before Flop



PokerStars Hand #224748658369:  Hold'em No Limit ($0.01/$0.02 USD) - 2021/03/12 19:27:48 PT [2021/03/12 22:27:48 ET]
Table 'Libera III' 9-max Seat #9 is the button
Seat 1: $CALP-J ($2.84 in chips) 
Seat 3: Dk10771 ($2.97 in chips) 
Seat 4: Dubniam905 ($1.01 in chips) 
Seat 5: kent330330 ($1.57 in chips) 
Seat 7: Dorex2007 ($1.93 in chips) 
Seat 9: cppocker30 ($2.43 in chips) 
$CALP-J: posts small blind $0.01
Dk10771: posts big blind $0.02
*** HOLE CARDS ***
Dealt to Dorex2007 [As 2d]
Dubniam905: folds 
kent330330: folds 
Dorex2007: folds 
cppocker30: folds 
$CALP-J: raises $0.04 to $0.06
Dk10771: folds 
Uncalled bet ($0.04) returned to $CALP-J
$CALP-J collected $0.04 from pot
$CALP-J: doesn't show hand 
*** SUMMARY ***
Total pot $0.04 | Rake $0 
Seat 1: $CALP-J (small blind) collected ($0.04)
Seat 3: Dk10771 (big blind) folded before Flop
Seat 4: Dubniam905 folded before Flop (didn't bet)
Seat 5: kent330330 folded before Flop (didn't bet)
Seat 7: Dorex2007 folded before Flop (didn't bet)
Seat 9: cppocker30 (button) folded before Flop (didn't bet)



PokerStars Hand #224748664177:  Hold'em No Limit ($0.01/$0.02 USD) - 2021/03/12 19:28:06 PT [2021/03/12 22:28:06 ET]
Table 'Libera III' 9-max Seat #1 is the button
Seat 1: $CALP-J ($2.86 in chips) 
Seat 3: Dk10771 ($2.95 in chips) 
Seat 4: Dubniam905 ($1.01 in chips) 
Seat 5: kent330330 ($1.57 in chips) 
Seat 7: Dorex2007 ($1.93 in chips) 
Seat 9: cppocker30 ($2.43 in chips) 
Dk10771: posts small blind $0.01
Dubniam905: posts big blind $0.02
*** HOLE CARDS ***
Dealt to Dorex2007 [4c Qs]
kent330330: folds 
Dorex2007: folds 
cppocker30: folds 
$CALP-J: folds 
Dk10771: calls $0.01
Dubniam905: checks 
*** FLOP *** [2c 4s 7s]
Dk10771: checks 
Dubniam905: bets $0.02
Dk10771: folds 
Uncalled bet ($0.02) returned to Dubniam905
Dubniam905 collected $0.04 from pot
Dubniam905: doesn't show hand 
*** SUMMARY ***
Total pot $0.04 | Rake $0 
Board [2c 4s 7s]
Seat 1: $CALP-J (button) folded before Flop (didn't bet)
Seat 3: Dk10771 (small blind) folded on the Flop
Seat 4: Dubniam905 (big blind) collected ($0.04)
Seat 5: kent330330 folded before Flop (didn't bet)
Seat 7: Dorex2007 folded before Flop (didn't bet)
Seat 9: cppocker30 folded before Flop (didn't bet)



PokerStars Hand #224748674532:  Hold'em No Limit ($0.01/$0.02 USD) - 2021/03/12 19:28:20 PT [2021/03/12 22:28:20 ET]
Table 'Libera III' 9-max Seat #3 is the button
Seat 1: $CALP-J ($2.86 in chips) 
Seat 3: Dk10771 ($2.93 in chips) 
Seat 4: Dubniam905 ($1.03 in chips) 
Seat 5: kent330330 ($1.57 in chips) 
Seat 7: Dorex2007 ($1.93 in chips) 
Seat 9: cppocker30 ($2.43 in chips) 
Dubniam905: posts small blind $0.01
kent330330: posts big blind $0.02
*** HOLE CARDS ***
Dealt to Dorex2007 [8c Ts]
Dorex2007: folds 
cppocker30: folds 
$CALP-J: raises $0.04 to $0.06
Dk10771: folds 
Dubniam905: raises $0.04 to $0.10
kent330330: folds 
$CALP-J: folds 
Uncalled bet ($0.04) returned to Dubniam905
Dubniam905 collected $0.14 from pot
Dubniam905: doesn't show hand 
*** SUMMARY ***
Total pot $0.14 | Rake $0 
Seat 1: $CALP-J folded before Flop
Seat 3: Dk10771 (button) folded before Flop (didn't bet)
Seat 4: Dubniam905 (small blind) collected ($0.14)
Seat 5: kent330330 (big blind) folded before Flop
Seat 7: Dorex2007 folded before Flop (didn't bet)
Seat 9: cppocker30 folded before Flop (didn't bet)



PokerStars Hand #224748680627:  Hold'em No Limit ($0.01/$0.02 USD) - 2021/03/12 19:28:39 PT [2021/03/12 22:28:39 ET]
Table 'Libera III' 9-max Seat #4 is the button
Seat 1: $CALP-J ($2.80 in chips) 
Seat 3: Dk10771 ($2.93 in chips) 
Seat 4: Dubniam905 ($1.11 in chips) 
Seat 5: kent330330 ($1.55 in chips) 
Seat 7: Dorex2007 ($1.93 in chips) 
Seat 9: cppocker30 ($2.43 in chips) 
kent330330: posts small blind $0.01
Dorex2007: posts big blind $0.02
*** HOLE CARDS ***
Dealt to Dorex2007 [9s 9h]
cppocker30: folds 
$CALP-J: folds 
Dk10771: folds 
Dubniam905: raises $0.02 to $0.04
kent330330: folds 
Dorex2007: calls $0.02
*** FLOP *** [3h Qd 2d]
Dorex2007: bets $0.06
Dubniam905: folds 
Uncalled bet ($0.06) returned to Dorex2007
Dorex2007 collected $0.09 from pot
Dorex2007: doesn't show hand 
*** SUMMARY ***
Total pot $0.09 | Rake $0 
Board [3h Qd 2d]
Seat 1: $CALP-J folded before Flop (didn't bet)
Seat 3: Dk10771 folded before Flop (didn't bet)
Seat 4: Dubniam905 (button) folded on the Flop
Seat 5: kent330330 (small blind) folded before Flop
Seat 7: Dorex2007 (big blind) collected ($0.09)
Seat 9: cppocker30 folded before Flop (didn't bet)



PokerStars Hand #224748690037:  Hold'em No Limit ($0.01/$0.02 USD) - 2021/03/12 19:29:08 PT [2021/03/12 22:29:08 ET]
Table 'Libera III' 9-max Seat #5 is the button
Seat 1: $CALP-J ($2.80 in chips) 
Seat 3: Dk10771 ($2.93 in chips) 
Seat 4: Dubniam905 ($1.07 in chips) 
Seat 5: kent330330 ($1.54 in chips) 
Seat 7: Dorex2007 ($1.98 in chips) 
Seat 9: cppocker30 ($2.43 in chips) 
Dorex2007: posts small blind $0.01
cppocker30: posts big blind $0.02
*** HOLE CARDS ***
Dealt to Dorex2007 [3s 9h]
$CALP-J: folds 
Dk10771: calls $0.02
Dubniam905: folds 
kent330330: raises $0.03 to $0.05
Dorex2007: folds 
cppocker30: calls $0.03
Dk10771: calls $0.03
*** FLOP *** [5d 2h 4d]
cppocker30: checks 
Dk10771: checks 
kent330330: bets $0.02
cppocker30: calls $0.02
Dk10771: calls $0.02
*** TURN *** [5d 2h 4d] [8s]
cppocker30: checks 
Dk10771: checks 
kent330330: bets $0.02
cppocker30: calls $0.02
Dk10771: calls $0.02
*** RIVER *** [5d 2h 4d 8s] [Qs]
cppocker30: checks 
Dk10771: checks 
kent330330: checks 
*** SHOW DOWN ***
cppocker30: shows [Ah Jd] (high card Ace)
Dk10771: shows [Kc 4c] (a pair of Fours)
kent330330: shows [7d 8d] (a pair of Eights)
kent330330 collected $0.27 from pot
*** SUMMARY ***
Total pot $0.28 | Rake $0.01 
Board [5d 2h 4d 8s Qs]
Seat 1: $CALP-J folded before Flop (didn't bet)
Seat 3: Dk10771 showed [Kc 4c] and lost with a pair of Fours
Seat 4: Dubniam905 folded before Flop (didn't bet)
Seat 5: kent330330 (button) showed [7d 8d] and won ($0.27) with a pair of Eights
Seat 7: Dorex2007 (small blind) folded before Flop
Seat 9: cppocker30 (big blind) showed [Ah Jd] and lost with high card Ace



PokerStars Hand #224748711245:  Hold'em No Limit ($0.01/$0.02 USD) - 2021/03/12 19:30:13 PT [2021/03/12 22:30:13 ET]
Table 'Libera III' 9-max Seat #7 is the button
Seat 1: $CALP-J ($2.80 in chips) 
Seat 3: Dk10771 ($2.84 in chips) 
Seat 4: Dubniam905 ($1.07 in chips) 
Seat 5: kent330330 ($1.72 in chips) 
Seat 7: Dorex2007 ($1.97 in chips) 
Seat 9: cppocker30 ($2.34 in chips) 
cppocker30: posts small blind $0.01
$CALP-J: posts big blind $0.02
*** HOLE CARDS ***
Dealt to Dorex2007 [9s Kc]
Dk10771: folds 
Dubniam905: calls $0.02
Dk10771 leaves the table
kent330330: raises $0.03 to $0.05
Dorex2007: folds 
cppocker30: folds 
$CALP-J: folds 
Dubniam905: calls $0.03
*** FLOP *** [4c 5s Qd]
Dubniam905: checks 
kent330330: bets $0.05
Dubniam905: folds 
Uncalled bet ($0.05) returned to kent330330
kent330330 collected $0.13 from pot
kent330330: doesn't show hand 
*** SUMMARY ***
Total pot $0.13 | Rake $0 
Board [4c 5s Qd]
Seat 1: $CALP-J (big blind) folded before Flop
Seat 3: Dk10771 folded before Flop (didn't bet)
Seat 4: Dubniam905 folded on the Flop
Seat 5: kent330330 collected ($0.13)
Seat 7: Dorex2007 (button) folded before Flop (didn't bet)
Seat 9: cppocker30 (small blind) folded before Flop



PokerStars Hand #224748723718:  Hold'em No Limit ($0.01/$0.02 USD) - 2021/03/12 19:30:52 PT [2021/03/12 22:30:52 ET]
Table 'Libera III' 9-max Seat #9 is the button
Seat 1: $CALP-J ($2.78 in chips) 
Seat 4: Dubniam905 ($1.02 in chips) 
Seat 5: kent330330 ($1.80 in chips) 
Seat 7: Dorex2007 ($1.97 in chips) 
Seat 9: cppocker30 ($2.33 in chips) 
$CALP-J: posts small blind $0.01
Dubniam905: posts big blind $0.02
*** HOLE CARDS ***
Dealt to Dorex2007 [Td 7h]
kent330330: folds 
kent330330 leaves the table
Dorex2007: folds 
cppocker30: raises $0.04 to $0.06
$CALP-J: folds 
Dubniam905: folds 
Uncalled bet ($0.04) returned to cppocker30
cppocker30 collected $0.05 from pot
cppocker30: doesn't show hand 
*** SUMMARY ***
Total pot $0.05 | Rake $0 
Seat 1: $CALP-J (small blind) folded before Flop
Seat 4: Dubniam905 (big blind) folded before Flop
Seat 5: kent330330 folded before Flop (didn't bet)
Seat 7: Dorex2007 folded before Flop (didn't bet)
Seat 9: cppocker30 (button) collected ($0.05)



PokerStars Hand #224748731082:  Hold'em No Limit ($0.01/$0.02 USD) - 2021/03/12 19:31:15 PT [2021/03/12 22:31:15 ET]
Table 'Libera III' 9-max Seat #1 is the button
Seat 1: $CALP-J ($2.77 in chips) 
Seat 4: Dubniam905 ($1 in chips) 
Seat 7: Dorex2007 ($1.97 in chips) 
Dubniam905: posts small blind $0.01
Dorex2007: posts big blind $0.02
*** HOLE CARDS ***
Dealt to Dorex2007 [8c 8s]
$CALP-J: folds 
cppocker30 leaves the table
Dubniam905: calls $0.01
Dorex2007: checks 
*** FLOP *** [8d 2c 3s]
Dubniam905: bets $0.02
Dorex2007: calls $0.02
*** TURN *** [8d 2c 3s] [Ts]
Dubniam905: bets $0.04
Dorex2007: raises $0.16 to $0.20
Dubniam905: raises $0.16 to $0.36
Dorex2007: calls $0.16
*** RIVER *** [8d 2c 3s Ts] [3d]
Dubniam905: bets $0.60 and is all-in
Dorex2007: calls $0.60
*** SHOW DOWN ***
Dubniam905: shows [Tc 2h] (two pair, Tens and Threes)
Dorex2007: shows [8c 8s] (a full house, Eights full of Threes)
Dorex2007 collected $1.93 from pot
*** SUMMARY ***
Total pot $2 | Rake $0.07 
Board [8d 2c 3s Ts 3d]
Seat 1: $CALP-J (button) folded before Flop (didn't bet)
Seat 4: Dubniam905 (small blind) showed [Tc 2h] and lost with two pair, Tens and Threes
Seat 7: Dorex2007 (big blind) showed [8c 8s] and won ($1.93) with a full house, Eights full of Threes



