PokerStars Hand #231308810169:  Hold'em No Limit ($0.01/$0.02 USD) - 2021/11/10 22:16:13 PT [2021/11/11 1:16:13 ET]
Table 'Bolzano' 9-max Seat #2 is the button
Seat 1: Dorex2007 ($2 in chips) 
Seat 2: iwannabe29 ($1.62 in chips) 
Seat 3: alex071001 ($1.98 in chips) 
Seat 4: saneti ($0.80 in chips) 
Seat 5: bloody55hawk ($0.80 in chips) 
Seat 6: Nadi6422 ($2.51 in chips) 
Seat 7: Nastysha184 ($1.47 in chips) 
Seat 8: Cold-Logic ($0.85 in chips) 
Seat 9: Jimpenter ($3.48 in chips) 
alex071001: posts small blind $0.01
saneti: posts big blind $0.02
Dorex2007: posts big blind $0.02
*** HOLE CARDS ***
Dealt to Dorex2007 [Th 4h]
bloody55hawk: folds 
Nadi6422: folds 
Nastysha184: folds 
Cold-Logic: folds 
Jimpenter: folds 
Dorex2007: checks 
iwannabe29: calls $0.02
alex071001: folds 
saneti: checks 
*** FLOP *** [5c Qd 6d]
saneti: checks 
Dorex2007: checks 
iwannabe29: checks 
*** TURN *** [5c Qd 6d] [Tc]
saneti: bets $0.07
Dorex2007: calls $0.07
iwannabe29: folds 
*** RIVER *** [5c Qd 6d Tc] [8s]
saneti: bets $0.20
Dorex2007: folds 
Uncalled bet ($0.20) returned to saneti
saneti collected $0.20 from pot
saneti: doesn't show hand 
*** SUMMARY ***
Total pot $0.21 | Rake $0.01 
Board [5c Qd 6d Tc 8s]
Seat 1: Dorex2007 folded on the River
Seat 2: iwannabe29 (button) folded on the Turn
Seat 3: alex071001 (small blind) folded before Flop
Seat 4: saneti (big blind) collected ($0.20)
Seat 5: bloody55hawk folded before Flop (didn't bet)
Seat 6: Nadi6422 folded before Flop (didn't bet)
Seat 7: Nastysha184 folded before Flop (didn't bet)
Seat 8: Cold-Logic folded before Flop (didn't bet)
Seat 9: Jimpenter folded before Flop (didn't bet)



PokerStars Hand #231308818476:  Hold'em No Limit ($0.01/$0.02 USD) - 2021/11/10 22:17:14 PT [2021/11/11 1:17:14 ET]
Table 'Bolzano' 9-max Seat #3 is the button
Seat 1: Dorex2007 ($2 in chips) 
Seat 2: iwannabe29 ($1.60 in chips) 
Seat 3: alex071001 ($1.97 in chips) 
Seat 4: saneti ($0.91 in chips) 
Seat 5: bloody55hawk ($0.80 in chips) 
Seat 6: Nadi6422 ($2.51 in chips) 
Seat 7: Nastysha184 ($1.47 in chips) 
Seat 8: Cold-Logic ($0.85 in chips) 
Seat 9: Jimpenter ($3.48 in chips) 
saneti: posts small blind $0.01
bloody55hawk: posts big blind $0.02
*** HOLE CARDS ***
Dealt to Dorex2007 [Jc 8s]
Nadi6422: folds 
Nastysha184: raises $0.04 to $0.06
Cold-Logic: folds 
Jimpenter: folds 
Dorex2007: folds 
iwannabe29: folds 
alex071001: folds 
saneti: folds 
bloody55hawk: folds 
Uncalled bet ($0.04) returned to Nastysha184
Nastysha184 collected $0.05 from pot
Nastysha184: doesn't show hand 
*** SUMMARY ***
Total pot $0.05 | Rake $0 
Seat 1: Dorex2007 folded before Flop (didn't bet)
Seat 2: iwannabe29 folded before Flop (didn't bet)
Seat 3: alex071001 (button) folded before Flop (didn't bet)
Seat 4: saneti (small blind) folded before Flop
Seat 5: bloody55hawk (big blind) folded before Flop
Seat 6: Nadi6422 folded before Flop (didn't bet)
Seat 7: Nastysha184 collected ($0.05)
Seat 8: Cold-Logic folded before Flop (didn't bet)
Seat 9: Jimpenter folded before Flop (didn't bet)



PokerStars Hand #231308821962:  Hold'em No Limit ($0.01/$0.02 USD) - 2021/11/10 22:17:40 PT [2021/11/11 1:17:40 ET]
Table 'Bolzano' 9-max Seat #4 is the button
Seat 1: Dorex2007 ($2 in chips) 
Seat 2: iwannabe29 ($1.60 in chips) 
Seat 3: alex071001 ($1.97 in chips) 
Seat 4: saneti ($0.90 in chips) 
Seat 5: bloody55hawk ($0.80 in chips) 
Seat 7: Nastysha184 ($1.50 in chips) 
Seat 8: Cold-Logic ($0.85 in chips) 
Seat 9: Jimpenter ($3.48 in chips) 
bloody55hawk: posts small blind $0.01
Nadi6422 has timed out
Nadi6422: is sitting out 
Nastysha184: posts big blind $0.02
*** HOLE CARDS ***
Dealt to Dorex2007 [8s Tc]
Cold-Logic: folds 
Jimpenter: folds 
Dorex2007: folds 
Nadi6422 is disconnected 
iwannabe29: calls $0.02
alex071001: folds 
saneti: calls $0.02
bloody55hawk: calls $0.01
Nastysha184: checks 
*** FLOP *** [8h 9d Jc]
bloody55hawk: checks 
Nastysha184: checks 
iwannabe29: checks 
saneti: checks 
*** TURN *** [8h 9d Jc] [6c]
bloody55hawk: checks 
Nastysha184: checks 
iwannabe29: checks 
saneti: checks 
*** RIVER *** [8h 9d Jc 6c] [7c]
bloody55hawk: checks 
Nastysha184: checks 
iwannabe29: checks 
saneti: bets $0.04
bloody55hawk: folds 
Nastysha184: calls $0.04
iwannabe29: folds 
*** SHOW DOWN ***
saneti: shows [5c Ac] (a flush, Ace high)
Nastysha184: mucks hand 
saneti collected $0.15 from pot
*** SUMMARY ***
Total pot $0.16 | Rake $0.01 
Board [8h 9d Jc 6c 7c]
Seat 1: Dorex2007 folded before Flop (didn't bet)
Seat 2: iwannabe29 folded on the River
Seat 3: alex071001 folded before Flop (didn't bet)
Seat 4: saneti (button) showed [5c Ac] and won ($0.15) with a flush, Ace high
Seat 5: bloody55hawk (small blind) folded on the River
Seat 7: Nastysha184 (big blind) mucked [5d 8d]
Seat 8: Cold-Logic folded before Flop (didn't bet)
Seat 9: Jimpenter folded before Flop (didn't bet)



PokerStars Hand #231308831086:  Hold'em No Limit ($0.01/$0.02 USD) - 2021/11/10 22:18:49 PT [2021/11/11 1:18:49 ET]
Table 'Bolzano' 9-max Seat #5 is the button
Seat 1: Dorex2007 ($2 in chips) 
Seat 2: iwannabe29 ($1.58 in chips) 
Seat 3: alex071001 ($1.97 in chips) 
Seat 5: bloody55hawk ($0.80 in chips) 
Seat 7: Nastysha184 ($1.44 in chips) 
Seat 8: Cold-Logic ($0.85 in chips) 
Seat 9: Jimpenter ($3.48 in chips) 
Nastysha184: posts small blind $0.01
Cold-Logic: posts big blind $0.02
*** HOLE CARDS ***
Dealt to Dorex2007 [Kc As]
Jimpenter: folds 
Dorex2007: raises $0.04 to $0.06
iwannabe29: folds 
alex071001: folds 
bloody55hawk: folds 
Nastysha184: folds 
Cold-Logic: calls $0.04
*** FLOP *** [4h Ad 3s]
Cold-Logic: bets $0.13
Jimpenter leaves the table
Dorex2007: calls $0.13
*** TURN *** [4h Ad 3s] [7s]
Cold-Logic: checks 
Dorex2007: checks 
*** RIVER *** [4h Ad 3s 7s] [8s]
Cold-Logic: checks 
Mr.Squanchy90 joins the table at seat #9 
Dorex2007: bets $0.25
Cold-Logic: folds 
Uncalled bet ($0.25) returned to Dorex2007
Dorex2007 collected $0.38 from pot
Dorex2007: doesn't show hand 
*** SUMMARY ***
Total pot $0.39 | Rake $0.01 
Board [4h Ad 3s 7s 8s]
Seat 1: Dorex2007 collected ($0.38)
Seat 2: iwannabe29 folded before Flop (didn't bet)
Seat 3: alex071001 folded before Flop (didn't bet)
Seat 5: bloody55hawk (button) folded before Flop (didn't bet)
Seat 7: Nastysha184 (small blind) folded before Flop
Seat 8: Cold-Logic (big blind) folded on the River
Seat 9: Jimpenter folded before Flop (didn't bet)



PokerStars Hand #231308835468:  Hold'em No Limit ($0.01/$0.02 USD) - 2021/11/10 22:19:23 PT [2021/11/11 1:19:23 ET]
Table 'Bolzano' 9-max Seat #7 is the button
Seat 1: Dorex2007 ($2.19 in chips) 
Seat 2: iwannabe29 ($1.58 in chips) 
Seat 3: alex071001 ($1.97 in chips) 
Seat 5: bloody55hawk ($0.80 in chips) 
Seat 7: Nastysha184 ($1.43 in chips) 
Seat 8: Cold-Logic ($0.66 in chips) 
Seat 9: Mr.Squanchy90 ($2 in chips) 
Cold-Logic: posts small blind $0.01
Mr.Squanchy90: posts big blind $0.02
*** HOLE CARDS ***
Dealt to Dorex2007 [7c 3h]
Dorex2007: folds 
iwannabe29: folds 
alex071001: folds 
bloody55hawk: folds 
Nastysha184: raises $0.02 to $0.04
Cold-Logic: folds 
Mr.Squanchy90: calls $0.02
*** FLOP *** [3d 4h 2s]
Mr.Squanchy90: checks 
Nastysha184: checks 
*** TURN *** [3d 4h 2s] [Js]
Mr.Squanchy90: bets $0.03
Nastysha184: calls $0.03
*** RIVER *** [3d 4h 2s Js] [7s]
Mr.Squanchy90: checks 
Nastysha184: checks 
*** SHOW DOWN ***
Mr.Squanchy90: shows [Qc Td] (high card Queen)
Nastysha184: shows [Jd Qd] (a pair of Jacks)
Nastysha184 collected $0.14 from pot
*** SUMMARY ***
Total pot $0.15 | Rake $0.01 
Board [3d 4h 2s Js 7s]
Seat 1: Dorex2007 folded before Flop (didn't bet)
Seat 2: iwannabe29 folded before Flop (didn't bet)
Seat 3: alex071001 folded before Flop (didn't bet)
Seat 5: bloody55hawk folded before Flop (didn't bet)
Seat 7: Nastysha184 (button) showed [Jd Qd] and won ($0.14) with a pair of Jacks
Seat 8: Cold-Logic (small blind) folded before Flop
Seat 9: Mr.Squanchy90 (big blind) showed [Qc Td] and lost with high card Queen



PokerStars Hand #231308842539:  Hold'em No Limit ($0.01/$0.02 USD) - 2021/11/10 22:20:16 PT [2021/11/11 1:20:16 ET]
Table 'Bolzano' 9-max Seat #8 is the button
Seat 1: Dorex2007 ($2.19 in chips) 
Seat 2: iwannabe29 ($1.58 in chips) 
Seat 3: alex071001 ($1.97 in chips) 
Seat 4: saneti ($0.99 in chips) 
Seat 5: bloody55hawk ($0.80 in chips) 
Seat 7: Nastysha184 ($1.50 in chips) 
Seat 8: Cold-Logic ($0.65 in chips) 
Seat 9: Mr.Squanchy90 ($1.93 in chips) 
Mr.Squanchy90: posts small blind $0.01
Dorex2007: posts big blind $0.02
*** HOLE CARDS ***
Dealt to Dorex2007 [6d 2c]
iwannabe29: calls $0.02
alex071001: folds 
saneti: calls $0.02
bloody55hawk: folds 
Nastysha184: raises $0.04 to $0.06
Cold-Logic: calls $0.06
Mr.Squanchy90: folds 
Dorex2007: folds 
iwannabe29: calls $0.04
saneti: folds 
*** FLOP *** [7s 5h 7h]
iwannabe29: checks 
Nastysha184: bets $0.04
Cold-Logic: calls $0.04
iwannabe29: calls $0.04
*** TURN *** [7s 5h 7h] [Ac]
iwannabe29: checks 
Nastysha184: checks 
Cold-Logic: bets $0.34
iwannabe29: folds 
Nastysha184: folds 
Uncalled bet ($0.34) returned to Cold-Logic
Cold-Logic collected $0.34 from pot
Cold-Logic: doesn't show hand 
*** SUMMARY ***
Total pot $0.35 | Rake $0.01 
Board [7s 5h 7h Ac]
Seat 1: Dorex2007 (big blind) folded before Flop
Seat 2: iwannabe29 folded on the Turn
Seat 3: alex071001 folded before Flop (didn't bet)
Seat 4: saneti folded before Flop
Seat 5: bloody55hawk folded before Flop (didn't bet)
Seat 7: Nastysha184 folded on the Turn
Seat 8: Cold-Logic (button) collected ($0.34)
Seat 9: Mr.Squanchy90 (small blind) folded before Flop



PokerStars Hand #231308849307:  Hold'em No Limit ($0.01/$0.02 USD) - 2021/11/10 22:21:08 PT [2021/11/11 1:21:08 ET]
Table 'Bolzano' 9-max Seat #9 is the button
Seat 1: Dorex2007 ($2.17 in chips) 
Seat 2: iwannabe29 ($1.48 in chips) 
Seat 3: alex071001 ($1.97 in chips) 
Seat 4: saneti ($0.97 in chips) 
Seat 5: bloody55hawk ($0.80 in chips) 
Seat 7: Nastysha184 ($1.40 in chips) 
Seat 8: Cold-Logic ($0.89 in chips) 
Seat 9: Mr.Squanchy90 ($1.92 in chips) 
Dorex2007: posts small blind $0.01
iwannabe29: posts big blind $0.02
*** HOLE CARDS ***
Dealt to Dorex2007 [Kh Ts]
alex071001: folds 
saneti: folds 
bloody55hawk: folds 
Nastysha184: folds 
Nastysha184 leaves the table
Cold-Logic: folds 
Mr.Squanchy90: raises $0.03 to $0.05
Novikov_PM joins the table at seat #7 
Dorex2007: calls $0.04
iwannabe29: calls $0.03
*** FLOP *** [5h Jc 6c]
Dorex2007: checks 
iwannabe29: checks 
Mr.Squanchy90: checks 
*** TURN *** [5h Jc 6c] [9c]
Dorex2007: bets $0.09
iwannabe29: folds 
Mr.Squanchy90: folds 
Uncalled bet ($0.09) returned to Dorex2007
Dorex2007 collected $0.14 from pot
Dorex2007: doesn't show hand 
*** SUMMARY ***
Total pot $0.15 | Rake $0.01 
Board [5h Jc 6c 9c]
Seat 1: Dorex2007 (small blind) collected ($0.14)
Seat 2: iwannabe29 (big blind) folded on the Turn
Seat 3: alex071001 folded before Flop (didn't bet)
Seat 4: saneti folded before Flop (didn't bet)
Seat 5: bloody55hawk folded before Flop (didn't bet)
Seat 7: Nastysha184 folded before Flop (didn't bet)
Seat 8: Cold-Logic folded before Flop (didn't bet)
Seat 9: Mr.Squanchy90 (button) folded on the Turn



PokerStars Hand #231308854704:  Hold'em No Limit ($0.01/$0.02 USD) - 2021/11/10 22:21:48 PT [2021/11/11 1:21:48 ET]
Table 'Bolzano' 9-max Seat #1 is the button
Seat 1: Dorex2007 ($2.26 in chips) 
Seat 2: iwannabe29 ($1.43 in chips) 
Seat 3: alex071001 ($2 in chips) 
Seat 4: saneti ($0.97 in chips) 
Seat 5: bloody55hawk ($0.80 in chips) 
Seat 8: Cold-Logic ($0.89 in chips) 
Seat 9: Mr.Squanchy90 ($1.87 in chips) 
iwannabe29: posts small blind $0.01
alex071001: posts big blind $0.02
Novikov_PM: sits out 
*** HOLE CARDS ***
Dealt to Dorex2007 [Ts 4h]
saneti: folds 
bloody55hawk: folds 
Cold-Logic: folds 
Mr.Squanchy90: folds 
Dorex2007: folds 
iwannabe29: calls $0.01
alex071001: checks 
*** FLOP *** [Js Tc 2h]
iwannabe29: checks 
alex071001: bets $0.02
iwannabe29: folds 
Uncalled bet ($0.02) returned to alex071001
alex071001 collected $0.04 from pot
alex071001: doesn't show hand 
*** SUMMARY ***
Total pot $0.04 | Rake $0 
Board [Js Tc 2h]
Seat 1: Dorex2007 (button) folded before Flop (didn't bet)
Seat 2: iwannabe29 (small blind) folded on the Flop
Seat 3: alex071001 (big blind) collected ($0.04)
Seat 4: saneti folded before Flop (didn't bet)
Seat 5: bloody55hawk folded before Flop (didn't bet)
Seat 8: Cold-Logic folded before Flop (didn't bet)
Seat 9: Mr.Squanchy90 folded before Flop (didn't bet)



PokerStars Hand #231308857366:  Hold'em No Limit ($0.01/$0.02 USD) - 2021/11/10 22:22:08 PT [2021/11/11 1:22:08 ET]
Table 'Bolzano' 9-max Seat #2 is the button
Seat 1: Dorex2007 ($2.26 in chips) 
Seat 2: iwannabe29 ($1.41 in chips) 
Seat 3: alex071001 ($2.02 in chips) 
Seat 4: saneti ($0.97 in chips) 
Seat 5: bloody55hawk ($0.80 in chips) 
Seat 8: Cold-Logic ($0.89 in chips) 
Seat 9: Mr.Squanchy90 ($1.87 in chips) 
alex071001: posts small blind $0.01
saneti: posts big blind $0.02
Novikov_PM: sits out 
*** HOLE CARDS ***
Dealt to Dorex2007 [4h Kc]
bloody55hawk: folds 
Cold-Logic: folds 
Mr.Squanchy90: raises $0.03 to $0.05
Dorex2007: folds 
iwannabe29: calls $0.05
alex071001: folds 
saneti: folds 
*** FLOP *** [2s Qs 5h]
Mr.Squanchy90: bets $0.07
iwannabe29: calls $0.07
*** TURN *** [2s Qs 5h] [9c]
Mr.Squanchy90: bets $0.17
iwannabe29: folds 
Uncalled bet ($0.17) returned to Mr.Squanchy90
Mr.Squanchy90 collected $0.26 from pot
Mr.Squanchy90: doesn't show hand 
*** SUMMARY ***
Total pot $0.27 | Rake $0.01 
Board [2s Qs 5h 9c]
Seat 1: Dorex2007 folded before Flop (didn't bet)
Seat 2: iwannabe29 (button) folded on the Turn
Seat 3: alex071001 (small blind) folded before Flop
Seat 4: saneti (big blind) folded before Flop
Seat 5: bloody55hawk folded before Flop (didn't bet)
Seat 8: Cold-Logic folded before Flop (didn't bet)
Seat 9: Mr.Squanchy90 collected ($0.26)



PokerStars Hand #231308863088:  Hold'em No Limit ($0.01/$0.02 USD) - 2021/11/10 22:22:50 PT [2021/11/11 1:22:50 ET]
Table 'Bolzano' 9-max Seat #3 is the button
Seat 1: Dorex2007 ($2.26 in chips) 
Seat 2: iwannabe29 ($1.29 in chips) 
Seat 3: alex071001 ($2.01 in chips) 
Seat 4: saneti ($0.95 in chips) 
Seat 5: bloody55hawk ($0.80 in chips) 
Seat 8: Cold-Logic ($0.89 in chips) 
Seat 9: Mr.Squanchy90 ($2.01 in chips) 
saneti: posts small blind $0.01
bloody55hawk: posts big blind $0.02
Novikov_PM: sits out 
*** HOLE CARDS ***
Dealt to Dorex2007 [2h 7s]
Cold-Logic: calls $0.02
Mr.Squanchy90: folds 
Dorex2007: folds 
iwannabe29: calls $0.02
alex071001: folds 
saneti: calls $0.01
bloody55hawk: checks 
*** FLOP *** [9c 2c 2d]
saneti: checks 
bloody55hawk: checks 
Cold-Logic: bets $0.04
iwannabe29: raises $0.04 to $0.08
saneti: calls $0.08
bloody55hawk: folds 
Cold-Logic: calls $0.04
*** TURN *** [9c 2c 2d] [8s]
saneti: checks 
Cold-Logic: checks 
iwannabe29: bets $0.31
saneti: folds 
Cold-Logic: folds 
Uncalled bet ($0.31) returned to iwannabe29
iwannabe29 collected $0.31 from pot
*** SUMMARY ***
Total pot $0.32 | Rake $0.01 
Board [9c 2c 2d 8s]
Seat 1: Dorex2007 folded before Flop (didn't bet)
Seat 2: iwannabe29 collected ($0.31)
Seat 3: alex071001 (button) folded before Flop (didn't bet)
Seat 4: saneti (small blind) folded on the Turn
Seat 5: bloody55hawk (big blind) folded on the Flop
Seat 8: Cold-Logic folded on the Turn
Seat 9: Mr.Squanchy90 folded before Flop (didn't bet)



PokerStars Hand #231308870024:  Hold'em No Limit ($0.01/$0.02 USD) - 2021/11/10 22:23:43 PT [2021/11/11 1:23:43 ET]
Table 'Bolzano' 9-max Seat #4 is the button
Seat 1: Dorex2007 ($2.26 in chips) 
Seat 2: iwannabe29 ($1.50 in chips) 
Seat 3: alex071001 ($2.01 in chips) 
Seat 4: saneti ($0.85 in chips) 
Seat 5: bloody55hawk ($0.80 in chips) 
Seat 7: Novikov_PM ($2 in chips) 
Seat 8: Cold-Logic ($0.79 in chips) 
Seat 9: Mr.Squanchy90 ($2.01 in chips) 
bloody55hawk: posts small blind $0.01
Novikov_PM: posts big blind $0.02
*** HOLE CARDS ***
Dealt to Dorex2007 [Qc 5h]
Cold-Logic: folds 
Mr.Squanchy90: raises $0.03 to $0.05
Dorex2007: folds 
iwannabe29: calls $0.05
alex071001: folds 
saneti: raises $0.03 to $0.08
bloody55hawk: folds 
Novikov_PM: folds 
Mr.Squanchy90: calls $0.03
iwannabe29: calls $0.03
*** FLOP *** [Kd 5c As]
Mr.Squanchy90: checks 
iwannabe29: checks 
saneti: bets $0.26
Mr.Squanchy90: folds 
iwannabe29: folds 
Uncalled bet ($0.26) returned to saneti
saneti collected $0.26 from pot
saneti: doesn't show hand 
*** SUMMARY ***
Total pot $0.27 | Rake $0.01 
Board [Kd 5c As]
Seat 1: Dorex2007 folded before Flop (didn't bet)
Seat 2: iwannabe29 folded on the Flop
Seat 3: alex071001 folded before Flop (didn't bet)
Seat 4: saneti (button) collected ($0.26)
Seat 5: bloody55hawk (small blind) folded before Flop
Seat 7: Novikov_PM (big blind) folded before Flop
Seat 8: Cold-Logic folded before Flop (didn't bet)
Seat 9: Mr.Squanchy90 folded on the Flop



PokerStars Hand #231308874518:  Hold'em No Limit ($0.01/$0.02 USD) - 2021/11/10 22:24:17 PT [2021/11/11 1:24:17 ET]
Table 'Bolzano' 9-max Seat #5 is the button
Seat 1: Dorex2007 ($2.26 in chips) 
Seat 2: iwannabe29 ($1.42 in chips) 
Seat 3: alex071001 ($2.01 in chips) 
Seat 4: saneti ($1.03 in chips) 
Seat 5: bloody55hawk ($0.80 in chips) 
Seat 7: Novikov_PM ($2 in chips) 
Seat 8: Cold-Logic ($0.79 in chips) 
Seat 9: Mr.Squanchy90 ($1.93 in chips) 
Novikov_PM: posts small blind $0.01
Cold-Logic: posts big blind $0.02
*** HOLE CARDS ***
Dealt to Dorex2007 [4s 9d]
Mr.Squanchy90: folds 
Dorex2007: folds 
iwannabe29: folds 
alex071001: folds 
saneti: calls $0.02
bloody55hawk: folds 
Novikov_PM: raises $0.08 to $0.10
Cold-Logic: folds 
saneti: calls $0.08
*** FLOP *** [6h 7s 4h]
Novikov_PM: bets $0.16
saneti: calls $0.16
*** TURN *** [6h 7s 4h] [Kc]
Novikov_PM: bets $0.39
saneti: folds 
Uncalled bet ($0.39) returned to Novikov_PM
Novikov_PM collected $0.52 from pot
Novikov_PM: doesn't show hand 
*** SUMMARY ***
Total pot $0.54 | Rake $0.02 
Board [6h 7s 4h Kc]
Seat 1: Dorex2007 folded before Flop (didn't bet)
Seat 2: iwannabe29 folded before Flop (didn't bet)
Seat 3: alex071001 folded before Flop (didn't bet)
Seat 4: saneti folded on the Turn
Seat 5: bloody55hawk (button) folded before Flop (didn't bet)
Seat 7: Novikov_PM (small blind) collected ($0.52)
Seat 8: Cold-Logic (big blind) folded before Flop
Seat 9: Mr.Squanchy90 folded before Flop (didn't bet)



PokerStars Hand #231308882718:  Hold'em No Limit ($0.01/$0.02 USD) - 2021/11/10 22:25:18 PT [2021/11/11 1:25:18 ET]
Table 'Bolzano' 9-max Seat #7 is the button
Seat 1: Dorex2007 ($2.26 in chips) 
Seat 2: iwannabe29 ($1.42 in chips) 
Seat 3: alex071001 ($2.01 in chips) 
Seat 4: saneti ($0.77 in chips) 
Seat 5: bloody55hawk ($0.80 in chips) 
Seat 7: Novikov_PM ($2.26 in chips) 
Seat 8: Cold-Logic ($0.77 in chips) 
Seat 9: Mr.Squanchy90 ($1.93 in chips) 
Cold-Logic: posts small blind $0.01
Mr.Squanchy90: posts big blind $0.02
*** HOLE CARDS ***
Dealt to Dorex2007 [5s 7h]
Dorex2007: folds 
iwannabe29: raises $0.04 to $0.06
alex071001: raises $0.12 to $0.18
saneti: folds 
bloody55hawk: folds 
Novikov_PM: folds 
Cold-Logic: folds 
Mr.Squanchy90: folds 
iwannabe29: calls $0.12
*** FLOP *** [Qc Jd 2c]
iwannabe29: checks 
alex071001: bets $0.20
iwannabe29: calls $0.20
*** TURN *** [Qc Jd 2c] [Ad]
iwannabe29: checks 
alex071001: bets $1.06
iwannabe29: calls $1.04 and is all-in
Uncalled bet ($0.02) returned to alex071001
*** RIVER *** [Qc Jd 2c Ad] [6s]
*** SHOW DOWN ***
iwannabe29: shows [Qd Ac] (two pair, Aces and Queens)
alex071001: shows [Ah Kh] (a pair of Aces)
iwannabe29 collected $2.77 from pot
*** SUMMARY ***
Total pot $2.87 | Rake $0.10 
Board [Qc Jd 2c Ad 6s]
Seat 1: Dorex2007 folded before Flop (didn't bet)
Seat 2: iwannabe29 showed [Qd Ac] and won ($2.77) with two pair, Aces and Queens
Seat 3: alex071001 showed [Ah Kh] and lost with a pair of Aces
Seat 4: saneti folded before Flop (didn't bet)
Seat 5: bloody55hawk folded before Flop (didn't bet)
Seat 7: Novikov_PM (button) folded before Flop (didn't bet)
Seat 8: Cold-Logic (small blind) folded before Flop
Seat 9: Mr.Squanchy90 (big blind) folded before Flop



PokerStars Hand #231308890065:  Hold'em No Limit ($0.01/$0.02 USD) - 2021/11/10 22:26:13 PT [2021/11/11 1:26:13 ET]
Table 'Bolzano' 9-max Seat #8 is the button
Seat 1: Dorex2007 ($2.26 in chips) 
Seat 2: iwannabe29 ($2.77 in chips) 
Seat 3: alex071001 ($0.59 in chips) 
Seat 4: saneti ($0.77 in chips) 
Seat 5: bloody55hawk ($0.80 in chips) 
Seat 7: Novikov_PM ($2.26 in chips) 
Seat 8: Cold-Logic ($0.76 in chips) 
Seat 9: Mr.Squanchy90 ($1.91 in chips) 
Mr.Squanchy90: posts small blind $0.01
Dorex2007: posts big blind $0.02
*** HOLE CARDS ***
Dealt to Dorex2007 [4s 8d]
iwannabe29: folds 
alex071001: folds 
saneti: folds 
bloody55hawk: folds 
Novikov_PM: folds 
Cold-Logic: calls $0.02
Mr.Squanchy90: folds 
Dorex2007: checks 
*** FLOP *** [Qh Qc Kc]
Dorex2007: checks 
Cold-Logic: checks 
*** TURN *** [Qh Qc Kc] [Ad]
Dorex2007: checks 
Cold-Logic: bets $0.02
Dorex2007: folds 
Uncalled bet ($0.02) returned to Cold-Logic
Cold-Logic collected $0.05 from pot
Cold-Logic: doesn't show hand 
*** SUMMARY ***
Total pot $0.05 | Rake $0 
Board [Qh Qc Kc Ad]
Seat 1: Dorex2007 (big blind) folded on the Turn
Seat 2: iwannabe29 folded before Flop (didn't bet)
Seat 3: alex071001 folded before Flop (didn't bet)
Seat 4: saneti folded before Flop (didn't bet)
Seat 5: bloody55hawk folded before Flop (didn't bet)
Seat 7: Novikov_PM folded before Flop (didn't bet)
Seat 8: Cold-Logic (button) collected ($0.05)
Seat 9: Mr.Squanchy90 (small blind) folded before Flop



PokerStars Hand #231308893148:  Hold'em No Limit ($0.01/$0.02 USD) - 2021/11/10 22:26:36 PT [2021/11/11 1:26:36 ET]
Table 'Bolzano' 9-max Seat #9 is the button
Seat 1: Dorex2007 ($2.24 in chips) 
Seat 2: iwannabe29 ($2.77 in chips) 
Seat 3: alex071001 ($0.59 in chips) 
Seat 4: saneti ($0.77 in chips) 
Seat 5: bloody55hawk ($0.80 in chips) 
Seat 7: Novikov_PM ($2.26 in chips) 
Seat 8: Cold-Logic ($0.79 in chips) 
Seat 9: Mr.Squanchy90 ($1.90 in chips) 
Dorex2007: posts small blind $0.01
iwannabe29: posts big blind $0.02
*** HOLE CARDS ***
Dealt to Dorex2007 [7d 6h]
alex071001: folds 
saneti: folds 
bloody55hawk: raises $0.02 to $0.04
Novikov_PM: folds 
Cold-Logic: folds 
alex071001 leaves the table
Mr.Squanchy90: folds 
Dorex2007: folds 
alexahk joins the table at seat #3 
iwannabe29: calls $0.02
*** FLOP *** [Qc 8d 3c]
iwannabe29: checks 
bloody55hawk: bets $0.06
iwannabe29: folds 
Uncalled bet ($0.06) returned to bloody55hawk
bloody55hawk collected $0.09 from pot
bloody55hawk: doesn't show hand 
*** SUMMARY ***
Total pot $0.09 | Rake $0 
Board [Qc 8d 3c]
Seat 1: Dorex2007 (small blind) folded before Flop
Seat 2: iwannabe29 (big blind) folded on the Flop
Seat 3: alex071001 folded before Flop (didn't bet)
Seat 4: saneti folded before Flop (didn't bet)
Seat 5: bloody55hawk collected ($0.09)
Seat 7: Novikov_PM folded before Flop (didn't bet)
Seat 8: Cold-Logic folded before Flop (didn't bet)
Seat 9: Mr.Squanchy90 (button) folded before Flop (didn't bet)



PokerStars Hand #231308896721:  Hold'em No Limit ($0.01/$0.02 USD) - 2021/11/10 22:27:03 PT [2021/11/11 1:27:03 ET]
Table 'Bolzano' 9-max Seat #1 is the button
Seat 1: Dorex2007 ($2.23 in chips) 
Seat 2: iwannabe29 ($2.73 in chips) 
Seat 3: alexahk ($2 in chips) 
Seat 4: saneti ($0.77 in chips) 
Seat 5: bloody55hawk ($0.85 in chips) 
Seat 7: Novikov_PM ($2.26 in chips) 
Seat 8: Cold-Logic ($0.79 in chips) 
Seat 9: Mr.Squanchy90 ($1.90 in chips) 
iwannabe29: posts small blind $0.01
alexahk: posts big blind $0.02
*** HOLE CARDS ***
Dealt to Dorex2007 [Qc 8s]
saneti: calls $0.02
bloody55hawk: folds 
Novikov_PM: folds 
Cold-Logic: calls $0.02
Mr.Squanchy90: folds 
Dorex2007: folds 
iwannabe29: calls $0.01
alexahk: checks 
*** FLOP *** [8h Js 7s]
iwannabe29: bets $0.02
alexahk: folds 
saneti: calls $0.02
Cold-Logic: calls $0.02
*** TURN *** [8h Js 7s] [9d]
iwannabe29: bets $0.14
saneti: calls $0.14
Cold-Logic: folds 
*** RIVER *** [8h Js 7s 9d] [Qd]
iwannabe29: checks 
saneti: checks 
*** SHOW DOWN ***
iwannabe29: shows [7h 9s] (two pair, Nines and Sevens)
saneti: shows [9c Jc] (two pair, Jacks and Nines)
saneti collected $0.41 from pot
*** SUMMARY ***
Total pot $0.42 | Rake $0.01 
Board [8h Js 7s 9d Qd]
Seat 1: Dorex2007 (button) folded before Flop (didn't bet)
Seat 2: iwannabe29 (small blind) showed [7h 9s] and lost with two pair, Nines and Sevens
Seat 3: alexahk (big blind) folded on the Flop
Seat 4: saneti showed [9c Jc] and won ($0.41) with two pair, Jacks and Nines
Seat 5: bloody55hawk folded before Flop (didn't bet)
Seat 7: Novikov_PM folded before Flop (didn't bet)
Seat 8: Cold-Logic folded on the Turn
Seat 9: Mr.Squanchy90 folded before Flop (didn't bet)



PokerStars Hand #231308903372:  Hold'em No Limit ($0.01/$0.02 USD) - 2021/11/10 22:27:53 PT [2021/11/11 1:27:53 ET]
Table 'Bolzano' 9-max Seat #2 is the button
Seat 1: Dorex2007 ($2.23 in chips) 
Seat 2: iwannabe29 ($2.55 in chips) 
Seat 3: alexahk ($1.98 in chips) 
Seat 4: saneti ($1 in chips) 
Seat 5: bloody55hawk ($0.85 in chips) 
Seat 7: Novikov_PM ($2.26 in chips) 
Seat 8: Cold-Logic ($0.75 in chips) 
Seat 9: Mr.Squanchy90 ($1.90 in chips) 
alexahk: posts small blind $0.01
saneti: posts big blind $0.02
*** HOLE CARDS ***
Dealt to Dorex2007 [5s 4h]
bloody55hawk: folds 
Novikov_PM: folds 
Cold-Logic: calls $0.02
Mr.Squanchy90: folds 
Dorex2007: folds 
iwannabe29: calls $0.02
alexahk: raises $0.08 to $0.10
saneti: folds 
Cold-Logic: folds 
iwannabe29: calls $0.08
*** FLOP *** [Js 5d 3h]
alexahk: bets $0.14
iwannabe29: folds 
Uncalled bet ($0.14) returned to alexahk
alexahk collected $0.23 from pot
alexahk: doesn't show hand 
*** SUMMARY ***
Total pot $0.24 | Rake $0.01 
Board [Js 5d 3h]
Seat 1: Dorex2007 folded before Flop (didn't bet)
Seat 2: iwannabe29 (button) folded on the Flop
Seat 3: alexahk (small blind) collected ($0.23)
Seat 4: saneti (big blind) folded before Flop
Seat 5: bloody55hawk folded before Flop (didn't bet)
Seat 7: Novikov_PM folded before Flop (didn't bet)
Seat 8: Cold-Logic folded before Flop
Seat 9: Mr.Squanchy90 folded before Flop (didn't bet)



PokerStars Hand #231308912142:  Hold'em No Limit ($0.01/$0.02 USD) - 2021/11/10 22:28:28 PT [2021/11/11 1:28:28 ET]
Table 'Bolzano' 9-max Seat #3 is the button
Seat 1: Dorex2007 ($2.23 in chips) 
Seat 2: iwannabe29 ($2.45 in chips) 
Seat 3: alexahk ($2.11 in chips) 
Seat 4: saneti ($0.98 in chips) 
Seat 5: bloody55hawk ($0.85 in chips) 
Seat 7: Novikov_PM ($2.26 in chips) 
Seat 8: Cold-Logic ($0.73 in chips) 
Seat 9: Mr.Squanchy90 ($1.90 in chips) 
saneti: posts small blind $0.01
bloody55hawk: posts big blind $0.02
*** HOLE CARDS ***
Dealt to Dorex2007 [Ac 3h]
Novikov_PM: folds 
Cold-Logic: folds 
Mr.Squanchy90: folds 
Dorex2007: folds 
iwannabe29: folds 
alexahk: raises $0.04 to $0.06
saneti: folds 
bloody55hawk: folds 
Uncalled bet ($0.04) returned to alexahk
alexahk collected $0.05 from pot
alexahk: doesn't show hand 
*** SUMMARY ***
Total pot $0.05 | Rake $0 
Seat 1: Dorex2007 folded before Flop (didn't bet)
Seat 2: iwannabe29 folded before Flop (didn't bet)
Seat 3: alexahk (button) collected ($0.05)
Seat 4: saneti (small blind) folded before Flop
Seat 5: bloody55hawk (big blind) folded before Flop
Seat 7: Novikov_PM folded before Flop (didn't bet)
Seat 8: Cold-Logic folded before Flop (didn't bet)
Seat 9: Mr.Squanchy90 folded before Flop (didn't bet)



PokerStars Hand #231308914717:  Hold'em No Limit ($0.01/$0.02 USD) - 2021/11/10 22:28:48 PT [2021/11/11 1:28:48 ET]
Table 'Bolzano' 9-max Seat #4 is the button
Seat 1: Dorex2007 ($2.23 in chips) 
Seat 2: iwannabe29 ($2.45 in chips) 
Seat 3: alexahk ($2.14 in chips) 
Seat 4: saneti ($0.97 in chips) 
Seat 5: bloody55hawk ($0.83 in chips) 
Seat 6: Nadi6422 ($2.51 in chips) 
Seat 7: Novikov_PM ($2.26 in chips) 
Seat 8: Cold-Logic ($0.73 in chips) 
Seat 9: Mr.Squanchy90 ($1.90 in chips) 
bloody55hawk: posts small blind $0.01
Nadi6422: posts big blind $0.02
*** HOLE CARDS ***
Dealt to Dorex2007 [Jh 7c]
Novikov_PM: folds 
Cold-Logic: folds 
Mr.Squanchy90: folds 
Dorex2007: folds 
iwannabe29: calls $0.02
alexahk: folds 
saneti: raises $0.04 to $0.06
bloody55hawk: folds 
Nadi6422: folds 
iwannabe29: calls $0.04
*** FLOP *** [Kh Qh 4s]
iwannabe29: checks 
saneti: checks 
*** TURN *** [Kh Qh 4s] [6c]
iwannabe29: checks 
saneti: bets $0.14
iwannabe29: folds 
Uncalled bet ($0.14) returned to saneti
saneti collected $0.14 from pot
saneti: doesn't show hand 
*** SUMMARY ***
Total pot $0.15 | Rake $0.01 
Board [Kh Qh 4s 6c]
Seat 1: Dorex2007 folded before Flop (didn't bet)
Seat 2: iwannabe29 folded on the Turn
Seat 3: alexahk folded before Flop (didn't bet)
Seat 4: saneti (button) collected ($0.14)
Seat 5: bloody55hawk (small blind) folded before Flop
Seat 6: Nadi6422 (big blind) folded before Flop
Seat 7: Novikov_PM folded before Flop (didn't bet)
Seat 8: Cold-Logic folded before Flop (didn't bet)
Seat 9: Mr.Squanchy90 folded before Flop (didn't bet)



PokerStars Hand #231308918788:  Hold'em No Limit ($0.01/$0.02 USD) - 2021/11/10 22:29:20 PT [2021/11/11 1:29:20 ET]
Table 'Bolzano' 9-max Seat #5 is the button
Seat 1: Dorex2007 ($2.23 in chips) 
Seat 2: iwannabe29 ($2.39 in chips) 
Seat 3: alexahk ($2.14 in chips) 
Seat 4: saneti ($1.05 in chips) 
Seat 5: bloody55hawk ($0.82 in chips) 
Seat 6: Nadi6422 ($2.49 in chips) 
Seat 7: Novikov_PM ($2.26 in chips) 
Seat 8: Cold-Logic ($0.73 in chips) 
Seat 9: Mr.Squanchy90 ($1.90 in chips) 
Nadi6422: posts small blind $0.01
Novikov_PM: posts big blind $0.02
*** HOLE CARDS ***
Dealt to Dorex2007 [2c 7s]
Cold-Logic: folds 
Mr.Squanchy90: raises $0.03 to $0.05
Dorex2007: folds 
iwannabe29: folds 
alexahk: folds 
saneti: folds 
bloody55hawk: folds 
Nadi6422: folds 
Novikov_PM: folds 
Uncalled bet ($0.03) returned to Mr.Squanchy90
Mr.Squanchy90 collected $0.05 from pot
Mr.Squanchy90: doesn't show hand 
*** SUMMARY ***
Total pot $0.05 | Rake $0 
Seat 1: Dorex2007 folded before Flop (didn't bet)
Seat 2: iwannabe29 folded before Flop (didn't bet)
Seat 3: alexahk folded before Flop (didn't bet)
Seat 4: saneti folded before Flop (didn't bet)
Seat 5: bloody55hawk (button) folded before Flop (didn't bet)
Seat 6: Nadi6422 (small blind) folded before Flop
Seat 7: Novikov_PM (big blind) folded before Flop
Seat 8: Cold-Logic folded before Flop (didn't bet)
Seat 9: Mr.Squanchy90 collected ($0.05)



PokerStars Hand #231308922543:  Hold'em No Limit ($0.01/$0.02 USD) - 2021/11/10 22:29:48 PT [2021/11/11 1:29:48 ET]
Table 'Bolzano' 9-max Seat #6 is the button
Seat 1: Dorex2007 ($2.23 in chips) 
Seat 2: iwannabe29 ($2.39 in chips) 
Seat 3: alexahk ($2.14 in chips) 
Seat 4: saneti ($1.05 in chips) 
Seat 5: bloody55hawk ($0.82 in chips) 
Seat 6: Nadi6422 ($2.48 in chips) 
Seat 7: Novikov_PM ($2.24 in chips) 
Seat 8: Cold-Logic ($0.73 in chips) 
Seat 9: Mr.Squanchy90 ($1.93 in chips) 
Novikov_PM: posts small blind $0.01
Cold-Logic: posts big blind $0.02
*** HOLE CARDS ***
Dealt to Dorex2007 [3c 6h]
Mr.Squanchy90: folds 
Dorex2007: folds 
iwannabe29: calls $0.02
alexahk: folds 
saneti: calls $0.02
bloody55hawk: calls $0.02
Nadi6422: folds 
Novikov_PM: folds 
Cold-Logic: checks 
*** FLOP *** [Kh Ah Qd]
Cold-Logic: checks 
iwannabe29: checks 
saneti: bets $0.09
bloody55hawk: folds 
Cold-Logic: folds 
iwannabe29: folds 
Uncalled bet ($0.09) returned to saneti
saneti collected $0.09 from pot
saneti: doesn't show hand 
*** SUMMARY ***
Total pot $0.09 | Rake $0 
Board [Kh Ah Qd]
Seat 1: Dorex2007 folded before Flop (didn't bet)
Seat 2: iwannabe29 folded on the Flop
Seat 3: alexahk folded before Flop (didn't bet)
Seat 4: saneti collected ($0.09)
Seat 5: bloody55hawk folded on the Flop
Seat 6: Nadi6422 (button) folded before Flop (didn't bet)
Seat 7: Novikov_PM (small blind) folded before Flop
Seat 8: Cold-Logic (big blind) folded on the Flop
Seat 9: Mr.Squanchy90 folded before Flop (didn't bet)



PokerStars Hand #231308926195:  Hold'em No Limit ($0.01/$0.02 USD) - 2021/11/10 22:30:15 PT [2021/11/11 1:30:15 ET]
Table 'Bolzano' 9-max Seat #7 is the button
Seat 1: Dorex2007 ($2.23 in chips) 
Seat 2: iwannabe29 ($2.37 in chips) 
Seat 3: alexahk ($2.14 in chips) 
Seat 4: saneti ($1.12 in chips) 
Seat 5: bloody55hawk ($0.80 in chips) 
Seat 6: Nadi6422 ($2.48 in chips) 
Seat 7: Novikov_PM ($2.23 in chips) 
Seat 8: Cold-Logic ($0.71 in chips) 
Seat 9: Mr.Squanchy90 ($1.93 in chips) 
Cold-Logic: posts small blind $0.01
Mr.Squanchy90: posts big blind $0.02
*** HOLE CARDS ***
Dealt to Dorex2007 [As Ad]
Dorex2007: calls $0.02
iwannabe29: folds 
alexahk: folds 
saneti: folds 
bloody55hawk: folds 
Nadi6422: calls $0.02
Novikov_PM: folds 
Cold-Logic: calls $0.01
Mr.Squanchy90: checks 
*** FLOP *** [5h 7c 3h]
Cold-Logic: checks 
Mr.Squanchy90: checks 
Dorex2007: checks 
Nadi6422: checks 
*** TURN *** [5h 7c 3h] [2s]
Cold-Logic: checks 
Mr.Squanchy90: bets $0.03
Dorex2007: raises $0.07 to $0.10
Nadi6422: folds 
Cold-Logic: folds 
Mr.Squanchy90: calls $0.07
*** RIVER *** [5h 7c 3h 2s] [8h]
Mr.Squanchy90: checks 
Dorex2007: checks 
*** SHOW DOWN ***
Mr.Squanchy90: shows [6c 6d] (a pair of Sixes)
Dorex2007: shows [As Ad] (a pair of Aces)
Dorex2007 collected $0.27 from pot
*** SUMMARY ***
Total pot $0.28 | Rake $0.01 
Board [5h 7c 3h 2s 8h]
Seat 1: Dorex2007 showed [As Ad] and won ($0.27) with a pair of Aces
Seat 2: iwannabe29 folded before Flop (didn't bet)
Seat 3: alexahk folded before Flop (didn't bet)
Seat 4: saneti folded before Flop (didn't bet)
Seat 5: bloody55hawk folded before Flop (didn't bet)
Seat 6: Nadi6422 folded on the Turn
Seat 7: Novikov_PM (button) folded before Flop (didn't bet)
Seat 8: Cold-Logic (small blind) folded on the Turn
Seat 9: Mr.Squanchy90 (big blind) showed [6c 6d] and lost with a pair of Sixes



PokerStars Hand #231308932732:  Hold'em No Limit ($0.01/$0.02 USD) - 2021/11/10 22:31:05 PT [2021/11/11 1:31:05 ET]
Table 'Bolzano' 9-max Seat #8 is the button
Seat 1: Dorex2007 ($2.38 in chips) 
Seat 2: iwannabe29 ($2.37 in chips) 
Seat 3: alexahk ($2.14 in chips) 
Seat 4: saneti ($1.12 in chips) 
Seat 5: bloody55hawk ($0.80 in chips) 
Seat 6: Nadi6422 ($2.46 in chips) 
Seat 7: Novikov_PM ($2.23 in chips) 
Seat 8: Cold-Logic ($0.69 in chips) 
Seat 9: Mr.Squanchy90 ($1.81 in chips) 
Mr.Squanchy90: posts small blind $0.01
Dorex2007: posts big blind $0.02
*** HOLE CARDS ***
Dealt to Dorex2007 [2c 7c]
iwannabe29: calls $0.02
alexahk: folds 
saneti: folds 
bloody55hawk: folds 
Nadi6422: folds 
Novikov_PM: folds 
Cold-Logic: calls $0.02
Mr.Squanchy90: folds 
Dorex2007: checks 
*** FLOP *** [8h Jh 3d]
Dorex2007: checks 
iwannabe29: bets $0.04
Cold-Logic: folds 
Dorex2007: folds 
Uncalled bet ($0.04) returned to iwannabe29
iwannabe29 collected $0.07 from pot
*** SUMMARY ***
Total pot $0.07 | Rake $0 
Board [8h Jh 3d]
Seat 1: Dorex2007 (big blind) folded on the Flop
Seat 2: iwannabe29 collected ($0.07)
Seat 3: alexahk folded before Flop (didn't bet)
Seat 4: saneti folded before Flop (didn't bet)
Seat 5: bloody55hawk folded before Flop (didn't bet)
Seat 6: Nadi6422 folded before Flop (didn't bet)
Seat 7: Novikov_PM folded before Flop (didn't bet)
Seat 8: Cold-Logic (button) folded on the Flop
Seat 9: Mr.Squanchy90 (small blind) folded before Flop



PokerStars Hand #231308936643:  Hold'em No Limit ($0.01/$0.02 USD) - 2021/11/10 22:31:35 PT [2021/11/11 1:31:35 ET]
Table 'Bolzano' 9-max Seat #9 is the button
Seat 1: Dorex2007 ($2.36 in chips) 
Seat 2: iwannabe29 ($2.42 in chips) 
Seat 3: alexahk ($2.14 in chips) 
Seat 4: saneti ($1.12 in chips) 
Seat 5: bloody55hawk ($0.80 in chips) 
Seat 6: Nadi6422 ($2.46 in chips) 
Seat 7: Novikov_PM ($2.23 in chips) 
Seat 8: Cold-Logic ($0.67 in chips) 
Seat 9: Mr.Squanchy90 ($1.80 in chips) 
Dorex2007: posts small blind $0.01
iwannabe29: posts big blind $0.02
*** HOLE CARDS ***
Dealt to Dorex2007 [Ts Kd]
alexahk has timed out
alexahk: folds 
saneti: folds 
bloody55hawk: folds 
Nadi6422: folds 
Novikov_PM: folds 
Cold-Logic: calls $0.02
Mr.Squanchy90: folds 
Dorex2007: raises $0.06 to $0.08
iwannabe29: folds 
Cold-Logic: calls $0.06
*** FLOP *** [Qc 3s Th]
Dorex2007: bets $0.11
Cold-Logic: raises $0.48 to $0.59 and is all-in
Dorex2007: folds 
Uncalled bet ($0.48) returned to Cold-Logic
Cold-Logic collected $0.39 from pot
Cold-Logic: doesn't show hand 
*** SUMMARY ***
Total pot $0.40 | Rake $0.01 
Board [Qc 3s Th]
Seat 1: Dorex2007 (small blind) folded on the Flop
Seat 2: iwannabe29 (big blind) folded before Flop
Seat 3: alexahk folded before Flop (didn't bet)
Seat 4: saneti folded before Flop (didn't bet)
Seat 5: bloody55hawk folded before Flop (didn't bet)
Seat 6: Nadi6422 folded before Flop (didn't bet)
Seat 7: Novikov_PM folded before Flop (didn't bet)
Seat 8: Cold-Logic collected ($0.39)
Seat 9: Mr.Squanchy90 (button) folded before Flop (didn't bet)



PokerStars Hand #231308946583:  Hold'em No Limit ($0.01/$0.02 USD) - 2021/11/10 22:32:27 PT [2021/11/11 1:32:27 ET]
Table 'Bolzano' 9-max Seat #1 is the button
Seat 1: Dorex2007 ($2.17 in chips) 
Seat 2: iwannabe29 ($2.40 in chips) 
Seat 3: alexahk ($2.14 in chips) 
Seat 4: saneti ($1.12 in chips) 
Seat 5: bloody55hawk ($0.80 in chips) 
Seat 6: Nadi6422 ($2.46 in chips) 
Seat 7: Novikov_PM ($2.23 in chips) 
Seat 8: Cold-Logic ($0.87 in chips) 
Seat 9: Mr.Squanchy90 ($1.80 in chips) 
iwannabe29: posts small blind $0.01
alexahk: posts big blind $0.02
*** HOLE CARDS ***
Dealt to Dorex2007 [Tc Jc]
saneti: folds 
bloody55hawk: folds 
Nadi6422: folds 
Novikov_PM: folds 
Cold-Logic: calls $0.02
Mr.Squanchy90: folds 
Dorex2007: calls $0.02
iwannabe29: raises $0.04 to $0.06
alexahk: folds 
Cold-Logic: folds 
Dorex2007: calls $0.04
*** FLOP *** [8h Ks 3s]
iwannabe29: checks 
Dorex2007: bets $0.08
iwannabe29: calls $0.08
*** TURN *** [8h Ks 3s] [5d]
iwannabe29: checks 
Dorex2007: bets $0.08
iwannabe29: calls $0.08
*** RIVER *** [8h Ks 3s 5d] [8s]
iwannabe29: bets $0.06
Dorex2007: raises $0.06 to $0.12
iwannabe29: raises $0.06 to $0.18
Dorex2007: calls $0.06
*** SHOW DOWN ***
iwannabe29: shows [Kd Kc] (a full house, Kings full of Eights)
Dorex2007: mucks hand 
iwannabe29 collected $0.81 from pot
*** SUMMARY ***
Total pot $0.84 | Rake $0.03 
Board [8h Ks 3s 5d 8s]
Seat 1: Dorex2007 (button) mucked [Tc Jc]
Seat 2: iwannabe29 (small blind) showed [Kd Kc] and won ($0.81) with a full house, Kings full of Eights
Seat 3: alexahk (big blind) folded before Flop
Seat 4: saneti folded before Flop (didn't bet)
Seat 5: bloody55hawk folded before Flop (didn't bet)
Seat 6: Nadi6422 folded before Flop (didn't bet)
Seat 7: Novikov_PM folded before Flop (didn't bet)
Seat 8: Cold-Logic folded before Flop
Seat 9: Mr.Squanchy90 folded before Flop (didn't bet)



PokerStars Hand #231308954034:  Hold'em No Limit ($0.01/$0.02 USD) - 2021/11/10 22:33:23 PT [2021/11/11 1:33:23 ET]
Table 'Bolzano' 9-max Seat #2 is the button
Seat 1: Dorex2007 ($2 in chips) 
Seat 2: iwannabe29 ($2.81 in chips) 
Seat 3: alexahk ($2.12 in chips) 
Seat 4: saneti ($1.12 in chips) 
Seat 5: bloody55hawk ($0.80 in chips) 
Seat 6: Nadi6422 ($2.46 in chips) 
Seat 7: Novikov_PM ($2.23 in chips) 
Seat 8: Cold-Logic ($0.85 in chips) 
Seat 9: Mr.Squanchy90 ($1.80 in chips) 
alexahk: posts small blind $0.01
saneti: posts big blind $0.02
*** HOLE CARDS ***
Dealt to Dorex2007 [Qs 5s]
bloody55hawk: folds 
Nadi6422: folds 
Novikov_PM: folds 
Cold-Logic: folds 
Mr.Squanchy90: folds 
Dorex2007: folds 
iwannabe29: folds 
alexahk: folds 
Uncalled bet ($0.01) returned to saneti
saneti collected $0.02 from pot
saneti: doesn't show hand 
*** SUMMARY ***
Total pot $0.02 | Rake $0 
Seat 1: Dorex2007 folded before Flop (didn't bet)
Seat 2: iwannabe29 (button) folded before Flop (didn't bet)
Seat 3: alexahk (small blind) folded before Flop
Seat 4: saneti (big blind) collected ($0.02)
Seat 5: bloody55hawk folded before Flop (didn't bet)
Seat 6: Nadi6422 folded before Flop (didn't bet)
Seat 7: Novikov_PM folded before Flop (didn't bet)
Seat 8: Cold-Logic folded before Flop (didn't bet)
Seat 9: Mr.Squanchy90 folded before Flop (didn't bet)



PokerStars Hand #231308955371:  Hold'em No Limit ($0.01/$0.02 USD) - 2021/11/10 22:33:33 PT [2021/11/11 1:33:33 ET]
Table 'Bolzano' 9-max Seat #3 is the button
Seat 1: Dorex2007 ($2 in chips) 
Seat 2: iwannabe29 ($2.81 in chips) 
Seat 3: alexahk ($2.11 in chips) 
Seat 4: saneti ($1.13 in chips) 
Seat 5: bloody55hawk ($0.80 in chips) 
Seat 6: Nadi6422 ($2.46 in chips) 
Seat 7: Novikov_PM ($2.23 in chips) 
Seat 8: Cold-Logic ($0.85 in chips) 
Seat 9: Mr.Squanchy90 ($1.80 in chips) 
saneti: posts small blind $0.01
bloody55hawk: posts big blind $0.02
*** HOLE CARDS ***
Dealt to Dorex2007 [4c 2s]
Nadi6422: calls $0.02
Novikov_PM: folds 
Cold-Logic: folds 
Mr.Squanchy90: folds 
Dorex2007: folds 
iwannabe29: calls $0.02
alexahk: folds 
saneti: folds 
bloody55hawk: checks 
*** FLOP *** [Js Jh 2h]
bloody55hawk: checks 
Nadi6422: checks 
iwannabe29: bets $0.07
bloody55hawk: folds 
Nadi6422: folds 
Uncalled bet ($0.07) returned to iwannabe29
iwannabe29 collected $0.07 from pot
*** SUMMARY ***
Total pot $0.07 | Rake $0 
Board [Js Jh 2h]
Seat 1: Dorex2007 folded before Flop (didn't bet)
Seat 2: iwannabe29 collected ($0.07)
Seat 3: alexahk (button) folded before Flop (didn't bet)
Seat 4: saneti (small blind) folded before Flop
Seat 5: bloody55hawk (big blind) folded on the Flop
Seat 6: Nadi6422 folded on the Flop
Seat 7: Novikov_PM folded before Flop (didn't bet)
Seat 8: Cold-Logic folded before Flop (didn't bet)
Seat 9: Mr.Squanchy90 folded before Flop (didn't bet)



PokerStars Hand #231308958842:  Hold'em No Limit ($0.01/$0.02 USD) - 2021/11/10 22:33:59 PT [2021/11/11 1:33:59 ET]
Table 'Bolzano' 9-max Seat #4 is the button
Seat 1: Dorex2007 ($2 in chips) 
Seat 2: iwannabe29 ($2.86 in chips) 
Seat 3: alexahk ($2.11 in chips) 
Seat 4: saneti ($1.12 in chips) 
Seat 5: bloody55hawk ($0.80 in chips) 
Seat 6: Nadi6422 ($2.44 in chips) 
Seat 7: Novikov_PM ($2.23 in chips) 
Seat 8: Cold-Logic ($0.85 in chips) 
Seat 9: Mr.Squanchy90 ($1.80 in chips) 
bloody55hawk: posts small blind $0.01
Nadi6422: posts big blind $0.02
*** HOLE CARDS ***
Dealt to Dorex2007 [6d Td]
Novikov_PM: folds 
Cold-Logic: calls $0.02
Mr.Squanchy90: folds 
Dorex2007: folds 
iwannabe29: folds 
alexahk: raises $0.06 to $0.08
saneti: folds 
bloody55hawk: folds 
Nadi6422: folds 
Cold-Logic: folds 
Uncalled bet ($0.06) returned to alexahk
alexahk collected $0.07 from pot
alexahk: doesn't show hand 
*** SUMMARY ***
Total pot $0.07 | Rake $0 
Seat 1: Dorex2007 folded before Flop (didn't bet)
Seat 2: iwannabe29 folded before Flop (didn't bet)
Seat 3: alexahk collected ($0.07)
Seat 4: saneti (button) folded before Flop (didn't bet)
Seat 5: bloody55hawk (small blind) folded before Flop
Seat 6: Nadi6422 (big blind) folded before Flop
Seat 7: Novikov_PM folded before Flop (didn't bet)
Seat 8: Cold-Logic folded before Flop
Seat 9: Mr.Squanchy90 folded before Flop (didn't bet)



PokerStars Hand #231308961391:  Hold'em No Limit ($0.01/$0.02 USD) - 2021/11/10 22:34:18 PT [2021/11/11 1:34:18 ET]
Table 'Bolzano' 9-max Seat #5 is the button
Seat 1: Dorex2007 ($2 in chips) 
Seat 2: iwannabe29 ($2.86 in chips) 
Seat 3: alexahk ($2.16 in chips) 
Seat 4: saneti ($1.12 in chips) 
Seat 5: bloody55hawk ($0.80 in chips) 
Seat 6: Nadi6422 ($2.42 in chips) 
Seat 7: Novikov_PM ($2.23 in chips) 
Seat 8: Cold-Logic ($0.83 in chips) 
Seat 9: Mr.Squanchy90 ($1.80 in chips) 
Nadi6422: posts small blind $0.01
Novikov_PM: posts big blind $0.02
*** HOLE CARDS ***
Dealt to Dorex2007 [5c Td]
Cold-Logic: folds 
Mr.Squanchy90: raises $0.03 to $0.05
Dorex2007: folds 
iwannabe29: folds 
alexahk: folds 
saneti: folds 
bloody55hawk: calls $0.05
Nadi6422: folds 
Novikov_PM: folds 
*** FLOP *** [9s 6c Ts]
Mr.Squanchy90: checks 
bloody55hawk: bets $0.75 and is all-in
Mr.Squanchy90: folds 
Uncalled bet ($0.75) returned to bloody55hawk
bloody55hawk collected $0.13 from pot
bloody55hawk: doesn't show hand 
*** SUMMARY ***
Total pot $0.13 | Rake $0 
Board [9s 6c Ts]
Seat 1: Dorex2007 folded before Flop (didn't bet)
Seat 2: iwannabe29 folded before Flop (didn't bet)
Seat 3: alexahk folded before Flop (didn't bet)
Seat 4: saneti folded before Flop (didn't bet)
Seat 5: bloody55hawk (button) collected ($0.13)
Seat 6: Nadi6422 (small blind) folded before Flop
Seat 7: Novikov_PM (big blind) folded before Flop
Seat 8: Cold-Logic folded before Flop (didn't bet)
Seat 9: Mr.Squanchy90 folded on the Flop



PokerStars Hand #231308964707:  Hold'em No Limit ($0.01/$0.02 USD) - 2021/11/10 22:34:43 PT [2021/11/11 1:34:43 ET]
Table 'Bolzano' 9-max Seat #6 is the button
Seat 1: Dorex2007 ($2 in chips) 
Seat 2: iwannabe29 ($2.86 in chips) 
Seat 3: alexahk ($2.16 in chips) 
Seat 4: saneti ($1.12 in chips) 
Seat 5: bloody55hawk ($0.88 in chips) 
Seat 6: Nadi6422 ($2.41 in chips) 
Seat 7: Novikov_PM ($2.21 in chips) 
Seat 8: Cold-Logic ($0.83 in chips) 
Seat 9: Mr.Squanchy90 ($1.75 in chips) 
Novikov_PM: posts small blind $0.01
Cold-Logic: posts big blind $0.02
*** HOLE CARDS ***
Dealt to Dorex2007 [4c 2c]
Mr.Squanchy90: folds 
Dorex2007: calls $0.02
iwannabe29: calls $0.02
alexahk: folds 
saneti: calls $0.02
bloody55hawk: raises $0.86 to $0.88 and is all-in
Nadi6422: folds 
Novikov_PM: folds 
Cold-Logic: folds 
Dorex2007: folds 
iwannabe29: folds 
saneti: folds 
Uncalled bet ($0.86) returned to bloody55hawk
bloody55hawk collected $0.11 from pot
bloody55hawk: doesn't show hand 
*** SUMMARY ***
Total pot $0.11 | Rake $0 
Seat 1: Dorex2007 folded before Flop
Seat 2: iwannabe29 folded before Flop
Seat 3: alexahk folded before Flop (didn't bet)
Seat 4: saneti folded before Flop
Seat 5: bloody55hawk collected ($0.11)
Seat 6: Nadi6422 (button) folded before Flop (didn't bet)
Seat 7: Novikov_PM (small blind) folded before Flop
Seat 8: Cold-Logic (big blind) folded before Flop
Seat 9: Mr.Squanchy90 folded before Flop (didn't bet)



PokerStars Hand #231308968398:  Hold'em No Limit ($0.01/$0.02 USD) - 2021/11/10 22:35:10 PT [2021/11/11 1:35:10 ET]
Table 'Bolzano' 9-max Seat #7 is the button
Seat 1: Dorex2007 ($2 in chips) 
Seat 2: iwannabe29 ($2.84 in chips) 
Seat 3: alexahk ($2.16 in chips) 
Seat 4: saneti ($1.10 in chips) 
Seat 5: bloody55hawk ($0.97 in chips) 
Seat 6: Nadi6422 ($2.41 in chips) 
Seat 7: Novikov_PM ($2.20 in chips) 
Seat 8: Cold-Logic ($0.81 in chips) 
Seat 9: Mr.Squanchy90 ($1.75 in chips) 
Cold-Logic: posts small blind $0.01
Mr.Squanchy90: posts big blind $0.02
*** HOLE CARDS ***
Dealt to Dorex2007 [8c Kh]
Dorex2007: folds 
iwannabe29: folds 
alexahk: folds 
saneti: raises $0.02 to $0.04
bloody55hawk: folds 
Nadi6422: folds 
Novikov_PM: folds 
Cold-Logic: folds 
Mr.Squanchy90: calls $0.02
*** FLOP *** [Ad Qc 4c]
Mr.Squanchy90: bets $0.05
saneti: raises $0.05 to $0.10
Mr.Squanchy90: calls $0.05
*** TURN *** [Ad Qc 4c] [6s]
Mr.Squanchy90: checks 
saneti: bets $0.14
Mr.Squanchy90: calls $0.14
*** RIVER *** [Ad Qc 4c 6s] [Ts]
Mr.Squanchy90: bets $1.47 and is all-in
saneti: folds 
Uncalled bet ($1.47) returned to Mr.Squanchy90
Mr.Squanchy90 collected $0.55 from pot
Mr.Squanchy90: doesn't show hand 
*** SUMMARY ***
Total pot $0.57 | Rake $0.02 
Board [Ad Qc 4c 6s Ts]
Seat 1: Dorex2007 folded before Flop (didn't bet)
Seat 2: iwannabe29 folded before Flop (didn't bet)
Seat 3: alexahk folded before Flop (didn't bet)
Seat 4: saneti folded on the River
Seat 5: bloody55hawk folded before Flop (didn't bet)
Seat 6: Nadi6422 folded before Flop (didn't bet)
Seat 7: Novikov_PM (button) folded before Flop (didn't bet)
Seat 8: Cold-Logic (small blind) folded before Flop
Seat 9: Mr.Squanchy90 (big blind) collected ($0.55)



PokerStars Hand #231308975358:  Hold'em No Limit ($0.01/$0.02 USD) - 2021/11/10 22:36:02 PT [2021/11/11 1:36:02 ET]
Table 'Bolzano' 9-max Seat #8 is the button
Seat 1: Dorex2007 ($2 in chips) 
Seat 2: iwannabe29 ($2.84 in chips) 
Seat 3: alexahk ($2.16 in chips) 
Seat 4: saneti ($0.82 in chips) 
Seat 5: bloody55hawk ($0.97 in chips) 
Seat 6: Nadi6422 ($2.41 in chips) 
Seat 7: Novikov_PM ($2.20 in chips) 
Seat 8: Cold-Logic ($0.80 in chips) 
Seat 9: Mr.Squanchy90 ($2.02 in chips) 
Mr.Squanchy90: posts small blind $0.01
Dorex2007: posts big blind $0.02
*** HOLE CARDS ***
Dealt to Dorex2007 [Ad Ah]
iwannabe29: folds 
alexahk: folds 
saneti: folds 
bloody55hawk: raises $0.02 to $0.04
Nadi6422: folds 
Novikov_PM: folds 
Cold-Logic: folds 
Mr.Squanchy90: raises $0.08 to $0.12
Dorex2007: calls $0.10
bloody55hawk: calls $0.08
*** FLOP *** [8c 7d 5h]
Mr.Squanchy90: checks 
Dorex2007: checks 
bloody55hawk: checks 
*** TURN *** [8c 7d 5h] [Qd]
Mr.Squanchy90: bets $0.26
Dorex2007: raises $0.26 to $0.52
bloody55hawk: folds 
Mr.Squanchy90: calls $0.26
*** RIVER *** [8c 7d 5h Qd] [7c]
Mr.Squanchy90: checks 
Dorex2007: checks 
*** SHOW DOWN ***
Mr.Squanchy90: shows [As Qs] (two pair, Queens and Sevens)
Dorex2007: shows [Ad Ah] (two pair, Aces and Sevens)
Dorex2007 collected $1.35 from pot
*** SUMMARY ***
Total pot $1.40 | Rake $0.05 
Board [8c 7d 5h Qd 7c]
Seat 1: Dorex2007 (big blind) showed [Ad Ah] and won ($1.35) with two pair, Aces and Sevens
Seat 2: iwannabe29 folded before Flop (didn't bet)
Seat 3: alexahk folded before Flop (didn't bet)
Seat 4: saneti folded before Flop (didn't bet)
Seat 5: bloody55hawk folded on the Turn
Seat 6: Nadi6422 folded before Flop (didn't bet)
Seat 7: Novikov_PM folded before Flop (didn't bet)
Seat 8: Cold-Logic (button) folded before Flop (didn't bet)
Seat 9: Mr.Squanchy90 (small blind) showed [As Qs] and lost with two pair, Queens and Sevens



PokerStars Hand #231308983821:  Hold'em No Limit ($0.01/$0.02 USD) - 2021/11/10 22:37:04 PT [2021/11/11 1:37:04 ET]
Table 'Bolzano' 9-max Seat #9 is the button
Seat 1: Dorex2007 ($2.71 in chips) 
Seat 2: iwannabe29 ($2.84 in chips) 
Seat 3: alexahk ($2.16 in chips) 
Seat 4: saneti ($0.82 in chips) 
Seat 5: bloody55hawk ($0.85 in chips) 
Seat 6: Nadi6422 ($2.41 in chips) 
Seat 7: Novikov_PM ($2.20 in chips) 
Seat 8: Cold-Logic ($0.80 in chips) 
Seat 9: Mr.Squanchy90 ($1.38 in chips) 
Dorex2007: posts small blind $0.01
iwannabe29: posts big blind $0.02
*** HOLE CARDS ***
Dealt to Dorex2007 [Ad Js]
alexahk: folds 
saneti: raises $0.04 to $0.06
bloody55hawk: folds 
Nadi6422: folds 
Novikov_PM: folds 
Cold-Logic: folds 
Cold-Logic leaves the table
Mr.Squanchy90: folds 
Dorex2007: calls $0.05
iwannabe29: folds 
*** FLOP *** [Kh Jd 3d]
Dorex2007: checks 
saneti: checks 
*** TURN *** [Kh Jd 3d] [9c]
xxSerKosxx joins the table at seat #8 
Dorex2007: bets $0.07
saneti: folds 
Uncalled bet ($0.07) returned to Dorex2007
Dorex2007 collected $0.14 from pot
Dorex2007: doesn't show hand 
*** SUMMARY ***
Total pot $0.14 | Rake $0 
Board [Kh Jd 3d 9c]
Seat 1: Dorex2007 (small blind) collected ($0.14)
Seat 2: iwannabe29 (big blind) folded before Flop
Seat 3: alexahk folded before Flop (didn't bet)
Seat 4: saneti folded on the Turn
Seat 5: bloody55hawk folded before Flop (didn't bet)
Seat 6: Nadi6422 folded before Flop (didn't bet)
Seat 7: Novikov_PM folded before Flop (didn't bet)
Seat 8: Cold-Logic folded before Flop (didn't bet)
Seat 9: Mr.Squanchy90 (button) folded before Flop (didn't bet)



PokerStars Hand #231308988162:  Hold'em No Limit ($0.01/$0.02 USD) - 2021/11/10 22:37:36 PT [2021/11/11 1:37:36 ET]
Table 'Bolzano' 9-max Seat #1 is the button
Seat 1: Dorex2007 ($2.79 in chips) 
Seat 2: iwannabe29 ($2.82 in chips) 
Seat 3: alexahk ($2.16 in chips) 
Seat 4: saneti ($0.76 in chips) 
Seat 5: bloody55hawk ($0.85 in chips) 
Seat 6: Nadi6422 ($2.41 in chips) 
Seat 7: Novikov_PM ($2.20 in chips) 
Seat 9: Mr.Squanchy90 ($1.38 in chips) 
iwannabe29: posts small blind $0.01
alexahk: posts big blind $0.02
xxSerKosxx: sits out 
*** HOLE CARDS ***
Dealt to Dorex2007 [Kd 8h]
saneti: folds 
bloody55hawk: folds 
Nadi6422: folds 
Novikov_PM: folds 
Mr.Squanchy90: raises $0.03 to $0.05
Dorex2007: folds 
iwannabe29: folds 
alexahk: folds 
Uncalled bet ($0.03) returned to Mr.Squanchy90
Mr.Squanchy90 collected $0.05 from pot
Mr.Squanchy90: doesn't show hand 
*** SUMMARY ***
Total pot $0.05 | Rake $0 
Seat 1: Dorex2007 (button) folded before Flop (didn't bet)
Seat 2: iwannabe29 (small blind) folded before Flop
Seat 3: alexahk (big blind) folded before Flop
Seat 4: saneti folded before Flop (didn't bet)
Seat 5: bloody55hawk folded before Flop (didn't bet)
Seat 6: Nadi6422 folded before Flop (didn't bet)
Seat 7: Novikov_PM folded before Flop (didn't bet)
Seat 9: Mr.Squanchy90 collected ($0.05)



PokerStars Hand #231308989654:  Hold'em No Limit ($0.01/$0.02 USD) - 2021/11/10 22:37:47 PT [2021/11/11 1:37:47 ET]
Table 'Bolzano' 9-max Seat #2 is the button
Seat 1: Dorex2007 ($2.79 in chips) 
Seat 2: iwannabe29 ($2.81 in chips) 
Seat 3: alexahk ($2.14 in chips) 
Seat 4: saneti ($0.76 in chips) 
Seat 5: bloody55hawk ($0.85 in chips) 
Seat 6: Nadi6422 ($2.41 in chips) 
Seat 7: Novikov_PM ($2.20 in chips) 
Seat 8: xxSerKosxx ($1.60 in chips) 
Seat 9: Mr.Squanchy90 ($1.41 in chips) 
alexahk: posts small blind $0.01
saneti: posts big blind $0.02
xxSerKosxx: posts big blind $0.02
*** HOLE CARDS ***
Dealt to Dorex2007 [Jd 2c]
bloody55hawk: folds 
Nadi6422: folds 
Novikov_PM: folds 
xxSerKosxx: checks 
Mr.Squanchy90: folds 
Dorex2007: folds 
iwannabe29: raises $0.02 to $0.04
alexahk: raises $0.09 to $0.13
saneti: calls $0.11
xxSerKosxx: folds 
iwannabe29: calls $0.09
*** FLOP *** [3d 2d 6s]
alexahk: bets $0.23
saneti: calls $0.23
iwannabe29: folds 
*** TURN *** [3d 2d 6s] [Jh]
alexahk: bets $0.42
saneti: folds 
Uncalled bet ($0.42) returned to alexahk
alexahk collected $0.84 from pot
alexahk: doesn't show hand 
*** SUMMARY ***
Total pot $0.87 | Rake $0.03 
Board [3d 2d 6s Jh]
Seat 1: Dorex2007 folded before Flop (didn't bet)
Seat 2: iwannabe29 (button) folded on the Flop
Seat 3: alexahk (small blind) collected ($0.84)
Seat 4: saneti (big blind) folded on the Turn
Seat 5: bloody55hawk folded before Flop (didn't bet)
Seat 6: Nadi6422 folded before Flop (didn't bet)
Seat 7: Novikov_PM folded before Flop (didn't bet)
Seat 8: xxSerKosxx folded before Flop (didn't bet)
Seat 9: Mr.Squanchy90 folded before Flop (didn't bet)



PokerStars Hand #231308997622:  Hold'em No Limit ($0.01/$0.02 USD) - 2021/11/10 22:38:47 PT [2021/11/11 1:38:47 ET]
Table 'Bolzano' 9-max Seat #3 is the button
Seat 1: Dorex2007 ($2.79 in chips) 
Seat 2: iwannabe29 ($2.68 in chips) 
Seat 3: alexahk ($2.62 in chips) 
Seat 4: saneti ($0.40 in chips) 
Seat 5: bloody55hawk ($0.85 in chips) 
Seat 6: Nadi6422 ($2.41 in chips) 
Seat 7: Novikov_PM ($2.20 in chips) 
Seat 8: xxSerKosxx ($1.58 in chips) 
Seat 9: Mr.Squanchy90 ($1.41 in chips) 
saneti: posts small blind $0.01
bloody55hawk: posts big blind $0.02
*** HOLE CARDS ***
Dealt to Dorex2007 [5c 7s]
Nadi6422: folds 
Novikov_PM: folds 
xxSerKosxx: folds 
Mr.Squanchy90: folds 
Dorex2007: folds 
iwannabe29: folds 
alexahk: folds 
saneti: folds 
Uncalled bet ($0.01) returned to bloody55hawk
bloody55hawk collected $0.02 from pot
bloody55hawk: doesn't show hand 
*** SUMMARY ***
Total pot $0.02 | Rake $0 
Seat 1: Dorex2007 folded before Flop (didn't bet)
Seat 2: iwannabe29 folded before Flop (didn't bet)
Seat 3: alexahk (button) folded before Flop (didn't bet)
Seat 4: saneti (small blind) folded before Flop
Seat 5: bloody55hawk (big blind) collected ($0.02)
Seat 6: Nadi6422 folded before Flop (didn't bet)
Seat 7: Novikov_PM folded before Flop (didn't bet)
Seat 8: xxSerKosxx folded before Flop (didn't bet)
Seat 9: Mr.Squanchy90 folded before Flop (didn't bet)



PokerStars Hand #231309000088:  Hold'em No Limit ($0.01/$0.02 USD) - 2021/11/10 22:39:05 PT [2021/11/11 1:39:05 ET]
Table 'Bolzano' 9-max Seat #4 is the button
Seat 1: Dorex2007 ($2.79 in chips) 
Seat 2: iwannabe29 ($2.68 in chips) 
Seat 3: alexahk ($2.62 in chips) 
Seat 4: saneti ($0.39 in chips) 
Seat 5: bloody55hawk ($0.86 in chips) 
Seat 6: Nadi6422 ($2.41 in chips) 
Seat 7: Novikov_PM ($2.20 in chips) 
Seat 8: xxSerKosxx ($1.58 in chips) 
Seat 9: Mr.Squanchy90 ($1.41 in chips) 
bloody55hawk: posts small blind $0.01
Nadi6422: posts big blind $0.02
*** HOLE CARDS ***
Dealt to Dorex2007 [5c Jd]
Novikov_PM: folds 
xxSerKosxx: folds 
Mr.Squanchy90: folds 
Dorex2007: folds 
iwannabe29: calls $0.02
alexahk: folds 
saneti: calls $0.02
bloody55hawk: calls $0.01
Nadi6422: checks 
*** FLOP *** [6d 4h 4d]
bloody55hawk: checks 
Nadi6422: checks 
iwannabe29: checks 
saneti: bets $0.02
bloody55hawk: folds 
Nadi6422: calls $0.02
iwannabe29: calls $0.02
*** TURN *** [6d 4h 4d] [Qc]
Nadi6422: checks 
iwannabe29: bets $0.07
saneti: folds 
Nadi6422: folds 
Uncalled bet ($0.07) returned to iwannabe29
iwannabe29 collected $0.14 from pot
*** SUMMARY ***
Total pot $0.14 | Rake $0 
Board [6d 4h 4d Qc]
Seat 1: Dorex2007 folded before Flop (didn't bet)
Seat 2: iwannabe29 collected ($0.14)
Seat 3: alexahk folded before Flop (didn't bet)
Seat 4: saneti (button) folded on the Turn
Seat 5: bloody55hawk (small blind) folded on the Flop
Seat 6: Nadi6422 (big blind) folded on the Turn
Seat 7: Novikov_PM folded before Flop (didn't bet)
Seat 8: xxSerKosxx folded before Flop (didn't bet)
Seat 9: Mr.Squanchy90 folded before Flop (didn't bet)



PokerStars Hand #231309006219:  Hold'em No Limit ($0.01/$0.02 USD) - 2021/11/10 22:39:51 PT [2021/11/11 1:39:51 ET]
Table 'Bolzano' 9-max Seat #5 is the button
Seat 1: Dorex2007 ($2.79 in chips) 
Seat 2: iwannabe29 ($2.78 in chips) 
Seat 3: alexahk ($2.62 in chips) 
Seat 4: saneti ($0.35 in chips) 
Seat 5: bloody55hawk ($0.84 in chips) 
Seat 6: Nadi6422 ($2.37 in chips) 
Seat 7: Novikov_PM ($2.20 in chips) 
Seat 8: xxSerKosxx ($1.58 in chips) 
Seat 9: Mr.Squanchy90 ($1.41 in chips) 
Nadi6422: posts small blind $0.01
Novikov_PM: posts big blind $0.02
*** HOLE CARDS ***
Dealt to Dorex2007 [6h 4s]
xxSerKosxx: folds 
Mr.Squanchy90: folds 
Dorex2007: folds 
iwannabe29: calls $0.02
alexahk: folds 
saneti: folds 
bloody55hawk: folds 
Nadi6422: calls $0.01
Novikov_PM: raises $0.08 to $0.10
iwannabe29: calls $0.08
Nadi6422: folds 
*** FLOP *** [5s 2c Jc]
Novikov_PM: checks 
iwannabe29: checks 
*** TURN *** [5s 2c Jc] [Qc]
Novikov_PM: checks 
iwannabe29: checks 
*** RIVER *** [5s 2c Jc Qc] [Th]
Novikov_PM: checks 
iwannabe29: bets $0.21
Novikov_PM: folds 
Uncalled bet ($0.21) returned to iwannabe29
iwannabe29 collected $0.21 from pot
*** SUMMARY ***
Total pot $0.22 | Rake $0.01 
Board [5s 2c Jc Qc Th]
Seat 1: Dorex2007 folded before Flop (didn't bet)
Seat 2: iwannabe29 collected ($0.21)
Seat 3: alexahk folded before Flop (didn't bet)
Seat 4: saneti folded before Flop (didn't bet)
Seat 5: bloody55hawk (button) folded before Flop (didn't bet)
Seat 6: Nadi6422 (small blind) folded before Flop
Seat 7: Novikov_PM (big blind) folded on the River
Seat 8: xxSerKosxx folded before Flop (didn't bet)
Seat 9: Mr.Squanchy90 folded before Flop (didn't bet)



PokerStars Hand #231309048214:  Hold'em No Limit ($0.01/$0.02 USD) - 2021/11/10 22:45:01 PT [2021/11/11 1:45:01 ET]
Table 'Bolzano' 9-max Seat #2 is the button
Seat 1: Dorex2007 ($2.79 in chips) 
Seat 2: iwannabe29 ($2.90 in chips) 
Seat 5: Alllisina ($1.52 in chips) 
Seat 6: vbyecbytw1973 ($0.76 in chips) 
Seat 7: Novikov_PM ($2.08 in chips) 
Seat 8: xxSerKosxx ($1.54 in chips) 
Seat 9: Mr.Squanchy90 ($1.33 in chips) 
Alllisina: posts small blind $0.01
vbyecbytw1973: posts big blind $0.02
Dorex2007: posts small & big blinds $0.03
*** HOLE CARDS ***
Dealt to Dorex2007 [9d 2c]
Novikov_PM: raises $0.08 to $0.10
xxSerKosxx: calls $0.10
Mr.Squanchy90: folds 
Dorex2007: folds 
iwannabe29: folds 
Alllisina: calls $0.09
vbyecbytw1973: folds 
*** FLOP *** [9c 2s 9s]
Alllisina: checks 
ToshiroMifune joins the table at seat #3 
Novikov_PM: bets $0.11
xxSerKosxx: folds 
Alllisina: calls $0.11
*** TURN *** [9c 2s 9s] [5c]
Alllisina: checks 
Novikov_PM: checks 
*** RIVER *** [9c 2s 9s 5c] [8d]
Alllisina: checks 
Novikov_PM: checks 
*** SHOW DOWN ***
Alllisina: shows [Kc 8c] (two pair, Nines and Eights)
Novikov_PM: mucks hand 
Alllisina collected $0.55 from pot
*** SUMMARY ***
Total pot $0.57 | Rake $0.02 
Board [9c 2s 9s 5c 8d]
Seat 1: Dorex2007 folded before Flop (didn't bet)
Seat 2: iwannabe29 (button) folded before Flop (didn't bet)
Seat 5: Alllisina (small blind) showed [Kc 8c] and won ($0.55) with two pair, Nines and Eights
Seat 6: vbyecbytw1973 (big blind) folded before Flop
Seat 7: Novikov_PM mucked [As Ts]
Seat 8: xxSerKosxx folded on the Flop
Seat 9: Mr.Squanchy90 folded before Flop (didn't bet)



PokerStars Hand #231309054074:  Hold'em No Limit ($0.01/$0.02 USD) - 2021/11/10 22:45:44 PT [2021/11/11 1:45:44 ET]
Table 'Bolzano' 9-max Seat #5 is the button
Seat 1: Dorex2007 ($2.76 in chips) 
Seat 2: iwannabe29 ($2.90 in chips) 
Seat 5: Alllisina ($1.86 in chips) 
Seat 6: vbyecbytw1973 ($0.74 in chips) 
Seat 7: Novikov_PM ($2 in chips) 
Seat 8: xxSerKosxx ($1.44 in chips) 
Seat 9: Mr.Squanchy90 ($1.33 in chips) 
vbyecbytw1973: posts small blind $0.01
Novikov_PM: posts big blind $0.02
ToshiroMifune: sits out 
*** HOLE CARDS ***
Dealt to Dorex2007 [7h 8s]
xxSerKosxx: calls $0.02
Mr.Squanchy90: folds 
Dorex2007: folds 
iwannabe29: calls $0.02
Alllisina: folds 
vbyecbytw1973: folds 
Novikov_PM: checks 
*** FLOP *** [5c Tc 9h]
Novikov_PM: bets $0.04
xxSerKosxx: raises $0.15 to $0.19
iwannabe29: folds 
Novikov_PM: folds 
Uncalled bet ($0.15) returned to xxSerKosxx
xxSerKosxx collected $0.14 from pot
xxSerKosxx: doesn't show hand 
*** SUMMARY ***
Total pot $0.15 | Rake $0.01 
Board [5c Tc 9h]
Seat 1: Dorex2007 folded before Flop (didn't bet)
Seat 2: iwannabe29 folded on the Flop
Seat 5: Alllisina (button) folded before Flop (didn't bet)
Seat 6: vbyecbytw1973 (small blind) folded before Flop
Seat 7: Novikov_PM (big blind) folded on the Flop
Seat 8: xxSerKosxx collected ($0.14)
Seat 9: Mr.Squanchy90 folded before Flop (didn't bet)



PokerStars Hand #231309064374:  Hold'em No Limit ($0.01/$0.02 USD) - 2021/11/10 22:46:28 PT [2021/11/11 1:46:28 ET]
Table 'Bolzano' 9-max Seat #6 is the button
Seat 1: Dorex2007 ($2.76 in chips) 
Seat 2: iwannabe29 ($2.88 in chips) 
Seat 5: Alllisina ($1.86 in chips) 
Seat 6: vbyecbytw1973 ($0.73 in chips) 
Seat 7: Novikov_PM ($2 in chips) 
Seat 8: xxSerKosxx ($1.52 in chips) 
Seat 9: Mr.Squanchy90 ($1.33 in chips) 
Novikov_PM: posts small blind $0.01
xxSerKosxx: posts big blind $0.02
ToshiroMifune: sits out 
*** HOLE CARDS ***
Dealt to Dorex2007 [6s 2c]
Mr.Squanchy90: folds 
Dorex2007: folds 
iwannabe29: folds 
Alllisina: folds 
vbyecbytw1973: calls $0.02
Novikov_PM: folds 
xxSerKosxx: checks 
*** FLOP *** [3d 4d Jc]
xxSerKosxx: checks 
vbyecbytw1973: bets $0.05
xxSerKosxx: folds 
Uncalled bet ($0.05) returned to vbyecbytw1973
vbyecbytw1973 collected $0.05 from pot
vbyecbytw1973: doesn't show hand 
*** SUMMARY ***
Total pot $0.05 | Rake $0 
Board [3d 4d Jc]
Seat 1: Dorex2007 folded before Flop (didn't bet)
Seat 2: iwannabe29 folded before Flop (didn't bet)
Seat 5: Alllisina folded before Flop (didn't bet)
Seat 6: vbyecbytw1973 (button) collected ($0.05)
Seat 7: Novikov_PM (small blind) folded before Flop
Seat 8: xxSerKosxx (big blind) folded on the Flop
Seat 9: Mr.Squanchy90 folded before Flop (didn't bet)



PokerStars Hand #231309068768:  Hold'em No Limit ($0.01/$0.02 USD) - 2021/11/10 22:47:01 PT [2021/11/11 1:47:01 ET]
Table 'Bolzano' 9-max Seat #7 is the button
Seat 1: Dorex2007 ($2.76 in chips) 
Seat 2: iwannabe29 ($2.88 in chips) 
Seat 5: Alllisina ($1.86 in chips) 
Seat 6: vbyecbytw1973 ($0.76 in chips) 
Seat 7: Novikov_PM ($2 in chips) 
Seat 8: xxSerKosxx ($1.50 in chips) 
Seat 9: Mr.Squanchy90 ($1.33 in chips) 
xxSerKosxx: posts small blind $0.01
Mr.Squanchy90: posts big blind $0.02
ToshiroMifune: sits out 
*** HOLE CARDS ***
Dealt to Dorex2007 [Tc Qs]
Dorex2007: folds 
iwannabe29: folds 
Alllisina: folds 
vbyecbytw1973 has timed out
vbyecbytw1973: folds 
Novikov_PM: folds 
xxSerKosxx: calls $0.01
Mr.Squanchy90: checks 
*** FLOP *** [Td 4c Ac]
xxSerKosxx: checks 
Mr.Squanchy90: checks 
*** TURN *** [Td 4c Ac] [Kh]
xxSerKosxx: bets $0.04
Mr.Squanchy90: calls $0.04
*** RIVER *** [Td 4c Ac Kh] [7d]
xxSerKosxx: checks 
Mr.Squanchy90: checks 
*** SHOW DOWN ***
xxSerKosxx: shows [9h Jc] (high card Ace)
Mr.Squanchy90: shows [Kd 3h] (a pair of Kings)
Mr.Squanchy90 collected $0.12 from pot
*** SUMMARY ***
Total pot $0.12 | Rake $0 
Board [Td 4c Ac Kh 7d]
Seat 1: Dorex2007 folded before Flop (didn't bet)
Seat 2: iwannabe29 folded before Flop (didn't bet)
Seat 5: Alllisina folded before Flop (didn't bet)
Seat 6: vbyecbytw1973 folded before Flop (didn't bet)
Seat 7: Novikov_PM (button) folded before Flop (didn't bet)
Seat 8: xxSerKosxx (small blind) showed [9h Jc] and lost with high card Ace
Seat 9: Mr.Squanchy90 (big blind) showed [Kd 3h] and won ($0.12) with a pair of Kings



PokerStars Hand #231309073233:  Hold'em No Limit ($0.01/$0.02 USD) - 2021/11/10 22:47:34 PT [2021/11/11 1:47:34 ET]
Table 'Bolzano' 9-max Seat #8 is the button
Seat 1: Dorex2007 ($2.76 in chips) 
Seat 2: iwannabe29 ($2.88 in chips) 
Seat 5: Alllisina ($1.86 in chips) 
Seat 7: Novikov_PM ($2 in chips) 
Seat 8: xxSerKosxx ($1.44 in chips) 
Seat 9: Mr.Squanchy90 ($1.39 in chips) 
Mr.Squanchy90: posts small blind $0.01
Dorex2007: posts big blind $0.02
ToshiroMifune: sits out 
*** HOLE CARDS ***
Dealt to Dorex2007 [5c 8s]
iwannabe29: raises $0.04 to $0.06
Alllisina: folds 
Novikov_PM: folds 
xxSerKosxx: calls $0.06
Mr.Squanchy90: folds 
Dorex2007: folds 
*** FLOP *** [3s 7c Jd]
iwannabe29: bets $0.07
xxSerKosxx: calls $0.07
*** TURN *** [3s 7c Jd] [7h]
iwannabe29: checks 
xxSerKosxx: bets $0.28
iwannabe29: folds 
Uncalled bet ($0.28) returned to xxSerKosxx
xxSerKosxx collected $0.28 from pot
xxSerKosxx: doesn't show hand 
*** SUMMARY ***
Total pot $0.29 | Rake $0.01 
Board [3s 7c Jd 7h]
Seat 1: Dorex2007 (big blind) folded before Flop
Seat 2: iwannabe29 folded on the Turn
Seat 5: Alllisina folded before Flop (didn't bet)
Seat 7: Novikov_PM folded before Flop (didn't bet)
Seat 8: xxSerKosxx (button) collected ($0.28)
Seat 9: Mr.Squanchy90 (small blind) folded before Flop



PokerStars Hand #231309079050:  Hold'em No Limit ($0.01/$0.02 USD) - 2021/11/10 22:48:17 PT [2021/11/11 1:48:17 ET]
Table 'Bolzano' 9-max Seat #9 is the button
Seat 1: Dorex2007 ($2.74 in chips) 
Seat 2: iwannabe29 ($2.75 in chips) 
Seat 5: Alllisina ($1.86 in chips) 
Seat 6: vbyecbytw1973 ($0.76 in chips) 
Seat 7: Novikov_PM ($2 in chips) 
Seat 8: xxSerKosxx ($1.59 in chips) 
Seat 9: Mr.Squanchy90 ($1.38 in chips) 
Dorex2007: posts small blind $0.01
iwannabe29: posts big blind $0.02
ToshiroMifune: sits out 
*** HOLE CARDS ***
Dealt to Dorex2007 [5s 8d]
Alllisina: folds 
vbyecbytw1973: folds 
Novikov_PM: raises $0.04 to $0.06
xxSerKosxx: calls $0.06
Mr.Squanchy90: folds 
Dorex2007: folds 
iwannabe29: calls $0.04
*** FLOP *** [Ks 9d 5d]
iwannabe29: checks 
Novikov_PM: bets $0.14
xxSerKosxx: folds 
iwannabe29: calls $0.14
*** TURN *** [Ks 9d 5d] [9s]
iwannabe29: checks 
Novikov_PM: bets $0.34
iwannabe29: calls $0.34
*** RIVER *** [Ks 9d 5d 9s] [As]
iwannabe29: checks 
Novikov_PM: bets $0.90
iwannabe29: calls $0.90
*** SHOW DOWN ***
Novikov_PM: shows [9c 9h] (four of a kind, Nines)
iwannabe29: mucks hand 
Novikov_PM collected $2.85 from pot
*** SUMMARY ***
Total pot $2.95 | Rake $0.10 
Board [Ks 9d 5d 9s As]
Seat 1: Dorex2007 (small blind) folded before Flop
Seat 2: iwannabe29 (big blind) mucked [Kd Js]
Seat 5: Alllisina folded before Flop (didn't bet)
Seat 6: vbyecbytw1973 folded before Flop (didn't bet)
Seat 7: Novikov_PM showed [9c 9h] and won ($2.85) with four of a kind, Nines
Seat 8: xxSerKosxx folded on the Flop
Seat 9: Mr.Squanchy90 (button) folded before Flop (didn't bet)



PokerStars Hand #231309087544:  Hold'em No Limit ($0.01/$0.02 USD) - 2021/11/10 22:49:20 PT [2021/11/11 1:49:20 ET]
Table 'Bolzano' 9-max Seat #1 is the button
Seat 1: Dorex2007 ($2.73 in chips) 
Seat 2: iwannabe29 ($1.31 in chips) 
Seat 3: ToshiroMifune ($1.60 in chips) 
Seat 5: Alllisina ($1.86 in chips) 
Seat 6: vbyecbytw1973 ($0.76 in chips) 
Seat 7: Novikov_PM ($3.41 in chips) 
Seat 8: xxSerKosxx ($1.53 in chips) 
Seat 9: Mr.Squanchy90 ($1.38 in chips) 
iwannabe29: posts small blind $0.01
ToshiroMifune: posts big blind $0.02
*** HOLE CARDS ***
Dealt to Dorex2007 [4h 4d]
Alllisina: folds 
vbyecbytw1973: folds 
Novikov_PM: raises $0.04 to $0.06
xxSerKosxx: folds 
Mr.Squanchy90: folds 
Dorex2007: raises $2.67 to $2.73 and is all-in
iwannabe29: folds 
ToshiroMifune: folds 
Novikov_PM: folds 
Uncalled bet ($2.67) returned to Dorex2007
Dorex2007 collected $0.15 from pot
Dorex2007: doesn't show hand 
*** SUMMARY ***
Total pot $0.15 | Rake $0 
Seat 1: Dorex2007 (button) collected ($0.15)
Seat 2: iwannabe29 (small blind) folded before Flop
Seat 3: ToshiroMifune (big blind) folded before Flop
Seat 5: Alllisina folded before Flop (didn't bet)
Seat 6: vbyecbytw1973 folded before Flop (didn't bet)
Seat 7: Novikov_PM folded before Flop
Seat 8: xxSerKosxx folded before Flop (didn't bet)
Seat 9: Mr.Squanchy90 folded before Flop (didn't bet)



PokerStars Hand #231309093530:  Hold'em No Limit ($0.01/$0.02 USD) - 2021/11/10 22:50:04 PT [2021/11/11 1:50:04 ET]
Table 'Bolzano' 9-max Seat #2 is the button
Seat 1: Dorex2007 ($2.82 in chips) 
Seat 2: iwannabe29 ($1.30 in chips) 
Seat 3: ToshiroMifune ($1.58 in chips) 
Seat 5: Alllisina ($1.86 in chips) 
Seat 6: vbyecbytw1973 ($0.76 in chips) 
Seat 7: Novikov_PM ($3.35 in chips) 
Seat 8: xxSerKosxx ($1.53 in chips) 
Seat 9: Mr.Squanchy90 ($1.38 in chips) 
ToshiroMifune: posts small blind $0.01
Alllisina: posts big blind $0.02
*** HOLE CARDS ***
Dealt to Dorex2007 [3h Jh]
vbyecbytw1973: folds 
Novikov_PM: folds 
xxSerKosxx: folds 
Mr.Squanchy90: folds 
Dorex2007: folds 
iwannabe29: calls $0.02
ToshiroMifune: calls $0.01
Alllisina: checks 
*** FLOP *** [8c 6d Ts]
ToshiroMifune: checks 
Alllisina: bets $0.02
iwannabe29: calls $0.02
ToshiroMifune: calls $0.02
*** TURN *** [8c 6d Ts] [Ks]
ToshiroMifune: checks 
Alllisina: checks 
iwannabe29: checks 
*** RIVER *** [8c 6d Ts Ks] [8h]
ToshiroMifune: checks 
Alllisina: bets $0.12
iwannabe29: folds 
ToshiroMifune: folds 
Uncalled bet ($0.12) returned to Alllisina
Alllisina collected $0.12 from pot
*** SUMMARY ***
Total pot $0.12 | Rake $0 
Board [8c 6d Ts Ks 8h]
Seat 1: Dorex2007 folded before Flop (didn't bet)
Seat 2: iwannabe29 (button) folded on the River
Seat 3: ToshiroMifune (small blind) folded on the River
Seat 5: Alllisina (big blind) collected ($0.12)
Seat 6: vbyecbytw1973 folded before Flop (didn't bet)
Seat 7: Novikov_PM folded before Flop (didn't bet)
Seat 8: xxSerKosxx folded before Flop (didn't bet)
Seat 9: Mr.Squanchy90 folded before Flop (didn't bet)



PokerStars Hand #231309101797:  Hold'em No Limit ($0.01/$0.02 USD) - 2021/11/10 22:51:05 PT [2021/11/11 1:51:05 ET]
Table 'Bolzano' 9-max Seat #3 is the button
Seat 1: Dorex2007 ($2.82 in chips) 
Seat 2: iwannabe29 ($1.26 in chips) 
Seat 3: ToshiroMifune ($1.54 in chips) 
Seat 5: Alllisina ($1.94 in chips) 
Seat 6: vbyecbytw1973 ($0.76 in chips) 
Seat 7: Novikov_PM ($3.35 in chips) 
Seat 8: xxSerKosxx ($1.53 in chips) 
Seat 9: Mr.Squanchy90 ($1.38 in chips) 
Alllisina: posts small blind $0.01
vbyecbytw1973: posts big blind $0.02
*** HOLE CARDS ***
Dealt to Dorex2007 [8c Kc]
Novikov_PM: folds 
xxSerKosxx: calls $0.02
Mr.Squanchy90: folds 
Dorex2007: calls $0.02
iwannabe29: folds 
ToshiroMifune: calls $0.02
iwannabe29 leaves the table
Alllisina: calls $0.01
vbyecbytw1973: checks 
*** FLOP *** [Jh 3d 2s]
Alllisina: checks 
vbyecbytw1973: checks 
xxSerKosxx: bets $0.04
Dorex2007: folds 
ToshiroMifune: folds 
Alllisina: folds 
vbyecbytw1973: folds 
Uncalled bet ($0.04) returned to xxSerKosxx
xxSerKosxx collected $0.10 from pot
xxSerKosxx: doesn't show hand 
*** SUMMARY ***
Total pot $0.10 | Rake $0 
Board [Jh 3d 2s]
Seat 1: Dorex2007 folded on the Flop
Seat 2: iwannabe29 folded before Flop (didn't bet)
Seat 3: ToshiroMifune (button) folded on the Flop
Seat 5: Alllisina (small blind) folded on the Flop
Seat 6: vbyecbytw1973 (big blind) folded on the Flop
Seat 7: Novikov_PM folded before Flop (didn't bet)
Seat 8: xxSerKosxx collected ($0.10)
Seat 9: Mr.Squanchy90 folded before Flop (didn't bet)



PokerStars Hand #231309107661:  Hold'em No Limit ($0.01/$0.02 USD) - 2021/11/10 22:51:49 PT [2021/11/11 1:51:49 ET]
Table 'Bolzano' 9-max Seat #5 is the button
Seat 1: Dorex2007 ($2.80 in chips) 
Seat 3: ToshiroMifune ($1.52 in chips) 
Seat 5: Alllisina ($1.92 in chips) 
Seat 6: vbyecbytw1973 ($0.74 in chips) 
Seat 7: Novikov_PM ($3.35 in chips) 
Seat 8: xxSerKosxx ($1.61 in chips) 
Seat 9: Mr.Squanchy90 ($1.38 in chips) 
vbyecbytw1973: posts small blind $0.01
Novikov_PM: posts big blind $0.02
*** HOLE CARDS ***
Dealt to Dorex2007 [3c Kd]
xxSerKosxx: folds 
Mr.Squanchy90: folds 
Dorex2007: folds 
ToshiroMifune: folds 
Alllisina: folds 
vbyecbytw1973: calls $0.01
Alexandr1968 joins the table at seat #2 
Novikov_PM: raises $0.06 to $0.08
vbyecbytw1973: calls $0.06
*** FLOP *** [2s Th 4c]
vbyecbytw1973: checks 
Novikov_PM: checks 
*** TURN *** [2s Th 4c] [Qh]
Mitkobg777 leaves the table
vbyecbytw1973: checks 
Novikov_PM: checks 
*** RIVER *** [2s Th 4c Qh] [9s]
vbyecbytw1973: checks 
Novikov_PM: checks 
*** SHOW DOWN ***
vbyecbytw1973: shows [Kh 2h] (a pair of Deuces)
Novikov_PM: shows [6h 6d] (a pair of Sixes)
Novikov_PM collected $0.15 from pot
*** SUMMARY ***
Total pot $0.16 | Rake $0.01 
Board [2s Th 4c Qh 9s]
Seat 1: Dorex2007 folded before Flop (didn't bet)
Seat 3: ToshiroMifune folded before Flop (didn't bet)
Seat 5: Alllisina (button) folded before Flop (didn't bet)
Seat 6: vbyecbytw1973 (small blind) showed [Kh 2h] and lost with a pair of Deuces
Seat 7: Novikov_PM (big blind) showed [6h 6d] and won ($0.15) with a pair of Sixes
Seat 8: xxSerKosxx folded before Flop (didn't bet)
Seat 9: Mr.Squanchy90 folded before Flop (didn't bet)



PokerStars Hand #231309120801:  Hold'em No Limit ($0.01/$0.02 USD) - 2021/11/10 22:52:30 PT [2021/11/11 1:52:30 ET]
Table 'Bolzano' 9-max Seat #6 is the button
Seat 1: Dorex2007 ($2.80 in chips) 
Seat 2: Alexandr1968 ($0.80 in chips) 
Seat 3: ToshiroMifune ($1.52 in chips) 
Seat 5: Alllisina ($1.92 in chips) 
Seat 6: vbyecbytw1973 ($0.66 in chips) 
Seat 7: Novikov_PM ($3.42 in chips) 
Seat 8: xxSerKosxx ($1.61 in chips) 
Seat 9: Mr.Squanchy90 ($1.38 in chips) 
Novikov_PM: posts small blind $0.01
xxSerKosxx: posts big blind $0.02
Alexandr1968: posts big blind $0.02
*** HOLE CARDS ***
Dealt to Dorex2007 [3c Kc]
foxxizzy joins the table at seat #4 
Mr.Squanchy90: folds 
Dorex2007: folds 
Alexandr1968: checks 
ToshiroMifune: folds 
Alllisina: folds 
vbyecbytw1973: calls $0.02
Novikov_PM: raises $0.10 to $0.12
xxSerKosxx: folds 
Alexandr1968: calls $0.10
vbyecbytw1973: folds 
*** FLOP *** [9d 2c 5s]
Novikov_PM: bets $0.20
Alexandr1968: calls $0.20
*** TURN *** [9d 2c 5s] [Qh]
Novikov_PM: bets $0.50
Alexandr1968: calls $0.48 and is all-in
Uncalled bet ($0.02) returned to Novikov_PM
*** RIVER *** [9d 2c 5s Qh] [2d]
*** SHOW DOWN ***
Novikov_PM: shows [Th Tc] (two pair, Tens and Deuces)
Alexandr1968: shows [Ks 9h] (two pair, Nines and Deuces)
Novikov_PM collected $1.58 from pot
Alexandr1968 cashed out the hand for $0.17
*** SUMMARY ***
Total pot $1.64 | Rake $0.06 
Board [9d 2c 5s Qh 2d]
Seat 1: Dorex2007 folded before Flop (didn't bet)
Seat 2: Alexandr1968 showed [Ks 9h] and lost with two pair, Nines and Deuces (cashed out).
Seat 3: ToshiroMifune folded before Flop (didn't bet)
Seat 5: Alllisina folded before Flop (didn't bet)
Seat 6: vbyecbytw1973 (button) folded before Flop
Seat 7: Novikov_PM (small blind) showed [Th Tc] and won ($1.58) with two pair, Tens and Deuces
Seat 8: xxSerKosxx (big blind) folded before Flop
Seat 9: Mr.Squanchy90 folded before Flop (didn't bet)



PokerStars Hand #231309128317:  Hold'em No Limit ($0.01/$0.02 USD) - 2021/11/10 22:53:25 PT [2021/11/11 1:53:25 ET]
Table 'Bolzano' 9-max Seat #7 is the button
Seat 1: Dorex2007 ($2.80 in chips) 
Seat 2: Alexandr1968 ($0.17 in chips) 
Seat 3: ToshiroMifune ($1.52 in chips) 
Seat 4: foxxizzy ($1.49 in chips) 
Seat 5: Alllisina ($1.92 in chips) 
Seat 6: vbyecbytw1973 ($0.64 in chips) 
Seat 7: Novikov_PM ($4.20 in chips) 
Seat 8: xxSerKosxx ($1.59 in chips) 
Seat 9: Mr.Squanchy90 ($1.38 in chips) 
xxSerKosxx: posts small blind $0.01
Mr.Squanchy90: posts big blind $0.02
foxxizzy: posts big blind $0.02
*** HOLE CARDS ***
Dealt to Dorex2007 [4s 3s]
Dorex2007: folds 
Alexandr1968: folds 
ToshiroMifune: folds 
foxxizzy: raises $1.47 to $1.49 and is all-in
Alllisina: folds 
vbyecbytw1973: folds 
Novikov_PM: folds 
xxSerKosxx: folds 
Mr.Squanchy90: folds 
Uncalled bet ($1.47) returned to foxxizzy
foxxizzy collected $0.05 from pot
foxxizzy: doesn't show hand 
*** SUMMARY ***
Total pot $0.05 | Rake $0 
Seat 1: Dorex2007 folded before Flop (didn't bet)
Seat 2: Alexandr1968 folded before Flop (didn't bet)
Seat 3: ToshiroMifune folded before Flop (didn't bet)
Seat 4: foxxizzy collected ($0.05)
Seat 5: Alllisina folded before Flop (didn't bet)
Seat 6: vbyecbytw1973 folded before Flop (didn't bet)
Seat 7: Novikov_PM (button) folded before Flop (didn't bet)
Seat 8: xxSerKosxx (small blind) folded before Flop
Seat 9: Mr.Squanchy90 (big blind) folded before Flop



PokerStars Hand #231309130953:  Hold'em No Limit ($0.01/$0.02 USD) - 2021/11/10 22:53:44 PT [2021/11/11 1:53:44 ET]
Table 'Bolzano' 9-max Seat #8 is the button
Seat 1: Dorex2007 ($2.80 in chips) 
Seat 2: Alexandr1968 ($0.17 in chips) 
Seat 3: ToshiroMifune ($1.52 in chips) 
Seat 4: foxxizzy ($1.52 in chips) 
Seat 5: Alllisina ($1.92 in chips) 
Seat 6: vbyecbytw1973 ($0.64 in chips) 
Seat 7: Novikov_PM ($4.20 in chips) 
Seat 8: xxSerKosxx ($1.58 in chips) 
Seat 9: Mr.Squanchy90 ($1.36 in chips) 
Mr.Squanchy90: posts small blind $0.01
Dorex2007: posts big blind $0.02
*** HOLE CARDS ***
Dealt to Dorex2007 [Qs 3d]
Alexandr1968: folds 
ToshiroMifune: folds 
foxxizzy: folds 
Alllisina: calls $0.02
vbyecbytw1973: folds 
Novikov_PM: folds 
xxSerKosxx: calls $0.02
Mr.Squanchy90: raises $0.08 to $0.10
Dorex2007: folds 
Alllisina: calls $0.08
xxSerKosxx: folds 
*** FLOP *** [As 5c 9h]
Mr.Squanchy90: bets $0.13
Alllisina: folds 
Uncalled bet ($0.13) returned to Mr.Squanchy90
Mr.Squanchy90 collected $0.23 from pot
Mr.Squanchy90: doesn't show hand 
*** SUMMARY ***
Total pot $0.24 | Rake $0.01 
Board [As 5c 9h]
Seat 1: Dorex2007 (big blind) folded before Flop
Seat 2: Alexandr1968 folded before Flop (didn't bet)
Seat 3: ToshiroMifune folded before Flop (didn't bet)
Seat 4: foxxizzy folded before Flop (didn't bet)
Seat 5: Alllisina folded on the Flop
Seat 6: vbyecbytw1973 folded before Flop (didn't bet)
Seat 7: Novikov_PM folded before Flop (didn't bet)
Seat 8: xxSerKosxx (button) folded before Flop
Seat 9: Mr.Squanchy90 (small blind) collected ($0.23)



PokerStars Hand #231309136664:  Hold'em No Limit ($0.01/$0.02 USD) - 2021/11/10 22:54:26 PT [2021/11/11 1:54:26 ET]
Table 'Bolzano' 9-max Seat #9 is the button
Seat 1: Dorex2007 ($2.78 in chips) 
Seat 2: Alexandr1968 ($0.17 in chips) 
Seat 3: ToshiroMifune ($1.52 in chips) 
Seat 4: foxxizzy ($1.52 in chips) 
Seat 5: Alllisina ($1.82 in chips) 
Seat 6: vbyecbytw1973 ($0.64 in chips) 
Seat 7: Novikov_PM ($4.20 in chips) 
Seat 8: xxSerKosxx ($1.56 in chips) 
Seat 9: Mr.Squanchy90 ($1.49 in chips) 
Dorex2007: posts small blind $0.01
Alexandr1968: posts big blind $0.02
*** HOLE CARDS ***
Dealt to Dorex2007 [2d Ah]
ToshiroMifune: folds 
foxxizzy: folds 
Alllisina: raises $0.04 to $0.06
vbyecbytw1973: folds 
Novikov_PM: folds 
xxSerKosxx: calls $0.06
Mr.Squanchy90: folds 
Dorex2007: folds 
Alexandr1968: calls $0.04
*** FLOP *** [2s Ad As]
Alexandr1968: checks 
Alllisina: checks 
xxSerKosxx: bets $0.18
Alexandr1968: folds 
Alllisina: folds 
Uncalled bet ($0.18) returned to xxSerKosxx
xxSerKosxx collected $0.18 from pot
xxSerKosxx: doesn't show hand 
*** SUMMARY ***
Total pot $0.19 | Rake $0.01 
Board [2s Ad As]
Seat 1: Dorex2007 (small blind) folded before Flop
Seat 2: Alexandr1968 (big blind) folded on the Flop
Seat 3: ToshiroMifune folded before Flop (didn't bet)
Seat 4: foxxizzy folded before Flop (didn't bet)
Seat 5: Alllisina folded on the Flop
Seat 6: vbyecbytw1973 folded before Flop (didn't bet)
Seat 7: Novikov_PM folded before Flop (didn't bet)
Seat 8: xxSerKosxx collected ($0.18)
Seat 9: Mr.Squanchy90 (button) folded before Flop (didn't bet)



PokerStars Hand #231309141886:  Hold'em No Limit ($0.01/$0.02 USD) - 2021/11/10 22:55:04 PT [2021/11/11 1:55:04 ET]
Table 'Bolzano' 9-max Seat #1 is the button
Seat 1: Dorex2007 ($2.77 in chips) 
Seat 2: Alexandr1968 ($0.11 in chips) 
Seat 3: ToshiroMifune ($1.52 in chips) 
Seat 4: foxxizzy ($1.52 in chips) 
Seat 5: Alllisina ($1.76 in chips) 
Seat 6: vbyecbytw1973 ($0.64 in chips) 
Seat 7: Novikov_PM ($4.20 in chips) 
Seat 8: xxSerKosxx ($1.68 in chips) 
Seat 9: Mr.Squanchy90 ($1.49 in chips) 
Alexandr1968: posts small blind $0.01
ToshiroMifune: posts big blind $0.02
*** HOLE CARDS ***
Dealt to Dorex2007 [Jd Qh]
foxxizzy: folds 
Alllisina: folds 
vbyecbytw1973: folds 
Novikov_PM: folds 
xxSerKosxx: calls $0.02
Mr.Squanchy90: folds 
Dorex2007: raises $0.04 to $0.06
Alexandr1968: folds 
ToshiroMifune: folds 
xxSerKosxx: folds 
Uncalled bet ($0.04) returned to Dorex2007
Dorex2007 collected $0.07 from pot
Dorex2007: doesn't show hand 
*** SUMMARY ***
Total pot $0.07 | Rake $0 
Seat 1: Dorex2007 (button) collected ($0.07)
Seat 2: Alexandr1968 (small blind) folded before Flop
Seat 3: ToshiroMifune (big blind) folded before Flop
Seat 4: foxxizzy folded before Flop (didn't bet)
Seat 5: Alllisina folded before Flop (didn't bet)
Seat 6: vbyecbytw1973 folded before Flop (didn't bet)
Seat 7: Novikov_PM folded before Flop (didn't bet)
Seat 8: xxSerKosxx folded before Flop
Seat 9: Mr.Squanchy90 folded before Flop (didn't bet)



PokerStars Hand #231309145893:  Hold'em No Limit ($0.01/$0.02 USD) - 2021/11/10 22:55:37 PT [2021/11/11 1:55:37 ET]
Table 'Bolzano' 9-max Seat #2 is the button
Seat 1: Dorex2007 ($2.82 in chips) 
Seat 2: Alexandr1968 ($0.10 in chips) 
Seat 3: ToshiroMifune ($1.50 in chips) 
Seat 4: foxxizzy ($1.52 in chips) 
Seat 5: Alllisina ($1.76 in chips) 
Seat 6: vbyecbytw1973 ($0.64 in chips) 
Seat 7: Novikov_PM ($4.20 in chips) 
Seat 9: Mr.Squanchy90 ($1.49 in chips) 
ToshiroMifune: posts small blind $0.01
foxxizzy: posts big blind $0.02
*** HOLE CARDS ***
Dealt to Dorex2007 [Td 4h]
xxSerKosxx leaves the table
Alllisina: folds 
vbyecbytw1973: folds 
Novikov_PM: folds 
Mr.Squanchy90: folds 
Dorex2007: folds 
Alexandr1968: calls $0.02
ToshiroMifune: calls $0.01
foxxizzy: raises $0.20 to $0.22
Alexandr1968: folds 
ToshiroMifune: folds 
Uncalled bet ($0.20) returned to foxxizzy
foxxizzy collected $0.06 from pot
foxxizzy: doesn't show hand 
*** SUMMARY ***
Total pot $0.06 | Rake $0 
Seat 1: Dorex2007 folded before Flop (didn't bet)
Seat 2: Alexandr1968 (button) folded before Flop
Seat 3: ToshiroMifune (small blind) folded before Flop
Seat 4: foxxizzy (big blind) collected ($0.06)
Seat 5: Alllisina folded before Flop (didn't bet)
Seat 6: vbyecbytw1973 folded before Flop (didn't bet)
Seat 7: Novikov_PM folded before Flop (didn't bet)
Seat 9: Mr.Squanchy90 folded before Flop (didn't bet)



PokerStars Hand #231309151137:  Hold'em No Limit ($0.01/$0.02 USD) - 2021/11/10 22:56:21 PT [2021/11/11 1:56:21 ET]
Table 'Bolzano' 9-max Seat #3 is the button
Seat 1: Dorex2007 ($2.82 in chips) 
Seat 2: Alexandr1968 ($0.08 in chips) 
Seat 3: ToshiroMifune ($1.48 in chips) 
Seat 4: foxxizzy ($1.56 in chips) 
Seat 5: Alllisina ($1.76 in chips) 
Seat 6: vbyecbytw1973 ($0.64 in chips) 
Seat 7: Novikov_PM ($4.20 in chips) 
Seat 9: Mr.Squanchy90 ($1.49 in chips) 
foxxizzy: posts small blind $0.01
Alllisina: posts big blind $0.02
*** HOLE CARDS ***
Dealt to Dorex2007 [7d As]
vbyecbytw1973: folds 
Novikov_PM: folds 
Mr.Squanchy90: raises $0.03 to $0.05
Dorex2007: folds 
Alexandr1968: calls $0.05
ToshiroMifune: folds 
foxxizzy: folds 
Alllisina: calls $0.03
*** FLOP *** [Tc 2s 8s]
Alllisina: checks 
Mr.Squanchy90: bets $0.02
Alexandr1968: calls $0.02
Alllisina: calls $0.02
*** TURN *** [Tc 2s 8s] [9c]
Alllisina: checks 
Mr.Squanchy90: bets $0.21
Alexandr1968: calls $0.01 and is all-in
Alllisina: calls $0.21
*** RIVER *** [Tc 2s 8s 9c] [Kd]
hiilkok joins the table at seat #8 
Alllisina: checks 
Mr.Squanchy90: checks 
*** SHOW DOWN ***
Alllisina: shows [2c Ac] (a pair of Deuces)
Mr.Squanchy90: shows [Ad Ah] (a pair of Aces)
Mr.Squanchy90 collected $0.39 from side pot
Alexandr1968: mucks hand 
Mr.Squanchy90 collected $0.24 from main pot
*** SUMMARY ***
Total pot $0.65 Main pot $0.24. Side pot $0.39. | Rake $0.02 
Board [Tc 2s 8s 9c Kd]
Seat 1: Dorex2007 folded before Flop (didn't bet)
Seat 2: Alexandr1968 mucked [Qs 9s]
Seat 3: ToshiroMifune (button) folded before Flop (didn't bet)
Seat 4: foxxizzy (small blind) folded before Flop
Seat 5: Alllisina (big blind) showed [2c Ac] and lost with a pair of Deuces
Seat 6: vbyecbytw1973 folded before Flop (didn't bet)
Seat 7: Novikov_PM folded before Flop (didn't bet)
Seat 9: Mr.Squanchy90 showed [Ad Ah] and won ($0.63) with a pair of Aces



PokerStars Hand #231309157127:  Hold'em No Limit ($0.01/$0.02 USD) - 2021/11/10 22:57:11 PT [2021/11/11 1:57:11 ET]
Table 'Bolzano' 9-max Seat #4 is the button
Seat 1: Dorex2007 ($2.82 in chips) 
Seat 3: ToshiroMifune ($1.48 in chips) 
Seat 4: foxxizzy ($1.55 in chips) 
Seat 5: Alllisina ($1.48 in chips) 
Seat 6: vbyecbytw1973 ($0.64 in chips) 
Seat 7: Novikov_PM ($4.20 in chips) 
Seat 9: Mr.Squanchy90 ($1.84 in chips) 
Alllisina: posts small blind $0.01
vbyecbytw1973: posts big blind $0.02
hiilkok: sits out 
*** HOLE CARDS ***
Dealt to Dorex2007 [8c 9c]
Novikov_PM: raises $0.04 to $0.06
Alexandr1968 leaves the table
Mr.Squanchy90: folds 
Dorex2007: folds 
ToshiroMifune: folds 
foxxizzy: raises $1.49 to $1.55 and is all-in
Alllisina: folds 
vbyecbytw1973: calls $0.62 and is all-in
Novikov_PM: folds 
Uncalled bet ($0.91) returned to foxxizzy
Nastysha184 joins the table at seat #2 
*** FLOP *** [3d 6c 6h]
*** TURN *** [3d 6c 6h] [4h]
*** RIVER *** [3d 6c 6h 4h] [Ts]
*** SHOW DOWN ***
vbyecbytw1973: shows [Ks Kd] (two pair, Kings and Sixes)
foxxizzy: shows [Jd Qc] (a pair of Sixes)
vbyecbytw1973 collected $1.30 from pot
*** SUMMARY ***
Total pot $1.35 | Rake $0.05 
Board [3d 6c 6h 4h Ts]
Seat 1: Dorex2007 folded before Flop (didn't bet)
Seat 3: ToshiroMifune folded before Flop (didn't bet)
Seat 4: foxxizzy (button) showed [Jd Qc] and lost with a pair of Sixes
Seat 5: Alllisina (small blind) folded before Flop
Seat 6: vbyecbytw1973 (big blind) showed [Ks Kd] and won ($1.30) with two pair, Kings and Sixes
Seat 7: Novikov_PM folded before Flop
Seat 9: Mr.Squanchy90 folded before Flop (didn't bet)



PokerStars Hand #231309161128:  Hold'em No Limit ($0.01/$0.02 USD) - 2021/11/10 22:57:45 PT [2021/11/11 1:57:45 ET]
Table 'Bolzano' 9-max Seat #5 is the button
Seat 1: Dorex2007 ($2.82 in chips) 
Seat 3: ToshiroMifune ($1.48 in chips) 
Seat 4: foxxizzy ($0.91 in chips) 
Seat 5: Alllisina ($1.47 in chips) 
Seat 6: vbyecbytw1973 ($1.30 in chips) 
Seat 7: Novikov_PM ($4.14 in chips) 
Seat 9: Mr.Squanchy90 ($1.84 in chips) 
vbyecbytw1973: posts small blind $0.01
Novikov_PM: posts big blind $0.02
hiilkok: sits out 
Nastysha184: sits out 
*** HOLE CARDS ***
Dealt to Dorex2007 [6d 5h]
Mr.Squanchy90: folds 
Dorex2007: folds 
ToshiroMifune: folds 
foxxizzy has timed out
foxxizzy: folds 
Alllisina: folds 
vbyecbytw1973: calls $0.01
Novikov_PM: raises $0.06 to $0.08
vbyecbytw1973: calls $0.06
*** FLOP *** [Jh Jc 5s]
vbyecbytw1973: checks 
Novikov_PM: checks 
*** TURN *** [Jh Jc 5s] [Ks]
vbyecbytw1973: checks 
Novikov_PM: checks 
*** RIVER *** [Jh Jc 5s Ks] [9s]
vbyecbytw1973: checks 
Novikov_PM: checks 
*** SHOW DOWN ***
vbyecbytw1973: shows [5d 8d] (two pair, Jacks and Fives)
Novikov_PM: mucks hand 
vbyecbytw1973 collected $0.15 from pot
*** SUMMARY ***
Total pot $0.16 | Rake $0.01 
Board [Jh Jc 5s Ks 9s]
Seat 1: Dorex2007 folded before Flop (didn't bet)
Seat 3: ToshiroMifune folded before Flop (didn't bet)
Seat 4: foxxizzy folded before Flop (didn't bet)
Seat 5: Alllisina (button) folded before Flop (didn't bet)
Seat 6: vbyecbytw1973 (small blind) showed [5d 8d] and won ($0.15) with two pair, Jacks and Fives
Seat 7: Novikov_PM (big blind) mucked [4h Ah]
Seat 9: Mr.Squanchy90 folded before Flop (didn't bet)



PokerStars Hand #231309167002:  Hold'em No Limit ($0.01/$0.02 USD) - 2021/11/10 22:58:34 PT [2021/11/11 1:58:34 ET]
Table 'Bolzano' 9-max Seat #6 is the button
Seat 1: Dorex2007 ($2.82 in chips) 
Seat 3: ToshiroMifune ($1.48 in chips) 
Seat 4: foxxizzy ($0.91 in chips) 
Seat 5: Alllisina ($1.47 in chips) 
Seat 6: vbyecbytw1973 ($1.37 in chips) 
Seat 7: Novikov_PM ($4.06 in chips) 
Seat 8: hiilkok ($1.60 in chips) 
Seat 9: Mr.Squanchy90 ($1.84 in chips) 
Novikov_PM: posts small blind $0.01
hiilkok: posts big blind $0.02
Nastysha184: sits out 
*** HOLE CARDS ***
Dealt to Dorex2007 [8h Jc]
Mr.Squanchy90: folds 
Dorex2007: folds 
ToshiroMifune: folds 
foxxizzy has timed out
foxxizzy: folds 
Alllisina: folds 
vbyecbytw1973: calls $0.02
Novikov_PM: folds 
hiilkok: checks 
*** FLOP *** [2c Qd 4h]
hiilkok: checks 
vbyecbytw1973: checks 
*** TURN *** [2c Qd 4h] [Td]
hiilkok: bets $0.02
vbyecbytw1973: calls $0.02
*** RIVER *** [2c Qd 4h Td] [Jd]
hiilkok: bets $0.06
vbyecbytw1973: folds 
Uncalled bet ($0.06) returned to hiilkok
hiilkok collected $0.09 from pot
hiilkok: doesn't show hand 
*** SUMMARY ***
Total pot $0.09 | Rake $0 
Board [2c Qd 4h Td Jd]
Seat 1: Dorex2007 folded before Flop (didn't bet)
Seat 3: ToshiroMifune folded before Flop (didn't bet)
Seat 4: foxxizzy folded before Flop (didn't bet)
Seat 5: Alllisina folded before Flop (didn't bet)
Seat 6: vbyecbytw1973 (button) folded on the River
Seat 7: Novikov_PM (small blind) folded before Flop
Seat 8: hiilkok (big blind) collected ($0.09)
Seat 9: Mr.Squanchy90 folded before Flop (didn't bet)



PokerStars Hand #231309171284:  Hold'em No Limit ($0.01/$0.02 USD) - 2021/11/10 22:59:10 PT [2021/11/11 1:59:10 ET]
Table 'Bolzano' 9-max Seat #7 is the button
Seat 1: Dorex2007 ($2.82 in chips) 
Seat 3: ToshiroMifune ($1.48 in chips) 
Seat 5: Alllisina ($1.47 in chips) 
Seat 6: vbyecbytw1973 ($1.33 in chips) 
Seat 7: Novikov_PM ($4.05 in chips) 
Seat 8: hiilkok ($1.65 in chips) 
Seat 9: Mr.Squanchy90 ($1.84 in chips) 
hiilkok: posts small blind $0.01
Mr.Squanchy90: posts big blind $0.02
Nastysha184: sits out 
*** HOLE CARDS ***
Dealt to Dorex2007 [Tc 3d]
Dorex2007: folds 
ToshiroMifune: folds 
Alllisina: folds 
vbyecbytw1973: folds 
vbyecbytw1973 leaves the table
Novikov_PM: raises $0.04 to $0.06
hiilkok: calls $0.05
Mr.Squanchy90: folds 
*** FLOP *** [Qh 2d Jd]
hiilkok: checks 
Novikov_PM: bets $0.07
hiilkok: calls $0.07
*** TURN *** [Qh 2d Jd] [6c]
hiilkok: bets $0.02
Novikov_PM: raises $0.10 to $0.12
hiilkok: calls $0.10
*** RIVER *** [Qh 2d Jd 6c] [Ah]
hiilkok: bets $0.02
Novikov_PM: calls $0.02
*** SHOW DOWN ***
hiilkok: shows [Kh 6h] (a pair of Sixes)
Novikov_PM: shows [Ts Qc] (a pair of Queens)
Novikov_PM collected $0.54 from pot
*** SUMMARY ***
Total pot $0.56 | Rake $0.02 
Board [Qh 2d Jd 6c Ah]
Seat 1: Dorex2007 folded before Flop (didn't bet)
Seat 3: ToshiroMifune folded before Flop (didn't bet)
Seat 5: Alllisina folded before Flop (didn't bet)
Seat 6: vbyecbytw1973 folded before Flop (didn't bet)
Seat 7: Novikov_PM (button) showed [Ts Qc] and won ($0.54) with a pair of Queens
Seat 8: hiilkok (small blind) showed [Kh 6h] and lost with a pair of Sixes
Seat 9: Mr.Squanchy90 (big blind) folded before Flop



PokerStars Hand #231309177576:  Hold'em No Limit ($0.01/$0.02 USD) - 2021/11/10 23:00:03 PT [2021/11/11 2:00:03 ET]
Table 'Bolzano' 9-max Seat #8 is the button
Seat 1: Dorex2007 ($2.82 in chips) 
Seat 3: ToshiroMifune ($1.48 in chips) 
Seat 5: Alllisina ($1.47 in chips) 
Seat 7: Novikov_PM ($4.32 in chips) 
Seat 8: hiilkok ($1.38 in chips) 
Seat 9: Mr.Squanchy90 ($1.82 in chips) 
Mr.Squanchy90: posts small blind $0.01
Dorex2007: posts big blind $0.02
Nastysha184: sits out 
*** HOLE CARDS ***
Dealt to Dorex2007 [4c Qc]
ToshiroMifune: folds 
Alllisina: folds 
Novikov_PM: folds 
hiilkok: calls $0.02
Mr.Squanchy90: raises $0.08 to $0.10
Dorex2007: folds 
DonBawor joins the table at seat #6 
hiilkok: calls $0.08
*** FLOP *** [Ad 9d 4h]
foxxizzy is disconnected 
Mr.Squanchy90: checks 
hiilkok: checks 
*** TURN *** [Ad 9d 4h] [Kh]
Mr.Squanchy90: checks 
hiilkok: bets $0.02
Mr.Squanchy90: calls $0.02
*** RIVER *** [Ad 9d 4h Kh] [5s]
Mr.Squanchy90: checks 
hiilkok: bets $0.02
Mr.Squanchy90: calls $0.02
*** SHOW DOWN ***
hiilkok: shows [9h Jd] (a pair of Nines)
Mr.Squanchy90: mucks hand 
hiilkok collected $0.29 from pot
*** SUMMARY ***
Total pot $0.30 | Rake $0.01 
Board [Ad 9d 4h Kh 5s]
Seat 1: Dorex2007 (big blind) folded before Flop
Seat 3: ToshiroMifune folded before Flop (didn't bet)
Seat 5: Alllisina folded before Flop (didn't bet)
Seat 7: Novikov_PM folded before Flop (didn't bet)
Seat 8: hiilkok (button) showed [9h Jd] and won ($0.29) with a pair of Nines
Seat 9: Mr.Squanchy90 (small blind) mucked [7s 7d]



PokerStars Hand #231309183750:  Hold'em No Limit ($0.01/$0.02 USD) - 2021/11/10 23:00:52 PT [2021/11/11 2:00:52 ET]
Table 'Bolzano' 9-max Seat #9 is the button
Seat 1: Dorex2007 ($2.80 in chips) 
Seat 2: Nastysha184 ($2 in chips) 
Seat 3: ToshiroMifune ($1.48 in chips) 
Seat 5: Alllisina ($1.47 in chips) 
Seat 6: DonBawor ($2 in chips) 
Seat 7: Novikov_PM ($4.32 in chips) 
Seat 8: hiilkok ($1.53 in chips) 
Seat 9: Mr.Squanchy90 ($1.68 in chips) 
Dorex2007: posts small blind $0.01
Nastysha184: posts big blind $0.02
DonBawor: posts big blind $0.02
*** HOLE CARDS ***
Dealt to Dorex2007 [Jc 6c]
ToshiroMifune: folds 
Alllisina: folds 
DonBawor: checks 
Novikov_PM: folds 
hiilkok: calls $0.02
Mr.Squanchy90: folds 
Dorex2007: calls $0.01
Nastysha184: checks 
*** FLOP *** [Jd 4c 7c]
Dorex2007: bets $0.08
Nastysha184: folds 
DonBawor: folds 
hiilkok: folds 
Uncalled bet ($0.08) returned to Dorex2007
Dorex2007 collected $0.08 from pot
Dorex2007: doesn't show hand 
*** SUMMARY ***
Total pot $0.08 | Rake $0 
Board [Jd 4c 7c]
Seat 1: Dorex2007 (small blind) collected ($0.08)
Seat 2: Nastysha184 (big blind) folded on the Flop
Seat 3: ToshiroMifune folded before Flop (didn't bet)
Seat 5: Alllisina folded before Flop (didn't bet)
Seat 6: DonBawor folded on the Flop (didn't bet)
Seat 7: Novikov_PM folded before Flop (didn't bet)
Seat 8: hiilkok folded on the Flop
Seat 9: Mr.Squanchy90 (button) folded before Flop (didn't bet)



PokerStars Hand #231309188849:  Hold'em No Limit ($0.01/$0.02 USD) - 2021/11/10 23:01:30 PT [2021/11/11 2:01:30 ET]
Table 'Bolzano' 9-max Seat #1 is the button
Seat 1: Dorex2007 ($2.86 in chips) 
Seat 2: Nastysha184 ($1.98 in chips) 
Seat 3: ToshiroMifune ($1.48 in chips) 
Seat 5: Alllisina ($1.47 in chips) 
Seat 6: DonBawor ($1.98 in chips) 
Seat 7: Novikov_PM ($4.32 in chips) 
Seat 8: hiilkok ($1.51 in chips) 
Seat 9: Mr.Squanchy90 ($1.68 in chips) 
Nastysha184: posts small blind $0.01
ToshiroMifune: posts big blind $0.02
*** HOLE CARDS ***
Dealt to Dorex2007 [Jh 4h]
Alllisina: folds 
DonBawor: calls $0.02
Novikov_PM: folds 
hiilkok: calls $0.02
Mr.Squanchy90: folds 
Dorex2007: folds 
Nastysha184: calls $0.01
ToshiroMifune: checks 
*** FLOP *** [Tc 7d Td]
Nastysha184: checks 
ToshiroMifune: checks 
DonBawor: checks 
hiilkok: checks 
*** TURN *** [Tc 7d Td] [Qd]
Nastysha184: checks 
ToshiroMifune: bets $0.04
DonBawor: folds 
hiilkok: calls $0.04
Nastysha184: folds 
*** RIVER *** [Tc 7d Td Qd] [9s]
ToshiroMifune: bets $0.04
hiilkok: calls $0.04
*** SHOW DOWN ***
ToshiroMifune: shows [Js Th] (three of a kind, Tens)
hiilkok: mucks hand 
ToshiroMifune collected $0.23 from pot
*** SUMMARY ***
Total pot $0.24 | Rake $0.01 
Board [Tc 7d Td Qd 9s]
Seat 1: Dorex2007 (button) folded before Flop (didn't bet)
Seat 2: Nastysha184 (small blind) folded on the Turn
Seat 3: ToshiroMifune (big blind) showed [Js Th] and won ($0.23) with three of a kind, Tens
Seat 5: Alllisina folded before Flop (didn't bet)
Seat 6: DonBawor folded on the Turn
Seat 7: Novikov_PM folded before Flop (didn't bet)
Seat 8: hiilkok mucked [Qs 8d]
Seat 9: Mr.Squanchy90 folded before Flop (didn't bet)



PokerStars Hand #231309195544:  Hold'em No Limit ($0.01/$0.02 USD) - 2021/11/10 23:02:19 PT [2021/11/11 2:02:19 ET]
Table 'Bolzano' 9-max Seat #2 is the button
Seat 1: Dorex2007 ($2.86 in chips) 
Seat 2: Nastysha184 ($1.96 in chips) 
Seat 3: ToshiroMifune ($1.61 in chips) 
Seat 5: Alllisina ($1.47 in chips) 
Seat 6: DonBawor ($1.96 in chips) 
Seat 7: Novikov_PM ($4.32 in chips) 
Seat 8: hiilkok ($1.41 in chips) 
Seat 9: Mr.Squanchy90 ($1.68 in chips) 
ToshiroMifune: posts small blind $0.01
Alllisina: posts big blind $0.02
*** HOLE CARDS ***
Dealt to Dorex2007 [6s 9s]
DonBawor: folds 
Novikov_PM: folds 
hiilkok: calls $0.02
Mr.Squanchy90: folds 
Dorex2007: folds 
Nastysha184 has timed out
Nastysha184: folds 
ToshiroMifune: calls $0.01
Alllisina: checks 
*** FLOP *** [Qs 3d Kc]
ToshiroMifune: bets $0.05
Alllisina: calls $0.05
hiilkok: folds 
*** TURN *** [Qs 3d Kc] [9h]
ToshiroMifune: checks 
Alllisina: checks 
*** RIVER *** [Qs 3d Kc 9h] [Jh]
ToshiroMifune: checks 
Alllisina: bets $0.15
ToshiroMifune: folds 
Uncalled bet ($0.15) returned to Alllisina
Alllisina collected $0.15 from pot
*** SUMMARY ***
Total pot $0.16 | Rake $0.01 
Board [Qs 3d Kc 9h Jh]
Seat 1: Dorex2007 folded before Flop (didn't bet)
Seat 2: Nastysha184 (button) folded before Flop (didn't bet)
Seat 3: ToshiroMifune (small blind) folded on the River
Seat 5: Alllisina (big blind) collected ($0.15)
Seat 6: DonBawor folded before Flop (didn't bet)
Seat 7: Novikov_PM folded before Flop (didn't bet)
Seat 8: hiilkok folded on the Flop
Seat 9: Mr.Squanchy90 folded before Flop (didn't bet)



PokerStars Hand #231309205002:  Hold'em No Limit ($0.01/$0.02 USD) - 2021/11/10 23:03:28 PT [2021/11/11 2:03:28 ET]
Table 'Bolzano' 9-max Seat #3 is the button
Seat 1: Dorex2007 ($2.86 in chips) 
Seat 2: Nastysha184 ($1.96 in chips) 
Seat 3: ToshiroMifune ($1.54 in chips) 
Seat 5: Alllisina ($1.55 in chips) 
Seat 6: DonBawor ($1.96 in chips) 
Seat 7: Novikov_PM ($4.32 in chips) 
Seat 8: hiilkok ($1.39 in chips) 
Seat 9: Mr.Squanchy90 ($1.68 in chips) 
Alllisina: posts small blind $0.01
DonBawor: posts big blind $0.02
*** HOLE CARDS ***
Dealt to Dorex2007 [6s Kd]
Novikov_PM: folds 
hiilkok: folds 
Mr.Squanchy90: folds 
Dorex2007: folds 
Nastysha184: folds 
ToshiroMifune: calls $0.02
Alllisina: calls $0.01
DonBawor: checks 
*** FLOP *** [Ac 2h 9h]
Alllisina: bets $0.06
DonBawor: folds 
ToshiroMifune: folds 
Uncalled bet ($0.06) returned to Alllisina
Alllisina collected $0.06 from pot
*** SUMMARY ***
Total pot $0.06 | Rake $0 
Board [Ac 2h 9h]
Seat 1: Dorex2007 folded before Flop (didn't bet)
Seat 2: Nastysha184 folded before Flop (didn't bet)
Seat 3: ToshiroMifune (button) folded on the Flop
Seat 5: Alllisina (small blind) collected ($0.06)
Seat 6: DonBawor (big blind) folded on the Flop
Seat 7: Novikov_PM folded before Flop (didn't bet)
Seat 8: hiilkok folded before Flop (didn't bet)
Seat 9: Mr.Squanchy90 folded before Flop (didn't bet)



PokerStars Hand #231309209354:  Hold'em No Limit ($0.01/$0.02 USD) - 2021/11/10 23:04:00 PT [2021/11/11 2:04:00 ET]
Table 'Bolzano' 9-max Seat #5 is the button
Seat 1: Dorex2007 ($2.86 in chips) 
Seat 2: Nastysha184 ($1.96 in chips) 
Seat 3: ToshiroMifune ($1.52 in chips) 
Seat 5: Alllisina ($1.59 in chips) 
Seat 6: DonBawor ($1.94 in chips) 
Seat 8: hiilkok ($1.39 in chips) 
Seat 9: Mr.Squanchy90 ($1.68 in chips) 
DonBawor: posts small blind $0.01
Novikov_PM: is sitting out 
hiilkok: posts big blind $0.02
*** HOLE CARDS ***
Dealt to Dorex2007 [Ac 5c]
Mr.Squanchy90: folds 
Novikov_PM leaves the table
Dorex2007: raises $0.04 to $0.06
Nastysha184: raises $0.06 to $0.12
ToshiroMifune: folds 
Alllisina: folds 
DonBawor: folds 
hiilkok: calls $0.10
Dorex2007: calls $0.06
*** FLOP *** [Jh 6s 2s]
hiilkok: checks 
Dorex2007: checks 
Nastysha184: bets $1.84 and is all-in
hiilkok: calls $1.27 and is all-in
Dorex2007: folds 
Uncalled bet ($0.57) returned to Nastysha184
*** TURN *** [Jh 6s 2s] [2h]
*** RIVER *** [Jh 6s 2s 2h] [3s]
*** SHOW DOWN ***
hiilkok: shows [4h 6c] (two pair, Sixes and Deuces)
Nastysha184: shows [Qh Qs] (two pair, Queens and Deuces)
Nastysha184 cashed out the hand for $2.25 | Cash Out Fee $0.02
hiilkok cashed out the hand for $0.53 | Cash Out Fee $0.01
*** SUMMARY ***
Total pot $2.91 | Rake $0.10 
Board [Jh 6s 2s 2h 3s]
Seat 1: Dorex2007 folded on the Flop
Seat 2: Nastysha184 showed [Qh Qs] and won ($2.81) with two pair, Queens and Deuces (pot not awarded as player cashed out)
Seat 3: ToshiroMifune folded before Flop (didn't bet)
Seat 5: Alllisina (button) folded before Flop (didn't bet)
Seat 6: DonBawor (small blind) folded before Flop
Seat 8: hiilkok (big blind) showed [4h 6c] and lost with two pair, Sixes and Deuces (cashed out).
Seat 9: Mr.Squanchy90 folded before Flop (didn't bet)



PokerStars Hand #231309215983:  Hold'em No Limit ($0.01/$0.02 USD) - 2021/11/10 23:04:48 PT [2021/11/11 2:04:48 ET]
Table 'Bolzano' 9-max Seat #6 is the button
Seat 1: Dorex2007 ($2.74 in chips) 
Seat 2: Nastysha184 ($2.82 in chips) 
Seat 3: ToshiroMifune ($1.52 in chips) 
Seat 5: Alllisina ($1.59 in chips) 
Seat 6: DonBawor ($1.93 in chips) 
Seat 8: hiilkok ($0.53 in chips) 
Seat 9: Mr.Squanchy90 ($1.68 in chips) 
hiilkok: posts small blind $0.01
Mr.Squanchy90: posts big blind $0.02
*** HOLE CARDS ***
Dealt to Dorex2007 [As 3d]
Dorex2007: folds 
Nastysha184: folds 
ToshiroMifune: folds 
Alllisina: folds 
DonBawor: folds 
hiilkok: folds 
Uncalled bet ($0.01) returned to Mr.Squanchy90
hiilkok leaves the table
Mr.Squanchy90 collected $0.02 from pot
Mr.Squanchy90: doesn't show hand 
*** SUMMARY ***
Total pot $0.02 | Rake $0 
Seat 1: Dorex2007 folded before Flop (didn't bet)
Seat 2: Nastysha184 folded before Flop (didn't bet)
Seat 3: ToshiroMifune folded before Flop (didn't bet)
Seat 5: Alllisina folded before Flop (didn't bet)
Seat 6: DonBawor (button) folded before Flop (didn't bet)
Seat 8: hiilkok (small blind) folded before Flop
Seat 9: Mr.Squanchy90 (big blind) collected ($0.02)



PokerStars Hand #231309217960:  Hold'em No Limit ($0.01/$0.02 USD) - 2021/11/10 23:05:02 PT [2021/11/11 2:05:02 ET]
Table 'Bolzano' 9-max Seat #9 is the button
Seat 1: Dorex2007 ($2.74 in chips) 
Seat 2: Nastysha184 ($2.82 in chips) 
Seat 3: ToshiroMifune ($1.52 in chips) 
Seat 5: Alllisina ($1.59 in chips) 
Seat 6: DonBawor ($1.93 in chips) 
Seat 9: Mr.Squanchy90 ($1.69 in chips) 
Dorex2007: posts small blind $0.01
Nastysha184: posts big blind $0.02
*** HOLE CARDS ***
Dealt to Dorex2007 [3h 8s]
ToshiroMifune: folds 
Alllisina: calls $0.02
DonBawor: folds 
Mr.Squanchy90: folds 
Dorex2007: folds 
Nastysha184: checks 
*** FLOP *** [6d 4s Th]
Nastysha184: checks 
Alllisina: bets $0.05
Nastysha184: folds 
Uncalled bet ($0.05) returned to Alllisina
Alllisina collected $0.05 from pot
*** SUMMARY ***
Total pot $0.05 | Rake $0 
Board [6d 4s Th]
Seat 1: Dorex2007 (small blind) folded before Flop
Seat 2: Nastysha184 (big blind) folded on the Flop
Seat 3: ToshiroMifune folded before Flop (didn't bet)
Seat 5: Alllisina collected ($0.05)
Seat 6: DonBawor folded before Flop (didn't bet)
Seat 9: Mr.Squanchy90 (button) folded before Flop (didn't bet)



PokerStars Hand #231309222118:  Hold'em No Limit ($0.01/$0.02 USD) - 2021/11/10 23:05:32 PT [2021/11/11 2:05:32 ET]
Table 'Bolzano' 9-max Seat #1 is the button
Seat 1: Dorex2007 ($2.73 in chips) 
Seat 2: Nastysha184 ($2.80 in chips) 
Seat 3: ToshiroMifune ($1.52 in chips) 
Seat 5: Alllisina ($1.62 in chips) 
Seat 6: DonBawor ($1.93 in chips) 
Seat 9: Mr.Squanchy90 ($1.69 in chips) 
Nastysha184: posts small blind $0.01
ToshiroMifune: posts big blind $0.02
*** HOLE CARDS ***
Dealt to Dorex2007 [Qd 4d]
Alllisina: calls $0.02
DonBawor: folds 
Mr.Squanchy90: raises $0.03 to $0.05
Dorex2007: folds 
Nastysha184: folds 
ToshiroMifune: folds 
Alllisina: calls $0.03
*** FLOP *** [Kh 7d 2c]
Alllisina: checks 
Mr.Squanchy90: checks 
*** TURN *** [Kh 7d 2c] [Td]
Alllisina: bets $0.13
Mr.Squanchy90: folds 
Uncalled bet ($0.13) returned to Alllisina
Alllisina collected $0.13 from pot
*** SUMMARY ***
Total pot $0.13 | Rake $0 
Board [Kh 7d 2c Td]
Seat 1: Dorex2007 (button) folded before Flop (didn't bet)
Seat 2: Nastysha184 (small blind) folded before Flop
Seat 3: ToshiroMifune (big blind) folded before Flop
Seat 5: Alllisina collected ($0.13)
Seat 6: DonBawor folded before Flop (didn't bet)
Seat 9: Mr.Squanchy90 folded on the Turn



PokerStars Hand #231309227062:  Hold'em No Limit ($0.01/$0.02 USD) - 2021/11/10 23:06:09 PT [2021/11/11 2:06:09 ET]
Table 'Bolzano' 9-max Seat #2 is the button
Seat 1: Dorex2007 ($2.73 in chips) 
Seat 2: Nastysha184 ($2.79 in chips) 
Seat 3: ToshiroMifune ($1.50 in chips) 
Seat 5: Alllisina ($1.70 in chips) 
Seat 6: DonBawor ($1.93 in chips) 
Seat 9: Mr.Squanchy90 ($1.64 in chips) 
ToshiroMifune: posts small blind $0.01
Alllisina: posts big blind $0.02
*** HOLE CARDS ***
Dealt to Dorex2007 [4h Qh]
DonBawor: raises $0.04 to $0.06
Mr.Squanchy90: folds 
Dorex2007: folds 
Zita0821 joins the table at seat #7 
Nastysha184: calls $0.06
ToshiroMifune: folds 
Alllisina: folds 
*** FLOP *** [2h 9h 6c]
DonBawor: bets $0.14
Nastysha184: folds 
Uncalled bet ($0.14) returned to DonBawor
DonBawor collected $0.14 from pot
DonBawor: doesn't show hand 
*** SUMMARY ***
Total pot $0.15 | Rake $0.01 
Board [2h 9h 6c]
Seat 1: Dorex2007 folded before Flop (didn't bet)
Seat 2: Nastysha184 (button) folded on the Flop
Seat 3: ToshiroMifune (small blind) folded before Flop
Seat 5: Alllisina (big blind) folded before Flop
Seat 6: DonBawor collected ($0.14)
Seat 9: Mr.Squanchy90 folded before Flop (didn't bet)



PokerStars Hand #231309232116:  Hold'em No Limit ($0.01/$0.02 USD) - 2021/11/10 23:06:45 PT [2021/11/11 2:06:45 ET]
Table 'Bolzano' 9-max Seat #3 is the button
Seat 1: Dorex2007 ($2.73 in chips) 
Seat 2: Nastysha184 ($2.73 in chips) 
Seat 3: ToshiroMifune ($1.49 in chips) 
Seat 5: Alllisina ($1.68 in chips) 
Seat 6: DonBawor ($2.01 in chips) 
Seat 7: Zita0821 ($1.60 in chips) 
Seat 9: Mr.Squanchy90 ($1.64 in chips) 
Alllisina: posts small blind $0.01
DonBawor: posts big blind $0.02
Zita0821: posts big blind $0.02
*** HOLE CARDS ***
Dealt to Dorex2007 [6h 3h]
Zita0821: checks 
Mr.Squanchy90: folds 
Dorex2007: folds 
evle_1987_ joins the table at seat #8 
Nastysha184: raises $0.06 to $0.08
ToshiroMifune: folds 
Alllisina: calls $0.07
DonBawor: folds 
Zita0821: folds 
*** FLOP *** [8h 5d Js]
Alllisina: checks 
Nastysha184: bets $0.09
Alllisina: calls $0.09
*** TURN *** [8h 5d Js] [3s]
Alllisina: checks 
Nastysha184: bets $0.18
Alllisina: folds 
Uncalled bet ($0.18) returned to Nastysha184
Nastysha184 collected $0.37 from pot
Nastysha184: doesn't show hand 
*** SUMMARY ***
Total pot $0.38 | Rake $0.01 
Board [8h 5d Js 3s]
Seat 1: Dorex2007 folded before Flop (didn't bet)
Seat 2: Nastysha184 collected ($0.37)
Seat 3: ToshiroMifune (button) folded before Flop (didn't bet)
Seat 5: Alllisina (small blind) folded on the Turn
Seat 6: DonBawor (big blind) folded before Flop
Seat 7: Zita0821 folded before Flop (didn't bet)
Seat 9: Mr.Squanchy90 folded before Flop (didn't bet)



PokerStars Hand #231309239051:  Hold'em No Limit ($0.01/$0.02 USD) - 2021/11/10 23:07:36 PT [2021/11/11 2:07:36 ET]
Table 'Bolzano' 9-max Seat #5 is the button
Seat 1: Dorex2007 ($2.73 in chips) 
Seat 2: Nastysha184 ($2.93 in chips) 
Seat 3: ToshiroMifune ($1.49 in chips) 
Seat 5: Alllisina ($1.51 in chips) 
Seat 6: DonBawor ($1.99 in chips) 
Seat 7: Zita0821 ($1.58 in chips) 
Seat 8: evle_1987_ ($1.72 in chips) 
Seat 9: Mr.Squanchy90 ($1.64 in chips) 
DonBawor: posts small blind $0.01
Zita0821: posts big blind $0.02
evle_1987_: posts big blind $0.02
*** HOLE CARDS ***
Dealt to Dorex2007 [Kh Jc]
evle_1987_: checks 
Mr.Squanchy90: raises $0.06 to $0.08
Dorex2007: folds 
Nastysha184: folds 
Nastysha184 leaves the table
ToshiroMifune: folds 
Alllisina: folds 
DonBawor: folds 
Zita0821: folds 
DenyLi joins the table at seat #2 
evle_1987_: folds 
Uncalled bet ($0.06) returned to Mr.Squanchy90
Mr.Squanchy90 collected $0.07 from pot
Mr.Squanchy90: doesn't show hand 
*** SUMMARY ***
Total pot $0.07 | Rake $0 
Seat 1: Dorex2007 folded before Flop (didn't bet)
Seat 2: Nastysha184 folded before Flop (didn't bet)
Seat 3: ToshiroMifune folded before Flop (didn't bet)
Seat 5: Alllisina (button) folded before Flop (didn't bet)
Seat 6: DonBawor (small blind) folded before Flop
Seat 7: Zita0821 (big blind) folded before Flop
Seat 8: evle_1987_ folded before Flop (didn't bet)
Seat 9: Mr.Squanchy90 collected ($0.07)



PokerStars Hand #231309251730:  Hold'em No Limit ($0.01/$0.02 USD) - 2021/11/10 23:08:15 PT [2021/11/11 2:08:15 ET]
Table 'Bolzano' 9-max Seat #6 is the button
Seat 1: Dorex2007 ($2.73 in chips) 
Seat 3: ToshiroMifune ($1.49 in chips) 
Seat 5: Alllisina ($1.51 in chips) 
Seat 6: DonBawor ($1.98 in chips) 
Seat 7: Zita0821 ($1.56 in chips) 
Seat 8: evle_1987_ ($1.70 in chips) 
Seat 9: Mr.Squanchy90 ($1.69 in chips) 
Zita0821: posts small blind $0.01
evle_1987_: posts big blind $0.02
DenyLi: sits out 
*** HOLE CARDS ***
Dealt to Dorex2007 [Th 2d]
Mr.Squanchy90: raises $0.03 to $0.05
Dorex2007: folds 
ToshiroMifune: folds 
Alllisina: calls $0.05
DonBawor: folds 
Zita0821: folds 
evle_1987_: folds 
*** FLOP *** [7c Jc Kh]
Mr.Squanchy90: checks 
Alllisina: bets $0.13
Mr.Squanchy90: folds 
Uncalled bet ($0.13) returned to Alllisina
Alllisina collected $0.13 from pot
*** SUMMARY ***
Total pot $0.13 | Rake $0 
Board [7c Jc Kh]
Seat 1: Dorex2007 folded before Flop (didn't bet)
Seat 3: ToshiroMifune folded before Flop (didn't bet)
Seat 5: Alllisina collected ($0.13)
Seat 6: DonBawor (button) folded before Flop (didn't bet)
Seat 7: Zita0821 (small blind) folded before Flop
Seat 8: evle_1987_ (big blind) folded before Flop
Seat 9: Mr.Squanchy90 folded on the Flop



PokerStars Hand #231309254483:  Hold'em No Limit ($0.01/$0.02 USD) - 2021/11/10 23:08:35 PT [2021/11/11 2:08:35 ET]
Table 'Bolzano' 9-max Seat #7 is the button
Seat 1: Dorex2007 ($2.73 in chips) 
Seat 3: ToshiroMifune ($1.49 in chips) 
Seat 5: Alllisina ($1.59 in chips) 
Seat 6: DonBawor ($1.98 in chips) 
Seat 7: Zita0821 ($1.55 in chips) 
Seat 8: evle_1987_ ($1.68 in chips) 
Seat 9: Mr.Squanchy90 ($1.64 in chips) 
evle_1987_: posts small blind $0.01
Mr.Squanchy90: posts big blind $0.02
DenyLi: sits out 
*** HOLE CARDS ***
Dealt to Dorex2007 [Kc 3c]
Dorex2007: folds 
ToshiroMifune: folds 
Alllisina: raises $0.04 to $0.06
DonBawor: calls $0.06
Zita0821: folds 
evle_1987_: folds 
Mr.Squanchy90: folds 
*** FLOP *** [Th Qc 8h]
Alllisina: checks 
DonBawor: checks 
*** TURN *** [Th Qc 8h] [9d]
Alllisina: bets $0.14
DonBawor: folds 
Uncalled bet ($0.14) returned to Alllisina
Alllisina collected $0.14 from pot
*** SUMMARY ***
Total pot $0.15 | Rake $0.01 
Board [Th Qc 8h 9d]
Seat 1: Dorex2007 folded before Flop (didn't bet)
Seat 3: ToshiroMifune folded before Flop (didn't bet)
Seat 5: Alllisina collected ($0.14)
Seat 6: DonBawor folded on the Turn
Seat 7: Zita0821 (button) folded before Flop (didn't bet)
Seat 8: evle_1987_ (small blind) folded before Flop
Seat 9: Mr.Squanchy90 (big blind) folded before Flop



PokerStars Hand #231309258511:  Hold'em No Limit ($0.01/$0.02 USD) - 2021/11/10 23:09:04 PT [2021/11/11 2:09:04 ET]
Table 'Bolzano' 9-max Seat #8 is the button
Seat 1: Dorex2007 ($2.73 in chips) 
Seat 3: ToshiroMifune ($1.49 in chips) 
Seat 5: Alllisina ($1.67 in chips) 
Seat 6: DonBawor ($1.92 in chips) 
Seat 7: Zita0821 ($1.55 in chips) 
Seat 8: evle_1987_ ($1.67 in chips) 
Seat 9: Mr.Squanchy90 ($1.62 in chips) 
Mr.Squanchy90: posts small blind $0.01
Dorex2007: posts big blind $0.02
DenyLi: sits out 
*** HOLE CARDS ***
Dealt to Dorex2007 [Qs Ad]
ToshiroMifune: folds 
Alllisina: calls $0.02
DonBawor: calls $0.02
Zita0821: folds 
evle_1987_: raises $0.10 to $0.12
Mr.Squanchy90: folds 
Dorex2007: calls $0.10
Alllisina: calls $0.10
DonBawor: calls $0.10
*** FLOP *** [Ah 5s 5d]
Dorex2007: checks 
Alllisina: checks 
DonBawor: checks 
evle_1987_: bets $0.16
Dorex2007: raises $0.79 to $0.95
Alllisina: folds 
DonBawor: raises $0.85 to $1.80 and is all-in
evle_1987_: folds 
Dorex2007: calls $0.85
*** TURN *** [Ah 5s 5d] [Th]
*** RIVER *** [Ah 5s 5d Th] [5c]
*** SHOW DOWN ***
Dorex2007: shows [Qs Ad] (a full house, Fives full of Aces)
DonBawor: shows [7h 5h] (four of a kind, Fives)
Dorex2007 cashed out the hand for $0.37
DonBawor cashed out the hand for $3.69 | Cash Out Fee $0.04
*** SUMMARY ***
Total pot $4.25 | Rake $0.15 
Board [Ah 5s 5d Th 5c]
Seat 1: Dorex2007 (big blind) showed [Qs Ad] and lost with a full house, Fives full of Aces (cashed out).
Seat 3: ToshiroMifune folded before Flop (didn't bet)
Seat 5: Alllisina folded on the Flop
Seat 6: DonBawor showed [7h 5h] and won ($4.10) with four of a kind, Fives (pot not awarded as player cashed out)
Seat 7: Zita0821 folded before Flop (didn't bet)
Seat 8: evle_1987_ (button) folded on the Flop
Seat 9: Mr.Squanchy90 (small blind) folded before Flop



PokerStars Hand #231309266436:  Hold'em No Limit ($0.01/$0.02 USD) - 2021/11/10 23:10:03 PT [2021/11/11 2:10:03 ET]
Table 'Bolzano' 9-max Seat #9 is the button
Seat 1: Dorex2007 ($2 in chips) 
Seat 2: DenyLi ($2 in chips) 
Seat 3: ToshiroMifune ($1.49 in chips) 
Seat 5: Alllisina ($1.55 in chips) 
Seat 6: DonBawor ($3.69 in chips) 
Seat 7: Zita0821 ($1.55 in chips) 
Seat 8: evle_1987_ ($1.39 in chips) 
Seat 9: Mr.Squanchy90 ($1.61 in chips) 
Dorex2007: posts small blind $0.01
DenyLi: posts big blind $0.02
*** HOLE CARDS ***
Dealt to Dorex2007 [8h Tc]
ToshiroMifune: folds 
Alllisina: calls $0.02
DonBawor: calls $0.02
Zita0821: calls $0.02
evle_1987_: folds 
Mr.Squanchy90: folds 
Dorex2007: calls $0.01
DenyLi: checks 
*** FLOP *** [4d 7h Jh]
Dorex2007: checks 
DenyLi: checks 
Alllisina: bets $0.10
DonBawor: folds 
Zita0821: folds 
Dorex2007: folds 
foxxizzy leaves the table
DenyLi: folds 
Uncalled bet ($0.10) returned to Alllisina
Alllisina collected $0.10 from pot
*** SUMMARY ***
Total pot $0.10 | Rake $0 
Board [4d 7h Jh]
Seat 1: Dorex2007 (small blind) folded on the Flop
Seat 2: DenyLi (big blind) folded on the Flop
Seat 3: ToshiroMifune folded before Flop (didn't bet)
Seat 5: Alllisina collected ($0.10)
Seat 6: DonBawor folded on the Flop
Seat 7: Zita0821 folded on the Flop
Seat 8: evle_1987_ folded before Flop (didn't bet)
Seat 9: Mr.Squanchy90 (button) folded before Flop (didn't bet)



PokerStars Hand #231309271589:  Hold'em No Limit ($0.01/$0.02 USD) - 2021/11/10 23:10:41 PT [2021/11/11 2:10:41 ET]
Table 'Bolzano' 9-max Seat #1 is the button
Seat 1: Dorex2007 ($2 in chips) 
Seat 2: DenyLi ($1.98 in chips) 
Seat 3: ToshiroMifune ($1.49 in chips) 
Seat 5: Alllisina ($1.63 in chips) 
Seat 6: DonBawor ($3.67 in chips) 
Seat 7: Zita0821 ($1.53 in chips) 
Seat 8: evle_1987_ ($1.39 in chips) 
Seat 9: Mr.Squanchy90 ($1.61 in chips) 
DenyLi: posts small blind $0.01
ToshiroMifune: posts big blind $0.02
*** HOLE CARDS ***
Dealt to Dorex2007 [9c 9s]
Alllisina: folds 
DonBawor: calls $0.02
Zita0821: folds 
evle_1987_: raises $0.07 to $0.09
Mr.Squanchy90: folds 
Dorex2007: raises $1.91 to $2 and is all-in
DenyLi: folds 
iChicagoMay joins the table at seat #4 
iChicagoMay leaves the table
ToshiroMifune: folds 
DonBawor: folds 
evle_1987_: folds 
Uncalled bet ($1.91) returned to Dorex2007
Dorex2007 collected $0.23 from pot
Dorex2007: doesn't show hand 
*** SUMMARY ***
Total pot $0.23 | Rake $0 
Seat 1: Dorex2007 (button) collected ($0.23)
Seat 2: DenyLi (small blind) folded before Flop
Seat 3: ToshiroMifune (big blind) folded before Flop
Seat 5: Alllisina folded before Flop (didn't bet)
Seat 6: DonBawor folded before Flop
Seat 7: Zita0821 folded before Flop (didn't bet)
Seat 8: evle_1987_ folded before Flop
Seat 9: Mr.Squanchy90 folded before Flop (didn't bet)



PokerStars Hand #231309275827:  Hold'em No Limit ($0.01/$0.02 USD) - 2021/11/10 23:11:12 PT [2021/11/11 2:11:12 ET]
Table 'Bolzano' 9-max Seat #2 is the button
Seat 1: Dorex2007 ($2.14 in chips) 
Seat 2: DenyLi ($1.97 in chips) 
Seat 3: ToshiroMifune ($1.47 in chips) 
Seat 5: Alllisina ($1.63 in chips) 
Seat 6: DonBawor ($3.65 in chips) 
Seat 7: Zita0821 ($1.53 in chips) 
Seat 8: evle_1987_ ($1.30 in chips) 
Seat 9: Mr.Squanchy90 ($1.61 in chips) 
ToshiroMifune: posts small blind $0.01
Alllisina: posts big blind $0.02
*** HOLE CARDS ***
Dealt to Dorex2007 [Js 8c]
opop5555 joins the table at seat #4 
DonBawor: calls $0.02
Zita0821: calls $0.02
evle_1987_: folds 
Mr.Squanchy90: folds 
Dorex2007: folds 
DenyLi: folds 
ToshiroMifune: calls $0.01
Alllisina: raises $0.08 to $0.10
DonBawor: folds 
Zita0821: folds 
ToshiroMifune: folds 
Uncalled bet ($0.08) returned to Alllisina
Alllisina collected $0.08 from pot
*** SUMMARY ***
Total pot $0.08 | Rake $0 
Seat 1: Dorex2007 folded before Flop (didn't bet)
Seat 2: DenyLi (button) folded before Flop (didn't bet)
Seat 3: ToshiroMifune (small blind) folded before Flop
Seat 5: Alllisina (big blind) collected ($0.08)
Seat 6: DonBawor folded before Flop
Seat 7: Zita0821 folded before Flop
Seat 8: evle_1987_ folded before Flop (didn't bet)
Seat 9: Mr.Squanchy90 folded before Flop (didn't bet)



PokerStars Hand #231309280031:  Hold'em No Limit ($0.01/$0.02 USD) - 2021/11/10 23:11:42 PT [2021/11/11 2:11:42 ET]
Table 'Bolzano' 9-max Seat #3 is the button
Seat 1: Dorex2007 ($2.14 in chips) 
Seat 2: DenyLi ($1.97 in chips) 
Seat 3: ToshiroMifune ($1.45 in chips) 
Seat 5: Alllisina ($1.69 in chips) 
Seat 6: DonBawor ($3.63 in chips) 
Seat 7: Zita0821 ($1.51 in chips) 
Seat 8: evle_1987_ ($1.30 in chips) 
Seat 9: Mr.Squanchy90 ($1.61 in chips) 
Alllisina: posts small blind $0.01
DonBawor: posts big blind $0.02
*** HOLE CARDS ***
Dealt to Dorex2007 [Qc 2h]
Zita0821: calls $0.02
evle_1987_: folds 
Mr.Squanchy90: folds 
Dorex2007: folds 
DenyLi: folds 
ToshiroMifune: calls $0.02
Alllisina: calls $0.01
DonBawor: checks 
*** FLOP *** [5d 7c 9h]
Alllisina: checks 
DonBawor: checks 
Zita0821: bets $0.02
ToshiroMifune: calls $0.02
Alllisina: calls $0.02
DonBawor: calls $0.02
*** TURN *** [5d 7c 9h] [2d]
Alllisina: checks 
DonBawor: checks 
Zita0821: bets $0.02
ToshiroMifune: calls $0.02
Alllisina: calls $0.02
DonBawor: calls $0.02
*** RIVER *** [5d 7c 9h 2d] [4d]
Alllisina: checks 
DonBawor: checks 
Zita0821: checks 
ToshiroMifune: checks 
*** SHOW DOWN ***
Alllisina: shows [6h Jd] (high card Jack)
DonBawor: shows [Td 2s] (a pair of Deuces)
Zita0821: shows [9c Ad] (a pair of Nines)
ToshiroMifune: mucks hand 
Zita0821 collected $0.23 from pot
*** SUMMARY ***
Total pot $0.24 | Rake $0.01 
Board [5d 7c 9h 2d 4d]
Seat 1: Dorex2007 folded before Flop (didn't bet)
Seat 2: DenyLi folded before Flop (didn't bet)
Seat 3: ToshiroMifune (button) mucked [8s 8d]
Seat 5: Alllisina (small blind) showed [6h Jd] and lost with high card Jack
Seat 6: DonBawor (big blind) showed [Td 2s] and lost with a pair of Deuces
Seat 7: Zita0821 showed [9c Ad] and won ($0.23) with a pair of Nines
Seat 8: evle_1987_ folded before Flop (didn't bet)
Seat 9: Mr.Squanchy90 folded before Flop (didn't bet)



PokerStars Hand #231309288936:  Hold'em No Limit ($0.01/$0.02 USD) - 2021/11/10 23:12:46 PT [2021/11/11 2:12:46 ET]
Table 'Bolzano' 9-max Seat #5 is the button
Seat 1: Dorex2007 ($2.14 in chips) 
Seat 2: DenyLi ($1.97 in chips) 
Seat 3: ToshiroMifune ($1.39 in chips) 
Seat 4: opop5555 ($1.60 in chips) 
Seat 5: Alllisina ($1.63 in chips) 
Seat 6: DonBawor ($3.57 in chips) 
Seat 7: Zita0821 ($1.68 in chips) 
Seat 8: evle_1987_ ($1.30 in chips) 
Seat 9: Mr.Squanchy90 ($1.61 in chips) 
DonBawor: posts small blind $0.01
Zita0821: posts big blind $0.02
opop5555: posts big blind $0.02
*** HOLE CARDS ***
Dealt to Dorex2007 [5d Kc]
evle_1987_: raises $0.02 to $0.04
Mr.Squanchy90: folds 
Dorex2007: folds 
DenyLi: folds 
ToshiroMifune: folds 
opop5555: folds 
Alllisina: calls $0.04
DonBawor: calls $0.03
Zita0821: calls $0.02
*** FLOP *** [As 4d 6d]
DonBawor: checks 
Zita0821: checks 
evle_1987_: bets $0.06
Alllisina: folds 
DonBawor: calls $0.06
Zita0821: folds 
*** TURN *** [As 4d 6d] [Qc]
DonBawor: checks 
evle_1987_: bets $0.22
DonBawor: folds 
Uncalled bet ($0.22) returned to evle_1987_
evle_1987_ collected $0.29 from pot
*** SUMMARY ***
Total pot $0.30 | Rake $0.01 
Board [As 4d 6d Qc]
Seat 1: Dorex2007 folded before Flop (didn't bet)
Seat 2: DenyLi folded before Flop (didn't bet)
Seat 3: ToshiroMifune folded before Flop (didn't bet)
Seat 4: opop5555 folded before Flop (didn't bet)
Seat 5: Alllisina (button) folded on the Flop
Seat 6: DonBawor (small blind) folded on the Turn
Seat 7: Zita0821 (big blind) folded on the Flop
Seat 8: evle_1987_ collected ($0.29)
Seat 9: Mr.Squanchy90 folded before Flop (didn't bet)



PokerStars Hand #231309295151:  Hold'em No Limit ($0.01/$0.02 USD) - 2021/11/10 23:13:31 PT [2021/11/11 2:13:31 ET]
Table 'Bolzano' 9-max Seat #6 is the button
Seat 1: Dorex2007 ($2.14 in chips) 
Seat 2: DenyLi ($1.97 in chips) 
Seat 3: ToshiroMifune ($1.39 in chips) 
Seat 4: opop5555 ($1.58 in chips) 
Seat 5: Alllisina ($1.59 in chips) 
Seat 6: DonBawor ($3.47 in chips) 
Seat 7: Zita0821 ($1.64 in chips) 
Seat 8: evle_1987_ ($1.49 in chips) 
Seat 9: Mr.Squanchy90 ($1.61 in chips) 
Zita0821: posts small blind $0.01
evle_1987_: posts big blind $0.02
*** HOLE CARDS ***
Dealt to Dorex2007 [Kc 4h]
Mr.Squanchy90: folds 
Dorex2007: folds 
DenyLi: folds 
ToshiroMifune: folds 
opop5555: calls $0.02
Alllisina: folds 
DonBawor: raises $0.08 to $0.10
Zita0821: folds 
evle_1987_: calls $0.08
opop5555: calls $0.08
*** FLOP *** [5s Tc 2s]
evle_1987_: checks 
opop5555: checks 
DonBawor: bets $0.30
evle_1987_: folds 
opop5555: raises $0.45 to $0.75
DonBawor: raises $2.62 to $3.37 and is all-in
opop5555: folds 
Uncalled bet ($2.62) returned to DonBawor
DonBawor collected $1.75 from pot
DonBawor: doesn't show hand 
*** SUMMARY ***
Total pot $1.81 | Rake $0.06 
Board [5s Tc 2s]
Seat 1: Dorex2007 folded before Flop (didn't bet)
Seat 2: DenyLi folded before Flop (didn't bet)
Seat 3: ToshiroMifune folded before Flop (didn't bet)
Seat 4: opop5555 folded on the Flop
Seat 5: Alllisina folded before Flop (didn't bet)
Seat 6: DonBawor (button) collected ($1.75)
Seat 7: Zita0821 (small blind) folded before Flop
Seat 8: evle_1987_ (big blind) folded on the Flop
Seat 9: Mr.Squanchy90 folded before Flop (didn't bet)



PokerStars Hand #231309301020:  Hold'em No Limit ($0.01/$0.02 USD) - 2021/11/10 23:14:13 PT [2021/11/11 2:14:13 ET]
Table 'Bolzano' 9-max Seat #7 is the button
Seat 1: Dorex2007 ($2.14 in chips) 
Seat 2: DenyLi ($1.97 in chips) 
Seat 3: ToshiroMifune ($1.39 in chips) 
Seat 4: opop5555 ($0.73 in chips) 
Seat 5: Alllisina ($1.59 in chips) 
Seat 6: DonBawor ($4.37 in chips) 
Seat 7: Zita0821 ($1.63 in chips) 
Seat 8: evle_1987_ ($1.39 in chips) 
Seat 9: Mr.Squanchy90 ($1.61 in chips) 
evle_1987_: posts small blind $0.01
Mr.Squanchy90: posts big blind $0.02
*** HOLE CARDS ***
Dealt to Dorex2007 [2h 7h]
Dorex2007: folds 
DenyLi: folds 
ToshiroMifune: folds 
opop5555: calls $0.02
Alllisina: raises $0.04 to $0.06
DonBawor: calls $0.06
Zita0821 has timed out
Zita0821: folds 
evle_1987_: raises $0.25 to $0.31
Mr.Squanchy90: folds 
opop5555: calls $0.29
Alllisina: raises $1.28 to $1.59 and is all-in
DonBawor: folds 
evle_1987_: calls $1.08 and is all-in
opop5555: calls $0.42 and is all-in
Uncalled bet ($0.20) returned to Alllisina
*** FLOP *** [4c 6c Jc]
*** TURN *** [4c 6c Jc] [8c]
*** RIVER *** [4c 6c Jc 8c] [5c]
*** SHOW DOWN ***
evle_1987_: shows [6s 4s] (a flush, Jack high)
Alllisina: shows [Kc Kd] (a flush, King high)
opop5555: shows [Ks 7s] (a flush, Jack high)
Alllisina cashed out the hand for $2.61 | Cash Out Fee $0.03
*** SUMMARY ***
Total pot $3.59 Main pot $2.19. Side pot $1.27. | Rake $0.13 
Board [4c 6c Jc 8c 5c]
Seat 1: Dorex2007 folded before Flop (didn't bet)
Seat 2: DenyLi folded before Flop (didn't bet)
Seat 3: ToshiroMifune folded before Flop (didn't bet)
Seat 4: opop5555 showed [Ks 7s] and lost with a flush, Jack high
Seat 5: Alllisina showed [Kc Kd] and won ($3.46) with a flush, King high (pot not awarded as player cashed out)
Seat 6: DonBawor folded before Flop
Seat 7: Zita0821 (button) folded before Flop (didn't bet)
Seat 8: evle_1987_ (small blind) showed [6s 4s] and lost with a flush, Jack high
Seat 9: Mr.Squanchy90 (big blind) folded before Flop



PokerStars Hand #231309311895:  Hold'em No Limit ($0.01/$0.02 USD) - 2021/11/10 23:15:31 PT [2021/11/11 2:15:31 ET]
Table 'Bolzano' 9-max Seat #9 is the button
Seat 1: Dorex2007 ($2.14 in chips) 
Seat 2: DenyLi ($1.97 in chips) 
Seat 3: ToshiroMifune ($1.39 in chips) 
Seat 5: Alllisina ($2.81 in chips) 
Seat 6: DonBawor ($4.31 in chips) 
Seat 7: Zita0821 ($1.63 in chips) 
Seat 9: Mr.Squanchy90 ($1.59 in chips) 
Dorex2007: posts small blind $0.01
DenyLi: posts big blind $0.02
*** HOLE CARDS ***
Dealt to Dorex2007 [7h Kh]
ToshiroMifune: calls $0.02
evle_1987_ leaves the table
Alllisina: folds 
DonBawor: calls $0.02
Zita0821: folds 
Mr.Squanchy90: folds 
Dorex2007: folds 
DenyLi: raises $0.04 to $0.06
ToshiroMifune: calls $0.04
DonBawor: calls $0.04
*** FLOP *** [Js 8c Qh]
DenyLi: checks 
DeadFish1993 joins the table at seat #8 
ToshiroMifune: checks 
DonBawor: checks 
*** TURN *** [Js 8c Qh] [Qs]
DenyLi: checks 
ToshiroMifune: checks 
DonBawor: checks 
*** RIVER *** [Js 8c Qh Qs] [Ah]
DenyLi: checks 
ToshiroMifune: bets $0.04
DonBawor: folds 
DenyLi: folds 
Uncalled bet ($0.04) returned to ToshiroMifune
ToshiroMifune collected $0.18 from pot
ToshiroMifune: doesn't show hand 
*** SUMMARY ***
Total pot $0.19 | Rake $0.01 
Board [Js 8c Qh Qs Ah]
Seat 1: Dorex2007 (small blind) folded before Flop
Seat 2: DenyLi (big blind) folded on the River
Seat 3: ToshiroMifune collected ($0.18)
Seat 5: Alllisina folded before Flop (didn't bet)
Seat 6: DonBawor folded on the River
Seat 7: Zita0821 folded before Flop (didn't bet)
Seat 9: Mr.Squanchy90 (button) folded before Flop (didn't bet)



PokerStars Hand #231309322295:  Hold'em No Limit ($0.01/$0.02 USD) - 2021/11/10 23:16:45 PT [2021/11/11 2:16:45 ET]
Table 'Bolzano' 9-max Seat #1 is the button
Seat 1: Dorex2007 ($2.13 in chips) 
Seat 2: DenyLi ($1.91 in chips) 
Seat 3: ToshiroMifune ($1.51 in chips) 
Seat 4: opop5555 ($2 in chips) 
Seat 5: Alllisina ($2.81 in chips) 
Seat 6: DonBawor ($4.25 in chips) 
Seat 7: Zita0821 ($1.63 in chips) 
Seat 8: DeadFish1993 ($1 in chips) 
Seat 9: Mr.Squanchy90 ($1.59 in chips) 
DenyLi: posts small blind $0.01
ToshiroMifune: posts big blind $0.02
DeadFish1993: posts big blind $0.02
*** HOLE CARDS ***
Dealt to Dorex2007 [2s 9h]
opop5555: folds 
Alllisina: calls $0.02
DonBawor: folds 
Zita0821: calls $0.02
DeadFish1993: checks 
Mr.Squanchy90: raises $0.08 to $0.10
Dorex2007: folds 
DenyLi: folds 
ToshiroMifune: folds 
Alllisina: folds 
Zita0821: calls $0.08
DeadFish1993: folds 
*** FLOP *** [8c 5d 6c]
Zita0821: checks 
Mr.Squanchy90: bets $0.09
Zita0821: calls $0.09
*** TURN *** [8c 5d 6c] [Jh]
Zita0821: checks 
Mr.Squanchy90: checks 
*** RIVER *** [8c 5d 6c Jh] [6s]
Zita0821: checks 
Mr.Squanchy90: checks 
*** SHOW DOWN ***
Zita0821: shows [3d Ac] (a pair of Sixes)
Mr.Squanchy90: shows [7d 7h] (two pair, Sevens and Sixes)
Mr.Squanchy90 collected $0.43 from pot
*** SUMMARY ***
Total pot $0.45 | Rake $0.02 
Board [8c 5d 6c Jh 6s]
Seat 1: Dorex2007 (button) folded before Flop (didn't bet)
Seat 2: DenyLi (small blind) folded before Flop
Seat 3: ToshiroMifune (big blind) folded before Flop
Seat 4: opop5555 folded before Flop (didn't bet)
Seat 5: Alllisina folded before Flop
Seat 6: DonBawor folded before Flop (didn't bet)
Seat 7: Zita0821 showed [3d Ac] and lost with a pair of Sixes
Seat 8: DeadFish1993 folded before Flop (didn't bet)
Seat 9: Mr.Squanchy90 showed [7d 7h] and won ($0.43) with two pair, Sevens and Sixes



PokerStars Hand #231309329649:  Hold'em No Limit ($0.01/$0.02 USD) - 2021/11/10 23:17:37 PT [2021/11/11 2:17:37 ET]
Table 'Bolzano' 9-max Seat #2 is the button
Seat 1: Dorex2007 ($2.13 in chips) 
Seat 2: DenyLi ($1.90 in chips) 
Seat 3: ToshiroMifune ($1.49 in chips) 
Seat 4: opop5555 ($2 in chips) 
Seat 5: Alllisina ($2.79 in chips) 
Seat 6: DonBawor ($4.25 in chips) 
Seat 7: Zita0821 ($1.44 in chips) 
Seat 8: DeadFish1993 ($0.98 in chips) 
Seat 9: Mr.Squanchy90 ($1.83 in chips) 
ToshiroMifune: posts small blind $0.01
opop5555: posts big blind $0.02
*** HOLE CARDS ***
Dealt to Dorex2007 [9s 8d]
Alllisina: folds 
DonBawor: folds 
Zita0821: folds 
DeadFish1993: calls $0.02
Mr.Squanchy90: raises $0.08 to $0.10
Dorex2007: folds 
DenyLi: folds 
ToshiroMifune: folds 
opop5555: calls $0.08
DeadFish1993: calls $0.08
*** FLOP *** [Jd Ad 6h]
opop5555: checks 
DeadFish1993: checks 
Mr.Squanchy90: checks 
*** TURN *** [Jd Ad 6h] [2h]
opop5555: checks 
DeadFish1993: checks 
Mr.Squanchy90: checks 
*** RIVER *** [Jd Ad 6h 2h] [6d]
opop5555: checks 
DeadFish1993: bets $0.06
Mr.Squanchy90: calls $0.06
opop5555: raises $0.24 to $0.30
DeadFish1993: calls $0.24
Mr.Squanchy90: folds 
*** SHOW DOWN ***
opop5555: shows [2s 2c] (a full house, Deuces full of Sixes)
DeadFish1993: mucks hand 
opop5555 collected $0.94 from pot
*** SUMMARY ***
Total pot $0.97 | Rake $0.03 
Board [Jd Ad 6h 2h 6d]
Seat 1: Dorex2007 folded before Flop (didn't bet)
Seat 2: DenyLi (button) folded before Flop (didn't bet)
Seat 3: ToshiroMifune (small blind) folded before Flop
Seat 4: opop5555 (big blind) showed [2s 2c] and won ($0.94) with a full house, Deuces full of Sixes
Seat 5: Alllisina folded before Flop (didn't bet)
Seat 6: DonBawor folded before Flop (didn't bet)
Seat 7: Zita0821 folded before Flop (didn't bet)
Seat 8: DeadFish1993 mucked [Kd Jc]
Seat 9: Mr.Squanchy90 folded on the River



PokerStars Hand #231309340758:  Hold'em No Limit ($0.01/$0.02 USD) - 2021/11/10 23:18:38 PT [2021/11/11 2:18:38 ET]
Table 'Bolzano' 9-max Seat #3 is the button
Seat 1: Dorex2007 ($2.13 in chips) 
Seat 2: DenyLi ($1.90 in chips) 
Seat 3: ToshiroMifune ($1.48 in chips) 
Seat 4: opop5555 ($2.54 in chips) 
Seat 5: Alllisina ($2.79 in chips) 
Seat 6: DonBawor ($4.25 in chips) 
Seat 7: Zita0821 ($1.44 in chips) 
Seat 8: DeadFish1993 ($0.58 in chips) 
Seat 9: Mr.Squanchy90 ($1.67 in chips) 
opop5555: posts small blind $0.01
Alllisina: posts big blind $0.02
*** HOLE CARDS ***
Dealt to Dorex2007 [5c Kd]
DonBawor: folds 
Zita0821: calls $0.02
DeadFish1993: calls $0.02
Mr.Squanchy90: folds 
Dorex2007: folds 
DenyLi: folds 
ToshiroMifune: folds 
opop5555: calls $0.01
Alllisina: checks 
*** FLOP *** [2d Ks 8d]
opop5555: checks 
Alllisina: checks 
Zita0821: bets $0.02
DeadFish1993: calls $0.02
opop5555: folds 
Alllisina: folds 
*** TURN *** [2d Ks 8d] [7h]
Zita0821: checks 
DeadFish1993: checks 
*** RIVER *** [2d Ks 8d 7h] [5h]
Zita0821: checks 
DeadFish1993: checks 
*** SHOW DOWN ***
Zita0821: shows [9d Jd] (high card King)
DeadFish1993: shows [4s 7s] (a pair of Sevens)
DeadFish1993 collected $0.12 from pot
*** SUMMARY ***
Total pot $0.12 | Rake $0 
Board [2d Ks 8d 7h 5h]
Seat 1: Dorex2007 folded before Flop (didn't bet)
Seat 2: DenyLi folded before Flop (didn't bet)
Seat 3: ToshiroMifune (button) folded before Flop (didn't bet)
Seat 4: opop5555 (small blind) folded on the Flop
Seat 5: Alllisina (big blind) folded on the Flop
Seat 6: DonBawor folded before Flop (didn't bet)
Seat 7: Zita0821 showed [9d Jd] and lost with high card King
Seat 8: DeadFish1993 showed [4s 7s] and won ($0.12) with a pair of Sevens
Seat 9: Mr.Squanchy90 folded before Flop (didn't bet)



PokerStars Hand #231309346839:  Hold'em No Limit ($0.01/$0.02 USD) - 2021/11/10 23:19:22 PT [2021/11/11 2:19:22 ET]
Table 'Bolzano' 9-max Seat #4 is the button
Seat 1: Dorex2007 ($2.13 in chips) 
Seat 2: DenyLi ($1.90 in chips) 
Seat 3: ToshiroMifune ($1.48 in chips) 
Seat 4: opop5555 ($2.52 in chips) 
Seat 5: Alllisina ($2.77 in chips) 
Seat 6: DonBawor ($4.25 in chips) 
Seat 7: Zita0821 ($1.40 in chips) 
Seat 8: DeadFish1993 ($0.66 in chips) 
Seat 9: Mr.Squanchy90 ($1.67 in chips) 
Alllisina: posts small blind $0.01
DonBawor: posts big blind $0.02
*** HOLE CARDS ***
Dealt to Dorex2007 [2s 8d]
Zita0821: folds 
DeadFish1993: calls $0.02
Mr.Squanchy90: folds 
Dorex2007: folds 
DenyLi: folds 
ToshiroMifune: folds 
opop5555: raises $0.06 to $0.08
Alllisina: folds 
DonBawor: folds 
DeadFish1993: calls $0.06
*** FLOP *** [Js Ah 2d]
DeadFish1993: checks 
opop5555: checks 
*** TURN *** [Js Ah 2d] [8h]
DeadFish1993: checks 
opop5555: bets $0.04
DeadFish1993: calls $0.04
*** RIVER *** [Js Ah 2d 8h] [3c]
DeadFish1993: checks 
opop5555: bets $2.40 and is all-in
DeadFish1993: calls $0.54 and is all-in
Uncalled bet ($1.86) returned to opop5555
*** SHOW DOWN ***
opop5555: shows [As Th] (a pair of Aces)
DeadFish1993: shows [5h 4h] (a straight, Ace to Five)
DeadFish1993 collected $1.30 from pot
*** SUMMARY ***
Total pot $1.35 | Rake $0.05 
Board [Js Ah 2d 8h 3c]
Seat 1: Dorex2007 folded before Flop (didn't bet)
Seat 2: DenyLi folded before Flop (didn't bet)
Seat 3: ToshiroMifune folded before Flop (didn't bet)
Seat 4: opop5555 (button) showed [As Th] and lost with a pair of Aces
Seat 5: Alllisina (small blind) folded before Flop
Seat 6: DonBawor (big blind) folded before Flop
Seat 7: Zita0821 folded before Flop (didn't bet)
Seat 8: DeadFish1993 showed [5h 4h] and won ($1.30) with a straight, Ace to Five
Seat 9: Mr.Squanchy90 folded before Flop (didn't bet)



PokerStars Hand #231309354646:  Hold'em No Limit ($0.01/$0.02 USD) - 2021/11/10 23:20:16 PT [2021/11/11 2:20:16 ET]
Table 'Bolzano' 9-max Seat #5 is the button
Seat 1: Dorex2007 ($2.13 in chips) 
Seat 2: DenyLi ($1.90 in chips) 
Seat 3: ToshiroMifune ($1.48 in chips) 
Seat 4: opop5555 ($1.86 in chips) 
Seat 5: Alllisina ($2.76 in chips) 
Seat 6: DonBawor ($4.23 in chips) 
Seat 8: DeadFish1993 ($1.30 in chips) 
Seat 9: Mr.Squanchy90 ($1.67 in chips) 
DonBawor: posts small blind $0.01
DeadFish1993: posts big blind $0.02
*** HOLE CARDS ***
Dealt to Dorex2007 [Jd Ac]
Mr.Squanchy90: folds 
Dorex2007: raises $0.04 to $0.06
DenyLi: folds 
ToshiroMifune: folds 
opop5555: folds 
Alllisina: folds 
DonBawor: calls $0.05
DeadFish1993: calls $0.04
*** FLOP *** [3s As 4d]
DonBawor: checks 
DeadFish1993: checks 
Dorex2007: bets $0.17
DonBawor: folds 
DeadFish1993: folds 
Uncalled bet ($0.17) returned to Dorex2007
Dorex2007 collected $0.17 from pot
Dorex2007: doesn't show hand 
*** SUMMARY ***
Total pot $0.18 | Rake $0.01 
Board [3s As 4d]
Seat 1: Dorex2007 collected ($0.17)
Seat 2: DenyLi folded before Flop (didn't bet)
Seat 3: ToshiroMifune folded before Flop (didn't bet)
Seat 4: opop5555 folded before Flop (didn't bet)
Seat 5: Alllisina (button) folded before Flop (didn't bet)
Seat 6: DonBawor (small blind) folded on the Flop
Seat 8: DeadFish1993 (big blind) folded on the Flop
Seat 9: Mr.Squanchy90 folded before Flop (didn't bet)



PokerStars Hand #231309358813:  Hold'em No Limit ($0.01/$0.02 USD) - 2021/11/10 23:20:46 PT [2021/11/11 2:20:46 ET]
Table 'Bolzano' 9-max Seat #6 is the button
Seat 1: Dorex2007 ($2.24 in chips) 
Seat 2: DenyLi ($1.90 in chips) 
Seat 3: ToshiroMifune ($1.48 in chips) 
Seat 4: opop5555 ($1.86 in chips) 
Seat 5: Alllisina ($2.76 in chips) 
Seat 6: DonBawor ($4.17 in chips) 
Seat 8: DeadFish1993 ($1.24 in chips) 
Seat 9: Mr.Squanchy90 ($1.67 in chips) 
DeadFish1993: posts small blind $0.01
Mr.Squanchy90: posts big blind $0.02
*** HOLE CARDS ***
Dealt to Dorex2007 [Qs Tc]
Dorex2007: folds 
DenyLi: folds 
ToshiroMifune: folds 
opop5555: folds 
Alllisina: folds 
DonBawor: calls $0.02
DeadFish1993: calls $0.01
Mr.Squanchy90: checks 
*** FLOP *** [9s 8d 6h]
DeadFish1993: bets $0.06
Mr.Squanchy90: calls $0.06
DonBawor: folds 
*** TURN *** [9s 8d 6h] [Ks]
DeadFish1993: checks 
Mr.Squanchy90: checks 
*** RIVER *** [9s 8d 6h Ks] [Kd]
DeadFish1993: bets $0.06
Mr.Squanchy90: calls $0.06
*** SHOW DOWN ***
DeadFish1993: shows [Jc Ts] (a pair of Kings)
Mr.Squanchy90: shows [9h Th] (two pair, Kings and Nines)
Mr.Squanchy90 collected $0.29 from pot
*** SUMMARY ***
Total pot $0.30 | Rake $0.01 
Board [9s 8d 6h Ks Kd]
Seat 1: Dorex2007 folded before Flop (didn't bet)
Seat 2: DenyLi folded before Flop (didn't bet)
Seat 3: ToshiroMifune folded before Flop (didn't bet)
Seat 4: opop5555 folded before Flop (didn't bet)
Seat 5: Alllisina folded before Flop (didn't bet)
Seat 6: DonBawor (button) folded on the Flop
Seat 8: DeadFish1993 (small blind) showed [Jc Ts] and lost with a pair of Kings
Seat 9: Mr.Squanchy90 (big blind) showed [9h Th] and won ($0.29) with two pair, Kings and Nines



PokerStars Hand #231309366328:  Hold'em No Limit ($0.01/$0.02 USD) - 2021/11/10 23:21:39 PT [2021/11/11 2:21:39 ET]
Table 'Bolzano' 9-max Seat #8 is the button
Seat 1: Dorex2007 ($2.24 in chips) 
Seat 2: DenyLi ($1.90 in chips) 
Seat 3: ToshiroMifune ($1.48 in chips) 
Seat 4: opop5555 ($1.86 in chips) 
Seat 5: Alllisina ($2.76 in chips) 
Seat 6: DonBawor ($4.15 in chips) 
Seat 8: DeadFish1993 ($1.10 in chips) 
Seat 9: Mr.Squanchy90 ($1.82 in chips) 
Mr.Squanchy90: posts small blind $0.01
Dorex2007: posts big blind $0.02
*** HOLE CARDS ***
Dealt to Dorex2007 [Tc 2d]
DenyLi: folds 
ToshiroMifune: folds 
opop5555: folds 
Alllisina: folds 
DonBawor: calls $0.02
DeadFish1993: folds 
Mr.Squanchy90: folds 
Dorex2007: checks 
*** FLOP *** [3s 3d Ad]
Dorex2007: checks 
DonBawor: checks 
*** TURN *** [3s 3d Ad] [5d]
Dorex2007: checks 
DonBawor: checks 
*** RIVER *** [3s 3d Ad 5d] [7h]
Dorex2007: bets $0.05
DonBawor: folds 
Uncalled bet ($0.05) returned to Dorex2007
Dorex2007 collected $0.05 from pot
Dorex2007: doesn't show hand 
*** SUMMARY ***
Total pot $0.05 | Rake $0 
Board [3s 3d Ad 5d 7h]
Seat 1: Dorex2007 (big blind) collected ($0.05)
Seat 2: DenyLi folded before Flop (didn't bet)
Seat 3: ToshiroMifune folded before Flop (didn't bet)
Seat 4: opop5555 folded before Flop (didn't bet)
Seat 5: Alllisina folded before Flop (didn't bet)
Seat 6: DonBawor folded on the River
Seat 8: DeadFish1993 (button) folded before Flop (didn't bet)
Seat 9: Mr.Squanchy90 (small blind) folded before Flop



PokerStars Hand #231309371975:  Hold'em No Limit ($0.01/$0.02 USD) - 2021/11/10 23:22:19 PT [2021/11/11 2:22:19 ET]
Table 'Bolzano' 9-max Seat #9 is the button
Seat 1: Dorex2007 ($2.27 in chips) 
Seat 2: DenyLi ($1.90 in chips) 
Seat 3: ToshiroMifune ($1.48 in chips) 
Seat 4: opop5555 ($1.86 in chips) 
Seat 5: Alllisina ($2.76 in chips) 
Seat 6: DonBawor ($4.13 in chips) 
Seat 8: DeadFish1993 ($1.10 in chips) 
Seat 9: Mr.Squanchy90 ($1.81 in chips) 
Dorex2007: posts small blind $0.01
DenyLi: posts big blind $0.02
*** HOLE CARDS ***
Dealt to Dorex2007 [3d 4h]
ToshiroMifune: folds 
opop5555: calls $0.02
Alllisina: folds 
DonBawor: folds 
DeadFish1993: folds 
Mr.Squanchy90: folds 
Dorex2007: calls $0.01
DenyLi: checks 
*** FLOP *** [Jh Ks 8c]
Dorex2007: checks 
DenyLi: bets $0.04
opop5555: folds 
Dorex2007: folds 
Uncalled bet ($0.04) returned to DenyLi
DenyLi collected $0.06 from pot
*** SUMMARY ***
Total pot $0.06 | Rake $0 
Board [Jh Ks 8c]
Seat 1: Dorex2007 (small blind) folded on the Flop
Seat 2: DenyLi (big blind) collected ($0.06)
Seat 3: ToshiroMifune folded before Flop (didn't bet)
Seat 4: opop5555 folded on the Flop
Seat 5: Alllisina folded before Flop (didn't bet)
Seat 6: DonBawor folded before Flop (didn't bet)
Seat 8: DeadFish1993 folded before Flop (didn't bet)
Seat 9: Mr.Squanchy90 (button) folded before Flop (didn't bet)



PokerStars Hand #231309375727:  Hold'em No Limit ($0.01/$0.02 USD) - 2021/11/10 23:22:46 PT [2021/11/11 2:22:46 ET]
Table 'Bolzano' 9-max Seat #1 is the button
Seat 1: Dorex2007 ($2.25 in chips) 
Seat 2: DenyLi ($1.94 in chips) 
Seat 3: ToshiroMifune ($1.48 in chips) 
Seat 4: opop5555 ($1.84 in chips) 
Seat 5: Alllisina ($2.76 in chips) 
Seat 6: DonBawor ($4.13 in chips) 
Seat 8: DeadFish1993 ($1.10 in chips) 
Seat 9: Mr.Squanchy90 ($1.81 in chips) 
DenyLi: posts small blind $0.01
ToshiroMifune: posts big blind $0.02
*** HOLE CARDS ***
Dealt to Dorex2007 [5c 3s]
opop5555: raises $0.04 to $0.06
Alllisina: folds 
DonBawor: folds 
DeadFish1993: folds 
Mr.Squanchy90: folds 
Dorex2007: folds 
DenyLi: folds 
ToshiroMifune: folds 
Uncalled bet ($0.04) returned to opop5555
opop5555 collected $0.05 from pot
*** SUMMARY ***
Total pot $0.05 | Rake $0 
Seat 1: Dorex2007 (button) folded before Flop (didn't bet)
Seat 2: DenyLi (small blind) folded before Flop
Seat 3: ToshiroMifune (big blind) folded before Flop
Seat 4: opop5555 collected ($0.05)
Seat 5: Alllisina folded before Flop (didn't bet)
Seat 6: DonBawor folded before Flop (didn't bet)
Seat 8: DeadFish1993 folded before Flop (didn't bet)
Seat 9: Mr.Squanchy90 folded before Flop (didn't bet)



PokerStars Hand #231309378419:  Hold'em No Limit ($0.01/$0.02 USD) - 2021/11/10 23:23:05 PT [2021/11/11 2:23:05 ET]
Table 'Bolzano' 9-max Seat #2 is the button
Seat 1: Dorex2007 ($2.25 in chips) 
Seat 2: DenyLi ($1.93 in chips) 
Seat 3: ToshiroMifune ($1.46 in chips) 
Seat 4: opop5555 ($1.87 in chips) 
Seat 5: Alllisina ($2.76 in chips) 
Seat 6: DonBawor ($4.13 in chips) 
Seat 8: DeadFish1993 ($1.10 in chips) 
Seat 9: Mr.Squanchy90 ($1.81 in chips) 
ToshiroMifune: posts small blind $0.01
opop5555: posts big blind $0.02
*** HOLE CARDS ***
Dealt to Dorex2007 [Kh Ac]
Alllisina: calls $0.02
DonBawor: raises $0.02 to $0.04
DeadFish1993: folds 
Mr.Squanchy90: calls $0.04
Dorex2007: raises $0.14 to $0.18
DenyLi: folds 
ToshiroMifune: folds 
opop5555: folds 
Alllisina: folds 
DonBawor: calls $0.14
Mr.Squanchy90: folds 
*** FLOP *** [Ks As 8d]
DonBawor: checks 
Dorex2007: bets $0.06
DonBawor: calls $0.06
*** TURN *** [Ks As 8d] [Tc]
DonBawor: checks 
Dorex2007: bets $0.55
DonBawor: folds 
Uncalled bet ($0.55) returned to Dorex2007
Dorex2007 collected $0.55 from pot
Dorex2007: doesn't show hand 
*** SUMMARY ***
Total pot $0.57 | Rake $0.02 
Board [Ks As 8d Tc]
Seat 1: Dorex2007 collected ($0.55)
Seat 2: DenyLi (button) folded before Flop (didn't bet)
Seat 3: ToshiroMifune (small blind) folded before Flop
Seat 4: opop5555 (big blind) folded before Flop
Seat 5: Alllisina folded before Flop
Seat 6: DonBawor folded on the Turn
Seat 8: DeadFish1993 folded before Flop (didn't bet)
Seat 9: Mr.Squanchy90 folded before Flop



PokerStars Hand #231309387679:  Hold'em No Limit ($0.01/$0.02 USD) - 2021/11/10 23:24:11 PT [2021/11/11 2:24:11 ET]
Table 'Bolzano' 9-max Seat #3 is the button
Seat 1: Dorex2007 ($2.56 in chips) 
Seat 2: DenyLi ($1.93 in chips) 
Seat 3: ToshiroMifune ($1.45 in chips) 
Seat 4: opop5555 ($1.85 in chips) 
Seat 5: Alllisina ($2.74 in chips) 
Seat 6: DonBawor ($3.89 in chips) 
Seat 8: DeadFish1993 ($1.10 in chips) 
Seat 9: Mr.Squanchy90 ($1.77 in chips) 
opop5555: posts small blind $0.01
Alllisina: posts big blind $0.02
*** HOLE CARDS ***
Dealt to Dorex2007 [9h Kh]
DonBawor: calls $0.02
DeadFish1993: calls $0.02
Mr.Squanchy90: folds 
Dorex2007: calls $0.02
DenyLi: folds 
ToshiroMifune: folds 
opop5555: calls $0.01
Alllisina: checks 
*** FLOP *** [6c Qd 5c]
opop5555: checks 
Alllisina: checks 
DonBawor: bets $0.02
DeadFish1993: calls $0.02
Dorex2007: folds 
opop5555: folds 
Alllisina: folds 
*** TURN *** [6c Qd 5c] [7c]
DonBawor: bets $0.02
DeadFish1993: calls $0.02
*** RIVER *** [6c Qd 5c 7c] [5s]
DonBawor: bets $0.02
DeadFish1993: calls $0.02
*** SHOW DOWN ***
DonBawor: shows [6d Ad] (two pair, Sixes and Fives)
DeadFish1993: mucks hand 
DonBawor collected $0.21 from pot
*** SUMMARY ***
Total pot $0.22 | Rake $0.01 
Board [6c Qd 5c 7c 5s]
Seat 1: Dorex2007 folded on the Flop
Seat 2: DenyLi folded before Flop (didn't bet)
Seat 3: ToshiroMifune (button) folded before Flop (didn't bet)
Seat 4: opop5555 (small blind) folded on the Flop
Seat 5: Alllisina (big blind) folded on the Flop
Seat 6: DonBawor showed [6d Ad] and won ($0.21) with two pair, Sixes and Fives
Seat 8: DeadFish1993 mucked [8h 6h]
Seat 9: Mr.Squanchy90 folded before Flop (didn't bet)



PokerStars Hand #231309393417:  Hold'em No Limit ($0.01/$0.02 USD) - 2021/11/10 23:24:52 PT [2021/11/11 2:24:52 ET]
Table 'Bolzano' 9-max Seat #4 is the button
Seat 1: Dorex2007 ($2.54 in chips) 
Seat 2: DenyLi ($1.93 in chips) 
Seat 3: ToshiroMifune ($1.45 in chips) 
Seat 4: opop5555 ($1.83 in chips) 
Seat 5: Alllisina ($2.72 in chips) 
Seat 6: DonBawor ($4.02 in chips) 
Seat 8: DeadFish1993 ($1.02 in chips) 
Seat 9: Mr.Squanchy90 ($1.77 in chips) 
Alllisina: posts small blind $0.01
DonBawor: posts big blind $0.02
*** HOLE CARDS ***
Dealt to Dorex2007 [6c 3s]
DeadFish1993: folds 
Mr.Squanchy90: raises $0.03 to $0.05
Dorex2007: folds 
DenyLi: folds 
ToshiroMifune: folds 
opop5555: raises $0.09 to $0.14
Alllisina: calls $0.13
DonBawor: folds 
Mr.Squanchy90: folds 
*** FLOP *** [5c 6d 8c]
Alllisina: checks 
opop5555: bets $0.17
Alllisina: folds 
Uncalled bet ($0.17) returned to opop5555
opop5555 collected $0.34 from pot
*** SUMMARY ***
Total pot $0.35 | Rake $0.01 
Board [5c 6d 8c]
Seat 1: Dorex2007 folded before Flop (didn't bet)
Seat 2: DenyLi folded before Flop (didn't bet)
Seat 3: ToshiroMifune folded before Flop (didn't bet)
Seat 4: opop5555 (button) collected ($0.34)
Seat 5: Alllisina (small blind) folded on the Flop
Seat 6: DonBawor (big blind) folded before Flop
Seat 8: DeadFish1993 folded before Flop (didn't bet)
Seat 9: Mr.Squanchy90 folded before Flop



PokerStars Hand #231309399471:  Hold'em No Limit ($0.01/$0.02 USD) - 2021/11/10 23:25:35 PT [2021/11/11 2:25:35 ET]
Table 'Bolzano' 9-max Seat #5 is the button
Seat 1: Dorex2007 ($2.54 in chips) 
Seat 2: DenyLi ($1.93 in chips) 
Seat 3: ToshiroMifune ($1.45 in chips) 
Seat 4: opop5555 ($2.03 in chips) 
Seat 5: Alllisina ($2.58 in chips) 
Seat 6: DonBawor ($4 in chips) 
Seat 8: DeadFish1993 ($1.02 in chips) 
Seat 9: Mr.Squanchy90 ($1.72 in chips) 
DonBawor: posts small blind $0.01
DeadFish1993: posts big blind $0.02
*** HOLE CARDS ***
Dealt to Dorex2007 [Ah Js]
Mr.Squanchy90: folds 
Dorex2007: raises $0.04 to $0.06
DenyLi: folds 
ToshiroMifune: folds 
opop5555: calls $0.06
Alllisina: calls $0.06
DonBawor: calls $0.05
DeadFish1993: calls $0.04
*** FLOP *** [7s 6c 9c]
DonBawor: checks 
DeadFish1993: checks 
Dorex2007: bets $0.19
opop5555: raises $0.34 to $0.53
Alllisina: folds 
DonBawor: folds 
DeadFish1993: raises $0.43 to $0.96 and is all-in
Dorex2007: folds 
opop5555: calls $0.43
*** TURN *** [7s 6c 9c] [7h]
*** RIVER *** [7s 6c 9c 7h] [5c]
*** SHOW DOWN ***
DeadFish1993: shows [Ac 9h] (two pair, Nines and Sevens)
opop5555: shows [9s Ts] (two pair, Nines and Sevens - lower kicker)
DeadFish1993 collected $2.33 from pot
*** SUMMARY ***
Total pot $2.41 | Rake $0.08 
Board [7s 6c 9c 7h 5c]
Seat 1: Dorex2007 folded on the Flop
Seat 2: DenyLi folded before Flop (didn't bet)
Seat 3: ToshiroMifune folded before Flop (didn't bet)
Seat 4: opop5555 showed [9s Ts] and lost with two pair, Nines and Sevens
Seat 5: Alllisina (button) folded on the Flop
Seat 6: DonBawor (small blind) folded on the Flop
Seat 8: DeadFish1993 (big blind) showed [Ac 9h] and won ($2.33) with two pair, Nines and Sevens
Seat 9: Mr.Squanchy90 folded before Flop (didn't bet)



PokerStars Hand #231309405763:  Hold'em No Limit ($0.01/$0.02 USD) - 2021/11/10 23:26:20 PT [2021/11/11 2:26:20 ET]
Table 'Bolzano' 9-max Seat #6 is the button
Seat 1: Dorex2007 ($2.29 in chips) 
Seat 2: DenyLi ($1.93 in chips) 
Seat 3: ToshiroMifune ($1.45 in chips) 
Seat 4: opop5555 ($1.01 in chips) 
Seat 5: Alllisina ($2.52 in chips) 
Seat 6: DonBawor ($3.94 in chips) 
Seat 8: DeadFish1993 ($2.33 in chips) 
Seat 9: Mr.Squanchy90 ($1.72 in chips) 
DeadFish1993: posts small blind $0.01
Mr.Squanchy90: posts big blind $0.02
*** HOLE CARDS ***
Dealt to Dorex2007 [2c 8d]
Dorex2007: folds 
DenyLi: folds 
ToshiroMifune: folds 
opop5555: calls $0.02
Alllisina: folds 
DonBawor: folds 
DeadFish1993: raises $0.04 to $0.06
Mr.Squanchy90: folds 
opop5555: calls $0.04
*** FLOP *** [Th 7h 4h]
DeadFish1993: checks 
opop5555: checks 
*** TURN *** [Th 7h 4h] [Js]
DeadFish1993: checks 
opop5555: checks 
*** RIVER *** [Th 7h 4h Js] [5c]
DeadFish1993: checks 
opop5555: bets $0.07
DeadFish1993: folds 
Uncalled bet ($0.07) returned to opop5555
opop5555 collected $0.14 from pot
*** SUMMARY ***
Total pot $0.14 | Rake $0 
Board [Th 7h 4h Js 5c]
Seat 1: Dorex2007 folded before Flop (didn't bet)
Seat 2: DenyLi folded before Flop (didn't bet)
Seat 3: ToshiroMifune folded before Flop (didn't bet)
Seat 4: opop5555 collected ($0.14)
Seat 5: Alllisina folded before Flop (didn't bet)
Seat 6: DonBawor (button) folded before Flop (didn't bet)
Seat 8: DeadFish1993 (small blind) folded on the River
Seat 9: Mr.Squanchy90 (big blind) folded before Flop



PokerStars Hand #231309410530:  Hold'em No Limit ($0.01/$0.02 USD) - 2021/11/10 23:26:55 PT [2021/11/11 2:26:55 ET]
Table 'Bolzano' 9-max Seat #8 is the button
Seat 1: Dorex2007 ($2.29 in chips) 
Seat 2: DenyLi ($1.93 in chips) 
Seat 3: ToshiroMifune ($1.45 in chips) 
Seat 4: opop5555 ($1.09 in chips) 
Seat 5: Alllisina ($2.52 in chips) 
Seat 6: DonBawor ($3.94 in chips) 
Seat 8: DeadFish1993 ($2.27 in chips) 
Seat 9: Mr.Squanchy90 ($1.70 in chips) 
Mr.Squanchy90: posts small blind $0.01
Dorex2007: posts big blind $0.02
*** HOLE CARDS ***
Dealt to Dorex2007 [Jd 4h]
DenyLi: folds 
ToshiroMifune: folds 
opop5555: folds 
Alllisina: calls $0.02
DonBawor: calls $0.02
DeadFish1993: raises $0.04 to $0.06
Mr.Squanchy90: folds 
Dorex2007: folds 
Alllisina: folds 
DonBawor: calls $0.04
*** FLOP *** [Tc 5h Kd]
DonBawor: checks 
DeadFish1993: checks 
*** TURN *** [Tc 5h Kd] [9s]
DonBawor: checks 
DeadFish1993: checks 
*** RIVER *** [Tc 5h Kd 9s] [As]
DonBawor: checks 
DeadFish1993: checks 
*** SHOW DOWN ***
DonBawor: shows [5s 8s] (a pair of Fives)
DeadFish1993: shows [9c 3c] (a pair of Nines)
DeadFish1993 collected $0.16 from pot
*** SUMMARY ***
Total pot $0.17 | Rake $0.01 
Board [Tc 5h Kd 9s As]
Seat 1: Dorex2007 (big blind) folded before Flop
Seat 2: DenyLi folded before Flop (didn't bet)
Seat 3: ToshiroMifune folded before Flop (didn't bet)
Seat 4: opop5555 folded before Flop (didn't bet)
Seat 5: Alllisina folded before Flop
Seat 6: DonBawor showed [5s 8s] and lost with a pair of Fives
Seat 8: DeadFish1993 (button) showed [9c 3c] and won ($0.16) with a pair of Nines
Seat 9: Mr.Squanchy90 (small blind) folded before Flop



PokerStars Hand #231309416673:  Hold'em No Limit ($0.01/$0.02 USD) - 2021/11/10 23:27:39 PT [2021/11/11 2:27:39 ET]
Table 'Bolzano' 9-max Seat #9 is the button
Seat 1: Dorex2007 ($2.27 in chips) 
Seat 2: DenyLi ($1.93 in chips) 
Seat 3: ToshiroMifune ($1.45 in chips) 
Seat 4: opop5555 ($1.09 in chips) 
Seat 5: Alllisina ($2.50 in chips) 
Seat 6: DonBawor ($3.88 in chips) 
Seat 8: DeadFish1993 ($2.37 in chips) 
Seat 9: Mr.Squanchy90 ($1.69 in chips) 
Dorex2007: posts small blind $0.01
DenyLi: posts big blind $0.02
*** HOLE CARDS ***
Dealt to Dorex2007 [Ts 6d]
ToshiroMifune: folds 
opop5555: folds 
Alllisina: calls $0.02
DonBawor: folds 
DeadFish1993: folds 
Mr.Squanchy90: folds 
Dorex2007: calls $0.01
DenyLi: checks 
*** FLOP *** [8d 6s 8h]
Dorex2007: bets $0.06
DenyLi: calls $0.06
Alllisina: folds 
*** TURN *** [8d 6s 8h] [5s]
Dorex2007: bets $0.09
DenyLi: calls $0.09
*** RIVER *** [8d 6s 8h 5s] [9c]
Dorex2007: bets $0.18
DenyLi: calls $0.18
*** SHOW DOWN ***
Dorex2007: shows [Ts 6d] (two pair, Eights and Sixes)
DenyLi: shows [7s 9h] (a straight, Five to Nine)
DenyLi collected $0.69 from pot
*** SUMMARY ***
Total pot $0.72 | Rake $0.03 
Board [8d 6s 8h 5s 9c]
Seat 1: Dorex2007 (small blind) showed [Ts 6d] and lost with two pair, Eights and Sixes
Seat 2: DenyLi (big blind) showed [7s 9h] and won ($0.69) with a straight, Five to Nine
Seat 3: ToshiroMifune folded before Flop (didn't bet)
Seat 4: opop5555 folded before Flop (didn't bet)
Seat 5: Alllisina folded on the Flop
Seat 6: DonBawor folded before Flop (didn't bet)
Seat 8: DeadFish1993 folded before Flop (didn't bet)
Seat 9: Mr.Squanchy90 (button) folded before Flop (didn't bet)



PokerStars Hand #231309423552:  Hold'em No Limit ($0.01/$0.02 USD) - 2021/11/10 23:28:28 PT [2021/11/11 2:28:28 ET]
Table 'Bolzano' 9-max Seat #1 is the button
Seat 1: Dorex2007 ($2 in chips) 
Seat 2: DenyLi ($2.27 in chips) 
Seat 4: opop5555 ($1.09 in chips) 
Seat 5: Alllisina ($2.48 in chips) 
Seat 6: DonBawor ($3.88 in chips) 
Seat 8: DeadFish1993 ($2.37 in chips) 
Seat 9: Mr.Squanchy90 ($1.69 in chips) 
DenyLi: posts small blind $0.01
opop5555: posts big blind $0.02
*** HOLE CARDS ***
Dealt to Dorex2007 [Ah 8s]
Alllisina: calls $0.02
DonBawor: folds 
DeadFish1993: folds 
Mr.Squanchy90: folds 
Dorex2007: calls $0.02
DenyLi: folds 
opop5555: raises $0.07 to $0.09
Alllisina: calls $0.07
Dorex2007: folds 
*** FLOP *** [Qd Qh Qs]
opop5555: bets $0.20
Alllisina: raises $2.19 to $2.39 and is all-in
opop5555: calls $0.80 and is all-in
Uncalled bet ($1.39) returned to Alllisina
ToshiroMifune leaves the table
*** TURN *** [Qd Qh Qs] [6d]
*** RIVER *** [Qd Qh Qs 6d] [Qc]
*** SHOW DOWN ***
opop5555: shows [6c 6s] (four of a kind, Queens)
Alllisina: shows [4c 4d] (four of a kind, Queens)
opop5555 collected $1.07 from pot
Alllisina cashed out the hand for $0.07
*** SUMMARY ***
Total pot $2.21 | Rake $0.08 
Board [Qd Qh Qs 6d Qc]
Seat 1: Dorex2007 (button) folded before Flop
Seat 2: DenyLi (small blind) folded before Flop
Seat 4: opop5555 (big blind) showed [6c 6s] and won ($1.07) with four of a kind, Queens
Seat 5: Alllisina showed [4c 4d] and won ($1.06) with four of a kind, Queens (pot not awarded as player cashed out)
Seat 6: DonBawor folded before Flop (didn't bet)
Seat 8: DeadFish1993 folded before Flop (didn't bet)
Seat 9: Mr.Squanchy90 folded before Flop (didn't bet)



PokerStars Hand #231309431704:  Hold'em No Limit ($0.01/$0.02 USD) - 2021/11/10 23:29:26 PT [2021/11/11 2:29:26 ET]
Table 'Bolzano' 9-max Seat #2 is the button
Seat 1: Dorex2007 ($2 in chips) 
Seat 2: DenyLi ($2.26 in chips) 
Seat 4: opop5555 ($1.07 in chips) 
Seat 5: Alllisina ($1.46 in chips) 
Seat 6: DonBawor ($3.88 in chips) 
Seat 8: DeadFish1993 ($2.37 in chips) 
Seat 9: Mr.Squanchy90 ($1.69 in chips) 
opop5555: posts small blind $0.01
Alllisina: posts big blind $0.02
*** HOLE CARDS ***
Dealt to Dorex2007 [2s Ks]
DonBawor: calls $0.02
DeadFish1993: calls $0.02
Mr.Squanchy90: folds 
Dorex2007: folds 
DenyLi: folds 
opop5555: folds 
Jemery.577 joins the table at seat #3 
Alllisina: raises $0.07 to $0.09
DonBawor: calls $0.07
DeadFish1993: calls $0.07
*** FLOP *** [Qs 5c Td]
Alllisina: bets $1.37 and is all-in
DonBawor: folds 
DeadFish1993: folds 
Uncalled bet ($1.37) returned to Alllisina
Alllisina collected $0.27 from pot
*** SUMMARY ***
Total pot $0.28 | Rake $0.01 
Board [Qs 5c Td]
Seat 1: Dorex2007 folded before Flop (didn't bet)
Seat 2: DenyLi (button) folded before Flop (didn't bet)
Seat 4: opop5555 (small blind) folded before Flop
Seat 5: Alllisina (big blind) collected ($0.27)
Seat 6: DonBawor folded on the Flop
Seat 8: DeadFish1993 folded on the Flop
Seat 9: Mr.Squanchy90 folded before Flop (didn't bet)



PokerStars Hand #231309437249:  Hold'em No Limit ($0.01/$0.02 USD) - 2021/11/10 23:30:06 PT [2021/11/11 2:30:06 ET]
Table 'Bolzano' 9-max Seat #4 is the button
Seat 1: Dorex2007 ($2 in chips) 
Seat 2: DenyLi ($2.26 in chips) 
Seat 3: Jemery.577 ($0.80 in chips) 
Seat 4: opop5555 ($1.06 in chips) 
Seat 5: Alllisina ($1.64 in chips) 
Seat 6: DonBawor ($3.79 in chips) 
Seat 8: DeadFish1993 ($2.28 in chips) 
Seat 9: Mr.Squanchy90 ($1.69 in chips) 
Alllisina: posts small blind $0.01
DonBawor: posts big blind $0.02
Jemery.577: posts big blind $0.02
*** HOLE CARDS ***
Dealt to Dorex2007 [8h 7d]
DeadFish1993: calls $0.02
Mr.Squanchy90: folds 
Dorex2007: folds 
DenyLi: folds 
Jemery.577: checks 
opop5555: raises $0.04 to $0.06
Alllisina: folds 
DonBawor: calls $0.04
DeadFish1993: calls $0.04
Jemery.577: calls $0.04
*** FLOP *** [4d Ac 6h]
DonBawor: checks 
DeadFish1993: checks 
Jemery.577: checks 
opop5555: bets $0.12
DonBawor: folds 
DeadFish1993: folds 
Jemery.577: folds 
Uncalled bet ($0.12) returned to opop5555
opop5555 collected $0.24 from pot
*** SUMMARY ***
Total pot $0.25 | Rake $0.01 
Board [4d Ac 6h]
Seat 1: Dorex2007 folded before Flop (didn't bet)
Seat 2: DenyLi folded before Flop (didn't bet)
Seat 3: Jemery.577 folded on the Flop
Seat 4: opop5555 (button) collected ($0.24)
Seat 5: Alllisina (small blind) folded before Flop
Seat 6: DonBawor (big blind) folded on the Flop
Seat 8: DeadFish1993 folded on the Flop
Seat 9: Mr.Squanchy90 folded before Flop (didn't bet)



PokerStars Hand #231309442906:  Hold'em No Limit ($0.01/$0.02 USD) - 2021/11/10 23:30:48 PT [2021/11/11 2:30:48 ET]
Table 'Bolzano' 9-max Seat #6 is the button
Seat 1: Dorex2007 ($2 in chips) 
Seat 2: DenyLi ($2.26 in chips) 
Seat 3: Jemery.577 ($0.74 in chips) 
Seat 4: opop5555 ($1.24 in chips) 
Seat 6: DonBawor ($3.73 in chips) 
Seat 8: DeadFish1993 ($2.22 in chips) 
Seat 9: Mr.Squanchy90 ($1.69 in chips) 
DeadFish1993: posts small blind $0.01
Mr.Squanchy90: posts big blind $0.02
*** HOLE CARDS ***
Dealt to Dorex2007 [4h 2d]
Dorex2007: folds 
DenyLi: folds 
Jemery.577: calls $0.02
opop5555: raises $0.04 to $0.06
DonBawor: calls $0.06
DeadFish1993: folds 
Mr.Squanchy90: folds 
Jemery.577: calls $0.04
*** FLOP *** [5d 7h 8d]
Jemery.577: checks 
opop5555: bets $0.10
DonBawor: raises $0.10 to $0.20
Jemery.577: folds 
opop5555: calls $0.10
*** TURN *** [5d 7h 8d] [8s]
opop5555: bets $0.30
DonBawor: calls $0.30
*** RIVER *** [5d 7h 8d 8s] [Kh]
opop5555: checks 
DonBawor: checks 
*** SHOW DOWN ***
opop5555: shows [Ah Th] (a pair of Eights)
DonBawor: mucks hand 
opop5555 collected $1.17 from pot
*** SUMMARY ***
Total pot $1.21 | Rake $0.04 
Board [5d 7h 8d 8s Kh]
Seat 1: Dorex2007 folded before Flop (didn't bet)
Seat 2: DenyLi folded before Flop (didn't bet)
Seat 3: Jemery.577 folded on the Flop
Seat 4: opop5555 showed [Ah Th] and won ($1.17) with a pair of Eights
Seat 6: DonBawor (button) mucked [9d Tc]
Seat 8: DeadFish1993 (small blind) folded before Flop
Seat 9: Mr.Squanchy90 (big blind) folded before Flop



PokerStars Hand #231309450125:  Hold'em No Limit ($0.01/$0.02 USD) - 2021/11/10 23:31:39 PT [2021/11/11 2:31:39 ET]
Table 'Bolzano' 9-max Seat #8 is the button
Seat 1: Dorex2007 ($2 in chips) 
Seat 2: DenyLi ($2.26 in chips) 
Seat 3: Jemery.577 ($0.68 in chips) 
Seat 4: opop5555 ($1.85 in chips) 
Seat 6: DonBawor ($3.17 in chips) 
Seat 8: DeadFish1993 ($2.21 in chips) 
Seat 9: Mr.Squanchy90 ($1.67 in chips) 
Mr.Squanchy90: posts small blind $0.01
Dorex2007: posts big blind $0.02
*** HOLE CARDS ***
Dealt to Dorex2007 [Ac Jh]
DenyLi: folds 
Jemery.577: folds 
opop5555: folds 
DonBawor: folds 
DeadFish1993: calls $0.02
Mr.Squanchy90: raises $0.08 to $0.10
Dorex2007: raises $0.14 to $0.24
DeadFish1993: folds 
Mr.Squanchy90: folds 
Uncalled bet ($0.14) returned to Dorex2007
Dorex2007 collected $0.22 from pot
Dorex2007: doesn't show hand 
*** SUMMARY ***
Total pot $0.22 | Rake $0 
Seat 1: Dorex2007 (big blind) collected ($0.22)
Seat 2: DenyLi folded before Flop (didn't bet)
Seat 3: Jemery.577 folded before Flop (didn't bet)
Seat 4: opop5555 folded before Flop (didn't bet)
Seat 6: DonBawor folded before Flop (didn't bet)
Seat 8: DeadFish1993 (button) folded before Flop
Seat 9: Mr.Squanchy90 (small blind) folded before Flop



PokerStars Hand #231309454722:  Hold'em No Limit ($0.01/$0.02 USD) - 2021/11/10 23:32:11 PT [2021/11/11 2:32:11 ET]
Table 'Bolzano' 9-max Seat #9 is the button
Seat 1: Dorex2007 ($2.12 in chips) 
Seat 2: DenyLi ($2.26 in chips) 
Seat 3: Jemery.577 ($0.68 in chips) 
Seat 4: opop5555 ($1.85 in chips) 
Seat 6: DonBawor ($3.17 in chips) 
Seat 8: DeadFish1993 ($2.19 in chips) 
Seat 9: Mr.Squanchy90 ($1.57 in chips) 
Dorex2007: posts small blind $0.01
DenyLi: posts big blind $0.02
*** HOLE CARDS ***
Dealt to Dorex2007 [4d 4s]
Jemery.577: folds 
opop5555: folds 
DonBawor: folds 
DeadFish1993: calls $0.02
Mr.Squanchy90: folds 
Dorex2007: calls $0.01
DenyLi: checks 
*** FLOP *** [2s Kc 7d]
Dorex2007: checks 
DenyLi: checks 
DeadFish1993: checks 
*** TURN *** [2s Kc 7d] [Qh]
Dorex2007: bets $0.04
DenyLi: folds 
DeadFish1993: calls $0.04
*** RIVER *** [2s Kc 7d Qh] [Qs]
Dorex2007: checks 
DeadFish1993: checks 
*** SHOW DOWN ***
Dorex2007: shows [4d 4s] (two pair, Queens and Fours)
DeadFish1993: mucks hand 
Dorex2007 collected $0.14 from pot
*** SUMMARY ***
Total pot $0.14 | Rake $0 
Board [2s Kc 7d Qh Qs]
Seat 1: Dorex2007 (small blind) showed [4d 4s] and won ($0.14) with two pair, Queens and Fours
Seat 2: DenyLi (big blind) folded on the Turn
Seat 3: Jemery.577 folded before Flop (didn't bet)
Seat 4: opop5555 folded before Flop (didn't bet)
Seat 6: DonBawor folded before Flop (didn't bet)
Seat 8: DeadFish1993 mucked [6d 2d]
Seat 9: Mr.Squanchy90 (button) folded before Flop (didn't bet)



PokerStars Hand #231309460497:  Hold'em No Limit ($0.01/$0.02 USD) - 2021/11/10 23:32:52 PT [2021/11/11 2:32:52 ET]
Table 'Bolzano' 9-max Seat #1 is the button
Seat 1: Dorex2007 ($2.20 in chips) 
Seat 2: DenyLi ($2.24 in chips) 
Seat 3: Jemery.577 ($0.68 in chips) 
Seat 4: opop5555 ($1.85 in chips) 
Seat 6: DonBawor ($3.17 in chips) 
Seat 8: DeadFish1993 ($2.13 in chips) 
Seat 9: Mr.Squanchy90 ($1.57 in chips) 
DenyLi: posts small blind $0.01
Jemery.577: posts big blind $0.02
*** HOLE CARDS ***
Dealt to Dorex2007 [Kh 7s]
opop5555: folds 
DonBawor: calls $0.02
DeadFish1993: folds 
Mr.Squanchy90: raises $0.06 to $0.08
Dorex2007: folds 
DenyLi: folds 
Jemery.577: calls $0.06
DonBawor: calls $0.06
*** FLOP *** [4h 6s Qc]
Jemery.577: checks 
DonBawor: bets $0.02
Mr.Squanchy90: folds 
Jemery.577: folds 
Uncalled bet ($0.02) returned to DonBawor
DonBawor collected $0.24 from pot
DonBawor: doesn't show hand 
*** SUMMARY ***
Total pot $0.25 | Rake $0.01 
Board [4h 6s Qc]
Seat 1: Dorex2007 (button) folded before Flop (didn't bet)
Seat 2: DenyLi (small blind) folded before Flop
Seat 3: Jemery.577 (big blind) folded on the Flop
Seat 4: opop5555 folded before Flop (didn't bet)
Seat 6: DonBawor collected ($0.24)
Seat 8: DeadFish1993 folded before Flop (didn't bet)
Seat 9: Mr.Squanchy90 folded on the Flop



PokerStars Hand #231309465435:  Hold'em No Limit ($0.01/$0.02 USD) - 2021/11/10 23:33:26 PT [2021/11/11 2:33:26 ET]
Table 'Bolzano' 9-max Seat #2 is the button
Seat 1: Dorex2007 ($2.20 in chips) 
Seat 2: DenyLi ($2.23 in chips) 
Seat 3: Jemery.577 ($0.60 in chips) 
Seat 4: opop5555 ($1.85 in chips) 
Seat 5: Alllisina ($1.63 in chips) 
Seat 6: DonBawor ($3.33 in chips) 
Seat 8: DeadFish1993 ($2.13 in chips) 
Seat 9: Mr.Squanchy90 ($1.49 in chips) 
Jemery.577: posts small blind $0.01
opop5555: posts big blind $0.02
*** HOLE CARDS ***
Dealt to Dorex2007 [6s 7s]
Alllisina: calls $0.02
DonBawor: folds 
DeadFish1993: folds 
Mr.Squanchy90: folds 
Dorex2007: calls $0.02
DenyLi: folds 
Jemery.577: calls $0.01
opop5555: raises $0.10 to $0.12
Alllisina: folds 
Dorex2007: calls $0.10
Jemery.577: folds 
*** FLOP *** [8s Ks Kc]
opop5555: checks 
Dorex2007: checks 
*** TURN *** [8s Ks Kc] [2s]
opop5555: checks 
Dorex2007: bets $0.18
opop5555: raises $0.18 to $0.36
Dorex2007: calls $0.18
*** RIVER *** [8s Ks Kc 2s] [3d]
opop5555: checks 
Dorex2007: checks 
*** SHOW DOWN ***
opop5555: shows [Qc 9d] (a pair of Kings)
Dorex2007: shows [6s 7s] (a flush, King high)
Dorex2007 collected $0.96 from pot
*** SUMMARY ***
Total pot $1 | Rake $0.04 
Board [8s Ks Kc 2s 3d]
Seat 1: Dorex2007 showed [6s 7s] and won ($0.96) with a flush, King high
Seat 2: DenyLi (button) folded before Flop (didn't bet)
Seat 3: Jemery.577 (small blind) folded before Flop
Seat 4: opop5555 (big blind) showed [Qc 9d] and lost with a pair of Kings
Seat 5: Alllisina folded before Flop
Seat 6: DonBawor folded before Flop (didn't bet)
Seat 8: DeadFish1993 folded before Flop (didn't bet)
Seat 9: Mr.Squanchy90 folded before Flop (didn't bet)



PokerStars Hand #231309472770:  Hold'em No Limit ($0.01/$0.02 USD) - 2021/11/10 23:34:18 PT [2021/11/11 2:34:18 ET]
Table 'Bolzano' 9-max Seat #3 is the button
Seat 1: Dorex2007 ($2.68 in chips) 
Seat 2: DenyLi ($2.23 in chips) 
Seat 3: Jemery.577 ($0.58 in chips) 
Seat 4: opop5555 ($1.37 in chips) 
Seat 5: Alllisina ($1.61 in chips) 
Seat 6: DonBawor ($3.33 in chips) 
Seat 8: DeadFish1993 ($2.13 in chips) 
Seat 9: Mr.Squanchy90 ($1.49 in chips) 
opop5555: posts small blind $0.01
Alllisina: posts big blind $0.02
*** HOLE CARDS ***
Dealt to Dorex2007 [Jh 7d]
DonBawor: calls $0.02
DeadFish1993: raises $0.04 to $0.06
Mr.Squanchy90: raises $1.43 to $1.49 and is all-in
Dorex2007: folds 
DenyLi: folds 
Jemery.577: folds 
opop5555: folds 
Alllisina: folds 
DonBawor: folds 
DeadFish1993: calls $1.43
*** FLOP *** [7c 5c 8s]
*** TURN *** [7c 5c 8s] [Tc]
*** RIVER *** [7c 5c 8s Tc] [Ah]
*** SHOW DOWN ***
DeadFish1993: shows [Jd Js] (a pair of Jacks)
Mr.Squanchy90: shows [9d 9s] (a pair of Nines)
DeadFish1993 collected $2.92 from pot
Mr.Squanchy90 cashed out the hand for $0.50 | Cash Out Fee $0.01
*** SUMMARY ***
Total pot $3.03 | Rake $0.11 
Board [7c 5c 8s Tc Ah]
Seat 1: Dorex2007 folded before Flop (didn't bet)
Seat 2: DenyLi folded before Flop (didn't bet)
Seat 3: Jemery.577 (button) folded before Flop (didn't bet)
Seat 4: opop5555 (small blind) folded before Flop
Seat 5: Alllisina (big blind) folded before Flop
Seat 6: DonBawor folded before Flop
Seat 8: DeadFish1993 showed [Jd Js] and won ($2.92) with a pair of Jacks
Seat 9: Mr.Squanchy90 showed [9d 9s] and lost with a pair of Nines (cashed out).



PokerStars Hand #231309477483:  Hold'em No Limit ($0.01/$0.02 USD) - 2021/11/10 23:34:51 PT [2021/11/11 2:34:51 ET]
Table 'Bolzano' 9-max Seat #4 is the button
Seat 1: Dorex2007 ($2.68 in chips) 
Seat 2: DenyLi ($2.23 in chips) 
Seat 3: Jemery.577 ($0.58 in chips) 
Seat 4: opop5555 ($1.36 in chips) 
Seat 5: Alllisina ($1.59 in chips) 
Seat 6: DonBawor ($3.31 in chips) 
Seat 8: DeadFish1993 ($3.56 in chips) 
Seat 9: Mr.Squanchy90 ($0.50 in chips) 
Alllisina: posts small blind $0.01
DonBawor: posts big blind $0.02
*** HOLE CARDS ***
Dealt to Dorex2007 [3h 2s]
DeadFish1993: folds 
Mr.Squanchy90: raises $0.48 to $0.50 and is all-in
Dorex2007: folds 
DenyLi: folds 
Jemery.577: folds 
opop5555: calls $0.50
Alllisina: calls $0.49
DonBawor: folds 
*** FLOP *** [5s Ac 5h]
Alllisina: checks 
opop5555: checks 
*** TURN *** [5s Ac 5h] [Jd]
Alllisina: bets $1.09 and is all-in
opop5555: folds 
Uncalled bet ($1.09) returned to Alllisina
*** RIVER *** [5s Ac 5h Jd] [5d]
*** SHOW DOWN ***
Alllisina: shows [7c 7s] (a full house, Fives full of Sevens)
Mr.Squanchy90: shows [Kh 9h] (three of a kind, Fives)
Alllisina cashed out the hand for $1.26 | Cash Out Fee $0.01
Mr.Squanchy90 cashed out the hand for $0.20
*** SUMMARY ***
Total pot $1.52 | Rake $0.05 
Board [5s Ac 5h Jd 5d]
Seat 1: Dorex2007 folded before Flop (didn't bet)
Seat 2: DenyLi folded before Flop (didn't bet)
Seat 3: Jemery.577 folded before Flop (didn't bet)
Seat 4: opop5555 (button) folded on the Turn
Seat 5: Alllisina (small blind) showed [7c 7s] and won ($1.47) with a full house, Fives full of Sevens (pot not awarded as player cashed out)
Seat 6: DonBawor (big blind) folded before Flop
Seat 8: DeadFish1993 folded before Flop (didn't bet)
Seat 9: Mr.Squanchy90 showed [Kh 9h] and lost with three of a kind, Fives (cashed out).



PokerStars Hand #231309483695:  Hold'em No Limit ($0.01/$0.02 USD) - 2021/11/10 23:35:34 PT [2021/11/11 2:35:34 ET]
Table 'Bolzano' 9-max Seat #5 is the button
Seat 1: Dorex2007 ($2.68 in chips) 
Seat 2: DenyLi ($2.23 in chips) 
Seat 3: Jemery.577 ($0.58 in chips) 
Seat 4: opop5555 ($0.86 in chips) 
Seat 5: Alllisina ($2.35 in chips) 
Seat 6: DonBawor ($3.29 in chips) 
Seat 8: DeadFish1993 ($3.56 in chips) 
Seat 9: Mr.Squanchy90 ($0.20 in chips) 
DonBawor: posts small blind $0.01
DeadFish1993: posts big blind $0.02
*** HOLE CARDS ***
Dealt to Dorex2007 [2s 8h]
Mr.Squanchy90: folds 
Dorex2007: folds 
DenyLi: folds 
Jemery.577: calls $0.02
opop5555: raises $0.07 to $0.09
Alllisina: folds 
DonBawor: calls $0.08
DeadFish1993: folds 
Jemery.577: calls $0.07
*** FLOP *** [6h As Kd]
DonBawor: checks 
Jemery.577: checks 
opop5555: bets $0.12
DonBawor: folds 
Jemery.577: folds 
Uncalled bet ($0.12) returned to opop5555
opop5555 collected $0.28 from pot
Zita0821 leaves the table
*** SUMMARY ***
Total pot $0.29 | Rake $0.01 
Board [6h As Kd]
Seat 1: Dorex2007 folded before Flop (didn't bet)
Seat 2: DenyLi folded before Flop (didn't bet)
Seat 3: Jemery.577 folded on the Flop
Seat 4: opop5555 collected ($0.28)
Seat 5: Alllisina (button) folded before Flop (didn't bet)
Seat 6: DonBawor (small blind) folded on the Flop
Seat 8: DeadFish1993 (big blind) folded before Flop
Seat 9: Mr.Squanchy90 folded before Flop (didn't bet)



PokerStars Hand #231309489969:  Hold'em No Limit ($0.01/$0.02 USD) - 2021/11/10 23:36:19 PT [2021/11/11 2:36:19 ET]
Table 'Bolzano' 9-max Seat #6 is the button
Seat 1: Dorex2007 ($2.68 in chips) 
Seat 2: DenyLi ($2.23 in chips) 
Seat 3: Jemery.577 ($0.49 in chips) 
Seat 4: opop5555 ($1.05 in chips) 
Seat 5: Alllisina ($2.35 in chips) 
Seat 6: DonBawor ($3.20 in chips) 
Seat 8: DeadFish1993 ($3.54 in chips) 
Seat 9: Mr.Squanchy90 ($2 in chips) 
DeadFish1993: posts small blind $0.01
Mr.Squanchy90: posts big blind $0.02
*** HOLE CARDS ***
Dealt to Dorex2007 [Kd Kc]
Dorex2007: raises $0.02 to $0.04
DenyLi: folds 
f1v3h34d joins the table at seat #7 
Jemery.577: folds 
opop5555: folds 
Alllisina: calls $0.04
DonBawor: calls $0.04
DeadFish1993: calls $0.03
Mr.Squanchy90: calls $0.02
*** FLOP *** [7d 7s 6s]
DeadFish1993: checks 
Mr.Squanchy90: checks 
Dorex2007: bets $0.19
Alllisina: calls $0.19
DonBawor: folds 
DeadFish1993: calls $0.19
Mr.Squanchy90: folds 
*** TURN *** [7d 7s 6s] [Qs]
DeadFish1993: checks 
Dorex2007: checks 
Alllisina: checks 
*** RIVER *** [7d 7s 6s Qs] [9d]
DeadFish1993: bets $3.31 and is all-in
Dorex2007: calls $2.45 and is all-in
Alllisina: folds 
Uncalled bet ($0.86) returned to DeadFish1993
*** SHOW DOWN ***
DeadFish1993: shows [Kh 7h] (three of a kind, Sevens)
Dorex2007: shows [Kd Kc] (two pair, Kings and Sevens)
DeadFish1993 collected $5.47 from pot
*** SUMMARY ***
Total pot $5.67 | Rake $0.20 
Board [7d 7s 6s Qs 9d]
Seat 1: Dorex2007 showed [Kd Kc] and lost with two pair, Kings and Sevens
Seat 2: DenyLi folded before Flop (didn't bet)
Seat 3: Jemery.577 folded before Flop (didn't bet)
Seat 4: opop5555 folded before Flop (didn't bet)
Seat 5: Alllisina folded on the River
Seat 6: DonBawor (button) folded on the Flop
Seat 8: DeadFish1993 (small blind) showed [Kh 7h] and won ($5.47) with three of a kind, Sevens
Seat 9: Mr.Squanchy90 (big blind) folded on the Flop



