PokerStars Hand #237148137969:  Hold'em No Limit ($0.01/$0.02 USD) - 2022/07/03 18:53:04 PT [2022/07/03 21:53:04 ET]
Table 'Paulina III' 9-max Seat #6 is the button
Seat 1: perffect16 ($3.65 in chips) 
Seat 2: EdivierMJ ($2.74 in chips) 
Seat 3: Moisesbh ($1.50 in chips) 
Seat 4: MurDockey ($0.89 in chips) 
Seat 5: Dorex2007 ($2 in chips) 
Seat 6: Aflil1966 ($5.19 in chips) 
Seat 7: leonel1032 ($2.37 in chips) 
Seat 8: StargazerSTG ($1.86 in chips) 
leonel1032: posts small blind $0.01
StargazerSTG: posts big blind $0.02
Dorex2007: posts big blind $0.02
*** HOLE CARDS ***
Dealt to Dorex2007 [2d 7c]
perffect16: folds 
EdivierMJ: raises $0.04 to $0.06
Moisesbh: folds 
MurDockey: folds 
Dorex2007: folds 
Aflil1966: folds 
leonel1032: folds 
StargazerSTG: calls $0.04
*** FLOP *** [Ks Jd Qd]
StargazerSTG: checks 
EdivierMJ: checks 
*** TURN *** [Ks Jd Qd] [Th]
StargazerSTG: checks 
EdivierMJ: bets $0.07
StargazerSTG: calls $0.07
*** RIVER *** [Ks Jd Qd Th] [Td]
StargazerSTG: checks 
EdivierMJ: bets $0.28
StargazerSTG: folds 
Uncalled bet ($0.28) returned to EdivierMJ
EdivierMJ collected $0.28 from pot
*** SUMMARY ***
Total pot $0.29 | Rake $0.01 
Board [Ks Jd Qd Th Td]
Seat 1: perffect16 folded before Flop (didn't bet)
Seat 2: EdivierMJ collected ($0.28)
Seat 3: Moisesbh folded before Flop (didn't bet)
Seat 4: MurDockey folded before Flop (didn't bet)
Seat 5: Dorex2007 folded before Flop (didn't bet)
Seat 6: Aflil1966 (button) folded before Flop (didn't bet)
Seat 7: leonel1032 (small blind) folded before Flop
Seat 8: StargazerSTG (big blind) folded on the River



PokerStars Hand #237148146430:  Hold'em No Limit ($0.01/$0.02 USD) - 2022/07/03 18:53:51 PT [2022/07/03 21:53:51 ET]
Table 'Paulina III' 9-max Seat #7 is the button
Seat 1: perffect16 ($3.65 in chips) 
Seat 2: EdivierMJ ($2.89 in chips) 
Seat 3: Moisesbh ($1.50 in chips) 
Seat 4: MurDockey ($0.89 in chips) 
Seat 5: Dorex2007 ($2 in chips) 
Seat 6: Aflil1966 ($5.19 in chips) 
Seat 7: leonel1032 ($2.36 in chips) 
Seat 8: StargazerSTG ($1.73 in chips) 
StargazerSTG: posts small blind $0.01
perffect16: posts big blind $0.02
*** HOLE CARDS ***
Dealt to Dorex2007 [3s 4h]
EdivierMJ: raises $0.04 to $0.06
Moisesbh: calls $0.06
MurDockey: folds 
Dorex2007: folds 
Aflil1966: folds 
leonel1032: folds 
StargazerSTG: calls $0.05
perffect16: folds 
*** FLOP *** [6h 3d 9s]
StargazerSTG: checks 
EdivierMJ: bets $0.19
Moisesbh: folds 
StargazerSTG: folds 
Uncalled bet ($0.19) returned to EdivierMJ
EdivierMJ collected $0.19 from pot
*** SUMMARY ***
Total pot $0.20 | Rake $0.01 
Board [6h 3d 9s]
Seat 1: perffect16 (big blind) folded before Flop
Seat 2: EdivierMJ collected ($0.19)
Seat 3: Moisesbh folded on the Flop
Seat 4: MurDockey folded before Flop (didn't bet)
Seat 5: Dorex2007 folded before Flop (didn't bet)
Seat 6: Aflil1966 folded before Flop (didn't bet)
Seat 7: leonel1032 (button) folded before Flop (didn't bet)
Seat 8: StargazerSTG (small blind) folded on the Flop



PokerStars Hand #237148152354:  Hold'em No Limit ($0.01/$0.02 USD) - 2022/07/03 18:54:25 PT [2022/07/03 21:54:25 ET]
Table 'Paulina III' 9-max Seat #8 is the button
Seat 1: perffect16 ($3.63 in chips) 
Seat 2: EdivierMJ ($3.02 in chips) 
Seat 3: Moisesbh ($1.44 in chips) 
Seat 4: MurDockey ($0.89 in chips) 
Seat 5: Dorex2007 ($2 in chips) 
Seat 6: Aflil1966 ($5.19 in chips) 
Seat 7: leonel1032 ($2.36 in chips) 
Seat 8: StargazerSTG ($1.67 in chips) 
perffect16: posts small blind $0.01
EdivierMJ: posts big blind $0.02
*** HOLE CARDS ***
Dealt to Dorex2007 [3s 3h]
Moisesbh: folds 
MurDockey: folds 
Dorex2007: folds 
Aflil1966: folds 
leonel1032: calls $0.02
StargazerSTG: raises $0.04 to $0.06
perffect16: folds 
EdivierMJ: folds 
leonel1032: calls $0.04
*** FLOP *** [6d 4c Td]
leonel1032: checks 
StargazerSTG: bets $0.07
leonel1032: calls $0.07
*** TURN *** [6d 4c Td] [2c]
leonel1032: checks 
StargazerSTG: bets $0.14
leonel1032: calls $0.14
*** RIVER *** [6d 4c Td 2c] [Kc]
leonel1032: bets $0.27
StargazerSTG: folds 
Uncalled bet ($0.27) returned to leonel1032
leonel1032 collected $0.55 from pot
*** SUMMARY ***
Total pot $0.57 | Rake $0.02 
Board [6d 4c Td 2c Kc]
Seat 1: perffect16 (small blind) folded before Flop
Seat 2: EdivierMJ (big blind) folded before Flop
Seat 3: Moisesbh folded before Flop (didn't bet)
Seat 4: MurDockey folded before Flop (didn't bet)
Seat 5: Dorex2007 folded before Flop (didn't bet)
Seat 6: Aflil1966 folded before Flop (didn't bet)
Seat 7: leonel1032 collected ($0.55)
Seat 8: StargazerSTG (button) folded on the River



PokerStars Hand #237148161065:  Hold'em No Limit ($0.01/$0.02 USD) - 2022/07/03 18:55:18 PT [2022/07/03 21:55:18 ET]
Table 'Paulina III' 9-max Seat #1 is the button
Seat 1: perffect16 ($3.62 in chips) 
Seat 2: EdivierMJ ($3 in chips) 
Seat 3: Moisesbh ($1.44 in chips) 
Seat 4: MurDockey ($0.89 in chips) 
Seat 5: Dorex2007 ($2 in chips) 
Seat 6: Aflil1966 ($5.19 in chips) 
Seat 7: leonel1032 ($2.64 in chips) 
Seat 8: StargazerSTG ($1.40 in chips) 
EdivierMJ: posts small blind $0.01
Moisesbh: posts big blind $0.02
*** HOLE CARDS ***
Dealt to Dorex2007 [6s 2h]
MurDockey: folds 
Dorex2007: folds 
Aflil1966: calls $0.02
leonel1032: folds 
StargazerSTG: folds 
perffect16: calls $0.02
EdivierMJ: raises $0.02 to $0.04
Moisesbh: folds 
Aflil1966: calls $0.02
perffect16: calls $0.02
*** FLOP *** [5h 2c 2d]
EdivierMJ: checks 
Aflil1966: bets $0.14
perffect16: folds 
EdivierMJ: folds 
Uncalled bet ($0.14) returned to Aflil1966
Aflil1966 collected $0.14 from pot
*** SUMMARY ***
Total pot $0.14 | Rake $0 
Board [5h 2c 2d]
Seat 1: perffect16 (button) folded on the Flop
Seat 2: EdivierMJ (small blind) folded on the Flop
Seat 3: Moisesbh (big blind) folded before Flop
Seat 4: MurDockey folded before Flop (didn't bet)
Seat 5: Dorex2007 folded before Flop (didn't bet)
Seat 6: Aflil1966 collected ($0.14)
Seat 7: leonel1032 folded before Flop (didn't bet)
Seat 8: StargazerSTG folded before Flop (didn't bet)



PokerStars Hand #237148167261:  Hold'em No Limit ($0.01/$0.02 USD) - 2022/07/03 18:56:02 PT [2022/07/03 21:56:02 ET]
Table 'Paulina III' 9-max Seat #2 is the button
Seat 1: perffect16 ($3.58 in chips) 
Seat 2: EdivierMJ ($2.96 in chips) 
Seat 3: Moisesbh ($1.42 in chips) 
Seat 4: MurDockey ($0.89 in chips) 
Seat 5: Dorex2007 ($2 in chips) 
Seat 6: Aflil1966 ($5.29 in chips) 
Seat 7: leonel1032 ($2.64 in chips) 
Seat 8: StargazerSTG ($1.40 in chips) 
Moisesbh: posts small blind $0.01
MurDockey: posts big blind $0.02
*** HOLE CARDS ***
Dealt to Dorex2007 [Jh 3s]
Dorex2007: folds 
Aflil1966: folds 
leonel1032: folds 
StargazerSTG: folds 
perffect16: folds 
EdivierMJ: raises $0.04 to $0.06
Moisesbh: folds 
MurDockey: folds 
Uncalled bet ($0.04) returned to EdivierMJ
EdivierMJ collected $0.05 from pot
*** SUMMARY ***
Total pot $0.05 | Rake $0 
Seat 1: perffect16 folded before Flop (didn't bet)
Seat 2: EdivierMJ (button) collected ($0.05)
Seat 3: Moisesbh (small blind) folded before Flop
Seat 4: MurDockey (big blind) folded before Flop
Seat 5: Dorex2007 folded before Flop (didn't bet)
Seat 6: Aflil1966 folded before Flop (didn't bet)
Seat 7: leonel1032 folded before Flop (didn't bet)
Seat 8: StargazerSTG folded before Flop (didn't bet)



PokerStars Hand #237148169926:  Hold'em No Limit ($0.01/$0.02 USD) - 2022/07/03 18:56:22 PT [2022/07/03 21:56:22 ET]
Table 'Paulina III' 9-max Seat #3 is the button
Seat 1: perffect16 ($3.58 in chips) 
Seat 2: EdivierMJ ($2.99 in chips) 
Seat 3: Moisesbh ($1.41 in chips) 
Seat 4: MurDockey ($0.87 in chips) 
Seat 5: Dorex2007 ($2 in chips) 
Seat 6: Aflil1966 ($5.29 in chips) 
Seat 7: leonel1032 ($2.64 in chips) 
Seat 8: StargazerSTG ($1.40 in chips) 
MurDockey: posts small blind $0.01
Dorex2007: posts big blind $0.02
*** HOLE CARDS ***
Dealt to Dorex2007 [Kh Ts]
Aflil1966: folds 
leonel1032: folds 
StargazerSTG: folds 
perffect16: folds 
EdivierMJ: folds 
Moisesbh: calls $0.02
MurDockey: folds 
Dorex2007: checks 
*** FLOP *** [6s Ad 5s]
Dorex2007: checks 
Moisesbh: checks 
*** TURN *** [6s Ad 5s] [7h]
Dorex2007: checks 
Moisesbh: checks 
*** RIVER *** [6s Ad 5s 7h] [2d]
Dorex2007: checks 
Moisesbh: checks 
*** SHOW DOWN ***
Dorex2007: shows [Kh Ts] (high card Ace)
Moisesbh: mucks hand 
Dorex2007 collected $0.05 from pot
*** SUMMARY ***
Total pot $0.05 | Rake $0 
Board [6s Ad 5s 7h 2d]
Seat 1: perffect16 folded before Flop (didn't bet)
Seat 2: EdivierMJ folded before Flop (didn't bet)
Seat 3: Moisesbh (button) mucked [Td Qh]
Seat 4: MurDockey (small blind) folded before Flop
Seat 5: Dorex2007 (big blind) showed [Kh Ts] and won ($0.05) with high card Ace
Seat 6: Aflil1966 folded before Flop (didn't bet)
Seat 7: leonel1032 folded before Flop (didn't bet)
Seat 8: StargazerSTG folded before Flop (didn't bet)



PokerStars Hand #237148175641:  Hold'em No Limit ($0.01/$0.02 USD) - 2022/07/03 18:57:02 PT [2022/07/03 21:57:02 ET]
Table 'Paulina III' 9-max Seat #4 is the button
Seat 1: perffect16 ($3.58 in chips) 
Seat 2: EdivierMJ ($2.99 in chips) 
Seat 3: Moisesbh ($1.39 in chips) 
Seat 4: MurDockey ($0.86 in chips) 
Seat 5: Dorex2007 ($2.03 in chips) 
Seat 6: Aflil1966 ($5.29 in chips) 
Seat 7: leonel1032 ($2.64 in chips) 
Seat 8: StargazerSTG ($1.40 in chips) 
Dorex2007: posts small blind $0.01
Aflil1966: posts big blind $0.02
*** HOLE CARDS ***
Dealt to Dorex2007 [3s Kh]
leonel1032: folds 
StargazerSTG: raises $0.04 to $0.06
perffect16: folds 
EdivierMJ: folds 
Moisesbh: calls $0.06
MurDockey: folds 
Dorex2007: folds 
Aflil1966: folds 
*** FLOP *** [2s Ac 7c]
StargazerSTG: bets $0.11
Moisesbh: folds 
Uncalled bet ($0.11) returned to StargazerSTG
StargazerSTG collected $0.14 from pot
*** SUMMARY ***
Total pot $0.15 | Rake $0.01 
Board [2s Ac 7c]
Seat 1: perffect16 folded before Flop (didn't bet)
Seat 2: EdivierMJ folded before Flop (didn't bet)
Seat 3: Moisesbh folded on the Flop
Seat 4: MurDockey (button) folded before Flop (didn't bet)
Seat 5: Dorex2007 (small blind) folded before Flop
Seat 6: Aflil1966 (big blind) folded before Flop
Seat 7: leonel1032 folded before Flop (didn't bet)
Seat 8: StargazerSTG collected ($0.14)



PokerStars Hand #237148180461:  Hold'em No Limit ($0.01/$0.02 USD) - 2022/07/03 18:57:37 PT [2022/07/03 21:57:37 ET]
Table 'Paulina III' 9-max Seat #5 is the button
Seat 1: perffect16 ($3.58 in chips) 
Seat 2: EdivierMJ ($2.99 in chips) 
Seat 3: Moisesbh ($1.33 in chips) 
Seat 4: MurDockey ($0.86 in chips) 
Seat 5: Dorex2007 ($2.02 in chips) 
Seat 6: Aflil1966 ($5.27 in chips) 
Seat 7: leonel1032 ($2.64 in chips) 
Seat 8: StargazerSTG ($1.48 in chips) 
Aflil1966: posts small blind $0.01
leonel1032: posts big blind $0.02
*** HOLE CARDS ***
Dealt to Dorex2007 [2c 3s]
StargazerSTG: folds 
perffect16: folds 
EdivierMJ: folds 
Moisesbh: folds 
MurDockey: folds 
Dorex2007: folds 
Aflil1966: raises $0.04 to $0.06
leonel1032: calls $0.04
*** FLOP *** [Qc 9s 2d]
Aflil1966: bets $0.06
leonel1032: folds 
Uncalled bet ($0.06) returned to Aflil1966
Aflil1966 collected $0.12 from pot
*** SUMMARY ***
Total pot $0.12 | Rake $0 
Board [Qc 9s 2d]
Seat 1: perffect16 folded before Flop (didn't bet)
Seat 2: EdivierMJ folded before Flop (didn't bet)
Seat 3: Moisesbh folded before Flop (didn't bet)
Seat 4: MurDockey folded before Flop (didn't bet)
Seat 5: Dorex2007 (button) folded before Flop (didn't bet)
Seat 6: Aflil1966 (small blind) collected ($0.12)
Seat 7: leonel1032 (big blind) folded on the Flop
Seat 8: StargazerSTG folded before Flop (didn't bet)



PokerStars Hand #237148184464:  Hold'em No Limit ($0.01/$0.02 USD) - 2022/07/03 18:58:06 PT [2022/07/03 21:58:06 ET]
Table 'Paulina III' 9-max Seat #6 is the button
Seat 1: perffect16 ($3.58 in chips) 
Seat 2: EdivierMJ ($2.99 in chips) 
Seat 3: Moisesbh ($1.33 in chips) 
Seat 4: MurDockey ($0.86 in chips) 
Seat 5: Dorex2007 ($2.02 in chips) 
Seat 6: Aflil1966 ($5.33 in chips) 
Seat 7: leonel1032 ($2.58 in chips) 
Seat 8: StargazerSTG ($1.48 in chips) 
leonel1032: posts small blind $0.01
StargazerSTG: posts big blind $0.02
*** HOLE CARDS ***
Dealt to Dorex2007 [Td 6s]
perffect16: folds 
EdivierMJ: raises $0.02 to $0.04
Moisesbh: folds 
MurDockey: folds 
Dorex2007: folds 
Aflil1966: folds 
leonel1032: calls $0.03
StargazerSTG: folds 
*** FLOP *** [2c 8d 6d]
leonel1032: checks 
EdivierMJ: checks 
*** TURN *** [2c 8d 6d] [5c]
leonel1032: checks 
EdivierMJ: checks 
*** RIVER *** [2c 8d 6d 5c] [7s]
leonel1032: checks 
EdivierMJ: checks 
*** SHOW DOWN ***
leonel1032: shows [Ad Qd] (high card Ace)
EdivierMJ: mucks hand 
leonel1032 collected $0.10 from pot
*** SUMMARY ***
Total pot $0.10 | Rake $0 
Board [2c 8d 6d 5c 7s]
Seat 1: perffect16 folded before Flop (didn't bet)
Seat 2: EdivierMJ mucked [Kc Qs]
Seat 3: Moisesbh folded before Flop (didn't bet)
Seat 4: MurDockey folded before Flop (didn't bet)
Seat 5: Dorex2007 folded before Flop (didn't bet)
Seat 6: Aflil1966 (button) folded before Flop (didn't bet)
Seat 7: leonel1032 (small blind) showed [Ad Qd] and won ($0.10) with high card Ace
Seat 8: StargazerSTG (big blind) folded before Flop



PokerStars Hand #237148189877:  Hold'em No Limit ($0.01/$0.02 USD) - 2022/07/03 18:58:45 PT [2022/07/03 21:58:45 ET]
Table 'Paulina III' 9-max Seat #7 is the button
Seat 1: perffect16 ($3.58 in chips) 
Seat 2: EdivierMJ ($2.95 in chips) 
Seat 3: Moisesbh ($1.33 in chips) 
Seat 4: MurDockey ($0.86 in chips) 
Seat 5: Dorex2007 ($2.02 in chips) 
Seat 6: Aflil1966 ($5.33 in chips) 
Seat 7: leonel1032 ($2.64 in chips) 
Seat 8: StargazerSTG ($1.46 in chips) 
StargazerSTG: posts small blind $0.01
perffect16: posts big blind $0.02
*** HOLE CARDS ***
Dealt to Dorex2007 [8c 5h]
EdivierMJ: calls $0.02
Moisesbh: raises $0.02 to $0.04
MurDockey: folds 
Dorex2007: folds 
Aflil1966: folds 
leonel1032: folds 
StargazerSTG: raises $0.08 to $0.12
perffect16: folds 
EdivierMJ: calls $0.10
Moisesbh: calls $0.08
*** FLOP *** [4d As Qs]
StargazerSTG: bets $0.18
EdivierMJ: raises $0.18 to $0.36
Moisesbh: folds 
StargazerSTG: calls $0.18
*** TURN *** [4d As Qs] [9c]
StargazerSTG: checks 
EdivierMJ: bets $1.06
StargazerSTG: calls $0.98 and is all-in
Uncalled bet ($0.08) returned to EdivierMJ
*** RIVER *** [4d As Qs 9c] [5s]
*** SHOW DOWN ***
StargazerSTG: shows [Qd Ad] (two pair, Aces and Queens)
EdivierMJ: shows [9h Ah] (two pair, Aces and Nines)
StargazerSTG collected $2.95 from pot
*** SUMMARY ***
Total pot $3.06 | Rake $0.11 
Board [4d As Qs 9c 5s]
Seat 1: perffect16 (big blind) folded before Flop
Seat 2: EdivierMJ showed [9h Ah] and lost with two pair, Aces and Nines
Seat 3: Moisesbh folded on the Flop
Seat 4: MurDockey folded before Flop (didn't bet)
Seat 5: Dorex2007 folded before Flop (didn't bet)
Seat 6: Aflil1966 folded before Flop (didn't bet)
Seat 7: leonel1032 (button) folded before Flop (didn't bet)
Seat 8: StargazerSTG (small blind) showed [Qd Ad] and won ($2.95) with two pair, Aces and Queens



PokerStars Hand #237148201585:  Hold'em No Limit ($0.01/$0.02 USD) - 2022/07/03 19:00:09 PT [2022/07/03 22:00:09 ET]
Table 'Paulina III' 9-max Seat #8 is the button
Seat 1: perffect16 ($3.56 in chips) 
Seat 2: EdivierMJ ($1.49 in chips) 
Seat 3: Moisesbh ($1.21 in chips) 
Seat 4: MurDockey ($0.86 in chips) 
Seat 5: Dorex2007 ($2.02 in chips) 
Seat 6: Aflil1966 ($5.33 in chips) 
Seat 7: leonel1032 ($2.64 in chips) 
Seat 8: StargazerSTG ($2.95 in chips) 
perffect16: posts small blind $0.01
EdivierMJ: posts big blind $0.02
*** HOLE CARDS ***
Dealt to Dorex2007 [3h Jd]
Moisesbh: folds 
MurDockey: folds 
Dorex2007: folds 
Aflil1966: folds 
leonel1032: folds 
StargazerSTG: raises $0.04 to $0.06
perffect16: folds 
EdivierMJ: calls $0.04
*** FLOP *** [Qh 7s 5d]
EdivierMJ: checks 
StargazerSTG: bets $0.13
EdivierMJ: calls $0.13
*** TURN *** [Qh 7s 5d] [Td]
EdivierMJ: checks 
StargazerSTG: checks 
*** RIVER *** [Qh 7s 5d Td] [Qd]
EdivierMJ: bets $0.19
StargazerSTG: folds 
Uncalled bet ($0.19) returned to EdivierMJ
EdivierMJ collected $0.38 from pot
*** SUMMARY ***
Total pot $0.39 | Rake $0.01 
Board [Qh 7s 5d Td Qd]
Seat 1: perffect16 (small blind) folded before Flop
Seat 2: EdivierMJ (big blind) collected ($0.38)
Seat 3: Moisesbh folded before Flop (didn't bet)
Seat 4: MurDockey folded before Flop (didn't bet)
Seat 5: Dorex2007 folded before Flop (didn't bet)
Seat 6: Aflil1966 folded before Flop (didn't bet)
Seat 7: leonel1032 folded before Flop (didn't bet)
Seat 8: StargazerSTG (button) folded on the River



PokerStars Hand #237148208462:  Hold'em No Limit ($0.01/$0.02 USD) - 2022/07/03 19:00:52 PT [2022/07/03 22:00:52 ET]
Table 'Paulina III' 9-max Seat #1 is the button
Seat 1: perffect16 ($3.55 in chips) 
Seat 2: EdivierMJ ($1.68 in chips) 
Seat 3: Moisesbh ($1.21 in chips) 
Seat 4: MurDockey ($0.86 in chips) 
Seat 5: Dorex2007 ($2.02 in chips) 
Seat 6: Aflil1966 ($5.33 in chips) 
Seat 7: leonel1032 ($2.64 in chips) 
Seat 8: StargazerSTG ($2.76 in chips) 
EdivierMJ: posts small blind $0.01
Moisesbh: posts big blind $0.02
*** HOLE CARDS ***
Dealt to Dorex2007 [7c Qs]
MurDockey: folds 
Dorex2007: folds 
Aflil1966: folds 
leonel1032: calls $0.02
StargazerSTG: folds 
perffect16: raises $0.07 to $0.09
EdivierMJ: folds 
Moisesbh: folds 
leonel1032: calls $0.07
*** FLOP *** [4h 2s Qh]
leonel1032: checks 
perffect16: bets $0.10
leonel1032: calls $0.10
*** TURN *** [4h 2s Qh] [6d]
leonel1032: checks 
perffect16: checks 
*** RIVER *** [4h 2s Qh 6d] [6h]
leonel1032: checks 
perffect16: bets $0.36
leonel1032: folds 
Uncalled bet ($0.36) returned to perffect16
perffect16 collected $0.40 from pot
*** SUMMARY ***
Total pot $0.41 | Rake $0.01 
Board [4h 2s Qh 6d 6h]
Seat 1: perffect16 (button) collected ($0.40)
Seat 2: EdivierMJ (small blind) folded before Flop
Seat 3: Moisesbh (big blind) folded before Flop
Seat 4: MurDockey folded before Flop (didn't bet)
Seat 5: Dorex2007 folded before Flop (didn't bet)
Seat 6: Aflil1966 folded before Flop (didn't bet)
Seat 7: leonel1032 folded on the River
Seat 8: StargazerSTG folded before Flop (didn't bet)



PokerStars Hand #237148216619:  Hold'em No Limit ($0.01/$0.02 USD) - 2022/07/03 19:01:40 PT [2022/07/03 22:01:40 ET]
Table 'Paulina III' 9-max Seat #2 is the button
Seat 1: perffect16 ($3.76 in chips) 
Seat 2: EdivierMJ ($1.67 in chips) 
Seat 3: Moisesbh ($1.19 in chips) 
Seat 4: MurDockey ($0.86 in chips) 
Seat 5: Dorex2007 ($2.02 in chips) 
Seat 6: Aflil1966 ($5.33 in chips) 
Seat 7: leonel1032 ($2.45 in chips) 
Seat 8: StargazerSTG ($2.76 in chips) 
Moisesbh: posts small blind $0.01
MurDockey: posts big blind $0.02
*** HOLE CARDS ***
Dealt to Dorex2007 [9c 9h]
Dorex2007: raises $0.04 to $0.06
Aflil1966: folds 
leonel1032: calls $0.06
StargazerSTG: folds 
perffect16: folds 
EdivierMJ: folds 
Moisesbh: folds 
MurDockey: folds 
*** FLOP *** [8c Ad 9d]
Dorex2007: bets $0.07
leonel1032: folds [Js Kc]
Uncalled bet ($0.07) returned to Dorex2007
Dorex2007 collected $0.14 from pot
*** SUMMARY ***
Total pot $0.15 | Rake $0.01 
Board [8c Ad 9d]
Seat 1: perffect16 folded before Flop (didn't bet)
Seat 2: EdivierMJ (button) folded before Flop (didn't bet)
Seat 3: Moisesbh (small blind) folded before Flop
Seat 4: MurDockey (big blind) folded before Flop
Seat 5: Dorex2007 collected ($0.14)
Seat 6: Aflil1966 folded before Flop (didn't bet)
Seat 7: leonel1032 folded on the Flop
Seat 8: StargazerSTG folded before Flop (didn't bet)



PokerStars Hand #237148222169:  Hold'em No Limit ($0.01/$0.02 USD) - 2022/07/03 19:02:13 PT [2022/07/03 22:02:13 ET]
Table 'Paulina III' 9-max Seat #3 is the button
Seat 1: perffect16 ($3.76 in chips) 
Seat 2: EdivierMJ ($1.67 in chips) 
Seat 3: Moisesbh ($1.18 in chips) 
Seat 4: MurDockey ($0.84 in chips) 
Seat 5: Dorex2007 ($2.10 in chips) 
Seat 6: Aflil1966 ($5.33 in chips) 
Seat 7: leonel1032 ($2.39 in chips) 
Seat 8: StargazerSTG ($2.76 in chips) 
MurDockey: posts small blind $0.01
Dorex2007: posts big blind $0.02
*** HOLE CARDS ***
Dealt to Dorex2007 [6s 2h]
Aflil1966 has timed out
Aflil1966: folds 
leonel1032: folds 
StargazerSTG: raises $0.04 to $0.06
perffect16: folds 
EdivierMJ: calls $0.06
Moisesbh: raises $1.12 to $1.18 and is all-in
MurDockey: folds 
Dorex2007: folds 
StargazerSTG: folds 
EdivierMJ: folds 
Uncalled bet ($1.12) returned to Moisesbh
Moisesbh collected $0.21 from pot
*** SUMMARY ***
Total pot $0.21 | Rake $0 
Seat 1: perffect16 folded before Flop (didn't bet)
Seat 2: EdivierMJ folded before Flop
Seat 3: Moisesbh (button) collected ($0.21)
Seat 4: MurDockey (small blind) folded before Flop
Seat 5: Dorex2007 (big blind) folded before Flop
Seat 6: Aflil1966 folded before Flop (didn't bet)
Seat 7: leonel1032 folded before Flop (didn't bet)
Seat 8: StargazerSTG folded before Flop



PokerStars Hand #237148230505:  Hold'em No Limit ($0.01/$0.02 USD) - 2022/07/03 19:02:56 PT [2022/07/03 22:02:56 ET]
Table 'Paulina III' 9-max Seat #4 is the button
Seat 1: perffect16 ($3.76 in chips) 
Seat 2: EdivierMJ ($1.61 in chips) 
Seat 3: Moisesbh ($1.33 in chips) 
Seat 4: MurDockey ($0.83 in chips) 
Seat 5: Dorex2007 ($2.08 in chips) 
Seat 6: Aflil1966 ($5.33 in chips) 
Seat 7: leonel1032 ($2.39 in chips) 
Seat 8: StargazerSTG ($2.70 in chips) 
Dorex2007: posts small blind $0.01
Aflil1966: posts big blind $0.02
*** HOLE CARDS ***
Dealt to Dorex2007 [7c Jd]
leonel1032: folds 
StargazerSTG: folds 
perffect16: folds 
EdivierMJ: raises $0.05 to $0.07
Moisesbh: folds 
MurDockey: folds 
Dorex2007: folds 
Aflil1966: folds 
Uncalled bet ($0.05) returned to EdivierMJ
EdivierMJ collected $0.05 from pot
*** SUMMARY ***
Total pot $0.05 | Rake $0 
Seat 1: perffect16 folded before Flop (didn't bet)
Seat 2: EdivierMJ collected ($0.05)
Seat 3: Moisesbh folded before Flop (didn't bet)
Seat 4: MurDockey (button) folded before Flop (didn't bet)
Seat 5: Dorex2007 (small blind) folded before Flop
Seat 6: Aflil1966 (big blind) folded before Flop
Seat 7: leonel1032 folded before Flop (didn't bet)
Seat 8: StargazerSTG folded before Flop (didn't bet)



PokerStars Hand #237148234262:  Hold'em No Limit ($0.01/$0.02 USD) - 2022/07/03 19:03:17 PT [2022/07/03 22:03:17 ET]
Table 'Paulina III' 9-max Seat #5 is the button
Seat 1: perffect16 ($3.76 in chips) 
Seat 2: EdivierMJ ($1.64 in chips) 
Seat 3: Moisesbh ($1.33 in chips) 
Seat 4: MurDockey ($0.83 in chips) 
Seat 5: Dorex2007 ($2.07 in chips) 
Seat 6: Aflil1966 ($5.31 in chips) 
Seat 7: leonel1032 ($2.39 in chips) 
Seat 8: StargazerSTG ($2.70 in chips) 
Aflil1966: posts small blind $0.01
leonel1032: posts big blind $0.02
*** HOLE CARDS ***
Dealt to Dorex2007 [Th 2h]
StargazerSTG: folds 
perffect16: calls $0.02
EdivierMJ: folds 
Moisesbh: folds 
MurDockey: raises $0.03 to $0.05
Dorex2007: folds 
Aflil1966: folds 
leonel1032: folds 
perffect16: folds 
Uncalled bet ($0.03) returned to MurDockey
MurDockey collected $0.07 from pot
*** SUMMARY ***
Total pot $0.07 | Rake $0 
Seat 1: perffect16 folded before Flop
Seat 2: EdivierMJ folded before Flop (didn't bet)
Seat 3: Moisesbh folded before Flop (didn't bet)
Seat 4: MurDockey collected ($0.07)
Seat 5: Dorex2007 (button) folded before Flop (didn't bet)
Seat 6: Aflil1966 (small blind) folded before Flop
Seat 7: leonel1032 (big blind) folded before Flop
Seat 8: StargazerSTG folded before Flop (didn't bet)



PokerStars Hand #237148239317:  Hold'em No Limit ($0.01/$0.02 USD) - 2022/07/03 19:03:46 PT [2022/07/03 22:03:46 ET]
Table 'Paulina III' 9-max Seat #6 is the button
Seat 1: perffect16 ($3.74 in chips) 
Seat 2: EdivierMJ ($1.64 in chips) 
Seat 3: Moisesbh ($1.33 in chips) 
Seat 4: MurDockey ($0.88 in chips) 
Seat 5: Dorex2007 ($2.07 in chips) 
Seat 6: Aflil1966 ($5.30 in chips) 
Seat 7: leonel1032 ($2.37 in chips) 
Seat 8: StargazerSTG ($2.70 in chips) 
leonel1032: posts small blind $0.01
StargazerSTG: posts big blind $0.02
*** HOLE CARDS ***
Dealt to Dorex2007 [Jh Td]
perffect16: folds 
EdivierMJ: calls $0.02
Moisesbh: calls $0.02
MurDockey: calls $0.02
Dorex2007: calls $0.02
Aflil1966: folds 
leonel1032: calls $0.01
StargazerSTG: checks 
*** FLOP *** [5c 9c Js]
leonel1032: checks 
StargazerSTG: checks 
EdivierMJ: bets $0.12
Moisesbh: folds 
MurDockey: folds 
Dorex2007: folds 
leonel1032: folds 
StargazerSTG: folds 
Uncalled bet ($0.12) returned to EdivierMJ
EdivierMJ collected $0.12 from pot
*** SUMMARY ***
Total pot $0.12 | Rake $0 
Board [5c 9c Js]
Seat 1: perffect16 folded before Flop (didn't bet)
Seat 2: EdivierMJ collected ($0.12)
Seat 3: Moisesbh folded on the Flop
Seat 4: MurDockey folded on the Flop
Seat 5: Dorex2007 folded on the Flop
Seat 6: Aflil1966 (button) folded before Flop (didn't bet)
Seat 7: leonel1032 (small blind) folded on the Flop
Seat 8: StargazerSTG (big blind) folded on the Flop



PokerStars Hand #237148247135:  Hold'em No Limit ($0.01/$0.02 USD) - 2022/07/03 19:04:31 PT [2022/07/03 22:04:31 ET]
Table 'Paulina III' 9-max Seat #7 is the button
Seat 1: perffect16 ($3.74 in chips) 
Seat 2: EdivierMJ ($1.74 in chips) 
Seat 3: Moisesbh ($1.31 in chips) 
Seat 4: MurDockey ($0.86 in chips) 
Seat 5: Dorex2007 ($2.05 in chips) 
Seat 6: Aflil1966 ($5.30 in chips) 
Seat 7: leonel1032 ($2.35 in chips) 
Seat 8: StargazerSTG ($2.68 in chips) 
StargazerSTG: posts small blind $0.01
perffect16: posts big blind $0.02
*** HOLE CARDS ***
Dealt to Dorex2007 [7c 7h]
EdivierMJ: calls $0.02
Moisesbh: folds 
MurDockey: folds 
Dorex2007: calls $0.02
Aflil1966: folds 
leonel1032: calls $0.02
StargazerSTG: calls $0.01
perffect16: checks 
*** FLOP *** [Kh 7d 3s]
StargazerSTG: checks 
perffect16: checks 
EdivierMJ: bets $0.05
Dorex2007: calls $0.05
leonel1032: folds 
StargazerSTG: folds 
perffect16: folds 
*** TURN *** [Kh 7d 3s] [2h]
EdivierMJ: checks 
Dorex2007: bets $0.09
EdivierMJ: calls $0.09
*** RIVER *** [Kh 7d 3s 2h] [4d]
EdivierMJ: checks 
Dorex2007: bets $0.25
EdivierMJ: calls $0.25
*** SHOW DOWN ***
Dorex2007: shows [7c 7h] (three of a kind, Sevens)
EdivierMJ: mucks hand 
Dorex2007 collected $0.85 from pot
*** SUMMARY ***
Total pot $0.88 | Rake $0.03 
Board [Kh 7d 3s 2h 4d]
Seat 1: perffect16 (big blind) folded on the Flop
Seat 2: EdivierMJ mucked [Ks 6s]
Seat 3: Moisesbh folded before Flop (didn't bet)
Seat 4: MurDockey folded before Flop (didn't bet)
Seat 5: Dorex2007 showed [7c 7h] and won ($0.85) with three of a kind, Sevens
Seat 6: Aflil1966 folded before Flop (didn't bet)
Seat 7: leonel1032 (button) folded on the Flop
Seat 8: StargazerSTG (small blind) folded on the Flop



PokerStars Hand #237148267197:  Hold'em No Limit ($0.01/$0.02 USD) - 2022/07/03 19:05:53 PT [2022/07/03 22:05:53 ET]
Table 'Paulina III' 9-max Seat #8 is the button
Seat 1: perffect16 ($3.72 in chips) 
Seat 2: EdivierMJ ($1.33 in chips) 
Seat 3: Moisesbh ($1.31 in chips) 
Seat 4: MurDockey ($0.86 in chips) 
Seat 5: Dorex2007 ($2.49 in chips) 
Seat 6: Aflil1966 ($5.30 in chips) 
Seat 7: leonel1032 ($2.33 in chips) 
Seat 8: StargazerSTG ($2.66 in chips) 
perffect16: posts small blind $0.01
EdivierMJ: posts big blind $0.02
*** HOLE CARDS ***
Dealt to Dorex2007 [Qd 3c]
Moisesbh: folds 
MurDockey has timed out
MurDockey: folds 
Dorex2007: folds 
Aflil1966: folds 
leonel1032: calls $0.02
StargazerSTG: folds 
perffect16: raises $0.04 to $0.06
EdivierMJ: folds 
leonel1032: calls $0.04
*** FLOP *** [8c 7s 2d]
perffect16: checks 
leonel1032: checks 
*** TURN *** [8c 7s 2d] [3d]
perffect16: checks 
leonel1032: checks 
*** RIVER *** [8c 7s 2d 3d] [Kd]
perffect16: bets $0.07
leonel1032: folds 
Uncalled bet ($0.07) returned to perffect16
perffect16 collected $0.14 from pot
*** SUMMARY ***
Total pot $0.14 | Rake $0 
Board [8c 7s 2d 3d Kd]
Seat 1: perffect16 (small blind) collected ($0.14)
Seat 2: EdivierMJ (big blind) folded before Flop
Seat 3: Moisesbh folded before Flop (didn't bet)
Seat 4: MurDockey folded before Flop (didn't bet)
Seat 5: Dorex2007 folded before Flop (didn't bet)
Seat 6: Aflil1966 folded before Flop (didn't bet)
Seat 7: leonel1032 folded on the River
Seat 8: StargazerSTG (button) folded before Flop (didn't bet)



PokerStars Hand #237148276272:  Hold'em No Limit ($0.01/$0.02 USD) - 2022/07/03 19:06:46 PT [2022/07/03 22:06:46 ET]
Table 'Paulina III' 9-max Seat #1 is the button
Seat 1: perffect16 ($3.80 in chips) 
Seat 2: EdivierMJ ($1.31 in chips) 
Seat 3: Moisesbh ($1.31 in chips) 
Seat 4: MurDockey ($0.86 in chips) 
Seat 5: Dorex2007 ($2.49 in chips) 
Seat 6: Aflil1966 ($5.30 in chips) 
Seat 7: leonel1032 ($2.27 in chips) 
Seat 8: StargazerSTG ($2.66 in chips) 
EdivierMJ: posts small blind $0.01
Moisesbh: posts big blind $0.02
*** HOLE CARDS ***
Dealt to Dorex2007 [5d 3d]
MurDockey: folds 
Dorex2007: folds 
Aflil1966: folds 
leonel1032: folds 
StargazerSTG: raises $0.04 to $0.06
perffect16: folds 
EdivierMJ: folds 
Moisesbh: folds 
Uncalled bet ($0.04) returned to StargazerSTG
StargazerSTG collected $0.05 from pot
*** SUMMARY ***
Total pot $0.05 | Rake $0 
Seat 1: perffect16 (button) folded before Flop (didn't bet)
Seat 2: EdivierMJ (small blind) folded before Flop
Seat 3: Moisesbh (big blind) folded before Flop
Seat 4: MurDockey folded before Flop (didn't bet)
Seat 5: Dorex2007 folded before Flop (didn't bet)
Seat 6: Aflil1966 folded before Flop (didn't bet)
Seat 7: leonel1032 folded before Flop (didn't bet)
Seat 8: StargazerSTG collected ($0.05)



PokerStars Hand #237148279874:  Hold'em No Limit ($0.01/$0.02 USD) - 2022/07/03 19:07:05 PT [2022/07/03 22:07:05 ET]
Table 'Paulina III' 9-max Seat #2 is the button
Seat 1: perffect16 ($3.80 in chips) 
Seat 2: EdivierMJ ($1.30 in chips) 
Seat 3: Moisesbh ($1.29 in chips) 
Seat 4: MurDockey ($0.86 in chips) 
Seat 5: Dorex2007 ($2.49 in chips) 
Seat 6: Aflil1966 ($5.30 in chips) 
Seat 7: leonel1032 ($2.27 in chips) 
Seat 8: StargazerSTG ($2.69 in chips) 
Moisesbh: posts small blind $0.01
MurDockey: posts big blind $0.02
*** HOLE CARDS ***
Dealt to Dorex2007 [Qh 4s]
Dorex2007: folds 
Aflil1966: folds 
leonel1032: folds 
StargazerSTG: folds 
perffect16: folds 
EdivierMJ: calls $0.02
Moisesbh: folds 
MurDockey: checks 
*** FLOP *** [Tc Kd Ah]
MurDockey: checks 
EdivierMJ: bets $0.05
MurDockey: calls $0.05
*** TURN *** [Tc Kd Ah] [2d]
MurDockey: checks 
EdivierMJ: bets $0.14
MurDockey: calls $0.14
*** RIVER *** [Tc Kd Ah 2d] [7h]
MurDockey: checks 
EdivierMJ: checks 
*** SHOW DOWN ***
MurDockey: shows [Kc 7c] (two pair, Kings and Sevens)
EdivierMJ: mucks hand 
MurDockey collected $0.41 from pot
*** SUMMARY ***
Total pot $0.43 | Rake $0.02 
Board [Tc Kd Ah 2d 7h]
Seat 1: perffect16 folded before Flop (didn't bet)
Seat 2: EdivierMJ (button) mucked [Td 6d]
Seat 3: Moisesbh (small blind) folded before Flop
Seat 4: MurDockey (big blind) showed [Kc 7c] and won ($0.41) with two pair, Kings and Sevens
Seat 5: Dorex2007 folded before Flop (didn't bet)
Seat 6: Aflil1966 folded before Flop (didn't bet)
Seat 7: leonel1032 folded before Flop (didn't bet)
Seat 8: StargazerSTG folded before Flop (didn't bet)



PokerStars Hand #237148292976:  Hold'em No Limit ($0.01/$0.02 USD) - 2022/07/03 19:08:22 PT [2022/07/03 22:08:22 ET]
Table 'Paulina III' 9-max Seat #3 is the button
Seat 1: perffect16 ($3.80 in chips) 
Seat 2: EdivierMJ ($1.09 in chips) 
Seat 3: Moisesbh ($1.28 in chips) 
Seat 4: MurDockey ($1.06 in chips) 
Seat 5: Dorex2007 ($2.49 in chips) 
Seat 6: Aflil1966 ($5.30 in chips) 
Seat 7: leonel1032 ($2.27 in chips) 
Seat 8: StargazerSTG ($2.69 in chips) 
MurDockey: posts small blind $0.01
Dorex2007: posts big blind $0.02
*** HOLE CARDS ***
Dealt to Dorex2007 [Ac 4c]
Aflil1966: folds 
leonel1032: folds 
StargazerSTG: folds 
perffect16: folds 
EdivierMJ: folds 
Moisesbh: folds 
MurDockey: calls $0.01
Dorex2007: checks 
*** FLOP *** [Ad 9c Tc]
MurDockey: checks 
Dorex2007: checks 
*** TURN *** [Ad 9c Tc] [7s]
MurDockey: bets $0.02
Dorex2007: calls $0.02
*** RIVER *** [Ad 9c Tc 7s] [2d]
MurDockey: checks 
Dorex2007: bets $0.04
MurDockey: raises $0.08 to $0.12
Dorex2007: calls $0.08
*** SHOW DOWN ***
MurDockey: shows [9s 2s] (two pair, Nines and Deuces)
Dorex2007: mucks hand 
MurDockey collected $0.31 from pot
*** SUMMARY ***
Total pot $0.32 | Rake $0.01 
Board [Ad 9c Tc 7s 2d]
Seat 1: perffect16 folded before Flop (didn't bet)
Seat 2: EdivierMJ folded before Flop (didn't bet)
Seat 3: Moisesbh (button) folded before Flop (didn't bet)
Seat 4: MurDockey (small blind) showed [9s 2s] and won ($0.31) with two pair, Nines and Deuces
Seat 5: Dorex2007 (big blind) mucked [Ac 4c]
Seat 6: Aflil1966 folded before Flop (didn't bet)
Seat 7: leonel1032 folded before Flop (didn't bet)
Seat 8: StargazerSTG folded before Flop (didn't bet)



PokerStars Hand #237148305470:  Hold'em No Limit ($0.01/$0.02 USD) - 2022/07/03 19:09:34 PT [2022/07/03 22:09:34 ET]
Table 'Paulina III' 9-max Seat #4 is the button
Seat 1: perffect16 ($3.80 in chips) 
Seat 2: EdivierMJ ($1.09 in chips) 
Seat 3: Moisesbh ($1.28 in chips) 
Seat 4: MurDockey ($1.21 in chips) 
Seat 5: Dorex2007 ($2.33 in chips) 
Seat 6: Aflil1966 ($5.30 in chips) 
Seat 7: leonel1032 ($2.27 in chips) 
Seat 8: StargazerSTG ($2.69 in chips) 
Dorex2007: posts small blind $0.01
Aflil1966: posts big blind $0.02
*** HOLE CARDS ***
Dealt to Dorex2007 [3h Ah]
leonel1032: folds 
StargazerSTG: folds 
perffect16: folds 
EdivierMJ: calls $0.02
Moisesbh: folds 
MurDockey: folds 
Dorex2007: calls $0.01
Aflil1966: checks 
*** FLOP *** [As Tc Js]
Dorex2007: checks 
Aflil1966: checks 
EdivierMJ: checks 
*** TURN *** [As Tc Js] [2c]
Dorex2007: checks 
Aflil1966: checks 
EdivierMJ: checks 
*** RIVER *** [As Tc Js 2c] [4s]
Dorex2007: checks 
Aflil1966: checks 
EdivierMJ: checks 
*** SHOW DOWN ***
Dorex2007: shows [3h Ah] (a pair of Aces)
Aflil1966: mucks hand 
EdivierMJ: mucks hand 
Dorex2007 collected $0.06 from pot
*** SUMMARY ***
Total pot $0.06 | Rake $0 
Board [As Tc Js 2c 4s]
Seat 1: perffect16 folded before Flop (didn't bet)
Seat 2: EdivierMJ mucked [5d Jd]
Seat 3: Moisesbh folded before Flop (didn't bet)
Seat 4: MurDockey (button) folded before Flop (didn't bet)
Seat 5: Dorex2007 (small blind) showed [3h Ah] and won ($0.06) with a pair of Aces
Seat 6: Aflil1966 (big blind) mucked [9s 5c]
Seat 7: leonel1032 folded before Flop (didn't bet)
Seat 8: StargazerSTG folded before Flop (didn't bet)



PokerStars Hand #237148317706:  Hold'em No Limit ($0.01/$0.02 USD) - 2022/07/03 19:10:45 PT [2022/07/03 22:10:45 ET]
Table 'Paulina III' 9-max Seat #5 is the button
Seat 1: perffect16 ($3.80 in chips) 
Seat 2: EdivierMJ ($1.07 in chips) 
Seat 3: Moisesbh ($1.28 in chips) 
Seat 4: MurDockey ($1.21 in chips) 
Seat 5: Dorex2007 ($2.37 in chips) 
Seat 6: Aflil1966 ($5.28 in chips) 
Seat 7: leonel1032 ($2.27 in chips) 
Seat 8: StargazerSTG ($2.69 in chips) 
Aflil1966: posts small blind $0.01
leonel1032: posts big blind $0.02
*** HOLE CARDS ***
Dealt to Dorex2007 [3h 5c]
StargazerSTG: folds 
perffect16: folds 
EdivierMJ: folds 
Moisesbh: calls $0.02
MurDockey: folds 
Dorex2007: folds 
Aflil1966: calls $0.01
leonel1032: checks 
*** FLOP *** [Kc 6s 9s]
Aflil1966: checks 
leonel1032: checks 
Moisesbh: bets $0.04
Aflil1966: folds 
leonel1032: folds 
Uncalled bet ($0.04) returned to Moisesbh
Moisesbh collected $0.06 from pot
*** SUMMARY ***
Total pot $0.06 | Rake $0 
Board [Kc 6s 9s]
Seat 1: perffect16 folded before Flop (didn't bet)
Seat 2: EdivierMJ folded before Flop (didn't bet)
Seat 3: Moisesbh collected ($0.06)
Seat 4: MurDockey folded before Flop (didn't bet)
Seat 5: Dorex2007 (button) folded before Flop (didn't bet)
Seat 6: Aflil1966 (small blind) folded on the Flop
Seat 7: leonel1032 (big blind) folded on the Flop
Seat 8: StargazerSTG folded before Flop (didn't bet)



PokerStars Hand #237148325641:  Hold'em No Limit ($0.01/$0.02 USD) - 2022/07/03 19:11:32 PT [2022/07/03 22:11:32 ET]
Table 'Paulina III' 9-max Seat #6 is the button
Seat 1: perffect16 ($3.80 in chips) 
Seat 2: EdivierMJ ($1.07 in chips) 
Seat 3: Moisesbh ($1.32 in chips) 
Seat 4: MurDockey ($1.21 in chips) 
Seat 5: Dorex2007 ($2.37 in chips) 
Seat 6: Aflil1966 ($5.26 in chips) 
Seat 7: leonel1032 ($2.25 in chips) 
Seat 8: StargazerSTG ($2.69 in chips) 
leonel1032: posts small blind $0.01
StargazerSTG: posts big blind $0.02
*** HOLE CARDS ***
Dealt to Dorex2007 [Th Jd]
perffect16: folds 
EdivierMJ: folds 
Moisesbh: folds 
MurDockey: folds 
Dorex2007: raises $0.04 to $0.06
Aflil1966: folds 
leonel1032: calls $0.05
StargazerSTG: folds 
*** FLOP *** [2s 6s 5d]
leonel1032: checks 
Dorex2007: checks 
*** TURN *** [2s 6s 5d] [2h]
leonel1032: checks 
Dorex2007: bets $0.07
leonel1032: folds 
Uncalled bet ($0.07) returned to Dorex2007
Dorex2007 collected $0.14 from pot
*** SUMMARY ***
Total pot $0.14 | Rake $0 
Board [2s 6s 5d 2h]
Seat 1: perffect16 folded before Flop (didn't bet)
Seat 2: EdivierMJ folded before Flop (didn't bet)
Seat 3: Moisesbh folded before Flop (didn't bet)
Seat 4: MurDockey folded before Flop (didn't bet)
Seat 5: Dorex2007 collected ($0.14)
Seat 6: Aflil1966 (button) folded before Flop (didn't bet)
Seat 7: leonel1032 (small blind) folded on the Turn
Seat 8: StargazerSTG (big blind) folded before Flop



PokerStars Hand #237148332358:  Hold'em No Limit ($0.01/$0.02 USD) - 2022/07/03 19:12:11 PT [2022/07/03 22:12:11 ET]
Table 'Paulina III' 9-max Seat #7 is the button
Seat 1: perffect16 ($3.80 in chips) 
Seat 2: EdivierMJ ($1.07 in chips) 
Seat 3: Moisesbh ($1.32 in chips) 
Seat 4: MurDockey ($1.21 in chips) 
Seat 5: Dorex2007 ($2.45 in chips) 
Seat 6: Aflil1966 ($5.26 in chips) 
Seat 7: leonel1032 ($2.19 in chips) 
Seat 8: StargazerSTG ($2.67 in chips) 
StargazerSTG: posts small blind $0.01
perffect16: posts big blind $0.02
*** HOLE CARDS ***
Dealt to Dorex2007 [2h Jc]
EdivierMJ: folds 
Moisesbh: folds 
MurDockey: folds 
Dorex2007: folds 
Aflil1966: folds 
leonel1032: folds 
StargazerSTG: raises $0.04 to $0.06
perffect16: folds 
Uncalled bet ($0.04) returned to StargazerSTG
StargazerSTG collected $0.04 from pot
INTIMIDATOR69 leaves the table
*** SUMMARY ***
Total pot $0.04 | Rake $0 
Seat 1: perffect16 (big blind) folded before Flop
Seat 2: EdivierMJ folded before Flop (didn't bet)
Seat 3: Moisesbh folded before Flop (didn't bet)
Seat 4: MurDockey folded before Flop (didn't bet)
Seat 5: Dorex2007 folded before Flop (didn't bet)
Seat 6: Aflil1966 folded before Flop (didn't bet)
Seat 7: leonel1032 (button) folded before Flop (didn't bet)
Seat 8: StargazerSTG (small blind) collected ($0.04)



PokerStars Hand #237148336089:  Hold'em No Limit ($0.01/$0.02 USD) - 2022/07/03 19:12:33 PT [2022/07/03 22:12:33 ET]
Table 'Paulina III' 9-max Seat #8 is the button
Seat 1: perffect16 ($3.78 in chips) 
Seat 2: EdivierMJ ($1.07 in chips) 
Seat 3: Moisesbh ($1.32 in chips) 
Seat 4: MurDockey ($1.21 in chips) 
Seat 5: Dorex2007 ($2.45 in chips) 
Seat 6: Aflil1966 ($5.26 in chips) 
Seat 7: leonel1032 ($2.19 in chips) 
Seat 8: StargazerSTG ($2.69 in chips) 
perffect16: posts small blind $0.01
EdivierMJ: posts big blind $0.02
*** HOLE CARDS ***
Dealt to Dorex2007 [Jh 4h]
Moisesbh: folds 
MurDockey: folds 
Dorex2007: folds 
Aflil1966: folds 
leonel1032: calls $0.02
StargazerSTG: folds 
perffect16: raises $0.04 to $0.06
EdivierMJ: folds 
leonel1032: folds 
Uncalled bet ($0.04) returned to perffect16
perffect16 collected $0.06 from pot
*** SUMMARY ***
Total pot $0.06 | Rake $0 
Seat 1: perffect16 (small blind) collected ($0.06)
Seat 2: EdivierMJ (big blind) folded before Flop
Seat 3: Moisesbh folded before Flop (didn't bet)
Seat 4: MurDockey folded before Flop (didn't bet)
Seat 5: Dorex2007 folded before Flop (didn't bet)
Seat 6: Aflil1966 folded before Flop (didn't bet)
Seat 7: leonel1032 folded before Flop
Seat 8: StargazerSTG (button) folded before Flop (didn't bet)



PokerStars Hand #237148341212:  Hold'em No Limit ($0.01/$0.02 USD) - 2022/07/03 19:13:03 PT [2022/07/03 22:13:03 ET]
Table 'Paulina III' 9-max Seat #1 is the button
Seat 1: perffect16 ($3.82 in chips) 
Seat 2: EdivierMJ ($1.05 in chips) 
Seat 3: Moisesbh ($1.32 in chips) 
Seat 4: MurDockey ($1.21 in chips) 
Seat 5: Dorex2007 ($2.45 in chips) 
Seat 6: Aflil1966 ($5.26 in chips) 
Seat 7: leonel1032 ($2.17 in chips) 
Seat 8: StargazerSTG ($2.69 in chips) 
EdivierMJ: posts small blind $0.01
Moisesbh: posts big blind $0.02
*** HOLE CARDS ***
Dealt to Dorex2007 [3h 9h]
MurDockey: folds 
Dorex2007: folds 
Aflil1966: folds 
leonel1032: folds 
StargazerSTG: folds 
perffect16: raises $0.04 to $0.06
EdivierMJ: folds 
geyza15 joins the table at seat #9 
Moisesbh: folds 
Uncalled bet ($0.04) returned to perffect16
perffect16 collected $0.05 from pot
*** SUMMARY ***
Total pot $0.05 | Rake $0 
Seat 1: perffect16 (button) collected ($0.05)
Seat 2: EdivierMJ (small blind) folded before Flop
Seat 3: Moisesbh (big blind) folded before Flop
Seat 4: MurDockey folded before Flop (didn't bet)
Seat 5: Dorex2007 folded before Flop (didn't bet)
Seat 6: Aflil1966 folded before Flop (didn't bet)
Seat 7: leonel1032 folded before Flop (didn't bet)
Seat 8: StargazerSTG folded before Flop (didn't bet)



PokerStars Hand #237148344509:  Hold'em No Limit ($0.01/$0.02 USD) - 2022/07/03 19:13:22 PT [2022/07/03 22:13:22 ET]
Table 'Paulina III' 9-max Seat #2 is the button
Seat 1: perffect16 ($3.85 in chips) 
Seat 2: EdivierMJ ($1.04 in chips) 
Seat 3: Moisesbh ($1.30 in chips) 
Seat 4: MurDockey ($1.21 in chips) 
Seat 5: Dorex2007 ($2.45 in chips) 
Seat 6: Aflil1966 ($5.26 in chips) 
Seat 7: leonel1032 ($2.17 in chips) 
Seat 8: StargazerSTG ($2.69 in chips) 
Moisesbh: posts small blind $0.01
MurDockey: posts big blind $0.02
geyza15: sits out 
*** HOLE CARDS ***
Dealt to Dorex2007 [4d 2h]
Dorex2007: folds 
Aflil1966: calls $0.02
leonel1032: calls $0.02
StargazerSTG: folds 
perffect16: calls $0.02
EdivierMJ: calls $0.02
Moisesbh: calls $0.01
MurDockey: checks 
*** FLOP *** [8c 4c 8h]
Moisesbh: checks 
MurDockey: checks 
Aflil1966: checks 
leonel1032: checks 
perffect16: checks 
EdivierMJ: checks 
*** TURN *** [8c 4c 8h] [Td]
Moisesbh: bets $0.04
MurDockey: folds 
Aflil1966: folds 
leonel1032: folds 
perffect16: calls $0.04
EdivierMJ: folds 
*** RIVER *** [8c 4c 8h Td] [Ks]
Moisesbh: bets $0.10
perffect16: calls $0.10
*** SHOW DOWN ***
Moisesbh: shows [9h 8s] (three of a kind, Eights)
perffect16: mucks hand 
Moisesbh collected $0.39 from pot
*** SUMMARY ***
Total pot $0.40 | Rake $0.01 
Board [8c 4c 8h Td Ks]
Seat 1: perffect16 mucked [Tc 3c]
Seat 2: EdivierMJ (button) folded on the Turn
Seat 3: Moisesbh (small blind) showed [9h 8s] and won ($0.39) with three of a kind, Eights
Seat 4: MurDockey (big blind) folded on the Turn
Seat 5: Dorex2007 folded before Flop (didn't bet)
Seat 6: Aflil1966 folded on the Turn
Seat 7: leonel1032 folded on the Turn
Seat 8: StargazerSTG folded before Flop (didn't bet)



PokerStars Hand #237148356851:  Hold'em No Limit ($0.01/$0.02 USD) - 2022/07/03 19:14:37 PT [2022/07/03 22:14:37 ET]
Table 'Paulina III' 9-max Seat #3 is the button
Seat 1: perffect16 ($3.69 in chips) 
Seat 2: EdivierMJ ($1.02 in chips) 
Seat 3: Moisesbh ($1.53 in chips) 
Seat 4: MurDockey ($1.19 in chips) 
Seat 5: Dorex2007 ($2.45 in chips) 
Seat 6: Aflil1966 ($5.24 in chips) 
Seat 7: leonel1032 ($2.15 in chips) 
Seat 8: StargazerSTG ($2.69 in chips) 
MurDockey: posts small blind $0.01
Dorex2007: posts big blind $0.02
geyza15: sits out 
*** HOLE CARDS ***
Dealt to Dorex2007 [Ad 4s]
Aflil1966: folds 
leonel1032: folds 
StargazerSTG: folds 
perffect16: folds 
EdivierMJ: raises $0.02 to $0.04
Moisesbh: folds 
MurDockey: folds 
Dorex2007: folds 
Uncalled bet ($0.02) returned to EdivierMJ
EdivierMJ collected $0.05 from pot
*** SUMMARY ***
Total pot $0.05 | Rake $0 
Seat 1: perffect16 folded before Flop (didn't bet)
Seat 2: EdivierMJ collected ($0.05)
Seat 3: Moisesbh (button) folded before Flop (didn't bet)
Seat 4: MurDockey (small blind) folded before Flop
Seat 5: Dorex2007 (big blind) folded before Flop
Seat 6: Aflil1966 folded before Flop (didn't bet)
Seat 7: leonel1032 folded before Flop (didn't bet)
Seat 8: StargazerSTG folded before Flop (didn't bet)



PokerStars Hand #237148361373:  Hold'em No Limit ($0.01/$0.02 USD) - 2022/07/03 19:15:04 PT [2022/07/03 22:15:04 ET]
Table 'Paulina III' 9-max Seat #4 is the button
Seat 1: perffect16 ($3.69 in chips) 
Seat 2: EdivierMJ ($1.05 in chips) 
Seat 3: Moisesbh ($1.53 in chips) 
Seat 4: MurDockey ($1.18 in chips) 
Seat 5: Dorex2007 ($2.43 in chips) 
Seat 6: Aflil1966 ($5.24 in chips) 
Seat 7: leonel1032 ($2.15 in chips) 
Seat 8: StargazerSTG ($2.69 in chips) 
Dorex2007: posts small blind $0.01
Aflil1966: posts big blind $0.02
geyza15: sits out 
*** HOLE CARDS ***
Dealt to Dorex2007 [5c 4h]
leonel1032: folds 
StargazerSTG: folds 
perffect16: folds 
EdivierMJ: calls $0.02
Moisesbh: folds 
MurDockey: folds 
Dorex2007: folds 
Aflil1966: checks 
*** FLOP *** [Ac 9s Qc]
Aflil1966: checks 
EdivierMJ: checks 
*** TURN *** [Ac 9s Qc] [7s]
Aflil1966: checks 
EdivierMJ: bets $0.05
Aflil1966: folds 
Uncalled bet ($0.05) returned to EdivierMJ
EdivierMJ collected $0.05 from pot
*** SUMMARY ***
Total pot $0.05 | Rake $0 
Board [Ac 9s Qc 7s]
Seat 1: perffect16 folded before Flop (didn't bet)
Seat 2: EdivierMJ collected ($0.05)
Seat 3: Moisesbh folded before Flop (didn't bet)
Seat 4: MurDockey (button) folded before Flop (didn't bet)
Seat 5: Dorex2007 (small blind) folded before Flop
Seat 6: Aflil1966 (big blind) folded on the Turn
Seat 7: leonel1032 folded before Flop (didn't bet)
Seat 8: StargazerSTG folded before Flop (didn't bet)



PokerStars Hand #237148372368:  Hold'em No Limit ($0.01/$0.02 USD) - 2022/07/03 19:16:09 PT [2022/07/03 22:16:09 ET]
Table 'Paulina III' 9-max Seat #5 is the button
Seat 1: perffect16 ($3.69 in chips) 
Seat 2: EdivierMJ ($1.08 in chips) 
Seat 3: Moisesbh ($1.53 in chips) 
Seat 4: MurDockey ($1.18 in chips) 
Seat 5: Dorex2007 ($2.42 in chips) 
Seat 6: Aflil1966 ($5.22 in chips) 
Seat 7: leonel1032 ($2.15 in chips) 
Seat 8: StargazerSTG ($2.69 in chips) 
Aflil1966: posts small blind $0.01
leonel1032: posts big blind $0.02
geyza15: sits out 
*** HOLE CARDS ***
Dealt to Dorex2007 [Qs 4d]
StargazerSTG: folds 
perffect16: folds 
EdivierMJ: calls $0.02
Moisesbh: folds 
MurDockey: folds 
Dorex2007: folds 
Aflil1966: folds 
leonel1032: checks 
*** FLOP *** [4s 6h 3d]
leonel1032: bets $0.05
EdivierMJ: folds 
Uncalled bet ($0.05) returned to leonel1032
leonel1032 collected $0.05 from pot
*** SUMMARY ***
Total pot $0.05 | Rake $0 
Board [4s 6h 3d]
Seat 1: perffect16 folded before Flop (didn't bet)
Seat 2: EdivierMJ folded on the Flop
Seat 3: Moisesbh folded before Flop (didn't bet)
Seat 4: MurDockey folded before Flop (didn't bet)
Seat 5: Dorex2007 (button) folded before Flop (didn't bet)
Seat 6: Aflil1966 (small blind) folded before Flop
Seat 7: leonel1032 (big blind) collected ($0.05)
Seat 8: StargazerSTG folded before Flop (didn't bet)



PokerStars Hand #237148378984:  Hold'em No Limit ($0.01/$0.02 USD) - 2022/07/03 19:16:49 PT [2022/07/03 22:16:49 ET]
Table 'Paulina III' 9-max Seat #6 is the button
Seat 1: perffect16 ($3.69 in chips) 
Seat 2: EdivierMJ ($1.06 in chips) 
Seat 3: Moisesbh ($1.53 in chips) 
Seat 4: MurDockey ($1.18 in chips) 
Seat 5: Dorex2007 ($2.42 in chips) 
Seat 6: Aflil1966 ($5.21 in chips) 
Seat 7: leonel1032 ($2.18 in chips) 
Seat 8: StargazerSTG ($2.69 in chips) 
leonel1032: posts small blind $0.01
StargazerSTG: posts big blind $0.02
geyza15: sits out 
*** HOLE CARDS ***
Dealt to Dorex2007 [8d Tc]
perffect16: folds 
EdivierMJ: folds 
Moisesbh: folds 
MurDockey has timed out
MurDockey: folds 
Dorex2007: folds 
Aflil1966: folds 
leonel1032: calls $0.01
StargazerSTG: checks 
*** FLOP *** [9c 5c Ac]
leonel1032: checks 
StargazerSTG: bets $0.04
leonel1032: folds 
Uncalled bet ($0.04) returned to StargazerSTG
StargazerSTG collected $0.04 from pot
*** SUMMARY ***
Total pot $0.04 | Rake $0 
Board [9c 5c Ac]
Seat 1: perffect16 folded before Flop (didn't bet)
Seat 2: EdivierMJ folded before Flop (didn't bet)
Seat 3: Moisesbh folded before Flop (didn't bet)
Seat 4: MurDockey folded before Flop (didn't bet)
Seat 5: Dorex2007 folded before Flop (didn't bet)
Seat 6: Aflil1966 (button) folded before Flop (didn't bet)
Seat 7: leonel1032 (small blind) folded on the Flop
Seat 8: StargazerSTG (big blind) collected ($0.04)



PokerStars Hand #237148384596:  Hold'em No Limit ($0.01/$0.02 USD) - 2022/07/03 19:17:23 PT [2022/07/03 22:17:23 ET]
Table 'Paulina III' 9-max Seat #7 is the button
Seat 1: perffect16 ($3.69 in chips) 
Seat 2: EdivierMJ ($1.06 in chips) 
Seat 3: Moisesbh ($1.53 in chips) 
Seat 4: MurDockey ($1.18 in chips) 
Seat 5: Dorex2007 ($2.42 in chips) 
Seat 6: Aflil1966 ($5.21 in chips) 
Seat 7: leonel1032 ($2.16 in chips) 
Seat 8: StargazerSTG ($2.71 in chips) 
Seat 9: geyza15 ($2 in chips) 
StargazerSTG: posts small blind $0.01
geyza15: posts big blind $0.02
*** HOLE CARDS ***
Dealt to Dorex2007 [Qs Ts]
perffect16: folds 
EdivierMJ: raises $0.02 to $0.04
Moisesbh: folds 
MurDockey: calls $0.04
Dorex2007: calls $0.04
Aflil1966: folds 
leonel1032: calls $0.04
StargazerSTG: folds 
geyza15: calls $0.02
*** FLOP *** [Th Qc 8s]
geyza15: checks 
EdivierMJ: bets $0.10
MurDockey: folds 
Dorex2007: raises $0.40 to $0.50
leonel1032: folds 
geyza15: folds 
EdivierMJ: calls $0.40
*** TURN *** [Th Qc 8s] [2s]
EdivierMJ: checks 
Dorex2007: bets $0.58
EdivierMJ: folds 
Uncalled bet ($0.58) returned to Dorex2007
Dorex2007 collected $1.17 from pot
*** SUMMARY ***
Total pot $1.21 | Rake $0.04 
Board [Th Qc 8s 2s]
Seat 1: perffect16 folded before Flop (didn't bet)
Seat 2: EdivierMJ folded on the Turn
Seat 3: Moisesbh folded before Flop (didn't bet)
Seat 4: MurDockey folded on the Flop
Seat 5: Dorex2007 collected ($1.17)
Seat 6: Aflil1966 folded before Flop (didn't bet)
Seat 7: leonel1032 (button) folded on the Flop
Seat 8: StargazerSTG (small blind) folded before Flop
Seat 9: geyza15 (big blind) folded on the Flop



PokerStars Hand #237148412652:  Hold'em No Limit ($0.01/$0.02 USD) - 2022/07/03 19:19:11 PT [2022/07/03 22:19:11 ET]
Table 'Paulina III' 9-max Seat #8 is the button
Seat 1: perffect16 ($3.69 in chips) 
Seat 2: EdivierMJ ($0.52 in chips) 
Seat 3: Moisesbh ($1.53 in chips) 
Seat 4: MurDockey ($1.14 in chips) 
Seat 5: Dorex2007 ($3.05 in chips) 
Seat 6: Aflil1966 ($5.21 in chips) 
Seat 7: leonel1032 ($2.12 in chips) 
Seat 8: StargazerSTG ($2.70 in chips) 
Seat 9: geyza15 ($2 in chips) 
geyza15: posts small blind $0.01
perffect16: posts big blind $0.02
*** HOLE CARDS ***
Dealt to Dorex2007 [Ad 4h]
EdivierMJ: calls $0.02
Moisesbh: folds 
MurDockey: folds 
Dorex2007: folds 
Aflil1966: folds 
leonel1032: calls $0.02
StargazerSTG: folds 
geyza15: folds 
perffect16: checks 
*** FLOP *** [7h 5d 9d]
perffect16: checks 
EdivierMJ: checks 
leonel1032: checks 
*** TURN *** [7h 5d 9d] [Jd]
perffect16: checks 
EdivierMJ: checks 
leonel1032: checks 
*** RIVER *** [7h 5d 9d Jd] [9h]
perffect16: checks 
EdivierMJ: bets $0.07
leonel1032: folds 
perffect16: folds 
Uncalled bet ($0.07) returned to EdivierMJ
EdivierMJ collected $0.07 from pot
*** SUMMARY ***
Total pot $0.07 | Rake $0 
Board [7h 5d 9d Jd 9h]
Seat 1: perffect16 (big blind) folded on the River
Seat 2: EdivierMJ collected ($0.07)
Seat 3: Moisesbh folded before Flop (didn't bet)
Seat 4: MurDockey folded before Flop (didn't bet)
Seat 5: Dorex2007 folded before Flop (didn't bet)
Seat 6: Aflil1966 folded before Flop (didn't bet)
Seat 7: leonel1032 folded on the River
Seat 8: StargazerSTG (button) folded before Flop (didn't bet)
Seat 9: geyza15 (small blind) folded before Flop



PokerStars Hand #237148422099:  Hold'em No Limit ($0.01/$0.02 USD) - 2022/07/03 19:20:08 PT [2022/07/03 22:20:08 ET]
Table 'Paulina III' 9-max Seat #9 is the button
Seat 1: perffect16 ($3.67 in chips) 
Seat 2: EdivierMJ ($0.57 in chips) 
Seat 3: Moisesbh ($1.53 in chips) 
Seat 4: MurDockey ($1.14 in chips) 
Seat 5: Dorex2007 ($3.05 in chips) 
Seat 6: Aflil1966 ($5.21 in chips) 
Seat 7: leonel1032 ($2.10 in chips) 
Seat 8: StargazerSTG ($2.70 in chips) 
Seat 9: geyza15 ($2 in chips) 
perffect16: posts small blind $0.01
EdivierMJ: posts big blind $0.02
*** HOLE CARDS ***
Dealt to Dorex2007 [2c 6h]
Moisesbh: raises $0.02 to $0.04
MurDockey: folds 
Dorex2007: folds 
Aflil1966: folds 
leonel1032: folds 
StargazerSTG: folds 
geyza15: calls $0.04
perffect16: folds 
EdivierMJ: folds 
*** FLOP *** [7d 9d 8h]
Moisesbh: bets $0.05
geyza15: calls $0.05
*** TURN *** [7d 9d 8h] [4h]
Moisesbh: checks 
geyza15: checks 
*** RIVER *** [7d 9d 8h 4h] [5s]
Moisesbh: checks 
geyza15: bets $0.10
Moisesbh: folds 
Uncalled bet ($0.10) returned to geyza15
geyza15 collected $0.20 from pot
*** SUMMARY ***
Total pot $0.21 | Rake $0.01 
Board [7d 9d 8h 4h 5s]
Seat 1: perffect16 (small blind) folded before Flop
Seat 2: EdivierMJ (big blind) folded before Flop
Seat 3: Moisesbh folded on the River
Seat 4: MurDockey folded before Flop (didn't bet)
Seat 5: Dorex2007 folded before Flop (didn't bet)
Seat 6: Aflil1966 folded before Flop (didn't bet)
Seat 7: leonel1032 folded before Flop (didn't bet)
Seat 8: StargazerSTG folded before Flop (didn't bet)
Seat 9: geyza15 (button) collected ($0.20)



PokerStars Hand #237148433986:  Hold'em No Limit ($0.01/$0.02 USD) - 2022/07/03 19:21:19 PT [2022/07/03 22:21:19 ET]
Table 'Paulina III' 9-max Seat #1 is the button
Seat 1: perffect16 ($3.66 in chips) 
Seat 2: EdivierMJ ($0.55 in chips) 
Seat 3: Moisesbh ($1.44 in chips) 
Seat 4: MurDockey ($1.14 in chips) 
Seat 5: Dorex2007 ($3.05 in chips) 
Seat 6: Aflil1966 ($5.21 in chips) 
Seat 7: leonel1032 ($2.10 in chips) 
Seat 8: StargazerSTG ($2.70 in chips) 
Seat 9: geyza15 ($2.11 in chips) 
EdivierMJ: posts small blind $0.01
Moisesbh: posts big blind $0.02
*** HOLE CARDS ***
Dealt to Dorex2007 [Qc Ts]
MurDockey: folds 
Dorex2007: calls $0.02
Aflil1966: calls $0.02
leonel1032: folds 
StargazerSTG: folds 
geyza15: calls $0.02
perffect16: calls $0.02
EdivierMJ: calls $0.01
Moisesbh: checks 
*** FLOP *** [3c Kc 6d]
EdivierMJ: checks 
Moisesbh: checks 
Dorex2007: checks 
Aflil1966: checks 
geyza15: bets $0.12
perffect16: folds 
EdivierMJ: folds 
Moisesbh: folds 
Dorex2007: folds 
Aflil1966: folds 
Uncalled bet ($0.12) returned to geyza15
geyza15 collected $0.12 from pot
*** SUMMARY ***
Total pot $0.12 | Rake $0 
Board [3c Kc 6d]
Seat 1: perffect16 (button) folded on the Flop
Seat 2: EdivierMJ (small blind) folded on the Flop
Seat 3: Moisesbh (big blind) folded on the Flop
Seat 4: MurDockey folded before Flop (didn't bet)
Seat 5: Dorex2007 folded on the Flop
Seat 6: Aflil1966 folded on the Flop
Seat 7: leonel1032 folded before Flop (didn't bet)
Seat 8: StargazerSTG folded before Flop (didn't bet)
Seat 9: geyza15 collected ($0.12)



PokerStars Hand #237148446150:  Hold'em No Limit ($0.01/$0.02 USD) - 2022/07/03 19:22:23 PT [2022/07/03 22:22:23 ET]
Table 'Paulina III' 9-max Seat #2 is the button
Seat 1: perffect16 ($3.64 in chips) 
Seat 2: EdivierMJ ($0.53 in chips) 
Seat 3: Moisesbh ($1.42 in chips) 
Seat 4: MurDockey ($1.14 in chips) 
Seat 5: Dorex2007 ($3.03 in chips) 
Seat 6: Aflil1966 ($5.19 in chips) 
Seat 7: leonel1032 ($2.10 in chips) 
Seat 8: StargazerSTG ($2.70 in chips) 
Seat 9: geyza15 ($2.21 in chips) 
Moisesbh: posts small blind $0.01
MurDockey: posts big blind $0.02
*** HOLE CARDS ***
Dealt to Dorex2007 [Js 7s]
Dorex2007: folds 
Aflil1966: calls $0.02
leonel1032: folds 
StargazerSTG: folds 
geyza15: folds 
perffect16: calls $0.02
EdivierMJ: folds 
Moisesbh: folds 
MurDockey: checks 
*** FLOP *** [5s Kc Ts]
MurDockey: checks 
Aflil1966: checks 
perffect16: bets $0.07
MurDockey: folds 
Aflil1966: folds 
Uncalled bet ($0.07) returned to perffect16
perffect16 collected $0.07 from pot
*** SUMMARY ***
Total pot $0.07 | Rake $0 
Board [5s Kc Ts]
Seat 1: perffect16 collected ($0.07)
Seat 2: EdivierMJ (button) folded before Flop (didn't bet)
Seat 3: Moisesbh (small blind) folded before Flop
Seat 4: MurDockey (big blind) folded on the Flop
Seat 5: Dorex2007 folded before Flop (didn't bet)
Seat 6: Aflil1966 folded on the Flop
Seat 7: leonel1032 folded before Flop (didn't bet)
Seat 8: StargazerSTG folded before Flop (didn't bet)
Seat 9: geyza15 folded before Flop (didn't bet)



PokerStars Hand #237148456313:  Hold'em No Limit ($0.01/$0.02 USD) - 2022/07/03 19:23:24 PT [2022/07/03 22:23:24 ET]
Table 'Paulina III' 9-max Seat #3 is the button
Seat 1: perffect16 ($3.69 in chips) 
Seat 2: EdivierMJ ($0.53 in chips) 
Seat 3: Moisesbh ($1.41 in chips) 
Seat 4: MurDockey ($1.12 in chips) 
Seat 5: Dorex2007 ($3.03 in chips) 
Seat 6: Aflil1966 ($5.17 in chips) 
Seat 7: leonel1032 ($2.10 in chips) 
Seat 8: StargazerSTG ($2.70 in chips) 
Seat 9: geyza15 ($2.21 in chips) 
MurDockey: posts small blind $0.01
Dorex2007: posts big blind $0.02
*** HOLE CARDS ***
Dealt to Dorex2007 [Qh Qs]
Aflil1966: folds 
leonel1032: calls $0.02
StargazerSTG: raises $0.04 to $0.06
geyza15: folds 
perffect16: folds 
EdivierMJ: folds 
Moisesbh: folds 
MurDockey: folds 
Dorex2007: raises $0.14 to $0.20
leonel1032: calls $0.18
StargazerSTG: folds 
*** FLOP *** [3d 4h 8c]
Dorex2007: bets $0.45
leonel1032: folds 
Uncalled bet ($0.45) returned to Dorex2007
Dorex2007 collected $0.45 from pot
*** SUMMARY ***
Total pot $0.47 | Rake $0.02 
Board [3d 4h 8c]
Seat 1: perffect16 folded before Flop (didn't bet)
Seat 2: EdivierMJ folded before Flop (didn't bet)
Seat 3: Moisesbh (button) folded before Flop (didn't bet)
Seat 4: MurDockey (small blind) folded before Flop
Seat 5: Dorex2007 (big blind) collected ($0.45)
Seat 6: Aflil1966 folded before Flop (didn't bet)
Seat 7: leonel1032 folded on the Flop
Seat 8: StargazerSTG folded before Flop
Seat 9: geyza15 folded before Flop (didn't bet)



PokerStars Hand #237148464479:  Hold'em No Limit ($0.01/$0.02 USD) - 2022/07/03 19:24:16 PT [2022/07/03 22:24:16 ET]
Table 'Paulina III' 9-max Seat #4 is the button
Seat 1: perffect16 ($3.69 in chips) 
Seat 2: EdivierMJ ($0.53 in chips) 
Seat 3: Moisesbh ($1.41 in chips) 
Seat 4: MurDockey ($1.11 in chips) 
Seat 5: Dorex2007 ($3.28 in chips) 
Seat 6: Aflil1966 ($5.17 in chips) 
Seat 7: leonel1032 ($1.90 in chips) 
Seat 8: StargazerSTG ($2.64 in chips) 
Seat 9: geyza15 ($2.21 in chips) 
Dorex2007: posts small blind $0.01
Aflil1966: posts big blind $0.02
*** HOLE CARDS ***
Dealt to Dorex2007 [8h Ks]
leonel1032: calls $0.02
StargazerSTG: raises $0.04 to $0.06
geyza15: folds 
perffect16: folds 
EdivierMJ: folds 
Moisesbh: calls $0.06
MurDockey: folds 
Dorex2007: folds 
Aflil1966: calls $0.04
leonel1032: calls $0.04
*** FLOP *** [8c 6h 8s]
Aflil1966: bets $0.02
leonel1032: calls $0.02
StargazerSTG: calls $0.02
Moisesbh: calls $0.02
*** TURN *** [8c 6h 8s] [Kc]
Aflil1966: checks 
leonel1032: checks 
StargazerSTG: checks 
Moisesbh: checks 
*** RIVER *** [8c 6h 8s Kc] [9c]
Aflil1966: checks 
leonel1032: bets $1.82 and is all-in
StargazerSTG: folds 
Moisesbh: folds 
Aflil1966: folds 
Uncalled bet ($1.82) returned to leonel1032
leonel1032 collected $0.32 from pot
*** SUMMARY ***
Total pot $0.33 | Rake $0.01 
Board [8c 6h 8s Kc 9c]
Seat 1: perffect16 folded before Flop (didn't bet)
Seat 2: EdivierMJ folded before Flop (didn't bet)
Seat 3: Moisesbh folded on the River
Seat 4: MurDockey (button) folded before Flop (didn't bet)
Seat 5: Dorex2007 (small blind) folded before Flop
Seat 6: Aflil1966 (big blind) folded on the River
Seat 7: leonel1032 collected ($0.32)
Seat 8: StargazerSTG folded on the River
Seat 9: geyza15 folded before Flop (didn't bet)



PokerStars Hand #237148478331:  Hold'em No Limit ($0.01/$0.02 USD) - 2022/07/03 19:25:42 PT [2022/07/03 22:25:42 ET]
Table 'Paulina III' 9-max Seat #5 is the button
Seat 1: perffect16 ($3.69 in chips) 
Seat 2: EdivierMJ ($0.53 in chips) 
Seat 3: Moisesbh ($1.33 in chips) 
Seat 4: MurDockey ($1.11 in chips) 
Seat 5: Dorex2007 ($3.27 in chips) 
Seat 6: Aflil1966 ($5.09 in chips) 
Seat 7: leonel1032 ($2.14 in chips) 
Seat 8: StargazerSTG ($2.56 in chips) 
Seat 9: geyza15 ($2.21 in chips) 
Aflil1966: posts small blind $0.01
leonel1032: posts big blind $0.02
*** HOLE CARDS ***
Dealt to Dorex2007 [Kh Th]
StargazerSTG: folds 
geyza15: folds 
perffect16: calls $0.02
EdivierMJ: folds 
Moisesbh: folds 
MurDockey: folds 
Dorex2007: raises $0.08 to $0.10
Aflil1966: folds 
leonel1032: folds 
perffect16: calls $0.08
*** FLOP *** [Tc Ac 3h]
perffect16: checks 
Dorex2007: bets $0.11
perffect16: folds 
Uncalled bet ($0.11) returned to Dorex2007
Dorex2007 collected $0.22 from pot
*** SUMMARY ***
Total pot $0.23 | Rake $0.01 
Board [Tc Ac 3h]
Seat 1: perffect16 folded on the Flop
Seat 2: EdivierMJ folded before Flop (didn't bet)
Seat 3: Moisesbh folded before Flop (didn't bet)
Seat 4: MurDockey folded before Flop (didn't bet)
Seat 5: Dorex2007 (button) collected ($0.22)
Seat 6: Aflil1966 (small blind) folded before Flop
Seat 7: leonel1032 (big blind) folded before Flop
Seat 8: StargazerSTG folded before Flop (didn't bet)
Seat 9: geyza15 folded before Flop (didn't bet)



PokerStars Hand #237148485545:  Hold'em No Limit ($0.01/$0.02 USD) - 2022/07/03 19:26:27 PT [2022/07/03 22:26:27 ET]
Table 'Paulina III' 9-max Seat #6 is the button
Seat 1: perffect16 ($3.59 in chips) 
Seat 2: EdivierMJ ($0.53 in chips) 
Seat 3: Moisesbh ($1.33 in chips) 
Seat 4: MurDockey ($1.11 in chips) 
Seat 5: Dorex2007 ($3.39 in chips) 
Seat 6: Aflil1966 ($5.08 in chips) 
Seat 7: leonel1032 ($2.12 in chips) 
Seat 8: StargazerSTG ($2.56 in chips) 
Seat 9: geyza15 ($2.21 in chips) 
leonel1032: posts small blind $0.01
StargazerSTG: posts big blind $0.02
*** HOLE CARDS ***
Dealt to Dorex2007 [4c Tc]
geyza15: raises $0.04 to $0.06
perffect16: folds 
EdivierMJ: folds 
Moisesbh: folds 
MurDockey: folds 
Dorex2007: folds 
Aflil1966: folds 
leonel1032: calls $0.05
StargazerSTG: calls $0.04
*** FLOP *** [8d 3c Ks]
leonel1032: checks 
StargazerSTG: checks 
geyza15: bets $0.12
leonel1032: folds 
StargazerSTG: folds 
Uncalled bet ($0.12) returned to geyza15
geyza15 collected $0.17 from pot
*** SUMMARY ***
Total pot $0.18 | Rake $0.01 
Board [8d 3c Ks]
Seat 1: perffect16 folded before Flop (didn't bet)
Seat 2: EdivierMJ folded before Flop (didn't bet)
Seat 3: Moisesbh folded before Flop (didn't bet)
Seat 4: MurDockey folded before Flop (didn't bet)
Seat 5: Dorex2007 folded before Flop (didn't bet)
Seat 6: Aflil1966 (button) folded before Flop (didn't bet)
Seat 7: leonel1032 (small blind) folded on the Flop
Seat 8: StargazerSTG (big blind) folded on the Flop
Seat 9: geyza15 collected ($0.17)



PokerStars Hand #237148490383:  Hold'em No Limit ($0.01/$0.02 USD) - 2022/07/03 19:26:57 PT [2022/07/03 22:26:57 ET]
Table 'Paulina III' 9-max Seat #7 is the button
Seat 1: perffect16 ($3.59 in chips) 
Seat 2: EdivierMJ ($0.53 in chips) 
Seat 3: Moisesbh ($1.33 in chips) 
Seat 4: MurDockey ($1.11 in chips) 
Seat 5: Dorex2007 ($3.39 in chips) 
Seat 6: Aflil1966 ($5.08 in chips) 
Seat 7: leonel1032 ($2.06 in chips) 
Seat 8: StargazerSTG ($2.50 in chips) 
Seat 9: geyza15 ($2.32 in chips) 
StargazerSTG: posts small blind $0.01
geyza15: posts big blind $0.02
*** HOLE CARDS ***
Dealt to Dorex2007 [8h Tc]
perffect16: folds 
EdivierMJ: folds 
Moisesbh: folds 
MurDockey: folds 
Dorex2007: folds 
Aflil1966: folds 
leonel1032: calls $0.02
StargazerSTG: folds 
geyza15: checks 
*** FLOP *** [Kd 9d 4h]
geyza15: checks 
leonel1032: bets $0.05
geyza15: folds 
Uncalled bet ($0.05) returned to leonel1032
leonel1032 collected $0.05 from pot
*** SUMMARY ***
Total pot $0.05 | Rake $0 
Board [Kd 9d 4h]
Seat 1: perffect16 folded before Flop (didn't bet)
Seat 2: EdivierMJ folded before Flop (didn't bet)
Seat 3: Moisesbh folded before Flop (didn't bet)
Seat 4: MurDockey folded before Flop (didn't bet)
Seat 5: Dorex2007 folded before Flop (didn't bet)
Seat 6: Aflil1966 folded before Flop (didn't bet)
Seat 7: leonel1032 (button) collected ($0.05)
Seat 8: StargazerSTG (small blind) folded before Flop
Seat 9: geyza15 (big blind) folded on the Flop



PokerStars Hand #237148497541:  Hold'em No Limit ($0.01/$0.02 USD) - 2022/07/03 19:27:41 PT [2022/07/03 22:27:41 ET]
Table 'Paulina III' 9-max Seat #8 is the button
Seat 1: perffect16 ($3.59 in chips) 
Seat 2: EdivierMJ ($0.53 in chips) 
Seat 3: Moisesbh ($1.33 in chips) 
Seat 4: MurDockey ($1.11 in chips) 
Seat 5: Dorex2007 ($3.39 in chips) 
Seat 6: Aflil1966 ($5.08 in chips) 
Seat 7: leonel1032 ($2.09 in chips) 
Seat 8: StargazerSTG ($2.49 in chips) 
Seat 9: geyza15 ($2.30 in chips) 
geyza15: posts small blind $0.01
perffect16: posts big blind $0.02
*** HOLE CARDS ***
Dealt to Dorex2007 [6d Ad]
EdivierMJ: folds 
Moisesbh: folds 
MurDockey: folds 
Dorex2007: calls $0.02
Moisesbh leaves the table
Aflil1966: folds 
leonel1032: calls $0.02
StargazerSTG: folds 
geyza15: calls $0.01
perffect16: checks 
*** FLOP *** [8c 7c Jc]
geyza15: checks 
perffect16: checks 
Dorex2007: checks 
leonel1032: checks 
*** TURN *** [8c 7c Jc] [7s]
Luigiams joins the table at seat #3 
geyza15: checks 
perffect16: checks 
Dorex2007: checks 
leonel1032: checks 
*** RIVER *** [8c 7c Jc 7s] [6s]
geyza15: checks 
perffect16: checks 
Dorex2007: checks 
leonel1032: checks 
*** SHOW DOWN ***
geyza15: shows [4d 5h] (a straight, Four to Eight)
perffect16: mucks hand 
Dorex2007: mucks hand 
leonel1032: mucks hand 
geyza15 collected $0.08 from pot
*** SUMMARY ***
Total pot $0.08 | Rake $0 
Board [8c 7c Jc 7s 6s]
Seat 1: perffect16 (big blind) mucked [9c 9h]
Seat 2: EdivierMJ folded before Flop (didn't bet)
Seat 3: Moisesbh folded before Flop (didn't bet)
Seat 4: MurDockey folded before Flop (didn't bet)
Seat 5: Dorex2007 mucked [6d Ad]
Seat 6: Aflil1966 folded before Flop (didn't bet)
Seat 7: leonel1032 mucked [8d Th]
Seat 8: StargazerSTG (button) folded before Flop (didn't bet)
Seat 9: geyza15 (small blind) showed [4d 5h] and won ($0.08) with a straight, Four to Eight



PokerStars Hand #237148516688:  Hold'em No Limit ($0.01/$0.02 USD) - 2022/07/03 19:28:45 PT [2022/07/03 22:28:45 ET]
Table 'Paulina III' 9-max Seat #9 is the button
Seat 2: EdivierMJ ($0.53 in chips) 
Seat 3: Luigiams ($2 in chips) 
Seat 4: MurDockey ($1.11 in chips) 
Seat 5: Dorex2007 ($3.37 in chips) 
Seat 6: Aflil1966 ($5.08 in chips) 
Seat 7: leonel1032 ($2.07 in chips) 
Seat 8: StargazerSTG ($2.49 in chips) 
Seat 9: geyza15 ($2.36 in chips) 
EdivierMJ: posts small blind $0.01
Luigiams is connected 
Luigiams: posts big blind $0.02
*** HOLE CARDS ***
Dealt to Dorex2007 [8h 6c]
MurDockey: raises $0.03 to $0.05
Dorex2007: folds 
Aflil1966: folds 
leonel1032: calls $0.05
StargazerSTG: folds 
geyza15: folds 
EdivierMJ: folds 
Luigiams: calls $0.03
*** FLOP *** [8c Js 3c]
Luigiams: checks 
MurDockey: bets $0.05
leonel1032: calls $0.05
Luigiams: folds 
*** TURN *** [8c Js 3c] [2d]
MurDockey: bets $0.07
leonel1032: calls $0.07
*** RIVER *** [8c Js 3c 2d] [9h]
MurDockey: bets $0.19
leonel1032: folds 
Uncalled bet ($0.19) returned to MurDockey
MurDockey collected $0.39 from pot
*** SUMMARY ***
Total pot $0.40 | Rake $0.01 
Board [8c Js 3c 2d 9h]
Seat 2: EdivierMJ (small blind) folded before Flop
Seat 3: Luigiams (big blind) folded on the Flop
Seat 4: MurDockey collected ($0.39)
Seat 5: Dorex2007 folded before Flop (didn't bet)
Seat 6: Aflil1966 folded before Flop (didn't bet)
Seat 7: leonel1032 folded on the River
Seat 8: StargazerSTG folded before Flop (didn't bet)
Seat 9: geyza15 (button) folded before Flop (didn't bet)



PokerStars Hand #237148533598:  Hold'em No Limit ($0.01/$0.02 USD) - 2022/07/03 19:30:12 PT [2022/07/03 22:30:12 ET]
Table 'Paulina III' 9-max Seat #2 is the button
Seat 2: EdivierMJ ($0.52 in chips) 
Seat 3: Luigiams ($1.95 in chips) 
Seat 4: MurDockey ($1.33 in chips) 
Seat 5: Dorex2007 ($3.37 in chips) 
Seat 6: Aflil1966 ($5.08 in chips) 
Seat 7: leonel1032 ($1.90 in chips) 
Seat 8: StargazerSTG ($2.49 in chips) 
Seat 9: geyza15 ($2.36 in chips) 
Luigiams: posts small blind $0.01
MurDockey: posts big blind $0.02
*** HOLE CARDS ***
Dealt to Dorex2007 [Ac Jd]
Dorex2007: calls $0.02
Aflil1966: folds 
leonel1032: folds 
StargazerSTG: raises $0.04 to $0.06
geyza15: folds 
EdivierMJ: folds 
Luigiams: folds 
MurDockey: folds 
Dorex2007: calls $0.04
*** FLOP *** [Qh 9c 2d]
Dorex2007: checks 
StargazerSTG: bets $0.07
Dorex2007: folds 
Uncalled bet ($0.07) returned to StargazerSTG
StargazerSTG collected $0.14 from pot
*** SUMMARY ***
Total pot $0.15 | Rake $0.01 
Board [Qh 9c 2d]
Seat 2: EdivierMJ (button) folded before Flop (didn't bet)
Seat 3: Luigiams (small blind) folded before Flop
Seat 4: MurDockey (big blind) folded before Flop
Seat 5: Dorex2007 folded on the Flop
Seat 6: Aflil1966 folded before Flop (didn't bet)
Seat 7: leonel1032 folded before Flop (didn't bet)
Seat 8: StargazerSTG collected ($0.14)
Seat 9: geyza15 folded before Flop (didn't bet)



PokerStars Hand #237148542337:  Hold'em No Limit ($0.01/$0.02 USD) - 2022/07/03 19:31:07 PT [2022/07/03 22:31:07 ET]
Table 'Paulina III' 9-max Seat #3 is the button
Seat 2: EdivierMJ ($0.52 in chips) 
Seat 3: Luigiams ($1.94 in chips) 
Seat 4: MurDockey ($1.31 in chips) 
Seat 5: Dorex2007 ($3.31 in chips) 
Seat 6: Aflil1966 ($5.08 in chips) 
Seat 7: leonel1032 ($1.90 in chips) 
Seat 8: StargazerSTG ($2.57 in chips) 
Seat 9: geyza15 ($2.36 in chips) 
MurDockey: posts small blind $0.01
Dorex2007: posts big blind $0.02
*** HOLE CARDS ***
Dealt to Dorex2007 [3s 8c]
Aflil1966: folds 
leonel1032: raises $0.04 to $0.06
StargazerSTG: calls $0.06
geyza15: folds 
EdivierMJ: raises $0.21 to $0.27
Luigiams: folds 
MurDockey: folds 
Dorex2007: folds 
leonel1032: folds 
StargazerSTG: folds 
Uncalled bet ($0.21) returned to EdivierMJ
EdivierMJ collected $0.21 from pot
*** SUMMARY ***
Total pot $0.21 | Rake $0 
Seat 2: EdivierMJ collected ($0.21)
Seat 3: Luigiams (button) folded before Flop (didn't bet)
Seat 4: MurDockey (small blind) folded before Flop
Seat 5: Dorex2007 (big blind) folded before Flop
Seat 6: Aflil1966 folded before Flop (didn't bet)
Seat 7: leonel1032 folded before Flop
Seat 8: StargazerSTG folded before Flop
Seat 9: geyza15 folded before Flop (didn't bet)



PokerStars Hand #237148548765:  Hold'em No Limit ($0.01/$0.02 USD) - 2022/07/03 19:31:47 PT [2022/07/03 22:31:47 ET]
Table 'Paulina III' 9-max Seat #4 is the button
Seat 2: EdivierMJ ($0.67 in chips) 
Seat 3: Luigiams ($1.94 in chips) 
Seat 4: MurDockey ($1.30 in chips) 
Seat 5: Dorex2007 ($3.29 in chips) 
Seat 6: Aflil1966 ($5.08 in chips) 
Seat 7: leonel1032 ($1.84 in chips) 
Seat 8: StargazerSTG ($2.51 in chips) 
Seat 9: geyza15 ($2.36 in chips) 
Dorex2007: posts small blind $0.01
Aflil1966: posts big blind $0.02
*** HOLE CARDS ***
Dealt to Dorex2007 [2c Ts]
leonel1032: calls $0.02
StargazerSTG: folds 
geyza15: folds 
EdivierMJ: raises $0.02 to $0.04
Luigiams: folds 
MurDockey: folds 
MurDockey leaves the table
Dorex2007: folds 
Aflil1966: folds 
leonel1032: calls $0.02
*** FLOP *** [Qs 3d 9h]
leonel1032: checks 
EdivierMJ: checks 
*** TURN *** [Qs 3d 9h] [2h]
leonel1032: checks 
EdivierMJ: bets $0.05
leonel1032: raises $0.11 to $0.16
EdivierMJ: calls $0.11
*** RIVER *** [Qs 3d 9h 2h] [Kc]
leonel1032: bets $0.20
EdivierMJ: calls $0.20
*** SHOW DOWN ***
leonel1032: shows [2d 2s] (three of a kind, Deuces)
EdivierMJ: mucks hand 
leonel1032 collected $0.80 from pot
*** SUMMARY ***
Total pot $0.83 | Rake $0.03 
Board [Qs 3d 9h 2h Kc]
Seat 2: EdivierMJ mucked [Ah Kh]
Seat 3: Luigiams folded before Flop (didn't bet)
Seat 4: MurDockey (button) folded before Flop (didn't bet)
Seat 5: Dorex2007 (small blind) folded before Flop
Seat 6: Aflil1966 (big blind) folded before Flop
Seat 7: leonel1032 showed [2d 2s] and won ($0.80) with three of a kind, Deuces
Seat 8: StargazerSTG folded before Flop (didn't bet)
Seat 9: geyza15 folded before Flop (didn't bet)



PokerStars Hand #237148556297:  Hold'em No Limit ($0.01/$0.02 USD) - 2022/07/03 19:32:35 PT [2022/07/03 22:32:35 ET]
Table 'Paulina III' 9-max Seat #5 is the button
Seat 2: EdivierMJ ($0.27 in chips) 
Seat 3: Luigiams ($1.94 in chips) 
Seat 5: Dorex2007 ($3.28 in chips) 
Seat 6: Aflil1966 ($5.06 in chips) 
Seat 7: leonel1032 ($2.24 in chips) 
Seat 8: StargazerSTG ($2.51 in chips) 
Seat 9: geyza15 ($2.36 in chips) 
Aflil1966: posts small blind $0.01
leonel1032: posts big blind $0.02
*** HOLE CARDS ***
Dealt to Dorex2007 [4h Kc]
StargazerSTG: folds 
geyza15: folds 
EdivierMJ: folds 
Luigiams: folds 
Dorex2007: folds 
Aflil1966: folds 
Uncalled bet ($0.01) returned to leonel1032
leonel1032 collected $0.02 from pot
*** SUMMARY ***
Total pot $0.02 | Rake $0 
Seat 2: EdivierMJ folded before Flop (didn't bet)
Seat 3: Luigiams folded before Flop (didn't bet)
Seat 5: Dorex2007 (button) folded before Flop (didn't bet)
Seat 6: Aflil1966 (small blind) folded before Flop
Seat 7: leonel1032 (big blind) collected ($0.02)
Seat 8: StargazerSTG folded before Flop (didn't bet)
Seat 9: geyza15 folded before Flop (didn't bet)



PokerStars Hand #237148559298:  Hold'em No Limit ($0.01/$0.02 USD) - 2022/07/03 19:32:54 PT [2022/07/03 22:32:54 ET]
Table 'Paulina III' 9-max Seat #6 is the button
Seat 2: EdivierMJ ($0.27 in chips) 
Seat 3: Luigiams ($1.94 in chips) 
Seat 5: Dorex2007 ($3.28 in chips) 
Seat 6: Aflil1966 ($5.05 in chips) 
Seat 8: StargazerSTG ($2.51 in chips) 
Seat 9: geyza15 ($2.36 in chips) 
StargazerSTG: posts small blind $0.01
geyza15: posts big blind $0.02
*** HOLE CARDS ***
Dealt to Dorex2007 [3h 5s]
EdivierMJ: folds 
leonel1032 leaves the table
Luigiams: folds 
Dorex2007: folds 
Aflil1966: folds 
StargazerSTG: folds 
Uncalled bet ($0.01) returned to geyza15
geyza15 collected $0.02 from pot
*** SUMMARY ***
Total pot $0.02 | Rake $0 
Seat 2: EdivierMJ folded before Flop (didn't bet)
Seat 3: Luigiams folded before Flop (didn't bet)
Seat 5: Dorex2007 folded before Flop (didn't bet)
Seat 6: Aflil1966 (button) folded before Flop (didn't bet)
Seat 8: StargazerSTG (small blind) folded before Flop
Seat 9: geyza15 (big blind) collected ($0.02)



PokerStars Hand #237148563097:  Hold'em No Limit ($0.01/$0.02 USD) - 2022/07/03 19:33:18 PT [2022/07/03 22:33:18 ET]
Table 'Paulina III' 9-max Seat #8 is the button
Seat 2: EdivierMJ ($0.27 in chips) 
Seat 3: Luigiams ($1.94 in chips) 
Seat 5: Dorex2007 ($3.28 in chips) 
Seat 6: Aflil1966 ($5.05 in chips) 
Seat 8: StargazerSTG ($2.50 in chips) 
Seat 9: geyza15 ($2.37 in chips) 
geyza15: posts small blind $0.01
EdivierMJ: posts big blind $0.02
*** HOLE CARDS ***
Dealt to Dorex2007 [2d 9c]
Luigiams: raises $0.02 to $0.04
Dorex2007: folds 
Aflil1966: folds 
StargazerSTG: folds 
geyza15: folds 
EdivierMJ: calls $0.02
*** FLOP *** [6d 5d 4c]
EdivierMJ: bets $0.23 and is all-in
Luigiams: calls $0.23
EdivierMJ has timed out
*** TURN *** [6d 5d 4c] [8s]
*** RIVER *** [6d 5d 4c 8s] [3d]
*** SHOW DOWN ***
EdivierMJ: shows [5s Jd] (a pair of Fives)
Luigiams: shows [9d Qd] (a flush, Queen high)
Luigiams cashed out the hand for $0.27
*** SUMMARY ***
Total pot $0.55 | Rake $0.02 
Board [6d 5d 4c 8s 3d]
Seat 2: EdivierMJ (big blind) showed [5s Jd] and lost with a pair of Fives
Seat 3: Luigiams showed [9d Qd] and won ($0.53) with a flush, Queen high (pot not awarded as player cashed out)
Seat 5: Dorex2007 folded before Flop (didn't bet)
Seat 6: Aflil1966 folded before Flop (didn't bet)
Seat 8: StargazerSTG (button) folded before Flop (didn't bet)
Seat 9: geyza15 (small blind) folded before Flop



PokerStars Hand #237148570532:  Hold'em No Limit ($0.01/$0.02 USD) - 2022/07/03 19:34:06 PT [2022/07/03 22:34:06 ET]
Table 'Paulina III' 9-max Seat #9 is the button
Seat 3: Luigiams ($1.94 in chips) 
Seat 5: Dorex2007 ($3.28 in chips) 
Seat 6: Aflil1966 ($5.05 in chips) 
Seat 8: StargazerSTG ($2.50 in chips) 
Seat 9: geyza15 ($2.36 in chips) 
Luigiams: posts small blind $0.01
Dorex2007: posts big blind $0.02
*** HOLE CARDS ***
Dealt to Dorex2007 [Qh 6h]
Aflil1966: folds 
EdivierMJ leaves the table
StargazerSTG: folds 
geyza15: calls $0.02
Luigiams: calls $0.01
Dorex2007: checks 
*** FLOP *** [Qs 2d 5d]
Luigiams: checks 
Dorex2007: bets $0.06
geyza15: calls $0.06
BortolatoPoker joins the table at seat #7 
Luigiams: folds 
*** TURN *** [Qs 2d 5d] [6d]
Dorex2007: bets $0.17
geyza15: calls $0.17
*** RIVER *** [Qs 2d 5d 6d] [3h]
Dorex2007: bets $0.08
geyza15: raises $0.38 to $0.46
MarcioGarcia_Cq joins the table at seat #2 
Dorex2007: folds 
Uncalled bet ($0.38) returned to geyza15
geyza15 collected $0.66 from pot
*** SUMMARY ***
Total pot $0.68 | Rake $0.02 
Board [Qs 2d 5d 6d 3h]
Seat 3: Luigiams (small blind) folded on the Flop
Seat 5: Dorex2007 (big blind) folded on the River
Seat 6: Aflil1966 folded before Flop (didn't bet)
Seat 8: StargazerSTG folded before Flop (didn't bet)
Seat 9: geyza15 (button) collected ($0.66)



PokerStars Hand #237148589143:  Hold'em No Limit ($0.01/$0.02 USD) - 2022/07/03 19:36:06 PT [2022/07/03 22:36:06 ET]
Table 'Paulina III' 9-max Seat #3 is the button
Seat 3: Luigiams ($1.92 in chips) 
Seat 5: Dorex2007 ($2.95 in chips) 
Seat 6: Aflil1966 ($5.05 in chips) 
Seat 8: StargazerSTG ($2.50 in chips) 
Seat 9: geyza15 ($2.69 in chips) 
Dorex2007: posts small blind $0.01
Aflil1966: posts big blind $0.02
BortolatoPoker: sits out 
perffect16: sits out 
MarcioGarcia_Cq: sits out 
*** HOLE CARDS ***
Dealt to Dorex2007 [Th 8h]
StargazerSTG: folds 
geyza15: folds 
Luigiams: raises $0.02 to $0.04
Dorex2007: calls $0.03
Aflil1966: folds 
*** FLOP *** [9s 9c Qs]
Dorex2007: checks 
Luigiams: bets $0.04
Dorex2007: calls $0.04
*** TURN *** [9s 9c Qs] [2c]
Dorex2007: checks 
Luigiams: checks 
*** RIVER *** [9s 9c Qs 2c] [8d]
Dorex2007: bets $0.08
SleepyShepherd joins the table at seat #4 
Luigiams: folds 
Uncalled bet ($0.08) returned to Dorex2007
Dorex2007 collected $0.17 from pot
*** SUMMARY ***
Total pot $0.18 | Rake $0.01 
Board [9s 9c Qs 2c 8d]
Seat 3: Luigiams (button) folded on the River
Seat 5: Dorex2007 (small blind) collected ($0.17)
Seat 6: Aflil1966 (big blind) folded before Flop
Seat 8: StargazerSTG folded before Flop (didn't bet)
Seat 9: geyza15 folded before Flop (didn't bet)



PokerStars Hand #237148596497:  Hold'em No Limit ($0.01/$0.02 USD) - 2022/07/03 19:36:53 PT [2022/07/03 22:36:53 ET]
Table 'Paulina III' 9-max Seat #5 is the button
Seat 2: MarcioGarcia_Cq ($1.60 in chips) 
Seat 3: Luigiams ($1.84 in chips) 
Seat 4: SleepyShepherd ($2 in chips) 
Seat 5: Dorex2007 ($3.04 in chips) 
Seat 6: Aflil1966 ($5.03 in chips) 
Seat 7: BortolatoPoker ($0.80 in chips) 
Seat 8: StargazerSTG ($2.50 in chips) 
Seat 9: geyza15 ($2.69 in chips) 
Aflil1966: posts small blind $0.01
BortolatoPoker: posts big blind $0.02
perffect16: sits out 
MarcioGarcia_Cq: posts big blind $0.02
SleepyShepherd: posts big blind $0.02
*** HOLE CARDS ***
Dealt to Dorex2007 [8c 5d]
StargazerSTG: folds 
geyza15: folds 
MarcioGarcia_Cq: checks 
Luigiams: raises $0.06 to $0.08
StargazerSTG leaves the table
SleepyShepherd: calls $0.06
Dorex2007: folds 
Aflil1966: folds 
BortolatoPoker: calls $0.06
MarcioGarcia_Cq: folds 
*** FLOP *** [Ac 2h Js]
BortolatoPoker: checks 
Luigiams: bets $0.10
SleepyShepherd: calls $0.10
BortolatoPoker: calls $0.10
*** TURN *** [Ac 2h Js] [9d]
BortolatoPoker: checks 
Luigiams: bets $0.10
SleepyShepherd: raises $0.10 to $0.20
BortolatoPoker: folds 
Luigiams: calls $0.10
*** RIVER *** [Ac 2h Js 9d] [Jh]
Luigiams: checks 
SleepyShepherd: checks 
*** SHOW DOWN ***
Luigiams: shows [Td Ad] (two pair, Aces and Jacks)
SleepyShepherd: mucks hand 
Luigiams collected $0.94 from pot
*** SUMMARY ***
Total pot $0.97 | Rake $0.03 
Board [Ac 2h Js 9d Jh]
Seat 2: MarcioGarcia_Cq folded before Flop (didn't bet)
Seat 3: Luigiams showed [Td Ad] and won ($0.94) with two pair, Aces and Jacks
Seat 4: SleepyShepherd mucked [9c As]
Seat 5: Dorex2007 (button) folded before Flop (didn't bet)
Seat 6: Aflil1966 (small blind) folded before Flop
Seat 7: BortolatoPoker (big blind) folded on the Turn
Seat 8: StargazerSTG folded before Flop (didn't bet)
Seat 9: geyza15 folded before Flop (didn't bet)



PokerStars Hand #237148605445:  Hold'em No Limit ($0.01/$0.02 USD) - 2022/07/03 19:37:52 PT [2022/07/03 22:37:52 ET]
Table 'Paulina III' 9-max Seat #6 is the button
Seat 2: MarcioGarcia_Cq ($1.58 in chips) 
Seat 3: Luigiams ($2.40 in chips) 
Seat 4: SleepyShepherd ($1.62 in chips) 
Seat 5: Dorex2007 ($3.04 in chips) 
Seat 6: Aflil1966 ($5.02 in chips) 
Seat 7: BortolatoPoker ($0.62 in chips) 
Seat 9: geyza15 ($2.69 in chips) 
BortolatoPoker: posts small blind $0.01
geyza15: posts big blind $0.02
perffect16: sits out 
*** HOLE CARDS ***
Dealt to Dorex2007 [Qd Ah]
MarcioGarcia_Cq: calls $0.02
Luigiams: folds 
SleepyShepherd: folds 
Dorex2007: raises $0.08 to $0.10
Aflil1966: folds 
BortolatoPoker: calls $0.09
geyza15: folds 
MarcioGarcia_Cq: calls $0.08
*** FLOP *** [Qc 2h 6d]
BortolatoPoker: checks 
MarcioGarcia_Cq: checks 
Dorex2007: bets $2.94 and is all-in
BortolatoPoker: folds 
MarcioGarcia_Cq: calls $1.48 and is all-in
Uncalled bet ($1.46) returned to Dorex2007
*** TURN *** [Qc 2h 6d] [2s]
*** RIVER *** [Qc 2h 6d 2s] [Ts]
*** SHOW DOWN ***
MarcioGarcia_Cq: shows [Th Kh] (two pair, Tens and Deuces)
Dorex2007: shows [Qd Ah] (two pair, Queens and Deuces)
MarcioGarcia_Cq cashed out the hand for $0.57 | Cash Out Fee $0.01
Dorex2007 cashed out the hand for $2.56 | Cash Out Fee $0.03
*** SUMMARY ***
Total pot $3.28 | Rake $0.11 
Board [Qc 2h 6d 2s Ts]
Seat 2: MarcioGarcia_Cq showed [Th Kh] and lost with two pair, Tens and Deuces (cashed out).
Seat 3: Luigiams folded before Flop (didn't bet)
Seat 4: SleepyShepherd folded before Flop (didn't bet)
Seat 5: Dorex2007 showed [Qd Ah] and won ($3.17) with two pair, Queens and Deuces (pot not awarded as player cashed out)
Seat 6: Aflil1966 (button) folded before Flop (didn't bet)
Seat 7: BortolatoPoker (small blind) folded on the Flop
Seat 9: geyza15 (big blind) folded before Flop



PokerStars Hand #237148617712:  Hold'em No Limit ($0.01/$0.02 USD) - 2022/07/03 19:39:12 PT [2022/07/03 22:39:12 ET]
Table 'Paulina III' 9-max Seat #7 is the button
Seat 1: perffect16 ($3.57 in chips) 
Seat 2: MarcioGarcia_Cq ($0.57 in chips) 
Seat 3: Luigiams ($2.40 in chips) 
Seat 4: SleepyShepherd ($2 in chips) 
Seat 5: Dorex2007 ($4.02 in chips) 
Seat 6: Aflil1966 ($5.02 in chips) 
Seat 7: BortolatoPoker ($0.52 in chips) 
Seat 9: geyza15 ($2.67 in chips) 
geyza15: posts small blind $0.01
perffect16: posts big blind $0.02
*** HOLE CARDS ***
Dealt to Dorex2007 [Tc 4d]
MarcioGarcia_Cq: calls $0.02
Luigiams: calls $0.02
SleepyShepherd: folds 
Dorex2007: folds 
Aflil1966: calls $0.02
BortolatoPoker: folds 
geyza15: folds 
perffect16: checks 
*** FLOP *** [9s 2d Qs]
perffect16: checks 
MarcioGarcia_Cq: bets $0.04
Luigiams: calls $0.04
Aflil1966: calls $0.04
perffect16: folds 
*** TURN *** [9s 2d Qs] [7d]
MarcioGarcia_Cq: bets $0.02
Luigiams: calls $0.02
Aflil1966: raises $0.26 to $0.28
MarcioGarcia_Cq: calls $0.26
Luigiams: folds 
*** RIVER *** [9s 2d Qs 7d] [6h]
MarcioGarcia_Cq: checks 
Aflil1966: bets $0.24
MarcioGarcia_Cq: calls $0.23 and is all-in
Uncalled bet ($0.01) returned to Aflil1966
*** SHOW DOWN ***
Aflil1966: shows [2c 2s] (three of a kind, Deuces)
MarcioGarcia_Cq: shows [As Qc] (a pair of Queens)
Aflil1966 collected $1.21 from pot
*** SUMMARY ***
Total pot $1.25 | Rake $0.04 
Board [9s 2d Qs 7d 6h]
Seat 1: perffect16 (big blind) folded on the Flop
Seat 2: MarcioGarcia_Cq showed [As Qc] and lost with a pair of Queens
Seat 3: Luigiams folded on the Turn
Seat 4: SleepyShepherd folded before Flop (didn't bet)
Seat 5: Dorex2007 folded before Flop (didn't bet)
Seat 6: Aflil1966 showed [2c 2s] and won ($1.21) with three of a kind, Deuces
Seat 7: BortolatoPoker (button) folded before Flop (didn't bet)
Seat 9: geyza15 (small blind) folded before Flop



PokerStars Hand #237148628689:  Hold'em No Limit ($0.01/$0.02 USD) - 2022/07/03 19:40:22 PT [2022/07/03 22:40:22 ET]
Table 'Paulina III' 9-max Seat #9 is the button
Seat 1: perffect16 ($3.55 in chips) 
Seat 3: Luigiams ($2.32 in chips) 
Seat 4: SleepyShepherd ($2 in chips) 
Seat 5: Dorex2007 ($4.02 in chips) 
Seat 6: Aflil1966 ($5.66 in chips) 
Seat 7: BortolatoPoker ($0.52 in chips) 
Seat 9: geyza15 ($2.66 in chips) 
perffect16: posts small blind $0.01
Luigiams: posts big blind $0.02
*** HOLE CARDS ***
Dealt to Dorex2007 [8d 7s]
SleepyShepherd: folds 
MarcioGarcia_Cq leaves the table
Dorex2007: folds 
Aflil1966: folds 
RS_Mount20 joins the table at seat #8 
BortolatoPoker: raises $0.02 to $0.04
geyza15: folds 
perffect16: folds 
Luigiams: calls $0.02
*** FLOP *** [Ac 4s As]
Luigiams: bets $0.04
BortolatoPoker: raises $0.16 to $0.20
forpet83 joins the table at seat #2 
Luigiams: folds 
Uncalled bet ($0.16) returned to BortolatoPoker
BortolatoPoker collected $0.16 from pot
*** SUMMARY ***
Total pot $0.17 | Rake $0.01 
Board [Ac 4s As]
Seat 1: perffect16 (small blind) folded before Flop
Seat 3: Luigiams (big blind) folded on the Flop
Seat 4: SleepyShepherd folded before Flop (didn't bet)
Seat 5: Dorex2007 folded before Flop (didn't bet)
Seat 6: Aflil1966 folded before Flop (didn't bet)
Seat 7: BortolatoPoker collected ($0.16)
Seat 9: geyza15 (button) folded before Flop (didn't bet)



PokerStars Hand #237148633872:  Hold'em No Limit ($0.01/$0.02 USD) - 2022/07/03 19:40:56 PT [2022/07/03 22:40:56 ET]
Table 'Paulina III' 9-max Seat #1 is the button
Seat 1: perffect16 ($3.54 in chips) 
Seat 3: Luigiams ($2.24 in chips) 
Seat 4: SleepyShepherd ($2 in chips) 
Seat 5: Dorex2007 ($4.02 in chips) 
Seat 6: Aflil1966 ($5.66 in chips) 
Seat 7: BortolatoPoker ($0.60 in chips) 
Seat 9: geyza15 ($2.66 in chips) 
Luigiams: posts small blind $0.01
SleepyShepherd: posts big blind $0.02
RS_Mount20: sits out 
*** HOLE CARDS ***
Dealt to Dorex2007 [Kh 5d]
Dorex2007: folds 
Aflil1966: calls $0.02
BortolatoPoker: calls $0.02
geyza15: calls $0.02
perffect16: calls $0.02
Luigiams: calls $0.01
SleepyShepherd: checks 
*** FLOP *** [Qs Th Qd]
Luigiams: checks 
SleepyShepherd: checks 
Aflil1966: checks 
BortolatoPoker: bets $0.06
geyza15: calls $0.06
perffect16: folds 
Luigiams: folds 
SleepyShepherd: folds 
Aflil1966: folds 
*** TURN *** [Qs Th Qd] [Qh]
BortolatoPoker: bets $0.16
geyza15: folds 
Uncalled bet ($0.16) returned to BortolatoPoker
BortolatoPoker collected $0.23 from pot
*** SUMMARY ***
Total pot $0.24 | Rake $0.01 
Board [Qs Th Qd Qh]
Seat 1: perffect16 (button) folded on the Flop
Seat 3: Luigiams (small blind) folded on the Flop
Seat 4: SleepyShepherd (big blind) folded on the Flop
Seat 5: Dorex2007 folded before Flop (didn't bet)
Seat 6: Aflil1966 folded on the Flop
Seat 7: BortolatoPoker collected ($0.23)
Seat 9: geyza15 folded on the Turn



PokerStars Hand #237148644092:  Hold'em No Limit ($0.01/$0.02 USD) - 2022/07/03 19:42:03 PT [2022/07/03 22:42:03 ET]
Table 'Paulina III' 9-max Seat #3 is the button
Seat 1: perffect16 ($3.52 in chips) 
Seat 3: Luigiams ($2.22 in chips) 
Seat 4: SleepyShepherd ($2 in chips) 
Seat 5: Dorex2007 ($4.02 in chips) 
Seat 6: Aflil1966 ($5.64 in chips) 
Seat 7: BortolatoPoker ($0.75 in chips) 
Seat 9: geyza15 ($2.58 in chips) 
SleepyShepherd: posts small blind $0.01
Dorex2007: posts big blind $0.02
RS_Mount20: sits out 
forpet83: sits out 
*** HOLE CARDS ***
Dealt to Dorex2007 [Jh Ks]
Aflil1966: folds 
BortolatoPoker: folds 
geyza15: raises $0.03 to $0.05
perffect16: folds 
Luigiams: folds 
SleepyShepherd: calls $0.04
Dorex2007: folds 
*** FLOP *** [Jc 8h 6s]
SleepyShepherd: checks 
geyza15: checks 
*** TURN *** [Jc 8h 6s] [Kd]
SleepyShepherd: bets $0.06
geyza15: folds 
Uncalled bet ($0.06) returned to SleepyShepherd
SleepyShepherd collected $0.12 from pot
*** SUMMARY ***
Total pot $0.12 | Rake $0 
Board [Jc 8h 6s Kd]
Seat 1: perffect16 folded before Flop (didn't bet)
Seat 3: Luigiams (button) folded before Flop (didn't bet)
Seat 4: SleepyShepherd (small blind) collected ($0.12)
Seat 5: Dorex2007 (big blind) folded before Flop
Seat 6: Aflil1966 folded before Flop (didn't bet)
Seat 7: BortolatoPoker folded before Flop (didn't bet)
Seat 9: geyza15 folded on the Turn



PokerStars Hand #237148651688:  Hold'em No Limit ($0.01/$0.02 USD) - 2022/07/03 19:42:52 PT [2022/07/03 22:42:52 ET]
Table 'Paulina III' 9-max Seat #4 is the button
Seat 1: perffect16 ($3.52 in chips) 
Seat 3: Luigiams ($2.22 in chips) 
Seat 4: SleepyShepherd ($2.07 in chips) 
Seat 5: Dorex2007 ($4 in chips) 
Seat 6: Aflil1966 ($5.64 in chips) 
Seat 7: BortolatoPoker ($0.75 in chips) 
Seat 9: geyza15 ($2.53 in chips) 
Dorex2007: posts small blind $0.01
Aflil1966: posts big blind $0.02
RS_Mount20: sits out 
forpet83: sits out 
*** HOLE CARDS ***
Dealt to Dorex2007 [Jc 3d]
BortolatoPoker: folds 
geyza15: folds 
perffect16: folds 
Luigiams: calls $0.02
SleepyShepherd: folds 
Dorex2007: calls $0.01
Aflil1966: checks 
*** FLOP *** [2h 4c 5s]
Dorex2007: checks 
Aflil1966: bets $0.02
Luigiams: calls $0.02
Dorex2007: calls $0.02
*** TURN *** [2h 4c 5s] [8d]
Dorex2007: checks 
Aflil1966: checks 
Luigiams: checks 
*** RIVER *** [2h 4c 5s 8d] [7c]
Dorex2007: checks 
Aflil1966: checks 
Luigiams: checks 
*** SHOW DOWN ***
Dorex2007: shows [Jc 3d] (high card Jack)
Aflil1966: shows [5d 3c] (a pair of Fives)
Luigiams: mucks hand 
Aflil1966 collected $0.12 from pot
*** SUMMARY ***
Total pot $0.12 | Rake $0 
Board [2h 4c 5s 8d 7c]
Seat 1: perffect16 folded before Flop (didn't bet)
Seat 3: Luigiams mucked [Ac 4s]
Seat 4: SleepyShepherd (button) folded before Flop (didn't bet)
Seat 5: Dorex2007 (small blind) showed [Jc 3d] and lost with high card Jack
Seat 6: Aflil1966 (big blind) showed [5d 3c] and won ($0.12) with a pair of Fives
Seat 7: BortolatoPoker folded before Flop (didn't bet)
Seat 9: geyza15 folded before Flop (didn't bet)



PokerStars Hand #237148679740:  Hold'em No Limit ($0.01/$0.02 USD) - 2022/07/03 19:44:37 PT [2022/07/03 22:44:37 ET]
Table 'Paulina III' 9-max Seat #5 is the button
Seat 1: perffect16 ($3.52 in chips) 
Seat 3: Luigiams ($2.18 in chips) 
Seat 4: SleepyShepherd ($2.07 in chips) 
Seat 5: Dorex2007 ($3.96 in chips) 
Seat 6: Aflil1966 ($5.72 in chips) 
Seat 7: BortolatoPoker ($0.75 in chips) 
Seat 9: geyza15 ($2.53 in chips) 
Aflil1966: posts small blind $0.01
BortolatoPoker: posts big blind $0.02
RS_Mount20: sits out 
forpet83: sits out 
*** HOLE CARDS ***
Dealt to Dorex2007 [As 9d]
geyza15: folds 
perffect16: folds 
Luigiams: folds 
SleepyShepherd: raises $0.05 to $0.07
Dorex2007: folds 
Aflil1966: folds 
BortolatoPoker: calls $0.05
*** FLOP *** [Ah Ts Kh]
BortolatoPoker: checks 
SleepyShepherd: checks 
*** TURN *** [Ah Ts Kh] [Qd]
BortolatoPoker: checks 
SleepyShepherd: checks 
*** RIVER *** [Ah Ts Kh Qd] [3s]
BortolatoPoker: bets $0.14
SleepyShepherd: folds 
Uncalled bet ($0.14) returned to BortolatoPoker
BortolatoPoker collected $0.14 from pot
*** SUMMARY ***
Total pot $0.15 | Rake $0.01 
Board [Ah Ts Kh Qd 3s]
Seat 1: perffect16 folded before Flop (didn't bet)
Seat 3: Luigiams folded before Flop (didn't bet)
Seat 4: SleepyShepherd folded on the River
Seat 5: Dorex2007 (button) folded before Flop (didn't bet)
Seat 6: Aflil1966 (small blind) folded before Flop
Seat 7: BortolatoPoker (big blind) collected ($0.14)
Seat 9: geyza15 folded before Flop (didn't bet)



PokerStars Hand #237148686735:  Hold'em No Limit ($0.01/$0.02 USD) - 2022/07/03 19:45:23 PT [2022/07/03 22:45:23 ET]
Table 'Paulina III' 9-max Seat #6 is the button
Seat 1: perffect16 ($3.52 in chips) 
Seat 3: Luigiams ($2.18 in chips) 
Seat 4: SleepyShepherd ($2 in chips) 
Seat 5: Dorex2007 ($3.96 in chips) 
Seat 6: Aflil1966 ($5.71 in chips) 
Seat 7: BortolatoPoker ($0.82 in chips) 
Seat 8: RS_Mount20 ($2 in chips) 
Seat 9: geyza15 ($2.53 in chips) 
BortolatoPoker: posts small blind $0.01
RS_Mount20: posts big blind $0.02
forpet83: sits out 
*** HOLE CARDS ***
Dealt to Dorex2007 [5h 3d]
geyza15: calls $0.02
perffect16: folds 
Luigiams: calls $0.02
SleepyShepherd: raises $0.04 to $0.06
Dorex2007: folds 
Aflil1966: folds 
BortolatoPoker: calls $0.05
RS_Mount20: calls $0.04
geyza15: calls $0.04
Luigiams: calls $0.04
*** FLOP *** [5c 2h Ts]
BortolatoPoker: bets $0.08
RS_Mount20: calls $0.08
geyza15: folds 
Luigiams: folds 
SleepyShepherd: raises $0.27 to $0.35
BortolatoPoker: folds 
RS_Mount20: folds 
Uncalled bet ($0.27) returned to SleepyShepherd
SleepyShepherd collected $0.52 from pot
*** SUMMARY ***
Total pot $0.54 | Rake $0.02 
Board [5c 2h Ts]
Seat 1: perffect16 folded before Flop (didn't bet)
Seat 3: Luigiams folded on the Flop
Seat 4: SleepyShepherd collected ($0.52)
Seat 5: Dorex2007 folded before Flop (didn't bet)
Seat 6: Aflil1966 (button) folded before Flop (didn't bet)
Seat 7: BortolatoPoker (small blind) folded on the Flop
Seat 8: RS_Mount20 (big blind) folded on the Flop
Seat 9: geyza15 folded on the Flop



PokerStars Hand #237148697738:  Hold'em No Limit ($0.01/$0.02 USD) - 2022/07/03 19:46:37 PT [2022/07/03 22:46:37 ET]
Table 'Paulina III' 9-max Seat #7 is the button
Seat 1: perffect16 ($3.52 in chips) 
Seat 3: Luigiams ($2.12 in chips) 
Seat 4: SleepyShepherd ($2.38 in chips) 
Seat 5: Dorex2007 ($3.96 in chips) 
Seat 6: Aflil1966 ($5.71 in chips) 
Seat 7: BortolatoPoker ($0.68 in chips) 
Seat 8: RS_Mount20 ($1.86 in chips) 
Seat 9: geyza15 ($2.47 in chips) 
RS_Mount20: posts small blind $0.01
geyza15: posts big blind $0.02
forpet83: sits out 
*** HOLE CARDS ***
Dealt to Dorex2007 [6h 3h]
perffect16: folds 
Luigiams: calls $0.02
SleepyShepherd: folds 
Dorex2007: folds 
Aflil1966: folds 
BortolatoPoker: calls $0.02
RS_Mount20: calls $0.01
geyza15: checks 
*** FLOP *** [3s Jc 8c]
RS_Mount20: checks 
geyza15: checks 
Luigiams: checks 
BortolatoPoker: bets $0.04
RS_Mount20: calls $0.04
geyza15: calls $0.04
Luigiams: folds 
*** TURN *** [3s Jc 8c] [Qs]
RS_Mount20: checks 
geyza15: checks 
BortolatoPoker: bets $0.16
RS_Mount20: calls $0.16
geyza15: calls $0.16
*** RIVER *** [3s Jc 8c Qs] [Ts]
RS_Mount20: checks 
geyza15: checks 
BortolatoPoker: bets $0.34
RS_Mount20: folds 
geyza15: folds 
Uncalled bet ($0.34) returned to BortolatoPoker
BortolatoPoker collected $0.66 from pot
*** SUMMARY ***
Total pot $0.68 | Rake $0.02 
Board [3s Jc 8c Qs Ts]
Seat 1: perffect16 folded before Flop (didn't bet)
Seat 3: Luigiams folded on the Flop
Seat 4: SleepyShepherd folded before Flop (didn't bet)
Seat 5: Dorex2007 folded before Flop (didn't bet)
Seat 6: Aflil1966 folded before Flop (didn't bet)
Seat 7: BortolatoPoker (button) collected ($0.66)
Seat 8: RS_Mount20 (small blind) folded on the River
Seat 9: geyza15 (big blind) folded on the River



PokerStars Hand #237148715587:  Hold'em No Limit ($0.01/$0.02 USD) - 2022/07/03 19:48:38 PT [2022/07/03 22:48:38 ET]
Table 'Paulina III' 9-max Seat #8 is the button
Seat 1: perffect16 ($3.52 in chips) 
Seat 3: Luigiams ($2.10 in chips) 
Seat 4: SleepyShepherd ($2.38 in chips) 
Seat 5: Dorex2007 ($3.96 in chips) 
Seat 6: Aflil1966 ($5.71 in chips) 
Seat 7: BortolatoPoker ($1.12 in chips) 
Seat 8: RS_Mount20 ($1.64 in chips) 
Seat 9: geyza15 ($2.25 in chips) 
geyza15: posts small blind $0.01
perffect16: posts big blind $0.02
forpet83: sits out 
*** HOLE CARDS ***
Dealt to Dorex2007 [Ks 7s]
Luigiams: folds 
SleepyShepherd: folds 
Dorex2007: calls $0.02
Aflil1966: calls $0.02
BortolatoPoker: calls $0.02
RS_Mount20: calls $0.02
geyza15: folds 
perffect16: checks 
*** FLOP *** [2c 4h 7h]
perffect16: checks 
Dorex2007: checks 
Aflil1966: checks 
BortolatoPoker: bets $0.10
RS_Mount20: folds 
perffect16: folds 
Dorex2007: folds 
Aflil1966: folds 
Uncalled bet ($0.10) returned to BortolatoPoker
BortolatoPoker collected $0.11 from pot
*** SUMMARY ***
Total pot $0.11 | Rake $0 
Board [2c 4h 7h]
Seat 1: perffect16 (big blind) folded on the Flop
Seat 3: Luigiams folded before Flop (didn't bet)
Seat 4: SleepyShepherd folded before Flop (didn't bet)
Seat 5: Dorex2007 folded on the Flop
Seat 6: Aflil1966 folded on the Flop
Seat 7: BortolatoPoker collected ($0.11)
Seat 8: RS_Mount20 (button) folded on the Flop
Seat 9: geyza15 (small blind) folded before Flop



PokerStars Hand #237148724072:  Hold'em No Limit ($0.01/$0.02 USD) - 2022/07/03 19:49:36 PT [2022/07/03 22:49:36 ET]
Table 'Paulina III' 9-max Seat #9 is the button
Seat 1: perffect16 ($3.50 in chips) 
Seat 2: forpet83 ($2 in chips) 
Seat 3: Luigiams ($2.10 in chips) 
Seat 4: SleepyShepherd ($2.38 in chips) 
Seat 5: Dorex2007 ($3.94 in chips) 
Seat 6: Aflil1966 ($5.69 in chips) 
Seat 7: BortolatoPoker ($1.21 in chips) 
Seat 8: RS_Mount20 ($1.62 in chips) 
Seat 9: geyza15 ($2.24 in chips) 
perffect16: posts small blind $0.01
forpet83: posts big blind $0.02
*** HOLE CARDS ***
Dealt to Dorex2007 [Ac 8d]
Luigiams: folds 
SleepyShepherd: raises $0.04 to $0.06
Dorex2007: calls $0.06
Aflil1966: folds 
BortolatoPoker: folds 
RS_Mount20: folds 
geyza15: folds 
perffect16: folds 
forpet83: folds 
*** FLOP *** [3d 2c Th]
SleepyShepherd: bets $0.07
Dorex2007: folds 
Uncalled bet ($0.07) returned to SleepyShepherd
SleepyShepherd collected $0.14 from pot
*** SUMMARY ***
Total pot $0.15 | Rake $0.01 
Board [3d 2c Th]
Seat 1: perffect16 (small blind) folded before Flop
Seat 2: forpet83 (big blind) folded before Flop
Seat 3: Luigiams folded before Flop (didn't bet)
Seat 4: SleepyShepherd collected ($0.14)
Seat 5: Dorex2007 folded on the Flop
Seat 6: Aflil1966 folded before Flop (didn't bet)
Seat 7: BortolatoPoker folded before Flop (didn't bet)
Seat 8: RS_Mount20 folded before Flop (didn't bet)
Seat 9: geyza15 (button) folded before Flop (didn't bet)



PokerStars Hand #237148729765:  Hold'em No Limit ($0.01/$0.02 USD) - 2022/07/03 19:50:15 PT [2022/07/03 22:50:15 ET]
Table 'Paulina III' 9-max Seat #1 is the button
Seat 1: perffect16 ($3.49 in chips) 
Seat 2: forpet83 ($2 in chips) 
Seat 3: Luigiams ($2.10 in chips) 
Seat 4: SleepyShepherd ($2.46 in chips) 
Seat 5: Dorex2007 ($3.88 in chips) 
Seat 6: Aflil1966 ($5.69 in chips) 
Seat 7: BortolatoPoker ($1.21 in chips) 
Seat 8: RS_Mount20 ($1.62 in chips) 
Seat 9: geyza15 ($2.24 in chips) 
forpet83: posts small blind $0.01
Luigiams: posts big blind $0.02
*** HOLE CARDS ***
Dealt to Dorex2007 [7s 6c]
SleepyShepherd: folds 
Dorex2007: folds 
Aflil1966: folds 
BortolatoPoker: folds 
RS_Mount20: folds 
geyza15: folds 
perffect16: folds 
forpet83: raises $0.04 to $0.06
Luigiams: calls $0.04
*** FLOP *** [3c Kd Ad]
forpet83: bets $0.08
Luigiams: folds 
Uncalled bet ($0.08) returned to forpet83
forpet83 collected $0.12 from pot
*** SUMMARY ***
Total pot $0.12 | Rake $0 
Board [3c Kd Ad]
Seat 1: perffect16 (button) folded before Flop (didn't bet)
Seat 2: forpet83 (small blind) collected ($0.12)
Seat 3: Luigiams (big blind) folded on the Flop
Seat 4: SleepyShepherd folded before Flop (didn't bet)
Seat 5: Dorex2007 folded before Flop (didn't bet)
Seat 6: Aflil1966 folded before Flop (didn't bet)
Seat 7: BortolatoPoker folded before Flop (didn't bet)
Seat 8: RS_Mount20 folded before Flop (didn't bet)
Seat 9: geyza15 folded before Flop (didn't bet)



PokerStars Hand #237148736010:  Hold'em No Limit ($0.01/$0.02 USD) - 2022/07/03 19:50:57 PT [2022/07/03 22:50:57 ET]
Table 'Paulina III' 9-max Seat #2 is the button
Seat 2: forpet83 ($2.06 in chips) 
Seat 3: Luigiams ($2.04 in chips) 
Seat 4: SleepyShepherd ($2.46 in chips) 
Seat 5: Dorex2007 ($3.88 in chips) 
Seat 6: Aflil1966 ($5.69 in chips) 
Seat 7: BortolatoPoker ($1.21 in chips) 
Seat 8: RS_Mount20 ($1.62 in chips) 
Seat 9: geyza15 ($2.24 in chips) 
Luigiams: posts small blind $0.01
SleepyShepherd: posts big blind $0.02
*** HOLE CARDS ***
Dealt to Dorex2007 [9s Kh]
Dorex2007: folds 
Aflil1966: folds 
BortolatoPoker: raises $0.02 to $0.04
RS_Mount20: folds 
geyza15: folds 
forpet83: folds 
Luigiams: folds 
SleepyShepherd: raises $0.09 to $0.13
BortolatoPoker: calls $0.09
*** FLOP *** [Ks Qc 6c]
SleepyShepherd: checks 
BortolatoPoker: checks 
*** TURN *** [Ks Qc 6c] [3d]
SleepyShepherd: bets $0.13
BortolatoPoker: folds 
Uncalled bet ($0.13) returned to SleepyShepherd
SleepyShepherd collected $0.26 from pot
*** SUMMARY ***
Total pot $0.27 | Rake $0.01 
Board [Ks Qc 6c 3d]
Seat 2: forpet83 (button) folded before Flop (didn't bet)
Seat 3: Luigiams (small blind) folded before Flop
Seat 4: SleepyShepherd (big blind) collected ($0.26)
Seat 5: Dorex2007 folded before Flop (didn't bet)
Seat 6: Aflil1966 folded before Flop (didn't bet)
Seat 7: BortolatoPoker folded on the Turn
Seat 8: RS_Mount20 folded before Flop (didn't bet)
Seat 9: geyza15 folded before Flop (didn't bet)



PokerStars Hand #237148742747:  Hold'em No Limit ($0.01/$0.02 USD) - 2022/07/03 19:51:42 PT [2022/07/03 22:51:42 ET]
Table 'Paulina III' 9-max Seat #3 is the button
Seat 2: forpet83 ($2.06 in chips) 
Seat 3: Luigiams ($2.03 in chips) 
Seat 4: SleepyShepherd ($2.59 in chips) 
Seat 5: Dorex2007 ($3.88 in chips) 
Seat 6: Aflil1966 ($5.69 in chips) 
Seat 7: BortolatoPoker ($1.08 in chips) 
Seat 8: RS_Mount20 ($1.62 in chips) 
Seat 9: geyza15 ($2.24 in chips) 
SleepyShepherd: posts small blind $0.01
Dorex2007: posts big blind $0.02
*** HOLE CARDS ***
Dealt to Dorex2007 [2s Qh]
Aflil1966: folds 
BortolatoPoker: calls $0.02
RS_Mount20: folds 
geyza15: folds 
forpet83: folds 
Luigiams: folds 
SleepyShepherd: folds 
Dorex2007: checks 
*** FLOP *** [5h 3d 5s]
Dorex2007: checks 
BortolatoPoker: bets $0.06
Dorex2007: folds 
Uncalled bet ($0.06) returned to BortolatoPoker
BortolatoPoker collected $0.05 from pot
*** SUMMARY ***
Total pot $0.05 | Rake $0 
Board [5h 3d 5s]
Seat 2: forpet83 folded before Flop (didn't bet)
Seat 3: Luigiams (button) folded before Flop (didn't bet)
Seat 4: SleepyShepherd (small blind) folded before Flop
Seat 5: Dorex2007 (big blind) folded on the Flop
Seat 6: Aflil1966 folded before Flop (didn't bet)
Seat 7: BortolatoPoker collected ($0.05)
Seat 8: RS_Mount20 folded before Flop (didn't bet)
Seat 9: geyza15 folded before Flop (didn't bet)



PokerStars Hand #237148747381:  Hold'em No Limit ($0.01/$0.02 USD) - 2022/07/03 19:52:13 PT [2022/07/03 22:52:13 ET]
Table 'Paulina III' 9-max Seat #4 is the button
Seat 2: forpet83 ($2.06 in chips) 
Seat 3: Luigiams ($2.03 in chips) 
Seat 4: SleepyShepherd ($2.58 in chips) 
Seat 5: Dorex2007 ($3.86 in chips) 
Seat 6: Aflil1966 ($5.69 in chips) 
Seat 7: BortolatoPoker ($1.11 in chips) 
Seat 8: RS_Mount20 ($1.62 in chips) 
Seat 9: geyza15 ($2.24 in chips) 
Dorex2007: posts small blind $0.01
Aflil1966: posts big blind $0.02
*** HOLE CARDS ***
Dealt to Dorex2007 [5c 7d]
BortolatoPoker: folds 
RS_Mount20: folds 
geyza15: folds 
forpet83 has timed out
forpet83: folds 
Luigiams: folds 
SleepyShepherd: raises $0.04 to $0.06
Dorex2007: folds 
Aflil1966: folds 
Uncalled bet ($0.04) returned to SleepyShepherd
SleepyShepherd collected $0.05 from pot
*** SUMMARY ***
Total pot $0.05 | Rake $0 
Seat 2: forpet83 folded before Flop (didn't bet)
Seat 3: Luigiams folded before Flop (didn't bet)
Seat 4: SleepyShepherd (button) collected ($0.05)
Seat 5: Dorex2007 (small blind) folded before Flop
Seat 6: Aflil1966 (big blind) folded before Flop
Seat 7: BortolatoPoker folded before Flop (didn't bet)
Seat 8: RS_Mount20 folded before Flop (didn't bet)
Seat 9: geyza15 folded before Flop (didn't bet)



PokerStars Hand #237148751730:  Hold'em No Limit ($0.01/$0.02 USD) - 2022/07/03 19:52:43 PT [2022/07/03 22:52:43 ET]
Table 'Paulina III' 9-max Seat #5 is the button
Seat 2: forpet83 ($2.06 in chips) 
Seat 3: Luigiams ($2.03 in chips) 
Seat 4: SleepyShepherd ($2.61 in chips) 
Seat 5: Dorex2007 ($3.85 in chips) 
Seat 6: Aflil1966 ($5.67 in chips) 
Seat 7: BortolatoPoker ($1.11 in chips) 
Seat 8: RS_Mount20 ($1.62 in chips) 
Seat 9: geyza15 ($2.24 in chips) 
Aflil1966: posts small blind $0.01
BortolatoPoker: posts big blind $0.02
*** HOLE CARDS ***
Dealt to Dorex2007 [8h 5s]
RS_Mount20: folds 
geyza15: folds 
forpet83: folds 
Luigiams: folds 
SleepyShepherd: folds 
Dorex2007: folds 
Aflil1966: folds 
Uncalled bet ($0.01) returned to BortolatoPoker
BortolatoPoker collected $0.02 from pot
*** SUMMARY ***
Total pot $0.02 | Rake $0 
Seat 2: forpet83 folded before Flop (didn't bet)
Seat 3: Luigiams folded before Flop (didn't bet)
Seat 4: SleepyShepherd folded before Flop (didn't bet)
Seat 5: Dorex2007 (button) folded before Flop (didn't bet)
Seat 6: Aflil1966 (small blind) folded before Flop
Seat 7: BortolatoPoker (big blind) collected ($0.02)
Seat 8: RS_Mount20 folded before Flop (didn't bet)
Seat 9: geyza15 folded before Flop (didn't bet)



PokerStars Hand #237148754913:  Hold'em No Limit ($0.01/$0.02 USD) - 2022/07/03 19:53:04 PT [2022/07/03 22:53:04 ET]
Table 'Paulina III' 9-max Seat #6 is the button
Seat 2: forpet83 ($2.06 in chips) 
Seat 3: Luigiams ($2.03 in chips) 
Seat 4: SleepyShepherd ($2.61 in chips) 
Seat 5: Dorex2007 ($3.85 in chips) 
Seat 6: Aflil1966 ($5.66 in chips) 
Seat 7: BortolatoPoker ($1.12 in chips) 
Seat 8: RS_Mount20 ($1.62 in chips) 
Seat 9: geyza15 ($2.24 in chips) 
BortolatoPoker: posts small blind $0.01
RS_Mount20: posts big blind $0.02
*** HOLE CARDS ***
Dealt to Dorex2007 [3h 5s]
geyza15: folds 
forpet83: folds 
Luigiams: folds 
SleepyShepherd: raises $0.02 to $0.04
Dorex2007: folds 
Aflil1966: folds 
BortolatoPoker: raises $0.02 to $0.06
RS_Mount20: folds 
SleepyShepherd: calls $0.02
*** FLOP *** [3s 6c Qc]
BortolatoPoker: checks 
SleepyShepherd: bets $0.07
BortolatoPoker: calls $0.07
*** TURN *** [3s 6c Qc] [5c]
BortolatoPoker: checks 
SleepyShepherd: checks 
*** RIVER *** [3s 6c Qc 5c] [5h]
BortolatoPoker: bets $0.22
SleepyShepherd: folds 
Uncalled bet ($0.22) returned to BortolatoPoker
BortolatoPoker collected $0.27 from pot
*** SUMMARY ***
Total pot $0.28 | Rake $0.01 
Board [3s 6c Qc 5c 5h]
Seat 2: forpet83 folded before Flop (didn't bet)
Seat 3: Luigiams folded before Flop (didn't bet)
Seat 4: SleepyShepherd folded on the River
Seat 5: Dorex2007 folded before Flop (didn't bet)
Seat 6: Aflil1966 (button) folded before Flop (didn't bet)
Seat 7: BortolatoPoker (small blind) collected ($0.27)
Seat 8: RS_Mount20 (big blind) folded before Flop
Seat 9: geyza15 folded before Flop (didn't bet)



PokerStars Hand #237148763322:  Hold'em No Limit ($0.01/$0.02 USD) - 2022/07/03 19:54:02 PT [2022/07/03 22:54:02 ET]
Table 'Paulina III' 9-max Seat #7 is the button
Seat 2: forpet83 ($2.06 in chips) 
Seat 3: Luigiams ($2.03 in chips) 
Seat 4: SleepyShepherd ($2.48 in chips) 
Seat 5: Dorex2007 ($3.85 in chips) 
Seat 6: Aflil1966 ($5.66 in chips) 
Seat 7: BortolatoPoker ($1.26 in chips) 
Seat 8: RS_Mount20 ($1.60 in chips) 
Seat 9: geyza15 ($2.24 in chips) 
RS_Mount20: posts small blind $0.01
geyza15: posts big blind $0.02
*** HOLE CARDS ***
Dealt to Dorex2007 [5d 6s]
forpet83: folds 
Luigiams: raises $0.02 to $0.04
SleepyShepherd: raises $0.11 to $0.15
Dorex2007: folds 
Aflil1966: folds 
BortolatoPoker: calls $0.15
RS_Mount20: folds 
geyza15: folds 
Luigiams: calls $0.11
*** FLOP *** [5c 8s 7h]
Luigiams: checks 
SleepyShepherd: bets $0.23
BortolatoPoker: calls $0.23
Luigiams: folds 
*** TURN *** [5c 8s 7h] [Kc]
SleepyShepherd: checks 
BortolatoPoker: bets $0.88 and is all-in
SleepyShepherd: calls $0.88
*** RIVER *** [5c 8s 7h Kc] [3h]
*** SHOW DOWN ***
SleepyShepherd: shows [Ah Ks] (a pair of Kings)
BortolatoPoker: shows [Jc 7c] (a pair of Sevens)
SleepyShepherd collected $2.61 from pot
*** SUMMARY ***
Total pot $2.70 | Rake $0.09 
Board [5c 8s 7h Kc 3h]
Seat 2: forpet83 folded before Flop (didn't bet)
Seat 3: Luigiams folded on the Flop
Seat 4: SleepyShepherd showed [Ah Ks] and won ($2.61) with a pair of Kings
Seat 5: Dorex2007 folded before Flop (didn't bet)
Seat 6: Aflil1966 folded before Flop (didn't bet)
Seat 7: BortolatoPoker (button) showed [Jc 7c] and lost with a pair of Sevens
Seat 8: RS_Mount20 (small blind) folded before Flop
Seat 9: geyza15 (big blind) folded before Flop



PokerStars Hand #237148773718:  Hold'em No Limit ($0.01/$0.02 USD) - 2022/07/03 19:55:15 PT [2022/07/03 22:55:15 ET]
Table 'Paulina III' 9-max Seat #8 is the button
Seat 2: forpet83 ($2.06 in chips) 
Seat 3: Luigiams ($1.88 in chips) 
Seat 4: SleepyShepherd ($3.83 in chips) 
Seat 5: Dorex2007 ($3.85 in chips) 
Seat 6: Aflil1966 ($5.66 in chips) 
Seat 8: RS_Mount20 ($1.59 in chips) 
Seat 9: geyza15 ($2.22 in chips) 
geyza15: posts small blind $0.01
forpet83: posts big blind $0.02
*** HOLE CARDS ***
Dealt to Dorex2007 [7c 2s]
BortolatoPoker leaves the table
Luigiams has timed out
Luigiams: folds 
SleepyShepherd: folds 
Dorex2007: folds 
Aflil1966: folds 
RS_Mount20: raises $0.04 to $0.06
geyza15: folds 
forpet83: folds 
Uncalled bet ($0.04) returned to RS_Mount20
RS_Mount20 collected $0.05 from pot
*** SUMMARY ***
Total pot $0.05 | Rake $0 
Seat 2: forpet83 (big blind) folded before Flop
Seat 3: Luigiams folded before Flop (didn't bet)
Seat 4: SleepyShepherd folded before Flop (didn't bet)
Seat 5: Dorex2007 folded before Flop (didn't bet)
Seat 6: Aflil1966 folded before Flop (didn't bet)
Seat 8: RS_Mount20 (button) collected ($0.05)
Seat 9: geyza15 (small blind) folded before Flop



PokerStars Hand #237148777326:  Hold'em No Limit ($0.01/$0.02 USD) - 2022/07/03 19:55:44 PT [2022/07/03 22:55:44 ET]
Table 'Paulina III' 9-max Seat #9 is the button
Seat 2: forpet83 ($2.04 in chips) 
Seat 3: Luigiams ($1.88 in chips) 
Seat 4: SleepyShepherd ($3.83 in chips) 
Seat 5: Dorex2007 ($3.85 in chips) 
Seat 6: Aflil1966 ($5.66 in chips) 
Seat 8: RS_Mount20 ($1.62 in chips) 
Seat 9: geyza15 ($2.21 in chips) 
forpet83: posts small blind $0.01
Luigiams: posts big blind $0.02
*** HOLE CARDS ***
Dealt to Dorex2007 [5s Tc]
Marchiotto84 joins the table at seat #7 
SleepyShepherd: folds 
Dorex2007: folds 
Aflil1966: folds 
RS_Mount20: folds 
geyza15: raises $0.03 to $0.05
forpet83: folds 
Luigiams: calls $0.03
*** FLOP *** [7h Qh Ah]
Luigiams: checks 
geyza15: bets $0.06
Luigiams: calls $0.06
*** TURN *** [7h Qh Ah] [4h]
Luigiams: checks 
geyza15: checks 
*** RIVER *** [7h Qh Ah 4h] [Qs]
Luigiams: checks 
geyza15: bets $0.12
Luigiams: calls $0.12
*** SHOW DOWN ***
geyza15: shows [Jh Ad] (a flush, Ace high)
Luigiams: mucks hand 
geyza15 collected $0.45 from pot
*** SUMMARY ***
Total pot $0.47 | Rake $0.02 
Board [7h Qh Ah 4h Qs]
Seat 2: forpet83 (small blind) folded before Flop
Seat 3: Luigiams (big blind) mucked [Qc Th]
Seat 4: SleepyShepherd folded before Flop (didn't bet)
Seat 5: Dorex2007 folded before Flop (didn't bet)
Seat 6: Aflil1966 folded before Flop (didn't bet)
Seat 8: RS_Mount20 folded before Flop (didn't bet)
Seat 9: geyza15 (button) showed [Jh Ad] and won ($0.45) with a flush, Ace high



PokerStars Hand #237148786184:  Hold'em No Limit ($0.01/$0.02 USD) - 2022/07/03 19:56:56 PT [2022/07/03 22:56:56 ET]
Table 'Paulina III' 9-max Seat #2 is the button
Seat 2: forpet83 ($2.03 in chips) 
Seat 3: Luigiams ($2 in chips) 
Seat 4: SleepyShepherd ($3.83 in chips) 
Seat 5: Dorex2007 ($3.85 in chips) 
Seat 6: Aflil1966 ($5.66 in chips) 
Seat 7: Marchiotto84 ($0.80 in chips) 
Seat 8: RS_Mount20 ($1.62 in chips) 
Seat 9: geyza15 ($2.43 in chips) 
Luigiams: posts small blind $0.01
SleepyShepherd: posts big blind $0.02
Marchiotto84: posts big blind $0.02
*** HOLE CARDS ***
Dealt to Dorex2007 [9h 7s]
Dorex2007: folds 
Aflil1966: folds 
Marchiotto84: checks 
RS_Mount20: folds 
geyza15: raises $0.06 to $0.08
forpet83: folds 
Luigiams: folds 
SleepyShepherd: calls $0.06
Marchiotto84: calls $0.06
*** FLOP *** [4d 8s Ks]
SleepyShepherd: checks 
Marchiotto84: bets $0.24
geyza15: folds 
SleepyShepherd: folds 
Uncalled bet ($0.24) returned to Marchiotto84
Marchiotto84 collected $0.24 from pot
*** SUMMARY ***
Total pot $0.25 | Rake $0.01 
Board [4d 8s Ks]
Seat 2: forpet83 (button) folded before Flop (didn't bet)
Seat 3: Luigiams (small blind) folded before Flop
Seat 4: SleepyShepherd (big blind) folded on the Flop
Seat 5: Dorex2007 folded before Flop (didn't bet)
Seat 6: Aflil1966 folded before Flop (didn't bet)
Seat 7: Marchiotto84 collected ($0.24)
Seat 8: RS_Mount20 folded before Flop (didn't bet)
Seat 9: geyza15 folded on the Flop



PokerStars Hand #237148791125:  Hold'em No Limit ($0.01/$0.02 USD) - 2022/07/03 19:57:36 PT [2022/07/03 22:57:36 ET]
Table 'Paulina III' 9-max Seat #3 is the button
Seat 2: forpet83 ($2.03 in chips) 
Seat 3: Luigiams ($1.99 in chips) 
Seat 4: SleepyShepherd ($3.75 in chips) 
Seat 5: Dorex2007 ($3.85 in chips) 
Seat 6: Aflil1966 ($5.66 in chips) 
Seat 7: Marchiotto84 ($0.96 in chips) 
Seat 8: RS_Mount20 ($1.62 in chips) 
Seat 9: geyza15 ($2.35 in chips) 
SleepyShepherd: posts small blind $0.01
Dorex2007: posts big blind $0.02
perffect16: sits out 
*** HOLE CARDS ***
Dealt to Dorex2007 [2s 4h]
Aflil1966: calls $0.02
Marchiotto84: calls $0.02
RS_Mount20: raises $0.08 to $0.10
geyza15: folds 
forpet83: folds 
Luigiams: calls $0.10
SleepyShepherd: calls $0.09
Dorex2007: folds 
Aflil1966: folds 
Marchiotto84: calls $0.08
*** FLOP *** [7d Td 4c]
SleepyShepherd: checks 
Marchiotto84: bets $0.21
RS_Mount20: folds 
Luigiams: folds 
SleepyShepherd: folds 
Uncalled bet ($0.21) returned to Marchiotto84
Marchiotto84 collected $0.42 from pot
*** SUMMARY ***
Total pot $0.44 | Rake $0.02 
Board [7d Td 4c]
Seat 2: forpet83 folded before Flop (didn't bet)
Seat 3: Luigiams (button) folded on the Flop
Seat 4: SleepyShepherd (small blind) folded on the Flop
Seat 5: Dorex2007 (big blind) folded before Flop
Seat 6: Aflil1966 folded before Flop
Seat 7: Marchiotto84 collected ($0.42)
Seat 8: RS_Mount20 folded on the Flop
Seat 9: geyza15 folded before Flop (didn't bet)



PokerStars Hand #237148796031:  Hold'em No Limit ($0.01/$0.02 USD) - 2022/07/03 19:58:17 PT [2022/07/03 22:58:17 ET]
Table 'Paulina III' 9-max Seat #4 is the button
Seat 2: forpet83 ($2.03 in chips) 
Seat 3: Luigiams ($1.89 in chips) 
Seat 4: SleepyShepherd ($3.65 in chips) 
Seat 5: Dorex2007 ($3.83 in chips) 
Seat 6: Aflil1966 ($5.64 in chips) 
Seat 7: Marchiotto84 ($1.28 in chips) 
Seat 8: RS_Mount20 ($1.52 in chips) 
Seat 9: geyza15 ($2.35 in chips) 
Dorex2007: posts small blind $0.01
Aflil1966: posts big blind $0.02
perffect16: sits out 
*** HOLE CARDS ***
Dealt to Dorex2007 [Kh 2h]
Marchiotto84: calls $0.02
RS_Mount20: folds 
geyza15: folds 
forpet83: folds 
Luigiams: folds 
SleepyShepherd: raises $0.07 to $0.09
Dorex2007: folds 
Aflil1966: folds 
Marchiotto84: calls $0.07
*** FLOP *** [As 2d 8d]
Marchiotto84: checks 
SleepyShepherd: bets $0.02
Marchiotto84: calls $0.02
*** TURN *** [As 2d 8d] [Jd]
Marchiotto84: bets $0.12
SleepyShepherd: raises $0.12 to $0.24
Marchiotto84: folds 
Uncalled bet ($0.12) returned to SleepyShepherd
SleepyShepherd collected $0.47 from pot
*** SUMMARY ***
Total pot $0.49 | Rake $0.02 
Board [As 2d 8d Jd]
Seat 2: forpet83 folded before Flop (didn't bet)
Seat 3: Luigiams folded before Flop (didn't bet)
Seat 4: SleepyShepherd (button) collected ($0.47)
Seat 5: Dorex2007 (small blind) folded before Flop
Seat 6: Aflil1966 (big blind) folded before Flop
Seat 7: Marchiotto84 folded on the Turn
Seat 8: RS_Mount20 folded before Flop (didn't bet)
Seat 9: geyza15 folded before Flop (didn't bet)



PokerStars Hand #237148801640:  Hold'em No Limit ($0.01/$0.02 USD) - 2022/07/03 19:59:03 PT [2022/07/03 22:59:03 ET]
Table 'Paulina III' 9-max Seat #5 is the button
Seat 2: forpet83 ($2.03 in chips) 
Seat 3: Luigiams ($1.89 in chips) 
Seat 4: SleepyShepherd ($3.89 in chips) 
Seat 5: Dorex2007 ($3.82 in chips) 
Seat 6: Aflil1966 ($5.62 in chips) 
Seat 8: RS_Mount20 ($1.52 in chips) 
Seat 9: geyza15 ($2.35 in chips) 
Aflil1966: posts small blind $0.01
Marchiotto84: is sitting out 
Marchiotto84 leaves the table
RS_Mount20: posts big blind $0.02
perffect16: sits out 
*** HOLE CARDS ***
Dealt to Dorex2007 [9s 5h]
geyza15: calls $0.02
forpet83: folds 
Luigiams: folds 
SleepyShepherd: raises $0.02 to $0.04
Dorex2007: folds 
Aflil1966: folds 
RS_Mount20: folds 
geyza15: calls $0.02
*** FLOP *** [Qh 5s 8h]
geyza15: checks 
SleepyShepherd: checks 
*** TURN *** [Qh 5s 8h] [Kh]
themarfs joins the table at seat #7 
geyza15: checks 
SleepyShepherd: checks 
*** RIVER *** [Qh 5s 8h Kh] [Ks]
geyza15: checks 
SleepyShepherd: checks 
*** SHOW DOWN ***
geyza15: shows [3h 3d] (two pair, Kings and Threes)
SleepyShepherd: mucks hand 
geyza15 collected $0.11 from pot
*** SUMMARY ***
Total pot $0.11 | Rake $0 
Board [Qh 5s 8h Kh Ks]
Seat 2: forpet83 folded before Flop (didn't bet)
Seat 3: Luigiams folded before Flop (didn't bet)
Seat 4: SleepyShepherd mucked [6s Tc]
Seat 5: Dorex2007 (button) folded before Flop (didn't bet)
Seat 6: Aflil1966 (small blind) folded before Flop
Seat 8: RS_Mount20 (big blind) folded before Flop
Seat 9: geyza15 showed [3h 3d] and won ($0.11) with two pair, Kings and Threes



PokerStars Hand #237148806014:  Hold'em No Limit ($0.01/$0.02 USD) - 2022/07/03 19:59:38 PT [2022/07/03 22:59:38 ET]
Table 'Paulina III' 9-max Seat #6 is the button
Seat 2: forpet83 ($2.03 in chips) 
Seat 3: Luigiams ($1.89 in chips) 
Seat 4: SleepyShepherd ($3.85 in chips) 
Seat 5: Dorex2007 ($3.82 in chips) 
Seat 6: Aflil1966 ($5.61 in chips) 
Seat 8: RS_Mount20 ($1.50 in chips) 
Seat 9: geyza15 ($2.42 in chips) 
RS_Mount20: posts small blind $0.01
geyza15: posts big blind $0.02
perffect16: sits out 
*** HOLE CARDS ***
Dealt to Dorex2007 [8d 6c]
forpet83: folds 
Luigiams: folds 
SleepyShepherd: calls $0.02
Dorex2007: folds 
Aflil1966: folds 
RS_Mount20: folds 
geyza15: checks 
*** FLOP *** [5h 6h 3s]
geyza15: checks 
SleepyShepherd: bets $0.02
geyza15: raises $2.38 to $2.40 and is all-in
SleepyShepherd: folds 
Uncalled bet ($2.38) returned to geyza15
geyza15 collected $0.09 from pot
*** SUMMARY ***
Total pot $0.09 | Rake $0 
Board [5h 6h 3s]
Seat 2: forpet83 folded before Flop (didn't bet)
Seat 3: Luigiams folded before Flop (didn't bet)
Seat 4: SleepyShepherd folded on the Flop
Seat 5: Dorex2007 folded before Flop (didn't bet)
Seat 6: Aflil1966 (button) folded before Flop (didn't bet)
Seat 8: RS_Mount20 (small blind) folded before Flop
Seat 9: geyza15 (big blind) collected ($0.09)



PokerStars Hand #237148813882:  Hold'em No Limit ($0.01/$0.02 USD) - 2022/07/03 20:00:26 PT [2022/07/03 23:00:26 ET]
Table 'Paulina III' 9-max Seat #8 is the button
Seat 1: perffect16 ($3.49 in chips) 
Seat 2: forpet83 ($2.03 in chips) 
Seat 3: Luigiams ($1.89 in chips) 
Seat 4: SleepyShepherd ($3.81 in chips) 
Seat 5: Dorex2007 ($3.82 in chips) 
Seat 6: Aflil1966 ($5.61 in chips) 
Seat 8: RS_Mount20 ($1.49 in chips) 
Seat 9: geyza15 ($2.47 in chips) 
geyza15: posts small blind $0.01
perffect16: posts big blind $0.02
themarfs: sits out 
*** HOLE CARDS ***
Dealt to Dorex2007 [Qs Ks]
forpet83: folds 
Luigiams: folds 
SleepyShepherd: folds 
Dorex2007: raises $0.06 to $0.08
Aflil1966: folds 
RS_Mount20: folds 
geyza15: folds 
perffect16: folds 
Uncalled bet ($0.06) returned to Dorex2007
Dorex2007 collected $0.05 from pot
*** SUMMARY ***
Total pot $0.05 | Rake $0 
Seat 1: perffect16 (big blind) folded before Flop
Seat 2: forpet83 folded before Flop (didn't bet)
Seat 3: Luigiams folded before Flop (didn't bet)
Seat 4: SleepyShepherd folded before Flop (didn't bet)
Seat 5: Dorex2007 collected ($0.05)
Seat 6: Aflil1966 folded before Flop (didn't bet)
Seat 8: RS_Mount20 (button) folded before Flop (didn't bet)
Seat 9: geyza15 (small blind) folded before Flop



PokerStars Hand #237148816725:  Hold'em No Limit ($0.01/$0.02 USD) - 2022/07/03 20:00:46 PT [2022/07/03 23:00:46 ET]
Table 'Paulina III' 9-max Seat #9 is the button
Seat 1: perffect16 ($3.47 in chips) 
Seat 2: forpet83 ($2.03 in chips) 
Seat 3: Luigiams ($1.89 in chips) 
Seat 4: SleepyShepherd ($3.81 in chips) 
Seat 5: Dorex2007 ($3.85 in chips) 
Seat 6: Aflil1966 ($5.61 in chips) 
Seat 8: RS_Mount20 ($1.49 in chips) 
Seat 9: geyza15 ($2.46 in chips) 
perffect16: posts small blind $0.01
forpet83: posts big blind $0.02
themarfs: sits out 
*** HOLE CARDS ***
Dealt to Dorex2007 [Jd 5c]
Luigiams: folds 
SleepyShepherd: raises $0.04 to $0.06
Dorex2007: folds 
Aflil1966: folds 
RS_Mount20: calls $0.06
geyza15: calls $0.06
perffect16: raises $0.04 to $0.10
forpet83: folds 
SleepyShepherd: calls $0.04
RS_Mount20: calls $0.04
geyza15: calls $0.04
*** FLOP *** [3c 4h Qc]
perffect16: checks 
SleepyShepherd: checks 
RS_Mount20: checks 
geyza15: checks 
*** TURN *** [3c 4h Qc] [Ac]
perffect16: checks 
SleepyShepherd: bets $0.20
RS_Mount20: folds 
geyza15: folds 
perffect16: folds 
Uncalled bet ($0.20) returned to SleepyShepherd
SleepyShepherd collected $0.41 from pot
*** SUMMARY ***
Total pot $0.42 | Rake $0.01 
Board [3c 4h Qc Ac]
Seat 1: perffect16 (small blind) folded on the Turn
Seat 2: forpet83 (big blind) folded before Flop
Seat 3: Luigiams folded before Flop (didn't bet)
Seat 4: SleepyShepherd collected ($0.41)
Seat 5: Dorex2007 folded before Flop (didn't bet)
Seat 6: Aflil1966 folded before Flop (didn't bet)
Seat 8: RS_Mount20 folded on the Turn
Seat 9: geyza15 (button) folded on the Turn



PokerStars Hand #237148825891:  Hold'em No Limit ($0.01/$0.02 USD) - 2022/07/03 20:01:51 PT [2022/07/03 23:01:51 ET]
Table 'Paulina III' 9-max Seat #2 is the button
Seat 2: forpet83 ($2.01 in chips) 
Seat 3: Luigiams ($1.89 in chips) 
Seat 4: SleepyShepherd ($4.12 in chips) 
Seat 5: Dorex2007 ($3.85 in chips) 
Seat 6: Aflil1966 ($5.61 in chips) 
Seat 8: RS_Mount20 ($1.39 in chips) 
Seat 9: geyza15 ($2.36 in chips) 
Luigiams: posts small blind $0.01
SleepyShepherd: posts big blind $0.02
themarfs: sits out 
*** HOLE CARDS ***
Dealt to Dorex2007 [3d Js]
perffect16 leaves the table
Dorex2007: folds 
Aflil1966: folds 
RS_Mount20: raises $0.04 to $0.06
geyza15: folds 
forpet83: folds 
Luigiams: folds 
SleepyShepherd: folds 
Uncalled bet ($0.04) returned to RS_Mount20
RS_Mount20 collected $0.05 from pot
*** SUMMARY ***
Total pot $0.05 | Rake $0 
Seat 2: forpet83 (button) folded before Flop (didn't bet)
Seat 3: Luigiams (small blind) folded before Flop
Seat 4: SleepyShepherd (big blind) folded before Flop
Seat 5: Dorex2007 folded before Flop (didn't bet)
Seat 6: Aflil1966 folded before Flop (didn't bet)
Seat 8: RS_Mount20 collected ($0.05)
Seat 9: geyza15 folded before Flop (didn't bet)



PokerStars Hand #237148828812:  Hold'em No Limit ($0.01/$0.02 USD) - 2022/07/03 20:02:11 PT [2022/07/03 23:02:11 ET]
Table 'Paulina III' 9-max Seat #3 is the button
Seat 2: forpet83 ($2.01 in chips) 
Seat 3: Luigiams ($1.88 in chips) 
Seat 4: SleepyShepherd ($4.10 in chips) 
Seat 5: Dorex2007 ($3.85 in chips) 
Seat 6: Aflil1966 ($5.61 in chips) 
Seat 8: RS_Mount20 ($1.42 in chips) 
Seat 9: geyza15 ($2.36 in chips) 
SleepyShepherd: posts small blind $0.01
Dorex2007: posts big blind $0.02
themarfs: sits out 
*** HOLE CARDS ***
Dealt to Dorex2007 [8c 9s]
Aflil1966: folds 
RS_Mount20: folds 
RS_Mount20 leaves the table
geyza15: raises $0.02 to $0.04
forpet83: folds 
Luigiams: folds 
SleepyShepherd: folds 
Dorex2007: folds 
Uncalled bet ($0.02) returned to geyza15
geyza15 collected $0.05 from pot
*** SUMMARY ***
Total pot $0.05 | Rake $0 
Seat 2: forpet83 folded before Flop (didn't bet)
Seat 3: Luigiams (button) folded before Flop (didn't bet)
Seat 4: SleepyShepherd (small blind) folded before Flop
Seat 5: Dorex2007 (big blind) folded before Flop
Seat 6: Aflil1966 folded before Flop (didn't bet)
Seat 8: RS_Mount20 folded before Flop (didn't bet)
Seat 9: geyza15 collected ($0.05)



PokerStars Hand #237148831654:  Hold'em No Limit ($0.01/$0.02 USD) - 2022/07/03 20:02:31 PT [2022/07/03 23:02:31 ET]
Table 'Paulina III' 9-max Seat #4 is the button
Seat 2: forpet83 ($2.01 in chips) 
Seat 3: Luigiams ($1.88 in chips) 
Seat 4: SleepyShepherd ($4.09 in chips) 
Seat 5: Dorex2007 ($3.83 in chips) 
Seat 6: Aflil1966 ($5.61 in chips) 
Seat 9: geyza15 ($2.39 in chips) 
Dorex2007: posts small blind $0.01
Aflil1966: posts big blind $0.02
themarfs: sits out 
*** HOLE CARDS ***
Dealt to Dorex2007 [3d 2c]
geyza15: raises $0.02 to $0.04
forpet83: raises $0.16 to $0.20
Luigiams: folds 
SleepyShepherd: folds 
Dorex2007: folds 
Aflil1966: folds 
geyza15: folds 
Uncalled bet ($0.16) returned to forpet83
forpet83 collected $0.11 from pot
*** SUMMARY ***
Total pot $0.11 | Rake $0 
Seat 2: forpet83 collected ($0.11)
Seat 3: Luigiams folded before Flop (didn't bet)
Seat 4: SleepyShepherd (button) folded before Flop (didn't bet)
Seat 5: Dorex2007 (small blind) folded before Flop
Seat 6: Aflil1966 (big blind) folded before Flop
Seat 9: geyza15 folded before Flop



PokerStars Hand #237148834895:  Hold'em No Limit ($0.01/$0.02 USD) - 2022/07/03 20:02:53 PT [2022/07/03 23:02:53 ET]
Table 'Paulina III' 9-max Seat #5 is the button
Seat 2: forpet83 ($2.08 in chips) 
Seat 3: Luigiams ($1.88 in chips) 
Seat 4: SleepyShepherd ($4.09 in chips) 
Seat 5: Dorex2007 ($3.82 in chips) 
Seat 6: Aflil1966 ($5.59 in chips) 
Seat 7: themarfs ($2 in chips) 
Seat 9: geyza15 ($2.35 in chips) 
Aflil1966: posts small blind $0.01
themarfs: posts big blind $0.02
*** HOLE CARDS ***
Dealt to Dorex2007 [3h 5c]
geyza15: raises $0.02 to $0.04
forpet83: folds 
Luigiams: folds 
SleepyShepherd: raises $0.02 to $0.06
Dorex2007: folds 
Aflil1966: raises $5.53 to $5.59 and is all-in
themarfs: folds 
geyza15: folds 
SleepyShepherd: folds 
Uncalled bet ($5.53) returned to Aflil1966
Aflil1966 collected $0.18 from pot
*** SUMMARY ***
Total pot $0.18 | Rake $0 
Seat 2: forpet83 folded before Flop (didn't bet)
Seat 3: Luigiams folded before Flop (didn't bet)
Seat 4: SleepyShepherd folded before Flop
Seat 5: Dorex2007 (button) folded before Flop (didn't bet)
Seat 6: Aflil1966 (small blind) collected ($0.18)
Seat 7: themarfs (big blind) folded before Flop
Seat 9: geyza15 folded before Flop



PokerStars Hand #237148839465:  Hold'em No Limit ($0.01/$0.02 USD) - 2022/07/03 20:03:26 PT [2022/07/03 23:03:26 ET]
Table 'Paulina III' 9-max Seat #6 is the button
Seat 2: forpet83 ($2.08 in chips) 
Seat 3: Luigiams ($1.88 in chips) 
Seat 4: SleepyShepherd ($4.03 in chips) 
Seat 5: Dorex2007 ($3.82 in chips) 
Seat 6: Aflil1966 ($5.71 in chips) 
Seat 7: themarfs ($2 in chips) 
Seat 9: geyza15 ($2.31 in chips) 
themarfs: posts small blind $0.01
geyza15: posts big blind $0.02
*** HOLE CARDS ***
Dealt to Dorex2007 [5s 7d]
forpet83: calls $0.02
Luigiams: calls $0.02
SleepyShepherd: folds 
Dorex2007: folds 
Aflil1966 has timed out
Aflil1966: folds 
themarfs: folds 
geyza15: checks 
*** FLOP *** [4c Qd 8s]
geyza15: checks 
forpet83: bets $0.05
Luigiams: folds 
geyza15: folds 
Uncalled bet ($0.05) returned to forpet83
forpet83 collected $0.07 from pot
*** SUMMARY ***
Total pot $0.07 | Rake $0 
Board [4c Qd 8s]
Seat 2: forpet83 collected ($0.07)
Seat 3: Luigiams folded on the Flop
Seat 4: SleepyShepherd folded before Flop (didn't bet)
Seat 5: Dorex2007 folded before Flop (didn't bet)
Seat 6: Aflil1966 (button) folded before Flop (didn't bet)
Seat 7: themarfs (small blind) folded before Flop
Seat 9: geyza15 (big blind) folded on the Flop



PokerStars Hand #237148846936:  Hold'em No Limit ($0.01/$0.02 USD) - 2022/07/03 20:04:16 PT [2022/07/03 23:04:16 ET]
Table 'Paulina III' 9-max Seat #7 is the button
Seat 2: forpet83 ($2.13 in chips) 
Seat 3: Luigiams ($1.86 in chips) 
Seat 4: SleepyShepherd ($4.03 in chips) 
Seat 5: Dorex2007 ($3.82 in chips) 
Seat 6: Aflil1966 ($5.71 in chips) 
Seat 7: themarfs ($2 in chips) 
Seat 9: geyza15 ($2.29 in chips) 
geyza15: posts small blind $0.01
forpet83: posts big blind $0.02
*** HOLE CARDS ***
Dealt to Dorex2007 [Js Kd]
Luigiams: folds 
SleepyShepherd: folds 
Dorex2007: calls $0.02
Aflil1966: folds 
themarfs: folds 
geyza15: calls $0.01
forpet83: checks 
*** FLOP *** [Jh 3d 2c]
geyza15: checks 
forpet83: checks 
Dorex2007: bets $0.10
valery736 joins the table at seat #8 
geyza15: folds 
forpet83: folds 
Uncalled bet ($0.10) returned to Dorex2007
Dorex2007 collected $0.06 from pot
*** SUMMARY ***
Total pot $0.06 | Rake $0 
Board [Jh 3d 2c]
Seat 2: forpet83 (big blind) folded on the Flop
Seat 3: Luigiams folded before Flop (didn't bet)
Seat 4: SleepyShepherd folded before Flop (didn't bet)
Seat 5: Dorex2007 collected ($0.06)
Seat 6: Aflil1966 folded before Flop (didn't bet)
Seat 7: themarfs (button) folded before Flop (didn't bet)
Seat 9: geyza15 (small blind) folded on the Flop



PokerStars Hand #237148852819:  Hold'em No Limit ($0.01/$0.02 USD) - 2022/07/03 20:04:57 PT [2022/07/03 23:04:57 ET]
Table 'Paulina III' 9-max Seat #9 is the button
Seat 2: forpet83 ($2.11 in chips) 
Seat 3: Luigiams ($1.86 in chips) 
Seat 4: SleepyShepherd ($4.03 in chips) 
Seat 5: Dorex2007 ($3.86 in chips) 
Seat 6: Aflil1966 ($5.71 in chips) 
Seat 7: themarfs ($2 in chips) 
Seat 9: geyza15 ($2.27 in chips) 
forpet83: posts small blind $0.01
Luigiams: posts big blind $0.02
valery736: sits out 
*** HOLE CARDS ***
Dealt to Dorex2007 [8d 7s]
SleepyShepherd: folds 
Dorex2007: folds 
Aflil1966: folds 
themarfs: raises $0.04 to $0.06
geyza15: folds 
forpet83: folds 
Luigiams: calls $0.04
*** FLOP *** [7h As 9d]
Luigiams: bets $0.08
themarfs: folds 
Uncalled bet ($0.08) returned to Luigiams
Luigiams collected $0.13 from pot
*** SUMMARY ***
Total pot $0.13 | Rake $0 
Board [7h As 9d]
Seat 2: forpet83 (small blind) folded before Flop
Seat 3: Luigiams (big blind) collected ($0.13)
Seat 4: SleepyShepherd folded before Flop (didn't bet)
Seat 5: Dorex2007 folded before Flop (didn't bet)
Seat 6: Aflil1966 folded before Flop (didn't bet)
Seat 7: themarfs folded on the Flop
Seat 9: geyza15 (button) folded before Flop (didn't bet)



PokerStars Hand #237148859160:  Hold'em No Limit ($0.01/$0.02 USD) - 2022/07/03 20:05:41 PT [2022/07/03 23:05:41 ET]
Table 'Paulina III' 9-max Seat #2 is the button
Seat 2: forpet83 ($2.10 in chips) 
Seat 3: Luigiams ($1.93 in chips) 
Seat 4: SleepyShepherd ($4.03 in chips) 
Seat 5: Dorex2007 ($3.86 in chips) 
Seat 6: Aflil1966 ($5.71 in chips) 
Seat 7: themarfs ($2 in chips) 
Seat 9: geyza15 ($2.27 in chips) 
Luigiams: posts small blind $0.01
SleepyShepherd: posts big blind $0.02
valery736: sits out 
*** HOLE CARDS ***
Dealt to Dorex2007 [Td Ah]
Dorex2007: raises $0.04 to $0.06
Aflil1966: folds 
themarfs: folds 
geyza15: folds 
forpet83: calls $0.06
Luigiams: folds 
SleepyShepherd: calls $0.04
*** FLOP *** [2c As 7c]
SleepyShepherd: bets $0.09
Dorex2007: calls $0.09
forpet83: folds 
*** TURN *** [2c As 7c] [8c]
SleepyShepherd: bets $0.18
Dorex2007: folds 
Uncalled bet ($0.18) returned to SleepyShepherd
SleepyShepherd collected $0.36 from pot
*** SUMMARY ***
Total pot $0.37 | Rake $0.01 
Board [2c As 7c 8c]
Seat 2: forpet83 (button) folded on the Flop
Seat 3: Luigiams (small blind) folded before Flop
Seat 4: SleepyShepherd (big blind) collected ($0.36)
Seat 5: Dorex2007 folded on the Turn
Seat 6: Aflil1966 folded before Flop (didn't bet)
Seat 7: themarfs folded before Flop (didn't bet)
Seat 9: geyza15 folded before Flop (didn't bet)



PokerStars Hand #237148866380:  Hold'em No Limit ($0.01/$0.02 USD) - 2022/07/03 20:06:30 PT [2022/07/03 23:06:30 ET]
Table 'Paulina III' 9-max Seat #3 is the button
Seat 2: forpet83 ($2.04 in chips) 
Seat 3: Luigiams ($1.92 in chips) 
Seat 4: SleepyShepherd ($4.24 in chips) 
Seat 5: Dorex2007 ($3.71 in chips) 
Seat 6: Aflil1966 ($5.71 in chips) 
Seat 7: themarfs ($2 in chips) 
Seat 9: geyza15 ($2.27 in chips) 
SleepyShepherd: posts small blind $0.01
Dorex2007: posts big blind $0.02
valery736: sits out 
*** HOLE CARDS ***
Dealt to Dorex2007 [9s 4d]
Aflil1966: folds 
themarfs: raises $0.04 to $0.06
geyza15: folds 
forpet83: folds 
Luigiams: folds 
SleepyShepherd: folds 
Dorex2007: folds 
Uncalled bet ($0.04) returned to themarfs
themarfs collected $0.05 from pot
*** SUMMARY ***
Total pot $0.05 | Rake $0 
Seat 2: forpet83 folded before Flop (didn't bet)
Seat 3: Luigiams (button) folded before Flop (didn't bet)
Seat 4: SleepyShepherd (small blind) folded before Flop
Seat 5: Dorex2007 (big blind) folded before Flop
Seat 6: Aflil1966 folded before Flop (didn't bet)
Seat 7: themarfs collected ($0.05)
Seat 9: geyza15 folded before Flop (didn't bet)



PokerStars Hand #237148871164:  Hold'em No Limit ($0.01/$0.02 USD) - 2022/07/03 20:06:52 PT [2022/07/03 23:06:52 ET]
Table 'Paulina III' 9-max Seat #4 is the button
Seat 2: forpet83 ($2.04 in chips) 
Seat 3: Luigiams ($1.92 in chips) 
Seat 4: SleepyShepherd ($4.23 in chips) 
Seat 5: Dorex2007 ($3.69 in chips) 
Seat 6: Aflil1966 ($5.71 in chips) 
Seat 7: themarfs ($2.03 in chips) 
Seat 9: geyza15 ($2.27 in chips) 
Dorex2007: posts small blind $0.01
Aflil1966: posts big blind $0.02
valery736: sits out 
*** HOLE CARDS ***
Dealt to Dorex2007 [6d 7h]
themarfs: folds 
geyza15: folds 
forpet83: folds 
Luigiams: raises $0.02 to $0.04
SleepyShepherd: raises $0.11 to $0.15
Dorex2007: folds 
Aflil1966: folds 
Luigiams: folds 
Uncalled bet ($0.11) returned to SleepyShepherd
SleepyShepherd collected $0.11 from pot
*** SUMMARY ***
Total pot $0.11 | Rake $0 
Seat 2: forpet83 folded before Flop (didn't bet)
Seat 3: Luigiams folded before Flop
Seat 4: SleepyShepherd (button) collected ($0.11)
Seat 5: Dorex2007 (small blind) folded before Flop
Seat 6: Aflil1966 (big blind) folded before Flop
Seat 7: themarfs folded before Flop (didn't bet)
Seat 9: geyza15 folded before Flop (didn't bet)



PokerStars Hand #237148875271:  Hold'em No Limit ($0.01/$0.02 USD) - 2022/07/03 20:07:21 PT [2022/07/03 23:07:21 ET]
Table 'Paulina III' 9-max Seat #5 is the button
Seat 2: forpet83 ($2.04 in chips) 
Seat 3: Luigiams ($1.88 in chips) 
Seat 4: SleepyShepherd ($4.30 in chips) 
Seat 5: Dorex2007 ($3.68 in chips) 
Seat 6: Aflil1966 ($5.69 in chips) 
Seat 7: themarfs ($2.03 in chips) 
Seat 9: geyza15 ($2.27 in chips) 
Aflil1966: posts small blind $0.01
themarfs: posts big blind $0.02
valery736: sits out 
*** HOLE CARDS ***
Dealt to Dorex2007 [8d Kd]
geyza15: folds 
forpet83: folds 
Luigiams: folds 
SleepyShepherd: raises $0.02 to $0.04
Dorex2007: calls $0.04
Aflil1966: folds 
themarfs: folds 
*** FLOP *** [9c 3s 8s]
SleepyShepherd: checks 
Dorex2007: bets $0.05
SleepyShepherd: folds 
Uncalled bet ($0.05) returned to Dorex2007
Dorex2007 collected $0.11 from pot
*** SUMMARY ***
Total pot $0.11 | Rake $0 
Board [9c 3s 8s]
Seat 2: forpet83 folded before Flop (didn't bet)
Seat 3: Luigiams folded before Flop (didn't bet)
Seat 4: SleepyShepherd folded on the Flop
Seat 5: Dorex2007 (button) collected ($0.11)
Seat 6: Aflil1966 (small blind) folded before Flop
Seat 7: themarfs (big blind) folded before Flop
Seat 9: geyza15 folded before Flop (didn't bet)



PokerStars Hand #237148884525:  Hold'em No Limit ($0.01/$0.02 USD) - 2022/07/03 20:08:25 PT [2022/07/03 23:08:25 ET]
Table 'Paulina III' 9-max Seat #6 is the button
Seat 2: forpet83 ($2.04 in chips) 
Seat 3: Luigiams ($1.88 in chips) 
Seat 4: SleepyShepherd ($4.26 in chips) 
Seat 5: Dorex2007 ($3.75 in chips) 
Seat 6: Aflil1966 ($5.68 in chips) 
Seat 7: themarfs ($2.01 in chips) 
Seat 8: valery736 ($0.80 in chips) 
Seat 9: geyza15 ($2.27 in chips) 
themarfs: posts small blind $0.01
valery736: posts big blind $0.02
*** HOLE CARDS ***
Dealt to Dorex2007 [5s 8c]
geyza15: folds 
forpet83: folds 
Luigiams: folds 
SleepyShepherd: folds 
Dorex2007: folds 
Aflil1966: folds 
themarfs: folds 
Uncalled bet ($0.01) returned to valery736
valery736 collected $0.02 from pot
*** SUMMARY ***
Total pot $0.02 | Rake $0 
Seat 2: forpet83 folded before Flop (didn't bet)
Seat 3: Luigiams folded before Flop (didn't bet)
Seat 4: SleepyShepherd folded before Flop (didn't bet)
Seat 5: Dorex2007 folded before Flop (didn't bet)
Seat 6: Aflil1966 (button) folded before Flop (didn't bet)
Seat 7: themarfs (small blind) folded before Flop
Seat 8: valery736 (big blind) collected ($0.02)
Seat 9: geyza15 folded before Flop (didn't bet)



PokerStars Hand #237148887134:  Hold'em No Limit ($0.01/$0.02 USD) - 2022/07/03 20:08:43 PT [2022/07/03 23:08:43 ET]
Table 'Paulina III' 9-max Seat #7 is the button
Seat 2: forpet83 ($2.04 in chips) 
Seat 3: Luigiams ($1.88 in chips) 
Seat 4: SleepyShepherd ($4.26 in chips) 
Seat 5: Dorex2007 ($3.75 in chips) 
Seat 6: Aflil1966 ($5.68 in chips) 
Seat 7: themarfs ($2 in chips) 
Seat 8: valery736 ($0.81 in chips) 
valery736: posts small blind $0.01
geyza15: is sitting out 
forpet83: posts big blind $0.02
*** HOLE CARDS ***
Dealt to Dorex2007 [7s 6c]
geyza15 leaves the table
Luigiams: calls $0.02
SleepyShepherd: raises $0.02 to $0.04
Dorex2007: folds 
Aflil1966: folds 
themarfs: folds 
valery736: folds 
forpet83: calls $0.02
Luigiams: calls $0.02
*** FLOP *** [9d 7h 6h]
forpet83: checks 
Luigiams: checks 
SleepyShepherd: bets $0.06
forpet83: folds 
Luigiams: calls $0.06
*** TURN *** [9d 7h 6h] [Ts]
Luigiams: checks 
SleepyShepherd: checks 
*** RIVER *** [9d 7h 6h Ts] [Ac]
Luigiams: bets $0.24
SleepyShepherd: folds 
Uncalled bet ($0.24) returned to Luigiams
Luigiams collected $0.24 from pot
*** SUMMARY ***
Total pot $0.25 | Rake $0.01 
Board [9d 7h 6h Ts Ac]
Seat 2: forpet83 (big blind) folded on the Flop
Seat 3: Luigiams collected ($0.24)
Seat 4: SleepyShepherd folded on the River
Seat 5: Dorex2007 folded before Flop (didn't bet)
Seat 6: Aflil1966 folded before Flop (didn't bet)
Seat 7: themarfs (button) folded before Flop (didn't bet)
Seat 8: valery736 (small blind) folded before Flop



PokerStars Hand #237148895945:  Hold'em No Limit ($0.01/$0.02 USD) - 2022/07/03 20:09:33 PT [2022/07/03 23:09:33 ET]
Table 'Paulina III' 9-max Seat #8 is the button
Seat 2: forpet83 ($2 in chips) 
Seat 4: SleepyShepherd ($4.16 in chips) 
Seat 5: Dorex2007 ($3.75 in chips) 
Seat 6: Aflil1966 ($5.68 in chips) 
Seat 7: themarfs ($2 in chips) 
Seat 8: valery736 ($0.80 in chips) 
forpet83: posts small blind $0.01
Luigiams: is sitting out 
SleepyShepherd: posts big blind $0.02
*** HOLE CARDS ***
Dealt to Dorex2007 [2d 9d]
Luigiams leaves the table
Dorex2007: folds 
Aflil1966: folds 
themarfs: folds 
valery736: folds 
forpet83: folds 
Uncalled bet ($0.01) returned to SleepyShepherd
SleepyShepherd collected $0.02 from pot
*** SUMMARY ***
Total pot $0.02 | Rake $0 
Seat 2: forpet83 (small blind) folded before Flop
Seat 4: SleepyShepherd (big blind) collected ($0.02)
Seat 5: Dorex2007 folded before Flop (didn't bet)
Seat 6: Aflil1966 folded before Flop (didn't bet)
Seat 7: themarfs folded before Flop (didn't bet)
Seat 8: valery736 (button) folded before Flop (didn't bet)



PokerStars Hand #237148897997:  Hold'em No Limit ($0.01/$0.02 USD) - 2022/07/03 20:09:48 PT [2022/07/03 23:09:48 ET]
Table 'Paulina III' 9-max Seat #2 is the button
Seat 2: forpet83 ($2 in chips) 
Seat 4: SleepyShepherd ($4.17 in chips) 
Seat 5: Dorex2007 ($3.75 in chips) 
Seat 6: Aflil1966 ($5.68 in chips) 
Seat 7: themarfs ($2 in chips) 
Seat 8: valery736 ($0.80 in chips) 
SleepyShepherd: posts small blind $0.01
Dorex2007: posts big blind $0.02
*** HOLE CARDS ***
Dealt to Dorex2007 [4h Kc]
Aflil1966: folds 
themarfs: raises $0.04 to $0.06
valery736: folds 
forpet83: folds 
SleepyShepherd: folds 
Dorex2007: folds 
Uncalled bet ($0.04) returned to themarfs
themarfs collected $0.05 from pot
*** SUMMARY ***
Total pot $0.05 | Rake $0 
Seat 2: forpet83 (button) folded before Flop (didn't bet)
Seat 4: SleepyShepherd (small blind) folded before Flop
Seat 5: Dorex2007 (big blind) folded before Flop
Seat 6: Aflil1966 folded before Flop (didn't bet)
Seat 7: themarfs collected ($0.05)
Seat 8: valery736 folded before Flop (didn't bet)



PokerStars Hand #237148900340:  Hold'em No Limit ($0.01/$0.02 USD) - 2022/07/03 20:10:04 PT [2022/07/03 23:10:04 ET]
Table 'Paulina III' 9-max Seat #4 is the button
Seat 2: forpet83 ($2 in chips) 
Seat 4: SleepyShepherd ($4.16 in chips) 
Seat 5: Dorex2007 ($3.73 in chips) 
Seat 6: Aflil1966 ($5.68 in chips) 
Seat 7: themarfs ($2.03 in chips) 
Seat 8: valery736 ($0.80 in chips) 
Dorex2007: posts small blind $0.01
Aflil1966: posts big blind $0.02
*** HOLE CARDS ***
Dealt to Dorex2007 [9h Kd]
themarfs: folds 
valery736: raises $0.03 to $0.05
forpet83: folds 
SleepyShepherd: calls $0.05
Dorex2007: folds 
Aflil1966: folds 
*** FLOP *** [7d 6d 2d]
valery736: checks 
SleepyShepherd: bets $0.06
valery736: calls $0.06
*** TURN *** [7d 6d 2d] [Th]
valery736: checks 
SleepyShepherd: checks 
*** RIVER *** [7d 6d 2d Th] [7c]
valery736: bets $0.10
SleepyShepherd: folds 
Uncalled bet ($0.10) returned to valery736
valery736 collected $0.24 from pot
*** SUMMARY ***
Total pot $0.25 | Rake $0.01 
Board [7d 6d 2d Th 7c]
Seat 2: forpet83 folded before Flop (didn't bet)
Seat 4: SleepyShepherd (button) folded on the River
Seat 5: Dorex2007 (small blind) folded before Flop
Seat 6: Aflil1966 (big blind) folded before Flop
Seat 7: themarfs folded before Flop (didn't bet)
Seat 8: valery736 collected ($0.24)



PokerStars Hand #237148911884:  Hold'em No Limit ($0.01/$0.02 USD) - 2022/07/03 20:10:47 PT [2022/07/03 23:10:47 ET]
Table 'Paulina III' 9-max Seat #5 is the button
Seat 2: forpet83 ($2 in chips) 
Seat 4: SleepyShepherd ($4.05 in chips) 
Seat 5: Dorex2007 ($3.72 in chips) 
Seat 6: Aflil1966 ($5.66 in chips) 
Seat 7: themarfs ($2.03 in chips) 
Seat 8: valery736 ($0.93 in chips) 
Aflil1966: posts small blind $0.01
themarfs: posts big blind $0.02
*** HOLE CARDS ***
Dealt to Dorex2007 [Jc 9d]
valery736: folds 
forpet83: calls $0.02
SleepyShepherd: raises $0.07 to $0.09
Dorex2007: folds 
Aflil1966: folds 
themarfs: folds 
forpet83: calls $0.07
*** FLOP *** [7d 3s Kc]
forpet83: checks 
SleepyShepherd: bets $0.10
forpet83: folds 
Uncalled bet ($0.10) returned to SleepyShepherd
SleepyShepherd collected $0.20 from pot
*** SUMMARY ***
Total pot $0.21 | Rake $0.01 
Board [7d 3s Kc]
Seat 2: forpet83 folded on the Flop
Seat 4: SleepyShepherd collected ($0.20)
Seat 5: Dorex2007 (button) folded before Flop (didn't bet)
Seat 6: Aflil1966 (small blind) folded before Flop
Seat 7: themarfs (big blind) folded before Flop
Seat 8: valery736 folded before Flop (didn't bet)



PokerStars Hand #237148916256:  Hold'em No Limit ($0.01/$0.02 USD) - 2022/07/03 20:11:18 PT [2022/07/03 23:11:18 ET]
Table 'Paulina III' 9-max Seat #6 is the button
Seat 2: forpet83 ($2 in chips) 
Seat 4: SleepyShepherd ($4.16 in chips) 
Seat 5: Dorex2007 ($3.72 in chips) 
Seat 6: Aflil1966 ($5.65 in chips) 
Seat 7: themarfs ($2.01 in chips) 
Seat 8: valery736 ($0.93 in chips) 
themarfs: posts small blind $0.01
valery736: posts big blind $0.02
*** HOLE CARDS ***
Dealt to Dorex2007 [Kc Kh]
forpet83: folds 
SleepyShepherd: raises $0.05 to $0.07
Dorex2007: raises $0.07 to $0.14
Aflil1966: folds 
themarfs: folds 
valery736: folds 
SleepyShepherd: calls $0.07
*** FLOP *** [9d 4s 4d]
SleepyShepherd: checks 
Dorex2007: bets $0.15
SleepyShepherd: folds 
Uncalled bet ($0.15) returned to Dorex2007
Dorex2007 collected $0.30 from pot
*** SUMMARY ***
Total pot $0.31 | Rake $0.01 
Board [9d 4s 4d]
Seat 2: forpet83 folded before Flop (didn't bet)
Seat 4: SleepyShepherd folded on the Flop
Seat 5: Dorex2007 collected ($0.30)
Seat 6: Aflil1966 (button) folded before Flop (didn't bet)
Seat 7: themarfs (small blind) folded before Flop
Seat 8: valery736 (big blind) folded before Flop



