PokerStars Hand #237686424883:  Hold'em No Limit ($0.02/$0.05 USD) - 2022/07/30 13:07:38 PT [2022/07/30 16:07:38 ET]
Table 'Veteraniya II' 9-max Seat #5 is the button
Seat 1: Dorex2007 ($5 in chips) 
Seat 2: Stormy1979 ($5.32 in chips) 
Seat 3: fdghfdhg ($5 in chips) 
Seat 5: eurosmile505 ($8.55 in chips) 
Seat 6: leeonpoker ($4.90 in chips) 
Seat 7: westhamas ($5 in chips) 
Seat 8: Lisi16 ($2.32 in chips) 
Seat 9: dias&pacheco ($1.90 in chips) 
leeonpoker: posts small blind $0.02
westhamas: posts big blind $0.05
Dorex2007: posts big blind $0.05
fdghfdhg: posts big blind $0.05
yur4ik777: sits out 
*** HOLE CARDS ***
Dealt to Dorex2007 [2h Ts]
Lisi16: raises $0.05 to $0.10
dias&pacheco: folds 
Dorex2007: folds 
Stormy1979: calls $0.10
fdghfdhg: folds 
eurosmile505: folds 
leeonpoker: folds 
westhamas: folds 
*** FLOP *** [5s 8d 2c]
Lisi16: checks 
Stormy1979: bets $0.10
Lisi16: calls $0.10
*** TURN *** [5s 8d 2c] [9d]
Lisi16: checks 
Stormy1979: checks 
*** RIVER *** [5s 8d 2c 9d] [Ac]
Lisi16: checks 
Stormy1979: checks 
*** SHOW DOWN ***
Lisi16: shows [5h Td] (a pair of Fives)
Stormy1979: shows [8s 7h] (a pair of Eights)
Stormy1979 collected $0.55 from pot
*** SUMMARY ***
Total pot $0.57 | Rake $0.02 
Board [5s 8d 2c 9d Ac]
Seat 1: Dorex2007 folded before Flop (didn't bet)
Seat 2: Stormy1979 showed [8s 7h] and won ($0.55) with a pair of Eights
Seat 3: fdghfdhg folded before Flop (didn't bet)
Seat 5: eurosmile505 (button) folded before Flop (didn't bet)
Seat 6: leeonpoker (small blind) folded before Flop
Seat 7: westhamas (big blind) folded before Flop
Seat 8: Lisi16 showed [5h Td] and lost with a pair of Fives
Seat 9: dias&pacheco folded before Flop (didn't bet)



PokerStars Hand #237686441523:  Hold'em No Limit ($0.02/$0.05 USD) - 2022/07/30 13:08:23 PT [2022/07/30 16:08:23 ET]
Table 'Veteraniya II' 9-max Seat #6 is the button
Seat 1: Dorex2007 ($5 in chips) 
Seat 2: Stormy1979 ($5.67 in chips) 
Seat 3: fdghfdhg ($5 in chips) 
Seat 5: eurosmile505 ($8.55 in chips) 
Seat 6: leeonpoker ($4.88 in chips) 
Seat 7: westhamas ($4.95 in chips) 
Seat 8: Lisi16 ($2.12 in chips) 
Seat 9: dias&pacheco ($1.90 in chips) 
westhamas: posts small blind $0.02
Lisi16: posts big blind $0.05
yur4ik777: sits out 
*** HOLE CARDS ***
Dealt to Dorex2007 [6c 3h]
dias&pacheco: folds 
Dorex2007: folds 
Stormy1979: raises $0.05 to $0.10
fdghfdhg: folds 
eurosmile505: raises $0.30 to $0.40
leeonpoker: calls $0.40
westhamas: folds 
Lisi16: calls $0.35
Stormy1979: folds 
*** FLOP *** [Kd Ah 7d]
Lisi16: checks 
eurosmile505: bets $0.64
leeonpoker: calls $0.64
Lisi16: calls $0.64
*** TURN *** [Kd Ah 7d] [5h]
Lisi16: checks 
eurosmile505: bets $3.11
leeonpoker: raises $0.73 to $3.84 and is all-in
Lisi16: calls $1.08 and is all-in
eurosmile505: calls $0.73
*** RIVER *** [Kd Ah 7d 5h] [Tc]
*** SHOW DOWN ***
eurosmile505: shows [Kh Ac] (two pair, Aces and Kings)
leeonpoker: shows [Jc Ks] (a pair of Kings)
eurosmile505 collected $5.29 from side pot
Lisi16: shows [As 9d] (a pair of Aces)
eurosmile505 collected $6.21 from main pot
*** SUMMARY ***
Total pot $12 Main pot $6.21. Side pot $5.29. | Rake $0.50 
Board [Kd Ah 7d 5h Tc]
Seat 1: Dorex2007 folded before Flop (didn't bet)
Seat 2: Stormy1979 folded before Flop
Seat 3: fdghfdhg folded before Flop (didn't bet)
Seat 5: eurosmile505 showed [Kh Ac] and won ($11.50) with two pair, Aces and Kings
Seat 6: leeonpoker (button) showed [Jc Ks] and lost with a pair of Kings
Seat 7: westhamas (small blind) folded before Flop
Seat 8: Lisi16 (big blind) showed [As 9d] and lost with a pair of Aces
Seat 9: dias&pacheco folded before Flop (didn't bet)



PokerStars Hand #237686469728:  Hold'em No Limit ($0.02/$0.05 USD) - 2022/07/30 13:09:41 PT [2022/07/30 16:09:41 ET]
Table 'Veteraniya II' 9-max Seat #7 is the button
Seat 1: Dorex2007 ($5 in chips) 
Seat 2: Stormy1979 ($5.57 in chips) 
Seat 3: fdghfdhg ($5 in chips) 
Seat 5: eurosmile505 ($15.17 in chips) 
Seat 7: westhamas ($4.93 in chips) 
Seat 9: dias&pacheco ($1.90 in chips) 
dias&pacheco: posts small blind $0.02
Dorex2007: posts big blind $0.05
leeonpoker leaves the table
yur4ik777: sits out 
*** HOLE CARDS ***
Dealt to Dorex2007 [8s 5d]
Stormy1979: folds 
fdghfdhg: folds 
Lisi16 leaves the table
eurosmile505: folds 
westhamas: folds 
dias&pacheco: calls $0.03
Dorex2007: checks 
*** FLOP *** [5s 9c Th]
dias&pacheco: checks 
Dorex2007: checks 
*** TURN *** [5s 9c Th] [Ad]
dias&pacheco: bets $0.05
Dorex2007: folds 
Uncalled bet ($0.05) returned to dias&pacheco
dias&pacheco collected $0.10 from pot
dias&pacheco: doesn't show hand 
*** SUMMARY ***
Total pot $0.10 | Rake $0 
Board [5s 9c Th Ad]
Seat 1: Dorex2007 (big blind) folded on the Turn
Seat 2: Stormy1979 folded before Flop (didn't bet)
Seat 3: fdghfdhg folded before Flop (didn't bet)
Seat 5: eurosmile505 folded before Flop (didn't bet)
Seat 7: westhamas (button) folded before Flop (didn't bet)
Seat 9: dias&pacheco (small blind) collected ($0.10)



PokerStars Hand #237686481687:  Hold'em No Limit ($0.02/$0.05 USD) - 2022/07/30 13:10:14 PT [2022/07/30 16:10:14 ET]
Table 'Veteraniya II' 9-max Seat #9 is the button
Seat 1: Dorex2007 ($5 in chips) 
Seat 2: Stormy1979 ($5.57 in chips) 
Seat 3: fdghfdhg ($5 in chips) 
Seat 5: eurosmile505 ($15.17 in chips) 
Seat 7: westhamas ($4.93 in chips) 
Seat 9: dias&pacheco ($1.95 in chips) 
Dorex2007: posts small blind $0.02
Stormy1979: posts big blind $0.05
yur4ik777: sits out 
*** HOLE CARDS ***
Dealt to Dorex2007 [9c Ad]
fdghfdhg: folds 
eurosmile505: folds 
westhamas: folds 
dias&pacheco: folds 
Dorex2007: raises $0.10 to $0.15
Stormy1979: folds 
Uncalled bet ($0.10) returned to Dorex2007
Dorex2007 collected $0.10 from pot
Dorex2007: doesn't show hand 
*** SUMMARY ***
Total pot $0.10 | Rake $0 
Seat 1: Dorex2007 (small blind) collected ($0.10)
Seat 2: Stormy1979 (big blind) folded before Flop
Seat 3: fdghfdhg folded before Flop (didn't bet)
Seat 5: eurosmile505 folded before Flop (didn't bet)
Seat 7: westhamas folded before Flop (didn't bet)
Seat 9: dias&pacheco (button) folded before Flop (didn't bet)



PokerStars Hand #237686488186:  Hold'em No Limit ($0.02/$0.05 USD) - 2022/07/30 13:10:32 PT [2022/07/30 16:10:32 ET]
Table 'Veteraniya II' 9-max Seat #1 is the button
Seat 1: Dorex2007 ($5.05 in chips) 
Seat 2: Stormy1979 ($5.52 in chips) 
Seat 3: fdghfdhg ($5 in chips) 
Seat 5: eurosmile505 ($15.17 in chips) 
Seat 7: westhamas ($4.93 in chips) 
Seat 9: dias&pacheco ($1.95 in chips) 
Stormy1979: posts small blind $0.02
fdghfdhg: posts big blind $0.05
yur4ik777: sits out 
*** HOLE CARDS ***
Dealt to Dorex2007 [Ah Td]
eurosmile505: raises $0.07 to $0.12
westhamas: folds 
dias&pacheco: calls $0.12
Dorex2007: calls $0.12
Stormy1979: folds 
fdghfdhg: calls $0.07
*** FLOP *** [Jd 8c 2d]
fdghfdhg: checks 
eurosmile505: checks 
dias&pacheco: bets $0.24
Dorex2007: folds 
fdghfdhg: folds 
eurosmile505: calls $0.24
*** TURN *** [Jd 8c 2d] [8s]
s0mega joins the table at seat #6 
eurosmile505: checks 
dias&pacheco: bets $0.15
eurosmile505: calls $0.15
*** RIVER *** [Jd 8c 2d 8s] [4h]
eurosmile505: checks 
dias&pacheco: checks 
*** SHOW DOWN ***
eurosmile505: shows [Th Tc] (two pair, Tens and Eights)
dias&pacheco: shows [Js Ac] (two pair, Jacks and Eights)
dias&pacheco collected $1.23 from pot
*** SUMMARY ***
Total pot $1.28 | Rake $0.05 
Board [Jd 8c 2d 8s 4h]
Seat 1: Dorex2007 (button) folded on the Flop
Seat 2: Stormy1979 (small blind) folded before Flop
Seat 3: fdghfdhg (big blind) folded on the Flop
Seat 5: eurosmile505 showed [Th Tc] and lost with two pair, Tens and Eights
Seat 7: westhamas folded before Flop (didn't bet)
Seat 9: dias&pacheco showed [Js Ac] and won ($1.23) with two pair, Jacks and Eights



PokerStars Hand #237686507843:  Hold'em No Limit ($0.02/$0.05 USD) - 2022/07/30 13:11:26 PT [2022/07/30 16:11:26 ET]
Table 'Veteraniya II' 9-max Seat #2 is the button
Seat 1: Dorex2007 ($5 in chips) 
Seat 2: Stormy1979 ($5.50 in chips) 
Seat 3: fdghfdhg ($5 in chips) 
Seat 4: yur4ik777 ($5 in chips) 
Seat 5: eurosmile505 ($14.66 in chips) 
Seat 7: westhamas ($4.93 in chips) 
Seat 9: dias&pacheco ($2.67 in chips) 
fdghfdhg: posts small blind $0.02
yur4ik777: posts big blind $0.05
s0mega: sits out 
*** HOLE CARDS ***
Dealt to Dorex2007 [5h 7h]
eurosmile505: folds 
westhamas: folds 
dias&pacheco: folds 
Dorex2007: folds 
Stormy1979: folds 
fdghfdhg: raises $0.10 to $0.15
yur4ik777: calls $0.10
*** FLOP *** [4h Jc Js]
fdghfdhg: bets $0.16
yur4ik777: calls $0.16
*** TURN *** [4h Jc Js] [7d]
fdghfdhg: checks 
eurosmile505 leaves the table
yur4ik777: bets $0.36
fdghfdhg: folds 
Uncalled bet ($0.36) returned to yur4ik777
yur4ik777 collected $0.59 from pot
yur4ik777: doesn't show hand 
*** SUMMARY ***
Total pot $0.62 | Rake $0.03 
Board [4h Jc Js 7d]
Seat 1: Dorex2007 folded before Flop (didn't bet)
Seat 2: Stormy1979 (button) folded before Flop (didn't bet)
Seat 3: fdghfdhg (small blind) folded on the Turn
Seat 4: yur4ik777 (big blind) collected ($0.59)
Seat 5: eurosmile505 folded before Flop (didn't bet)
Seat 7: westhamas folded before Flop (didn't bet)
Seat 9: dias&pacheco folded before Flop (didn't bet)



PokerStars Hand #237686523549:  Hold'em No Limit ($0.02/$0.05 USD) - 2022/07/30 13:12:10 PT [2022/07/30 16:12:10 ET]
Table 'Veteraniya II' 9-max Seat #3 is the button
Seat 1: Dorex2007 ($5 in chips) 
Seat 2: Stormy1979 ($5.50 in chips) 
Seat 3: fdghfdhg ($5 in chips) 
Seat 4: yur4ik777 ($5.28 in chips) 
Seat 6: s0mega ($3.50 in chips) 
Seat 7: westhamas ($4.93 in chips) 
Seat 9: dias&pacheco ($2.67 in chips) 
yur4ik777: posts small blind $0.02
s0mega: posts big blind $0.05
*** HOLE CARDS ***
Dealt to Dorex2007 [7h Tc]
westhamas: folds 
dias&pacheco: folds 
Dorex2007: folds 
Stormy1979: folds 
fdghfdhg: folds 
yur4ik777: folds 
Uncalled bet ($0.03) returned to s0mega
s0mega collected $0.04 from pot
s0mega: doesn't show hand 
*** SUMMARY ***
Total pot $0.04 | Rake $0 
Seat 1: Dorex2007 folded before Flop (didn't bet)
Seat 2: Stormy1979 folded before Flop (didn't bet)
Seat 3: fdghfdhg (button) folded before Flop (didn't bet)
Seat 4: yur4ik777 (small blind) folded before Flop
Seat 6: s0mega (big blind) collected ($0.04)
Seat 7: westhamas folded before Flop (didn't bet)
Seat 9: dias&pacheco folded before Flop (didn't bet)



PokerStars Hand #237686527024:  Hold'em No Limit ($0.02/$0.05 USD) - 2022/07/30 13:12:20 PT [2022/07/30 16:12:20 ET]
Table 'Veteraniya II' 9-max Seat #4 is the button
Seat 1: Dorex2007 ($5 in chips) 
Seat 2: Stormy1979 ($5.50 in chips) 
Seat 3: fdghfdhg ($5 in chips) 
Seat 4: yur4ik777 ($5.26 in chips) 
Seat 6: s0mega ($3.52 in chips) 
Seat 7: westhamas ($4.93 in chips) 
Seat 9: dias&pacheco ($2.67 in chips) 
s0mega: posts small blind $0.02
westhamas: posts big blind $0.05
*** HOLE CARDS ***
Dealt to Dorex2007 [5c Ts]
acad2011 joins the table at seat #5 
dias&pacheco: folds 
Dorex2007: folds 
Stormy1979: raises $0.05 to $0.10
fdghfdhg: folds 
yur4ik777: folds 
Hav0k_NZ joins the table at seat #8 
s0mega: folds 
westhamas: calls $0.05
*** FLOP *** [2s 6h 2c]
westhamas: checks 
Stormy1979: checks 
*** TURN *** [2s 6h 2c] [9s]
westhamas: checks 
Stormy1979: bets $0.05
westhamas: calls $0.05
*** RIVER *** [2s 6h 2c 9s] [As]
westhamas: checks 
Stormy1979: bets $0.10
Hav0k_NZ leaves the table
westhamas: folds 
Uncalled bet ($0.10) returned to Stormy1979
Stormy1979 collected $0.31 from pot
Stormy1979: doesn't show hand 
*** SUMMARY ***
Total pot $0.32 | Rake $0.01 
Board [2s 6h 2c 9s As]
Seat 1: Dorex2007 folded before Flop (didn't bet)
Seat 2: Stormy1979 collected ($0.31)
Seat 3: fdghfdhg folded before Flop (didn't bet)
Seat 4: yur4ik777 (button) folded before Flop (didn't bet)
Seat 6: s0mega (small blind) folded before Flop
Seat 7: westhamas (big blind) folded on the River
Seat 9: dias&pacheco folded before Flop (didn't bet)



PokerStars Hand #237686546831:  Hold'em No Limit ($0.02/$0.05 USD) - 2022/07/30 13:13:14 PT [2022/07/30 16:13:14 ET]
Table 'Veteraniya II' 9-max Seat #6 is the button
Seat 1: Dorex2007 ($5 in chips) 
Seat 2: Stormy1979 ($5.66 in chips) 
Seat 3: fdghfdhg ($5 in chips) 
Seat 4: yur4ik777 ($5.26 in chips) 
Seat 6: s0mega ($3.50 in chips) 
Seat 7: westhamas ($4.78 in chips) 
Seat 9: dias&pacheco ($2.67 in chips) 
westhamas: posts small blind $0.02
dias&pacheco: posts big blind $0.05
acad2011: sits out 
*** HOLE CARDS ***
Dealt to Dorex2007 [Qs 2c]
Dorex2007: folds 
Stormy1979: folds 
fdghfdhg: folds 
yur4ik777: folds 
KjellBackelj joins the table at seat #8 
s0mega: folds 
westhamas: calls $0.03
dias&pacheco: checks 
*** FLOP *** [9s 4h 7d]
westhamas: checks 
dias&pacheco: checks 
*** TURN *** [9s 4h 7d] [Js]
westhamas: checks 
dias&pacheco: bets $0.10
westhamas: calls $0.10
*** RIVER *** [9s 4h 7d Js] [9d]
westhamas: checks 
dias&pacheco: bets $0.10
westhamas: folds 
Uncalled bet ($0.10) returned to dias&pacheco
dias&pacheco collected $0.29 from pot
dias&pacheco: doesn't show hand 
*** SUMMARY ***
Total pot $0.30 | Rake $0.01 
Board [9s 4h 7d Js 9d]
Seat 1: Dorex2007 folded before Flop (didn't bet)
Seat 2: Stormy1979 folded before Flop (didn't bet)
Seat 3: fdghfdhg folded before Flop (didn't bet)
Seat 4: yur4ik777 folded before Flop (didn't bet)
Seat 6: s0mega (button) folded before Flop (didn't bet)
Seat 7: westhamas (small blind) folded on the River
Seat 9: dias&pacheco (big blind) collected ($0.29)



PokerStars Hand #237686567878:  Hold'em No Limit ($0.02/$0.05 USD) - 2022/07/30 13:14:12 PT [2022/07/30 16:14:12 ET]
Table 'Veteraniya II' 9-max Seat #7 is the button
Seat 1: Dorex2007 ($5 in chips) 
Seat 2: Stormy1979 ($5.66 in chips) 
Seat 3: fdghfdhg ($5 in chips) 
Seat 4: yur4ik777 ($5.26 in chips) 
Seat 6: s0mega ($3.50 in chips) 
Seat 7: westhamas ($4.63 in chips) 
Seat 9: dias&pacheco ($2.81 in chips) 
dias&pacheco: posts small blind $0.02
Dorex2007: posts big blind $0.05
acad2011: sits out 
*** HOLE CARDS ***
Dealt to Dorex2007 [3h Js]
Stormy1979: folds 
fdghfdhg: folds 
yur4ik777: folds 
s0mega: folds 
westhamas: raises $0.09 to $0.14
dias&pacheco: folds 
Dorex2007: folds 
Uncalled bet ($0.09) returned to westhamas
westhamas collected $0.12 from pot
*** SUMMARY ***
Total pot $0.12 | Rake $0 
Seat 1: Dorex2007 (big blind) folded before Flop
Seat 2: Stormy1979 folded before Flop (didn't bet)
Seat 3: fdghfdhg folded before Flop (didn't bet)
Seat 4: yur4ik777 folded before Flop (didn't bet)
Seat 6: s0mega folded before Flop (didn't bet)
Seat 7: westhamas (button) collected ($0.12)
Seat 9: dias&pacheco (small blind) folded before Flop



PokerStars Hand #237686576236:  Hold'em No Limit ($0.02/$0.05 USD) - 2022/07/30 13:14:35 PT [2022/07/30 16:14:35 ET]
Table 'Veteraniya II' 9-max Seat #9 is the button
Seat 1: Dorex2007 ($5 in chips) 
Seat 2: Stormy1979 ($5.66 in chips) 
Seat 3: fdghfdhg ($5 in chips) 
Seat 4: yur4ik777 ($5.26 in chips) 
Seat 6: s0mega ($3.50 in chips) 
Seat 7: westhamas ($4.70 in chips) 
Seat 8: KjellBackelj ($4 in chips) 
Seat 9: dias&pacheco ($2.79 in chips) 
Dorex2007: posts small blind $0.02
Stormy1979: posts big blind $0.05
acad2011: sits out 
KjellBackelj: posts big blind $0.05
*** HOLE CARDS ***
Dealt to Dorex2007 [8h 9d]
fdghfdhg: folds 
yur4ik777: folds 
s0mega: raises $0.07 to $0.12
westhamas: folds 
KjellBackelj: calls $0.07
dias&pacheco: folds 
Dorex2007: folds 
Stormy1979: folds 
*** FLOP *** [9h 7h Jh]
s0mega: bets $0.22
KjellBackelj: calls $0.22
*** TURN *** [9h 7h Jh] [Jc]
s0mega: checks 
KjellBackelj: bets $0.35
s0mega: folds 
Uncalled bet ($0.35) returned to KjellBackelj
KjellBackelj collected $0.72 from pot
KjellBackelj: doesn't show hand 
*** SUMMARY ***
Total pot $0.75 | Rake $0.03 
Board [9h 7h Jh Jc]
Seat 1: Dorex2007 (small blind) folded before Flop
Seat 2: Stormy1979 (big blind) folded before Flop
Seat 3: fdghfdhg folded before Flop (didn't bet)
Seat 4: yur4ik777 folded before Flop (didn't bet)
Seat 6: s0mega folded on the Turn
Seat 7: westhamas folded before Flop (didn't bet)
Seat 8: KjellBackelj collected ($0.72)
Seat 9: dias&pacheco (button) folded before Flop (didn't bet)



PokerStars Hand #237686594558:  Hold'em No Limit ($0.02/$0.05 USD) - 2022/07/30 13:15:25 PT [2022/07/30 16:15:25 ET]
Table 'Veteraniya II' 9-max Seat #1 is the button
Seat 1: Dorex2007 ($5 in chips) 
Seat 2: Stormy1979 ($5.61 in chips) 
Seat 3: fdghfdhg ($5 in chips) 
Seat 4: yur4ik777 ($5.26 in chips) 
Seat 6: s0mega ($3.16 in chips) 
Seat 7: westhamas ($4.70 in chips) 
Seat 8: KjellBackelj ($4.38 in chips) 
Seat 9: dias&pacheco ($2.79 in chips) 
Stormy1979: posts small blind $0.02
fdghfdhg: posts big blind $0.05
acad2011: sits out 
*** HOLE CARDS ***
Dealt to Dorex2007 [5h 9d]
yur4ik777: folds 
s0mega: folds 
westhamas: folds 
KjellBackelj: folds 
dias&pacheco: raises $0.05 to $0.10
Dorex2007: folds 
Stormy1979: folds 
fdghfdhg: folds 
Uncalled bet ($0.05) returned to dias&pacheco
dias&pacheco collected $0.12 from pot
dias&pacheco: doesn't show hand 
*** SUMMARY ***
Total pot $0.12 | Rake $0 
Seat 1: Dorex2007 (button) folded before Flop (didn't bet)
Seat 2: Stormy1979 (small blind) folded before Flop
Seat 3: fdghfdhg (big blind) folded before Flop
Seat 4: yur4ik777 folded before Flop (didn't bet)
Seat 6: s0mega folded before Flop (didn't bet)
Seat 7: westhamas folded before Flop (didn't bet)
Seat 8: KjellBackelj folded before Flop (didn't bet)
Seat 9: dias&pacheco collected ($0.12)



PokerStars Hand #237686601220:  Hold'em No Limit ($0.02/$0.05 USD) - 2022/07/30 13:15:43 PT [2022/07/30 16:15:43 ET]
Table 'Veteraniya II' 9-max Seat #2 is the button
Seat 1: Dorex2007 ($5 in chips) 
Seat 2: Stormy1979 ($5.59 in chips) 
Seat 3: fdghfdhg ($5 in chips) 
Seat 4: yur4ik777 ($5.26 in chips) 
Seat 6: s0mega ($3.16 in chips) 
Seat 7: westhamas ($4.70 in chips) 
Seat 8: KjellBackelj ($4.38 in chips) 
Seat 9: dias&pacheco ($2.86 in chips) 
fdghfdhg: posts small blind $0.02
yur4ik777: posts big blind $0.05
acad2011: sits out 
*** HOLE CARDS ***
Dealt to Dorex2007 [Qd 9c]
s0mega: folds 
westhamas: folds 
KjellBackelj: folds 
dias&pacheco: folds 
Dorex2007: folds 
Stormy1979: folds 
fdghfdhg: folds 
Uncalled bet ($0.03) returned to yur4ik777
yur4ik777 collected $0.04 from pot
yur4ik777: doesn't show hand 
*** SUMMARY ***
Total pot $0.04 | Rake $0 
Seat 1: Dorex2007 folded before Flop (didn't bet)
Seat 2: Stormy1979 (button) folded before Flop (didn't bet)
Seat 3: fdghfdhg (small blind) folded before Flop
Seat 4: yur4ik777 (big blind) collected ($0.04)
Seat 6: s0mega folded before Flop (didn't bet)
Seat 7: westhamas folded before Flop (didn't bet)
Seat 8: KjellBackelj folded before Flop (didn't bet)
Seat 9: dias&pacheco folded before Flop (didn't bet)



PokerStars Hand #237686607858:  Hold'em No Limit ($0.02/$0.05 USD) - 2022/07/30 13:16:01 PT [2022/07/30 16:16:01 ET]
Table 'Veteraniya II' 9-max Seat #3 is the button
Seat 1: Dorex2007 ($5 in chips) 
Seat 2: Stormy1979 ($5.59 in chips) 
Seat 3: fdghfdhg ($5 in chips) 
Seat 4: yur4ik777 ($5.28 in chips) 
Seat 5: acad2011 ($2 in chips) 
Seat 6: s0mega ($3.16 in chips) 
Seat 7: westhamas ($4.70 in chips) 
Seat 8: KjellBackelj ($4.38 in chips) 
Seat 9: dias&pacheco ($2.86 in chips) 
yur4ik777: posts small blind $0.02
acad2011: posts big blind $0.05
*** HOLE CARDS ***
Dealt to Dorex2007 [Kc 8d]
s0mega: folds 
westhamas: raises $0.10 to $0.15
KjellBackelj: folds 
dias&pacheco: folds 
Dorex2007: folds 
Stormy1979: folds 
fdghfdhg: folds 
yur4ik777: folds 
acad2011: folds 
Uncalled bet ($0.10) returned to westhamas
westhamas collected $0.12 from pot
*** SUMMARY ***
Total pot $0.12 | Rake $0 
Seat 1: Dorex2007 folded before Flop (didn't bet)
Seat 2: Stormy1979 folded before Flop (didn't bet)
Seat 3: fdghfdhg (button) folded before Flop (didn't bet)
Seat 4: yur4ik777 (small blind) folded before Flop
Seat 5: acad2011 (big blind) folded before Flop
Seat 6: s0mega folded before Flop (didn't bet)
Seat 7: westhamas collected ($0.12)
Seat 8: KjellBackelj folded before Flop (didn't bet)
Seat 9: dias&pacheco folded before Flop (didn't bet)



PokerStars Hand #237686618936:  Hold'em No Limit ($0.02/$0.05 USD) - 2022/07/30 13:16:31 PT [2022/07/30 16:16:31 ET]
Table 'Veteraniya II' 9-max Seat #4 is the button
Seat 1: Dorex2007 ($5 in chips) 
Seat 2: Stormy1979 ($5.59 in chips) 
Seat 3: fdghfdhg ($5 in chips) 
Seat 4: yur4ik777 ($5.26 in chips) 
Seat 5: acad2011 ($1.95 in chips) 
Seat 6: s0mega ($3.16 in chips) 
Seat 7: westhamas ($4.77 in chips) 
Seat 8: KjellBackelj ($4.38 in chips) 
Seat 9: dias&pacheco ($2.86 in chips) 
acad2011: posts small blind $0.02
s0mega: posts big blind $0.05
*** HOLE CARDS ***
Dealt to Dorex2007 [Ad 7h]
westhamas: folds 
KjellBackelj: folds 
dias&pacheco: folds 
Dorex2007: folds 
Stormy1979: folds 
fdghfdhg: folds 
yur4ik777: folds 
acad2011: calls $0.03
s0mega: checks 
*** FLOP *** [6c Ac 9d]
acad2011: checks 
s0mega: checks 
*** TURN *** [6c Ac 9d] [2c]
acad2011: checks 
s0mega: bets $0.12
acad2011: folds 
Uncalled bet ($0.12) returned to s0mega
s0mega collected $0.10 from pot
s0mega: doesn't show hand 
*** SUMMARY ***
Total pot $0.10 | Rake $0 
Board [6c Ac 9d 2c]
Seat 1: Dorex2007 folded before Flop (didn't bet)
Seat 2: Stormy1979 folded before Flop (didn't bet)
Seat 3: fdghfdhg folded before Flop (didn't bet)
Seat 4: yur4ik777 (button) folded before Flop (didn't bet)
Seat 5: acad2011 (small blind) folded on the Turn
Seat 6: s0mega (big blind) collected ($0.10)
Seat 7: westhamas folded before Flop (didn't bet)
Seat 8: KjellBackelj folded before Flop (didn't bet)
Seat 9: dias&pacheco folded before Flop (didn't bet)



PokerStars Hand #237686644124:  Hold'em No Limit ($0.02/$0.05 USD) - 2022/07/30 13:17:40 PT [2022/07/30 16:17:40 ET]
Table 'Veteraniya II' 9-max Seat #5 is the button
Seat 1: Dorex2007 ($5 in chips) 
Seat 2: Stormy1979 ($5.59 in chips) 
Seat 3: fdghfdhg ($5 in chips) 
Seat 4: yur4ik777 ($5.26 in chips) 
Seat 5: acad2011 ($1.90 in chips) 
Seat 6: s0mega ($3.21 in chips) 
Seat 7: westhamas ($4.77 in chips) 
Seat 8: KjellBackelj ($4.38 in chips) 
Seat 9: dias&pacheco ($2.86 in chips) 
s0mega: posts small blind $0.02
westhamas: posts big blind $0.05
*** HOLE CARDS ***
Dealt to Dorex2007 [4d Jd]
KjellBackelj: calls $0.05
dias&pacheco: folds 
Dorex2007: folds 
Stormy1979: folds 
fdghfdhg: raises $0.10 to $0.15
yur4ik777: folds 
acad2011: folds 
s0mega: calls $0.13
westhamas: folds 
KjellBackelj: calls $0.10
*** FLOP *** [Ks Qd Qh]
s0mega: bets $0.22
KjellBackelj: folds 
fdghfdhg: calls $0.22
*** TURN *** [Ks Qd Qh] [9c]
s0mega: checks 
fdghfdhg: checks 
*** RIVER *** [Ks Qd Qh 9c] [Qc]
s0mega: bets $0.38
fdghfdhg: folds 
Uncalled bet ($0.38) returned to s0mega
s0mega collected $0.90 from pot
s0mega: doesn't show hand 
*** SUMMARY ***
Total pot $0.94 | Rake $0.04 
Board [Ks Qd Qh 9c Qc]
Seat 1: Dorex2007 folded before Flop (didn't bet)
Seat 2: Stormy1979 folded before Flop (didn't bet)
Seat 3: fdghfdhg folded on the River
Seat 4: yur4ik777 folded before Flop (didn't bet)
Seat 5: acad2011 (button) folded before Flop (didn't bet)
Seat 6: s0mega (small blind) collected ($0.90)
Seat 7: westhamas (big blind) folded before Flop
Seat 8: KjellBackelj folded on the Flop
Seat 9: dias&pacheco folded before Flop (didn't bet)



PokerStars Hand #237686674221:  Hold'em No Limit ($0.02/$0.05 USD) - 2022/07/30 13:18:57 PT [2022/07/30 16:18:57 ET]
Table 'Veteraniya II' 9-max Seat #6 is the button
Seat 1: Dorex2007 ($5 in chips) 
Seat 2: Stormy1979 ($5.59 in chips) 
Seat 3: fdghfdhg ($4.90 in chips) 
Seat 4: yur4ik777 ($5.26 in chips) 
Seat 5: acad2011 ($1.90 in chips) 
Seat 6: s0mega ($3.74 in chips) 
Seat 7: westhamas ($4.72 in chips) 
Seat 8: KjellBackelj ($4.23 in chips) 
Seat 9: dias&pacheco ($2.86 in chips) 
westhamas: posts small blind $0.02
KjellBackelj: posts big blind $0.05
*** HOLE CARDS ***
Dealt to Dorex2007 [4h 5s]
dias&pacheco: folds 
Dorex2007: folds 
Stormy1979: folds 
fdghfdhg: folds 
yur4ik777: folds 
acad2011 has timed out
acad2011: folds 
s0mega: raises $0.07 to $0.12
westhamas: folds 
KjellBackelj: calls $0.07
*** FLOP *** [Qs Th 8d]
KjellBackelj: checks 
s0mega: bets $0.12
KjellBackelj: calls $0.12
*** TURN *** [Qs Th 8d] [Qc]
KjellBackelj: checks 
s0mega: checks 
*** RIVER *** [Qs Th 8d Qc] [6d]
KjellBackelj: checks 
s0mega: bets $0.22
KjellBackelj: raises $0.32 to $0.54
s0mega: calls $0.32
*** SHOW DOWN ***
KjellBackelj: shows [9h Jd] (a straight, Eight to Queen)
s0mega: mucks hand 
KjellBackelj collected $1.51 from pot
*** SUMMARY ***
Total pot $1.58 | Rake $0.07 
Board [Qs Th 8d Qc 6d]
Seat 1: Dorex2007 folded before Flop (didn't bet)
Seat 2: Stormy1979 folded before Flop (didn't bet)
Seat 3: fdghfdhg folded before Flop (didn't bet)
Seat 4: yur4ik777 folded before Flop (didn't bet)
Seat 5: acad2011 folded before Flop (didn't bet)
Seat 6: s0mega (button) mucked [Kc Kd]
Seat 7: westhamas (small blind) folded before Flop
Seat 8: KjellBackelj (big blind) showed [9h Jd] and won ($1.51) with a straight, Eight to Queen
Seat 9: dias&pacheco folded before Flop (didn't bet)



PokerStars Hand #237686696718:  Hold'em No Limit ($0.02/$0.05 USD) - 2022/07/30 13:19:58 PT [2022/07/30 16:19:58 ET]
Table 'Veteraniya II' 9-max Seat #7 is the button
Seat 1: Dorex2007 ($5 in chips) 
Seat 2: Stormy1979 ($5.59 in chips) 
Seat 3: fdghfdhg ($4.90 in chips) 
Seat 4: yur4ik777 ($5.26 in chips) 
Seat 5: acad2011 ($1.90 in chips) 
Seat 6: s0mega ($2.96 in chips) 
Seat 7: westhamas ($4.70 in chips) 
Seat 8: KjellBackelj ($4.96 in chips) 
Seat 9: dias&pacheco ($2.86 in chips) 
KjellBackelj: posts small blind $0.02
dias&pacheco: posts big blind $0.05
*** HOLE CARDS ***
Dealt to Dorex2007 [7c 8c]
Dorex2007: folds 
Stormy1979: folds 
fdghfdhg: folds 
yur4ik777: folds 
Stormy1979 leaves the table
acad2011: folds 
s0mega has timed out
s0mega: folds 
westhamas: raises $0.10 to $0.15
KjellBackelj: folds 
dias&pacheco: calls $0.10
*** FLOP *** [4h 3h As]
dias&pacheco: checks 
westhamas: checks 
*** TURN *** [4h 3h As] [4c]
dias&pacheco: bets $0.10
westhamas: folds 
Uncalled bet ($0.10) returned to dias&pacheco
dias&pacheco collected $0.31 from pot
dias&pacheco: doesn't show hand 
*** SUMMARY ***
Total pot $0.32 | Rake $0.01 
Board [4h 3h As 4c]
Seat 1: Dorex2007 folded before Flop (didn't bet)
Seat 2: Stormy1979 folded before Flop (didn't bet)
Seat 3: fdghfdhg folded before Flop (didn't bet)
Seat 4: yur4ik777 folded before Flop (didn't bet)
Seat 5: acad2011 folded before Flop (didn't bet)
Seat 6: s0mega folded before Flop (didn't bet)
Seat 7: westhamas (button) folded on the Turn
Seat 8: KjellBackelj (small blind) folded before Flop
Seat 9: dias&pacheco (big blind) collected ($0.31)



PokerStars Hand #237686716023:  Hold'em No Limit ($0.02/$0.05 USD) - 2022/07/30 13:20:50 PT [2022/07/30 16:20:50 ET]
Table 'Veteraniya II' 9-max Seat #8 is the button
Seat 1: Dorex2007 ($5 in chips) 
Seat 3: fdghfdhg ($4.90 in chips) 
Seat 4: yur4ik777 ($5.26 in chips) 
Seat 5: acad2011 ($1.90 in chips) 
Seat 6: s0mega ($2.96 in chips) 
Seat 7: westhamas ($4.55 in chips) 
Seat 8: KjellBackelj ($4.94 in chips) 
Seat 9: dias&pacheco ($3.02 in chips) 
dias&pacheco: posts small blind $0.02
Dorex2007: posts big blind $0.05
*** HOLE CARDS ***
Dealt to Dorex2007 [8d Ah]
fdghfdhg: folds 
yur4ik777: folds 
acad2011: folds 
AGVsmarT joins the table at seat #2 
s0mega: folds 
westhamas: folds 
KjellBackelj: calls $0.05
dias&pacheco: calls $0.03
Dorex2007: checks 
*** FLOP *** [Jh 8h 6d]
dias&pacheco: bets $0.07
Dorex2007: calls $0.07
KjellBackelj: calls $0.07
*** TURN *** [Jh 8h 6d] [Tc]
dias&pacheco: bets $0.05
Dorex2007: folds 
KjellBackelj: calls $0.05
*** RIVER *** [Jh 8h 6d Tc] [5c]
dias&pacheco: bets $0.10
KjellBackelj: calls $0.10
*** SHOW DOWN ***
dias&pacheco: shows [Kh Jd] (a pair of Jacks)
KjellBackelj: mucks hand 
dias&pacheco collected $0.63 from pot
*** SUMMARY ***
Total pot $0.66 | Rake $0.03 
Board [Jh 8h 6d Tc 5c]
Seat 1: Dorex2007 (big blind) folded on the Turn
Seat 3: fdghfdhg folded before Flop (didn't bet)
Seat 4: yur4ik777 folded before Flop (didn't bet)
Seat 5: acad2011 folded before Flop (didn't bet)
Seat 6: s0mega folded before Flop (didn't bet)
Seat 7: westhamas folded before Flop (didn't bet)
Seat 8: KjellBackelj (button) mucked [Ts 9h]
Seat 9: dias&pacheco (small blind) showed [Kh Jd] and won ($0.63) with a pair of Jacks



PokerStars Hand #237686740261:  Hold'em No Limit ($0.02/$0.05 USD) - 2022/07/30 13:21:55 PT [2022/07/30 16:21:55 ET]
Table 'Veteraniya II' 9-max Seat #9 is the button
Seat 1: Dorex2007 ($5 in chips) 
Seat 2: AGVsmarT ($4 in chips) 
Seat 3: fdghfdhg ($4.90 in chips) 
Seat 4: yur4ik777 ($5.26 in chips) 
Seat 5: acad2011 ($1.90 in chips) 
Seat 6: s0mega ($2.96 in chips) 
Seat 7: westhamas ($4.55 in chips) 
Seat 8: KjellBackelj ($4.67 in chips) 
Seat 9: dias&pacheco ($3.38 in chips) 
Dorex2007: posts small blind $0.02
AGVsmarT: posts big blind $0.05
*** HOLE CARDS ***
Dealt to Dorex2007 [As Th]
fdghfdhg: folds 
yur4ik777: folds 
acad2011: folds 
s0mega: folds 
westhamas: folds 
KjellBackelj: folds 
dias&pacheco: folds 
Dorex2007: raises $0.10 to $0.15
AGVsmarT: folds 
Uncalled bet ($0.10) returned to Dorex2007
Dorex2007 collected $0.10 from pot
Dorex2007: doesn't show hand 
*** SUMMARY ***
Total pot $0.10 | Rake $0 
Seat 1: Dorex2007 (small blind) collected ($0.10)
Seat 2: AGVsmarT (big blind) folded before Flop
Seat 3: fdghfdhg folded before Flop (didn't bet)
Seat 4: yur4ik777 folded before Flop (didn't bet)
Seat 5: acad2011 folded before Flop (didn't bet)
Seat 6: s0mega folded before Flop (didn't bet)
Seat 7: westhamas folded before Flop (didn't bet)
Seat 8: KjellBackelj folded before Flop (didn't bet)
Seat 9: dias&pacheco (button) folded before Flop (didn't bet)



PokerStars Hand #237686760304:  Hold'em No Limit ($0.02/$0.05 USD) - 2022/07/30 13:22:37 PT [2022/07/30 16:22:37 ET]
Table 'Veteraniya II' 9-max Seat #1 is the button
Seat 1: Dorex2007 ($5.05 in chips) 
Seat 2: AGVsmarT ($3.95 in chips) 
Seat 3: fdghfdhg ($4.90 in chips) 
Seat 4: yur4ik777 ($5.26 in chips) 
Seat 5: acad2011 ($1.90 in chips) 
Seat 6: s0mega ($2.96 in chips) 
Seat 7: westhamas ($4.55 in chips) 
Seat 8: KjellBackelj ($4.67 in chips) 
Seat 9: dias&pacheco ($3.38 in chips) 
AGVsmarT: posts small blind $0.02
fdghfdhg: posts big blind $0.05
*** HOLE CARDS ***
Dealt to Dorex2007 [Js Kh]
yur4ik777: folds 
acad2011: folds 
s0mega: folds 
westhamas: folds 
KjellBackelj: folds 
dias&pacheco: calls $0.05
Dorex2007: raises $0.15 to $0.20
AGVsmarT: folds 
fdghfdhg: folds 
dias&pacheco: folds 
Uncalled bet ($0.15) returned to Dorex2007
Dorex2007 collected $0.17 from pot
Dorex2007: doesn't show hand 
*** SUMMARY ***
Total pot $0.17 | Rake $0 
Seat 1: Dorex2007 (button) collected ($0.17)
Seat 2: AGVsmarT (small blind) folded before Flop
Seat 3: fdghfdhg (big blind) folded before Flop
Seat 4: yur4ik777 folded before Flop (didn't bet)
Seat 5: acad2011 folded before Flop (didn't bet)
Seat 6: s0mega folded before Flop (didn't bet)
Seat 7: westhamas folded before Flop (didn't bet)
Seat 8: KjellBackelj folded before Flop (didn't bet)
Seat 9: dias&pacheco folded before Flop



PokerStars Hand #237686772625:  Hold'em No Limit ($0.02/$0.05 USD) - 2022/07/30 13:23:10 PT [2022/07/30 16:23:10 ET]
Table 'Veteraniya II' 9-max Seat #2 is the button
Seat 1: Dorex2007 ($5.17 in chips) 
Seat 2: AGVsmarT ($3.93 in chips) 
Seat 3: fdghfdhg ($4.85 in chips) 
Seat 4: yur4ik777 ($5.26 in chips) 
Seat 5: acad2011 ($1.90 in chips) 
Seat 6: s0mega ($2.96 in chips) 
Seat 7: westhamas ($4.55 in chips) 
Seat 8: KjellBackelj ($4.67 in chips) 
Seat 9: dias&pacheco ($3.33 in chips) 
fdghfdhg: posts small blind $0.02
yur4ik777: posts big blind $0.05
*** HOLE CARDS ***
Dealt to Dorex2007 [2s 8h]
acad2011: folds 
s0mega has timed out
s0mega: folds 
westhamas: folds 
KjellBackelj: calls $0.05
dias&pacheco: folds 
Dorex2007: folds 
AGVsmarT: folds 
fdghfdhg: folds 
yur4ik777: raises $0.21 to $0.26
KjellBackelj: folds 
Uncalled bet ($0.21) returned to yur4ik777
yur4ik777 collected $0.12 from pot
yur4ik777: doesn't show hand 
*** SUMMARY ***
Total pot $0.12 | Rake $0 
Seat 1: Dorex2007 folded before Flop (didn't bet)
Seat 2: AGVsmarT (button) folded before Flop (didn't bet)
Seat 3: fdghfdhg (small blind) folded before Flop
Seat 4: yur4ik777 (big blind) collected ($0.12)
Seat 5: acad2011 folded before Flop (didn't bet)
Seat 6: s0mega folded before Flop (didn't bet)
Seat 7: westhamas folded before Flop (didn't bet)
Seat 8: KjellBackelj folded before Flop
Seat 9: dias&pacheco folded before Flop (didn't bet)



PokerStars Hand #237686825632:  Hold'em No Limit ($0.02/$0.05 USD) - 2022/07/30 13:25:34 PT [2022/07/30 16:25:34 ET]
Table 'Veteraniya II' 9-max Seat #5 is the button
Seat 1: Dorex2007 ($5.17 in chips) 
Seat 2: AGVsmarT ($3.93 in chips) 
Seat 3: fdghfdhg ($4.99 in chips) 
Seat 4: yur4ik777 ($5.50 in chips) 
Seat 5: acad2011 ($1.60 in chips) 
Seat 6: s0mega ($2.91 in chips) 
Seat 7: westhamas ($4.55 in chips) 
Seat 8: KjellBackelj ($4.62 in chips) 
Seat 9: dias&pacheco ($3.33 in chips) 
s0mega: posts small blind $0.02
westhamas: posts big blind $0.05
*** HOLE CARDS ***
Dealt to Dorex2007 [Ah 8s]
KjellBackelj: folds 
dias&pacheco: folds 
Dorex2007: folds 
AGVsmarT: folds 
fdghfdhg: folds 
yur4ik777: raises $0.07 to $0.12
acad2011: calls $0.12
s0mega: calls $0.10
westhamas: folds 
*** FLOP *** [Tc 7s 2h]
s0mega: bets $0.21
yur4ik777: folds 
acad2011: folds 
Uncalled bet ($0.21) returned to s0mega
s0mega collected $0.39 from pot
s0mega: doesn't show hand 
*** SUMMARY ***
Total pot $0.41 | Rake $0.02 
Board [Tc 7s 2h]
Seat 1: Dorex2007 folded before Flop (didn't bet)
Seat 2: AGVsmarT folded before Flop (didn't bet)
Seat 3: fdghfdhg folded before Flop (didn't bet)
Seat 4: yur4ik777 folded on the Flop
Seat 5: acad2011 (button) folded on the Flop
Seat 6: s0mega (small blind) collected ($0.39)
Seat 7: westhamas (big blind) folded before Flop
Seat 8: KjellBackelj folded before Flop (didn't bet)
Seat 9: dias&pacheco folded before Flop (didn't bet)



PokerStars Hand #237686843489:  Hold'em No Limit ($0.02/$0.05 USD) - 2022/07/30 13:26:23 PT [2022/07/30 16:26:23 ET]
Table 'Veteraniya II' 9-max Seat #6 is the button
Seat 1: Dorex2007 ($5.17 in chips) 
Seat 2: AGVsmarT ($3.93 in chips) 
Seat 3: fdghfdhg ($4.99 in chips) 
Seat 4: yur4ik777 ($5.38 in chips) 
Seat 5: acad2011 ($1.48 in chips) 
Seat 6: s0mega ($3.18 in chips) 
Seat 7: westhamas ($4.50 in chips) 
Seat 8: KjellBackelj ($4.62 in chips) 
Seat 9: dias&pacheco ($3.33 in chips) 
westhamas: posts small blind $0.02
KjellBackelj: posts big blind $0.05
*** HOLE CARDS ***
Dealt to Dorex2007 [5s Ah]
dias&pacheco: folds 
Dorex2007: folds 
AGVsmarT: folds 
fdghfdhg: raises $0.10 to $0.15
yur4ik777: folds 
acad2011: folds 
s0mega: folds 
westhamas: folds 
KjellBackelj: folds 
Uncalled bet ($0.10) returned to fdghfdhg
fdghfdhg collected $0.12 from pot
fdghfdhg: doesn't show hand 
*** SUMMARY ***
Total pot $0.12 | Rake $0 
Seat 1: Dorex2007 folded before Flop (didn't bet)
Seat 2: AGVsmarT folded before Flop (didn't bet)
Seat 3: fdghfdhg collected ($0.12)
Seat 4: yur4ik777 folded before Flop (didn't bet)
Seat 5: acad2011 folded before Flop (didn't bet)
Seat 6: s0mega (button) folded before Flop (didn't bet)
Seat 7: westhamas (small blind) folded before Flop
Seat 8: KjellBackelj (big blind) folded before Flop
Seat 9: dias&pacheco folded before Flop (didn't bet)



PokerStars Hand #237686852233:  Hold'em No Limit ($0.02/$0.05 USD) - 2022/07/30 13:26:47 PT [2022/07/30 16:26:47 ET]
Table 'Veteraniya II' 9-max Seat #7 is the button
Seat 1: Dorex2007 ($5.17 in chips) 
Seat 2: AGVsmarT ($3.93 in chips) 
Seat 3: fdghfdhg ($5.06 in chips) 
Seat 4: yur4ik777 ($5.38 in chips) 
Seat 5: acad2011 ($1.48 in chips) 
Seat 6: s0mega ($3.18 in chips) 
Seat 7: westhamas ($4.48 in chips) 
Seat 8: KjellBackelj ($4.57 in chips) 
Seat 9: dias&pacheco ($3.33 in chips) 
KjellBackelj: posts small blind $0.02
dias&pacheco: posts big blind $0.05
*** HOLE CARDS ***
Dealt to Dorex2007 [8c 8h]
Dorex2007: raises $0.05 to $0.10
AGVsmarT: folds 
fdghfdhg: folds 
yur4ik777: folds 
acad2011: folds 
s0mega: folds 
westhamas: folds 
KjellBackelj: folds 
dias&pacheco: calls $0.05
*** FLOP *** [4s 9d Ac]
dias&pacheco: checks 
Dorex2007: bets $0.10
dias&pacheco: folds 
Uncalled bet ($0.10) returned to Dorex2007
Dorex2007 collected $0.21 from pot
Dorex2007: doesn't show hand 
*** SUMMARY ***
Total pot $0.22 | Rake $0.01 
Board [4s 9d Ac]
Seat 1: Dorex2007 collected ($0.21)
Seat 2: AGVsmarT folded before Flop (didn't bet)
Seat 3: fdghfdhg folded before Flop (didn't bet)
Seat 4: yur4ik777 folded before Flop (didn't bet)
Seat 5: acad2011 folded before Flop (didn't bet)
Seat 6: s0mega folded before Flop (didn't bet)
Seat 7: westhamas (button) folded before Flop (didn't bet)
Seat 8: KjellBackelj (small blind) folded before Flop
Seat 9: dias&pacheco (big blind) folded on the Flop



PokerStars Hand #237686871073:  Hold'em No Limit ($0.02/$0.05 USD) - 2022/07/30 13:27:33 PT [2022/07/30 16:27:33 ET]
Table 'Veteraniya II' 9-max Seat #8 is the button
Seat 1: Dorex2007 ($5.28 in chips) 
Seat 2: AGVsmarT ($3.93 in chips) 
Seat 3: fdghfdhg ($5.06 in chips) 
Seat 4: yur4ik777 ($5.38 in chips) 
Seat 5: acad2011 ($1.48 in chips) 
Seat 6: s0mega ($3.18 in chips) 
Seat 7: westhamas ($4.48 in chips) 
Seat 8: KjellBackelj ($4.55 in chips) 
Seat 9: dias&pacheco ($3.23 in chips) 
dias&pacheco: posts small blind $0.02
Dorex2007: posts big blind $0.05
*** HOLE CARDS ***
Dealt to Dorex2007 [7s Ac]
AGVsmarT: raises $0.12 to $0.17
fdghfdhg: folds 
yur4ik777: folds 
acad2011: folds 
s0mega: folds 
westhamas: folds 
KjellBackelj: folds 
dias&pacheco: calls $0.15
Dorex2007: folds 
*** FLOP *** [Js 3d 9s]
dias&pacheco: bets $0.10
AGVsmarT: raises $0.10 to $0.20
dias&pacheco: calls $0.10
*** TURN *** [Js 3d 9s] [5c]
dias&pacheco: checks 
AGVsmarT: bets $0.45
dias&pacheco: folds 
Uncalled bet ($0.45) returned to AGVsmarT
AGVsmarT collected $0.76 from pot
*** SUMMARY ***
Total pot $0.79 | Rake $0.03 
Board [Js 3d 9s 5c]
Seat 1: Dorex2007 (big blind) folded before Flop
Seat 2: AGVsmarT collected ($0.76)
Seat 3: fdghfdhg folded before Flop (didn't bet)
Seat 4: yur4ik777 folded before Flop (didn't bet)
Seat 5: acad2011 folded before Flop (didn't bet)
Seat 6: s0mega folded before Flop (didn't bet)
Seat 7: westhamas folded before Flop (didn't bet)
Seat 8: KjellBackelj (button) folded before Flop (didn't bet)
Seat 9: dias&pacheco (small blind) folded on the Turn



PokerStars Hand #237686889710:  Hold'em No Limit ($0.02/$0.05 USD) - 2022/07/30 13:28:24 PT [2022/07/30 16:28:24 ET]
Table 'Veteraniya II' 9-max Seat #9 is the button
Seat 1: Dorex2007 ($5.23 in chips) 
Seat 2: AGVsmarT ($4.32 in chips) 
Seat 3: fdghfdhg ($5.06 in chips) 
Seat 4: yur4ik777 ($5.38 in chips) 
Seat 5: acad2011 ($1.48 in chips) 
Seat 6: s0mega ($3.18 in chips) 
Seat 7: westhamas ($4.48 in chips) 
Seat 8: KjellBackelj ($4.55 in chips) 
Seat 9: dias&pacheco ($2.86 in chips) 
Dorex2007: posts small blind $0.02
AGVsmarT: posts big blind $0.05
*** HOLE CARDS ***
Dealt to Dorex2007 [7c 5h]
fdghfdhg: folds 
yur4ik777: folds 
acad2011 has timed out
acad2011: folds 
s0mega: folds 
westhamas: folds 
KjellBackelj: calls $0.05
dias&pacheco: calls $0.05
Dorex2007: folds 
AGVsmarT: checks 
*** FLOP *** [Kh Ad 6d]
AGVsmarT: checks 
KjellBackelj: checks 
dias&pacheco: bets $0.10
AGVsmarT: folds 
KjellBackelj: folds 
Uncalled bet ($0.10) returned to dias&pacheco
dias&pacheco collected $0.16 from pot
dias&pacheco: doesn't show hand 
*** SUMMARY ***
Total pot $0.17 | Rake $0.01 
Board [Kh Ad 6d]
Seat 1: Dorex2007 (small blind) folded before Flop
Seat 2: AGVsmarT (big blind) folded on the Flop
Seat 3: fdghfdhg folded before Flop (didn't bet)
Seat 4: yur4ik777 folded before Flop (didn't bet)
Seat 5: acad2011 folded before Flop (didn't bet)
Seat 6: s0mega folded before Flop (didn't bet)
Seat 7: westhamas folded before Flop (didn't bet)
Seat 8: KjellBackelj folded on the Flop
Seat 9: dias&pacheco (button) collected ($0.16)



PokerStars Hand #237686911716:  Hold'em No Limit ($0.02/$0.05 USD) - 2022/07/30 13:29:25 PT [2022/07/30 16:29:25 ET]
Table 'Veteraniya II' 9-max Seat #1 is the button
Seat 1: Dorex2007 ($5.21 in chips) 
Seat 2: AGVsmarT ($4.27 in chips) 
Seat 3: fdghfdhg ($5.06 in chips) 
Seat 4: yur4ik777 ($5.38 in chips) 
Seat 5: acad2011 ($1.48 in chips) 
Seat 6: s0mega ($3.18 in chips) 
Seat 7: westhamas ($4.48 in chips) 
Seat 8: KjellBackelj ($4.50 in chips) 
Seat 9: dias&pacheco ($2.97 in chips) 
AGVsmarT: posts small blind $0.02
fdghfdhg: posts big blind $0.05
*** HOLE CARDS ***
Dealt to Dorex2007 [Jd 3h]
yur4ik777: raises $0.07 to $0.12
acad2011: folds 
s0mega: folds 
westhamas: folds 
KjellBackelj: folds 
dias&pacheco: folds 
Dorex2007: folds 
AGVsmarT: folds 
fdghfdhg: folds 
Uncalled bet ($0.07) returned to yur4ik777
yur4ik777 collected $0.12 from pot
yur4ik777: doesn't show hand 
*** SUMMARY ***
Total pot $0.12 | Rake $0 
Seat 1: Dorex2007 (button) folded before Flop (didn't bet)
Seat 2: AGVsmarT (small blind) folded before Flop
Seat 3: fdghfdhg (big blind) folded before Flop
Seat 4: yur4ik777 collected ($0.12)
Seat 5: acad2011 folded before Flop (didn't bet)
Seat 6: s0mega folded before Flop (didn't bet)
Seat 7: westhamas folded before Flop (didn't bet)
Seat 8: KjellBackelj folded before Flop (didn't bet)
Seat 9: dias&pacheco folded before Flop (didn't bet)



PokerStars Hand #237686922840:  Hold'em No Limit ($0.02/$0.05 USD) - 2022/07/30 13:29:56 PT [2022/07/30 16:29:56 ET]
Table 'Veteraniya II' 9-max Seat #2 is the button
Seat 1: Dorex2007 ($5.21 in chips) 
Seat 2: AGVsmarT ($4.25 in chips) 
Seat 3: fdghfdhg ($5.01 in chips) 
Seat 4: yur4ik777 ($5.45 in chips) 
Seat 5: acad2011 ($1.48 in chips) 
Seat 6: s0mega ($3.18 in chips) 
Seat 7: westhamas ($4.48 in chips) 
Seat 8: KjellBackelj ($4.50 in chips) 
Seat 9: dias&pacheco ($2.97 in chips) 
fdghfdhg: posts small blind $0.02
yur4ik777: posts big blind $0.05
*** HOLE CARDS ***
Dealt to Dorex2007 [4c 6c]
acad2011: calls $0.05
s0mega: raises $0.07 to $0.12
westhamas: folds 
KjellBackelj: folds 
dias&pacheco: folds 
Dorex2007: folds 
AGVsmarT: folds 
fdghfdhg: folds 
yur4ik777: folds 
acad2011: calls $0.07
*** FLOP *** [Jc Kc 7h]
acad2011: checks 
s0mega: bets $0.14
acad2011: folds 
Uncalled bet ($0.14) returned to s0mega
s0mega collected $0.30 from pot
s0mega: doesn't show hand 
*** SUMMARY ***
Total pot $0.31 | Rake $0.01 
Board [Jc Kc 7h]
Seat 1: Dorex2007 folded before Flop (didn't bet)
Seat 2: AGVsmarT (button) folded before Flop (didn't bet)
Seat 3: fdghfdhg (small blind) folded before Flop
Seat 4: yur4ik777 (big blind) folded before Flop
Seat 5: acad2011 folded on the Flop
Seat 6: s0mega collected ($0.30)
Seat 7: westhamas folded before Flop (didn't bet)
Seat 8: KjellBackelj folded before Flop (didn't bet)
Seat 9: dias&pacheco folded before Flop (didn't bet)



PokerStars Hand #237686940673:  Hold'em No Limit ($0.02/$0.05 USD) - 2022/07/30 13:30:44 PT [2022/07/30 16:30:44 ET]
Table 'Veteraniya II' 9-max Seat #3 is the button
Seat 1: Dorex2007 ($5.21 in chips) 
Seat 2: AGVsmarT ($4.25 in chips) 
Seat 3: fdghfdhg ($4.99 in chips) 
Seat 4: yur4ik777 ($5.40 in chips) 
Seat 5: acad2011 ($1.36 in chips) 
Seat 6: s0mega ($3.36 in chips) 
Seat 7: westhamas ($4.48 in chips) 
Seat 8: KjellBackelj ($4.50 in chips) 
Seat 9: dias&pacheco ($2.97 in chips) 
yur4ik777: posts small blind $0.02
acad2011: posts big blind $0.05
*** HOLE CARDS ***
Dealt to Dorex2007 [As 8h]
s0mega: raises $0.07 to $0.12
westhamas: folds 
KjellBackelj: folds 
dias&pacheco: folds 
Dorex2007: folds 
AGVsmarT: folds 
fdghfdhg: folds 
yur4ik777: folds 
acad2011: calls $0.07
*** FLOP *** [9c 4h Jc]
acad2011: checks 
s0mega: checks 
*** TURN *** [9c 4h Jc] [4d]
acad2011: checks 
s0mega: checks 
*** RIVER *** [9c 4h Jc 4d] [Ks]
acad2011: checks 
s0mega: bets $0.14
acad2011: calls $0.14
*** SHOW DOWN ***
s0mega: shows [7d 7s] (two pair, Sevens and Fours)
acad2011: shows [Kc Tc] (two pair, Kings and Fours)
acad2011 collected $0.52 from pot
*** SUMMARY ***
Total pot $0.54 | Rake $0.02 
Board [9c 4h Jc 4d Ks]
Seat 1: Dorex2007 folded before Flop (didn't bet)
Seat 2: AGVsmarT folded before Flop (didn't bet)
Seat 3: fdghfdhg (button) folded before Flop (didn't bet)
Seat 4: yur4ik777 (small blind) folded before Flop
Seat 5: acad2011 (big blind) showed [Kc Tc] and won ($0.52) with two pair, Kings and Fours
Seat 6: s0mega showed [7d 7s] and lost with two pair, Sevens and Fours
Seat 7: westhamas folded before Flop (didn't bet)
Seat 8: KjellBackelj folded before Flop (didn't bet)
Seat 9: dias&pacheco folded before Flop (didn't bet)



PokerStars Hand #237686957626:  Hold'em No Limit ($0.02/$0.05 USD) - 2022/07/30 13:31:30 PT [2022/07/30 16:31:30 ET]
Table 'Veteraniya II' 9-max Seat #4 is the button
Seat 1: Dorex2007 ($5.21 in chips) 
Seat 2: AGVsmarT ($4.25 in chips) 
Seat 3: fdghfdhg ($4.99 in chips) 
Seat 4: yur4ik777 ($5.38 in chips) 
Seat 5: acad2011 ($1.62 in chips) 
Seat 6: s0mega ($3.10 in chips) 
Seat 7: westhamas ($4.48 in chips) 
Seat 8: KjellBackelj ($4.50 in chips) 
Seat 9: dias&pacheco ($2.97 in chips) 
acad2011: posts small blind $0.02
s0mega: posts big blind $0.05
*** HOLE CARDS ***
Dealt to Dorex2007 [5h 8h]
westhamas: folds 
KjellBackelj: calls $0.05
dias&pacheco: folds 
Dorex2007: folds 
AGVsmarT: calls $0.05
fdghfdhg: folds 
yur4ik777: folds 
acad2011: calls $0.03
s0mega: checks 
*** FLOP *** [8s 3c Jd]
acad2011 is disconnected 
acad2011 has timed out while disconnected
acad2011: checks 
s0mega: checks 
KjellBackelj: checks 
AGVsmarT: checks 
*** TURN *** [8s 3c Jd] [9d]
acad2011: checks 
s0mega: checks 
KjellBackelj: checks 
AGVsmarT: checks 
*** RIVER *** [8s 3c Jd 9d] [7s]
acad2011: bets $0.05
s0mega: folds 
KjellBackelj: folds 
AGVsmarT: calls $0.05
*** SHOW DOWN ***
acad2011: shows [Ks Ts] (a straight, Seven to Jack)
AGVsmarT: mucks hand 
acad2011 collected $0.29 from pot
*** SUMMARY ***
Total pot $0.30 | Rake $0.01 
Board [8s 3c Jd 9d 7s]
Seat 1: Dorex2007 folded before Flop (didn't bet)
Seat 2: AGVsmarT mucked [7h Ad]
Seat 3: fdghfdhg folded before Flop (didn't bet)
Seat 4: yur4ik777 (button) folded before Flop (didn't bet)
Seat 5: acad2011 (small blind) showed [Ks Ts] and won ($0.29) with a straight, Seven to Jack
Seat 6: s0mega (big blind) folded on the River
Seat 7: westhamas folded before Flop (didn't bet)
Seat 8: KjellBackelj folded on the River
Seat 9: dias&pacheco folded before Flop (didn't bet)



PokerStars Hand #237687002823:  Hold'em No Limit ($0.02/$0.05 USD) - 2022/07/30 13:33:33 PT [2022/07/30 16:33:33 ET]
Table 'Veteraniya II' 9-max Seat #5 is the button
Seat 1: Dorex2007 ($5.21 in chips) 
Seat 2: AGVsmarT ($4.15 in chips) 
Seat 3: fdghfdhg ($4.99 in chips) 
Seat 4: yur4ik777 ($5.38 in chips) 
Seat 5: acad2011 ($1.81 in chips) 
Seat 6: s0mega ($3.05 in chips) 
Seat 7: westhamas ($4.48 in chips) 
Seat 8: KjellBackelj ($4.45 in chips) 
Seat 9: dias&pacheco ($2.97 in chips) 
s0mega: posts small blind $0.02
westhamas: posts big blind $0.05
*** HOLE CARDS ***
Dealt to Dorex2007 [Jd 4d]
KjellBackelj: folds 
dias&pacheco: calls $0.05
Dorex2007: folds 
AGVsmarT: calls $0.05
fdghfdhg: calls $0.05
yur4ik777: folds 
acad2011: folds 
s0mega: raises $0.25 to $0.30
westhamas: folds 
dias&pacheco: folds 
AGVsmarT: folds 
fdghfdhg: calls $0.25
*** FLOP *** [Ah Kc 7h]
s0mega: bets $0.36
fdghfdhg: calls $0.36
*** TURN *** [Ah Kc 7h] [Jc]
s0mega: checks 
fdghfdhg: checks 
*** RIVER *** [Ah Kc 7h Jc] [9s]
s0mega: checks 
fdghfdhg: checks 
*** SHOW DOWN ***
s0mega: shows [4s 3s] (high card Ace)
fdghfdhg: shows [Ac 8h] (a pair of Aces)
fdghfdhg collected $1.41 from pot
*** SUMMARY ***
Total pot $1.47 | Rake $0.06 
Board [Ah Kc 7h Jc 9s]
Seat 1: Dorex2007 folded before Flop (didn't bet)
Seat 2: AGVsmarT folded before Flop
Seat 3: fdghfdhg showed [Ac 8h] and won ($1.41) with a pair of Aces
Seat 4: yur4ik777 folded before Flop (didn't bet)
Seat 5: acad2011 (button) folded before Flop (didn't bet)
Seat 6: s0mega (small blind) showed [4s 3s] and lost with high card Ace
Seat 7: westhamas (big blind) folded before Flop
Seat 8: KjellBackelj folded before Flop (didn't bet)
Seat 9: dias&pacheco folded before Flop



PokerStars Hand #237687024207:  Hold'em No Limit ($0.02/$0.05 USD) - 2022/07/30 13:34:32 PT [2022/07/30 16:34:32 ET]
Table 'Veteraniya II' 9-max Seat #6 is the button
Seat 1: Dorex2007 ($5.21 in chips) 
Seat 2: AGVsmarT ($4.10 in chips) 
Seat 3: fdghfdhg ($5.74 in chips) 
Seat 4: yur4ik777 ($5.38 in chips) 
Seat 5: acad2011 ($1.81 in chips) 
Seat 6: s0mega ($2.39 in chips) 
Seat 7: westhamas ($4.43 in chips) 
Seat 8: KjellBackelj ($4.45 in chips) 
Seat 9: dias&pacheco ($2.92 in chips) 
westhamas: posts small blind $0.02
KjellBackelj: posts big blind $0.05
*** HOLE CARDS ***
Dealt to Dorex2007 [4s 4h]
dias&pacheco: folds 
Dorex2007: calls $0.05
AGVsmarT: calls $0.05
fdghfdhg: calls $0.05
yur4ik777: folds 
acad2011: folds 
s0mega: folds 
westhamas: calls $0.03
KjellBackelj: checks 
*** FLOP *** [3s 3d Ad]
westhamas: checks 
KjellBackelj: checks 
Dorex2007: checks 
AGVsmarT: checks 
fdghfdhg: checks 
*** TURN *** [3s 3d Ad] [Kc]
westhamas: checks 
KjellBackelj: checks 
Dorex2007: checks 
AGVsmarT: checks 
fdghfdhg: checks 
*** RIVER *** [3s 3d Ad Kc] [5h]
westhamas: checks 
KjellBackelj: checks 
Dorex2007: checks 
AGVsmarT: checks 
fdghfdhg: checks 
*** SHOW DOWN ***
westhamas: shows [8d 7d] (a pair of Threes)
KjellBackelj: shows [9s 7c] (a pair of Threes - Ace+King+Nine kicker)
Dorex2007: shows [4s 4h] (two pair, Fours and Threes)
AGVsmarT: mucks hand 
fdghfdhg: mucks hand 
Dorex2007 collected $0.24 from pot
*** SUMMARY ***
Total pot $0.25 | Rake $0.01 
Board [3s 3d Ad Kc 5h]
Seat 1: Dorex2007 showed [4s 4h] and won ($0.24) with two pair, Fours and Threes
Seat 2: AGVsmarT mucked [Qs Jh]
Seat 3: fdghfdhg mucked [Tc 8c]
Seat 4: yur4ik777 folded before Flop (didn't bet)
Seat 5: acad2011 folded before Flop (didn't bet)
Seat 6: s0mega (button) folded before Flop (didn't bet)
Seat 7: westhamas (small blind) showed [8d 7d] and lost with a pair of Threes
Seat 8: KjellBackelj (big blind) showed [9s 7c] and lost with a pair of Threes
Seat 9: dias&pacheco folded before Flop (didn't bet)



PokerStars Hand #237687054380:  Hold'em No Limit ($0.02/$0.05 USD) - 2022/07/30 13:35:53 PT [2022/07/30 16:35:53 ET]
Table 'Veteraniya II' 9-max Seat #7 is the button
Seat 1: Dorex2007 ($5.40 in chips) 
Seat 2: AGVsmarT ($4.05 in chips) 
Seat 3: fdghfdhg ($5.69 in chips) 
Seat 4: yur4ik777 ($5.38 in chips) 
Seat 5: acad2011 ($1.81 in chips) 
Seat 6: s0mega ($2.39 in chips) 
Seat 7: westhamas ($4.38 in chips) 
Seat 8: KjellBackelj ($4.40 in chips) 
Seat 9: dias&pacheco ($2.92 in chips) 
KjellBackelj: posts small blind $0.02
dias&pacheco: posts big blind $0.05
*** HOLE CARDS ***
Dealt to Dorex2007 [6h Js]
Dorex2007: folds 
AGVsmarT: folds 
fdghfdhg: folds 
yur4ik777: folds 
acad2011: folds 
s0mega: raises $0.07 to $0.12
westhamas: calls $0.12
KjellBackelj: folds 
dias&pacheco: folds 
*** FLOP *** [3s Jc Qh]
s0mega: checks 
westhamas: bets $0.20
s0mega: folds 
Uncalled bet ($0.20) returned to westhamas
westhamas collected $0.30 from pot
*** SUMMARY ***
Total pot $0.31 | Rake $0.01 
Board [3s Jc Qh]
Seat 1: Dorex2007 folded before Flop (didn't bet)
Seat 2: AGVsmarT folded before Flop (didn't bet)
Seat 3: fdghfdhg folded before Flop (didn't bet)
Seat 4: yur4ik777 folded before Flop (didn't bet)
Seat 5: acad2011 folded before Flop (didn't bet)
Seat 6: s0mega folded on the Flop
Seat 7: westhamas (button) collected ($0.30)
Seat 8: KjellBackelj (small blind) folded before Flop
Seat 9: dias&pacheco (big blind) folded before Flop



PokerStars Hand #237687069187:  Hold'em No Limit ($0.02/$0.05 USD) - 2022/07/30 13:36:33 PT [2022/07/30 16:36:33 ET]
Table 'Veteraniya II' 9-max Seat #8 is the button
Seat 1: Dorex2007 ($5.40 in chips) 
Seat 2: AGVsmarT ($4.05 in chips) 
Seat 3: fdghfdhg ($5.69 in chips) 
Seat 4: yur4ik777 ($5.38 in chips) 
Seat 5: acad2011 ($1.81 in chips) 
Seat 6: s0mega ($2.27 in chips) 
Seat 7: westhamas ($4.56 in chips) 
Seat 8: KjellBackelj ($4.38 in chips) 
Seat 9: dias&pacheco ($2.87 in chips) 
dias&pacheco: posts small blind $0.02
Dorex2007: posts big blind $0.05
*** HOLE CARDS ***
Dealt to Dorex2007 [8d 3c]
AGVsmarT: folds 
fdghfdhg: folds 
yur4ik777: folds 
acad2011: calls $0.05
s0mega: folds 
westhamas: calls $0.05
KjellBackelj: folds 
dias&pacheco: calls $0.03
Dorex2007: checks 
*** FLOP *** [9s 3h 7h]
dias&pacheco: checks 
Dorex2007: checks 
acad2011: bets $0.05
westhamas: calls $0.05
dias&pacheco: folds 
Dorex2007: folds 
*** TURN *** [9s 3h 7h] [2c]
acad2011: checks 
westhamas: checks 
*** RIVER *** [9s 3h 7h 2c] [4d]
acad2011: checks 
westhamas: checks 
*** SHOW DOWN ***
acad2011: shows [8h Kh] (high card King)
westhamas: mucks hand 
acad2011 collected $0.29 from pot
*** SUMMARY ***
Total pot $0.30 | Rake $0.01 
Board [9s 3h 7h 2c 4d]
Seat 1: Dorex2007 (big blind) folded on the Flop
Seat 2: AGVsmarT folded before Flop (didn't bet)
Seat 3: fdghfdhg folded before Flop (didn't bet)
Seat 4: yur4ik777 folded before Flop (didn't bet)
Seat 5: acad2011 showed [8h Kh] and won ($0.29) with high card King
Seat 6: s0mega folded before Flop (didn't bet)
Seat 7: westhamas mucked [Qs Ts]
Seat 8: KjellBackelj (button) folded before Flop (didn't bet)
Seat 9: dias&pacheco (small blind) folded on the Flop



PokerStars Hand #237687099308:  Hold'em No Limit ($0.02/$0.05 USD) - 2022/07/30 13:37:54 PT [2022/07/30 16:37:54 ET]
Table 'Veteraniya II' 9-max Seat #9 is the button
Seat 1: Dorex2007 ($5.35 in chips) 
Seat 2: AGVsmarT ($4.05 in chips) 
Seat 3: fdghfdhg ($5.69 in chips) 
Seat 4: yur4ik777 ($5.38 in chips) 
Seat 5: acad2011 ($2 in chips) 
Seat 6: s0mega ($2.27 in chips) 
Seat 7: westhamas ($4.46 in chips) 
Seat 8: KjellBackelj ($4.38 in chips) 
Seat 9: dias&pacheco ($2.82 in chips) 
Dorex2007: posts small blind $0.02
AGVsmarT: posts big blind $0.05
*** HOLE CARDS ***
Dealt to Dorex2007 [2d Qc]
fdghfdhg: raises $0.10 to $0.15
yur4ik777: folds 
acad2011: folds 
s0mega: calls $0.15
westhamas: calls $0.15
KjellBackelj: folds 
dias&pacheco: folds 
Dorex2007: folds 
AGVsmarT: folds 
*** FLOP *** [Qs 8s 9d]
fdghfdhg: checks 
s0mega: checks 
westhamas: bets $0.33
fdghfdhg: folds 
s0mega: folds 
Uncalled bet ($0.33) returned to westhamas
westhamas collected $0.50 from pot
*** SUMMARY ***
Total pot $0.52 | Rake $0.02 
Board [Qs 8s 9d]
Seat 1: Dorex2007 (small blind) folded before Flop
Seat 2: AGVsmarT (big blind) folded before Flop
Seat 3: fdghfdhg folded on the Flop
Seat 4: yur4ik777 folded before Flop (didn't bet)
Seat 5: acad2011 folded before Flop (didn't bet)
Seat 6: s0mega folded on the Flop
Seat 7: westhamas collected ($0.50)
Seat 8: KjellBackelj folded before Flop (didn't bet)
Seat 9: dias&pacheco (button) folded before Flop (didn't bet)



PokerStars Hand #237687116408:  Hold'em No Limit ($0.02/$0.05 USD) - 2022/07/30 13:38:41 PT [2022/07/30 16:38:41 ET]
Table 'Veteraniya II' 9-max Seat #1 is the button
Seat 1: Dorex2007 ($5.33 in chips) 
Seat 2: AGVsmarT ($4 in chips) 
Seat 3: fdghfdhg ($5.54 in chips) 
Seat 4: yur4ik777 ($5.38 in chips) 
Seat 5: acad2011 ($2 in chips) 
Seat 6: s0mega ($2.12 in chips) 
Seat 7: westhamas ($4.81 in chips) 
Seat 8: KjellBackelj ($4.38 in chips) 
Seat 9: dias&pacheco ($2.82 in chips) 
AGVsmarT: posts small blind $0.02
fdghfdhg: posts big blind $0.05
*** HOLE CARDS ***
Dealt to Dorex2007 [Kc 6s]
yur4ik777: folds 
acad2011: calls $0.05
s0mega: folds 
westhamas: folds 
KjellBackelj: folds 
dias&pacheco: folds 
Dorex2007: folds 
AGVsmarT: calls $0.03
fdghfdhg: checks 
*** FLOP *** [9d 6d 9c]
AGVsmarT: bets $0.10
fdghfdhg: folds 
acad2011: folds 
Uncalled bet ($0.10) returned to AGVsmarT
AGVsmarT collected $0.14 from pot
*** SUMMARY ***
Total pot $0.15 | Rake $0.01 
Board [9d 6d 9c]
Seat 1: Dorex2007 (button) folded before Flop (didn't bet)
Seat 2: AGVsmarT (small blind) collected ($0.14)
Seat 3: fdghfdhg (big blind) folded on the Flop
Seat 4: yur4ik777 folded before Flop (didn't bet)
Seat 5: acad2011 folded on the Flop
Seat 6: s0mega folded before Flop (didn't bet)
Seat 7: westhamas folded before Flop (didn't bet)
Seat 8: KjellBackelj folded before Flop (didn't bet)
Seat 9: dias&pacheco folded before Flop (didn't bet)



PokerStars Hand #237687134441:  Hold'em No Limit ($0.02/$0.05 USD) - 2022/07/30 13:39:10 PT [2022/07/30 16:39:10 ET]
Table 'Veteraniya II' 9-max Seat #2 is the button
Seat 1: Dorex2007 ($5.33 in chips) 
Seat 2: AGVsmarT ($4.09 in chips) 
Seat 3: fdghfdhg ($5.49 in chips) 
Seat 4: yur4ik777 ($5.38 in chips) 
Seat 5: acad2011 ($1.95 in chips) 
Seat 6: s0mega ($2.12 in chips) 
Seat 7: westhamas ($4.81 in chips) 
Seat 8: KjellBackelj ($4.38 in chips) 
Seat 9: dias&pacheco ($2.82 in chips) 
fdghfdhg: posts small blind $0.02
yur4ik777: posts big blind $0.05
*** HOLE CARDS ***
Dealt to Dorex2007 [2h 6s]
acad2011: folds 
s0mega: folds 
westhamas: folds 
KjellBackelj: folds 
dias&pacheco: calls $0.05
Dorex2007: folds 
AGVsmarT: folds 
fdghfdhg: calls $0.03
yur4ik777: raises $0.15 to $0.20
dias&pacheco: folds 
fdghfdhg: calls $0.15
*** FLOP *** [3s Js Kh]
fdghfdhg: checks 
yur4ik777: bets $0.26
fdghfdhg: calls $0.26
*** TURN *** [3s Js Kh] [8d]
fdghfdhg: checks 
yur4ik777: bets $0.31
fdghfdhg: folds 
Uncalled bet ($0.31) returned to yur4ik777
yur4ik777 collected $0.93 from pot
yur4ik777: doesn't show hand 
*** SUMMARY ***
Total pot $0.97 | Rake $0.04 
Board [3s Js Kh 8d]
Seat 1: Dorex2007 folded before Flop (didn't bet)
Seat 2: AGVsmarT (button) folded before Flop (didn't bet)
Seat 3: fdghfdhg (small blind) folded on the Turn
Seat 4: yur4ik777 (big blind) collected ($0.93)
Seat 5: acad2011 folded before Flop (didn't bet)
Seat 6: s0mega folded before Flop (didn't bet)
Seat 7: westhamas folded before Flop (didn't bet)
Seat 8: KjellBackelj folded before Flop (didn't bet)
Seat 9: dias&pacheco folded before Flop



PokerStars Hand #237687164486:  Hold'em No Limit ($0.02/$0.05 USD) - 2022/07/30 13:40:06 PT [2022/07/30 16:40:06 ET]
Table 'Veteraniya II' 9-max Seat #3 is the button
Seat 1: Dorex2007 ($5.33 in chips) 
Seat 2: AGVsmarT ($4.09 in chips) 
Seat 3: fdghfdhg ($5.03 in chips) 
Seat 4: yur4ik777 ($5.85 in chips) 
Seat 7: westhamas ($4.81 in chips) 
Seat 8: KjellBackelj ($4.38 in chips) 
Seat 9: dias&pacheco ($2.77 in chips) 
yur4ik777: posts small blind $0.02
s0mega: is sitting out 
westhamas: posts big blind $0.05
*** HOLE CARDS ***
Dealt to Dorex2007 [3d Tc]
s0mega leaves the table
KjellBackelj: folds 
dias&pacheco: folds 
Dorex2007: folds 
AGVsmarT: calls $0.05
fdghfdhg: folds 
yur4ik777: folds 
westhamas: checks 
*** FLOP *** [7c 6c 2s]
westhamas: checks 
AGVsmarT: bets $0.05
westhamas: folds 
Uncalled bet ($0.05) returned to AGVsmarT
AGVsmarT collected $0.12 from pot
*** SUMMARY ***
Total pot $0.12 | Rake $0 
Board [7c 6c 2s]
Seat 1: Dorex2007 folded before Flop (didn't bet)
Seat 2: AGVsmarT collected ($0.12)
Seat 3: fdghfdhg (button) folded before Flop (didn't bet)
Seat 4: yur4ik777 (small blind) folded before Flop
Seat 7: westhamas (big blind) folded on the Flop
Seat 8: KjellBackelj folded before Flop (didn't bet)
Seat 9: dias&pacheco folded before Flop (didn't bet)



PokerStars Hand #237687173355:  Hold'em No Limit ($0.02/$0.05 USD) - 2022/07/30 13:40:31 PT [2022/07/30 16:40:31 ET]
Table 'Veteraniya II' 9-max Seat #4 is the button
Seat 1: Dorex2007 ($5.33 in chips) 
Seat 2: AGVsmarT ($4.16 in chips) 
Seat 3: fdghfdhg ($5.03 in chips) 
Seat 4: yur4ik777 ($5.83 in chips) 
Seat 7: westhamas ($4.76 in chips) 
Seat 8: KjellBackelj ($4.38 in chips) 
Seat 9: dias&pacheco ($2.77 in chips) 
westhamas: posts small blind $0.02
KjellBackelj: posts big blind $0.05
*** HOLE CARDS ***
Dealt to Dorex2007 [Th Kh]
Mikey J410 joins the table at seat #6 
dias&pacheco: folds 
Dorex2007: raises $0.10 to $0.15
AGVsmarT: calls $0.15
fdghfdhg: folds 
yur4ik777: raises $0.10 to $0.25
westhamas: folds 
KjellBackelj: folds 
Dorex2007: calls $0.10
AGVsmarT: calls $0.10
*** FLOP *** [7d 7c 5s]
Dorex2007: checks 
AGVsmarT: checks 
yur4ik777: bets $0.79
Dorex2007: folds 
AGVsmarT: folds 
Uncalled bet ($0.79) returned to yur4ik777
yur4ik777 collected $0.79 from pot
yur4ik777: doesn't show hand 
*** SUMMARY ***
Total pot $0.82 | Rake $0.03 
Board [7d 7c 5s]
Seat 1: Dorex2007 folded on the Flop
Seat 2: AGVsmarT folded on the Flop
Seat 3: fdghfdhg folded before Flop (didn't bet)
Seat 4: yur4ik777 (button) collected ($0.79)
Seat 7: westhamas (small blind) folded before Flop
Seat 8: KjellBackelj (big blind) folded before Flop
Seat 9: dias&pacheco folded before Flop (didn't bet)



PokerStars Hand #237687189809:  Hold'em No Limit ($0.02/$0.05 USD) - 2022/07/30 13:41:16 PT [2022/07/30 16:41:16 ET]
Table 'Veteraniya II' 9-max Seat #7 is the button
Seat 1: Dorex2007 ($5.08 in chips) 
Seat 2: AGVsmarT ($3.91 in chips) 
Seat 3: fdghfdhg ($5.03 in chips) 
Seat 6: Mikey J410 ($5 in chips) 
Seat 7: westhamas ($4.74 in chips) 
Seat 8: KjellBackelj ($4.33 in chips) 
Seat 9: dias&pacheco ($2.77 in chips) 
KjellBackelj: posts small blind $0.02
dias&pacheco: posts big blind $0.05
Mikey J410: posts big blind $0.05
*** HOLE CARDS ***
Dealt to Dorex2007 [2d 4d]
Dorex2007: folds 
AGVsmarT: folds 
fdghfdhg: calls $0.05
Mikey J410: raises $0.10 to $0.15
westhamas: calls $0.15
KjellBackelj: calls $0.13
dias&pacheco: folds 
fdghfdhg: calls $0.10
*** FLOP *** [Js Ah Jc]
KjellBackelj: checks 
fdghfdhg: checks 
Mikey J410: checks 
westhamas: checks 
*** TURN *** [Js Ah Jc] [8s]
KjellBackelj: checks 
fdghfdhg: checks 
Mikey J410: checks 
westhamas: checks 
*** RIVER *** [Js Ah Jc 8s] [5d]
KjellBackelj: checks 
fdghfdhg: checks 
Mikey J410: checks 
westhamas: checks 
*** SHOW DOWN ***
KjellBackelj: shows [Kh 7h] (a pair of Jacks)
fdghfdhg: shows [3s Ks] (a pair of Jacks)
Mikey J410: shows [5h Qh] (two pair, Jacks and Fives)
westhamas: shows [6d 6c] (two pair, Jacks and Sixes)
westhamas collected $0.62 from pot
*** SUMMARY ***
Total pot $0.65 | Rake $0.03 
Board [Js Ah Jc 8s 5d]
Seat 1: Dorex2007 folded before Flop (didn't bet)
Seat 2: AGVsmarT folded before Flop (didn't bet)
Seat 3: fdghfdhg showed [3s Ks] and lost with a pair of Jacks
Seat 6: Mikey J410 showed [5h Qh] and lost with two pair, Jacks and Fives
Seat 7: westhamas (button) showed [6d 6c] and won ($0.62) with two pair, Jacks and Sixes
Seat 8: KjellBackelj (small blind) showed [Kh 7h] and lost with a pair of Jacks
Seat 9: dias&pacheco (big blind) folded before Flop



PokerStars Hand #237687210668:  Hold'em No Limit ($0.02/$0.05 USD) - 2022/07/30 13:42:13 PT [2022/07/30 16:42:13 ET]
Table 'Veteraniya II' 9-max Seat #8 is the button
Seat 1: Dorex2007 ($5.08 in chips) 
Seat 2: AGVsmarT ($3.91 in chips) 
Seat 3: fdghfdhg ($4.88 in chips) 
Seat 6: Mikey J410 ($4.85 in chips) 
Seat 7: westhamas ($5.21 in chips) 
Seat 8: KjellBackelj ($4.18 in chips) 
Seat 9: dias&pacheco ($2.72 in chips) 
dias&pacheco: posts small blind $0.02
Dorex2007: posts big blind $0.05
*** HOLE CARDS ***
Dealt to Dorex2007 [Jh Qh]
AGVsmarT: folds 
fdghfdhg: folds 
Mikey J410: folds 
westhamas: raises $0.10 to $0.15
KjellBackelj: calls $0.15
dias&pacheco: folds 
Dorex2007: calls $0.10
*** FLOP *** [4d Qd 3h]
Dorex2007: bets $0.45
westhamas: folds 
KjellBackelj: folds 
Uncalled bet ($0.45) returned to Dorex2007
Dorex2007 collected $0.45 from pot
Dorex2007: doesn't show hand 
*** SUMMARY ***
Total pot $0.47 | Rake $0.02 
Board [4d Qd 3h]
Seat 1: Dorex2007 (big blind) collected ($0.45)
Seat 2: AGVsmarT folded before Flop (didn't bet)
Seat 3: fdghfdhg folded before Flop (didn't bet)
Seat 6: Mikey J410 folded before Flop (didn't bet)
Seat 7: westhamas folded on the Flop
Seat 8: KjellBackelj (button) folded on the Flop
Seat 9: dias&pacheco (small blind) folded before Flop



PokerStars Hand #237687221901:  Hold'em No Limit ($0.02/$0.05 USD) - 2022/07/30 13:42:44 PT [2022/07/30 16:42:44 ET]
Table 'Veteraniya II' 9-max Seat #9 is the button
Seat 1: Dorex2007 ($5.38 in chips) 
Seat 2: AGVsmarT ($3.91 in chips) 
Seat 3: fdghfdhg ($4.88 in chips) 
Seat 4: yur4ik777 ($6.37 in chips) 
Seat 6: Mikey J410 ($4.85 in chips) 
Seat 8: KjellBackelj ($4.03 in chips) 
Seat 9: dias&pacheco ($2.70 in chips) 
Dorex2007: posts small blind $0.02
AGVsmarT: posts big blind $0.05
*** HOLE CARDS ***
Dealt to Dorex2007 [Qc 9d]
fdghfdhg: folds 
westhamas leaves the table
yur4ik777: folds 
Mikey J410: folds 
KjellBackelj: calls $0.05
dias&pacheco: folds 
Dorex2007: folds 
AGVsmarT: checks 
*** FLOP *** [4d 4s Ks]
AGVsmarT: bets $0.05
KjellBackelj: calls $0.05
*** TURN *** [4d 4s Ks] [7d]
AGVsmarT: bets $0.05
KjellBackelj: calls $0.05
*** RIVER *** [4d 4s Ks 7d] [Qh]
AGVsmarT: checks 
Maria'sDad77 joins the table at seat #7 
KjellBackelj: bets $0.35
AGVsmarT: folds 
Uncalled bet ($0.35) returned to KjellBackelj
KjellBackelj collected $0.31 from pot
KjellBackelj: doesn't show hand 
*** SUMMARY ***
Total pot $0.32 | Rake $0.01 
Board [4d 4s Ks 7d Qh]
Seat 1: Dorex2007 (small blind) folded before Flop
Seat 2: AGVsmarT (big blind) folded on the River
Seat 3: fdghfdhg folded before Flop (didn't bet)
Seat 4: yur4ik777 folded before Flop (didn't bet)
Seat 6: Mikey J410 folded before Flop (didn't bet)
Seat 8: KjellBackelj collected ($0.31)
Seat 9: dias&pacheco (button) folded before Flop (didn't bet)



PokerStars Hand #237687237376:  Hold'em No Limit ($0.02/$0.05 USD) - 2022/07/30 13:43:26 PT [2022/07/30 16:43:26 ET]
Table 'Veteraniya II' 9-max Seat #1 is the button
Seat 1: Dorex2007 ($5.36 in chips) 
Seat 2: AGVsmarT ($3.76 in chips) 
Seat 3: fdghfdhg ($4.88 in chips) 
Seat 4: yur4ik777 ($6.37 in chips) 
Seat 6: Mikey J410 ($4.85 in chips) 
Seat 8: KjellBackelj ($4.19 in chips) 
Seat 9: dias&pacheco ($2.70 in chips) 
AGVsmarT: posts small blind $0.02
fdghfdhg: posts big blind $0.05
Maria'sDad77: sits out 
*** HOLE CARDS ***
Dealt to Dorex2007 [8d Ah]
yur4ik777: folds 
Mikey J410: folds 
KjellBackelj: folds 
KjellBackelj leaves the table
dias&pacheco: folds 
Dorex2007: folds 
AGVsmarT: folds 
Uncalled bet ($0.03) returned to fdghfdhg
fdghfdhg collected $0.04 from pot
fdghfdhg: doesn't show hand 
*** SUMMARY ***
Total pot $0.04 | Rake $0 
Seat 1: Dorex2007 (button) folded before Flop (didn't bet)
Seat 2: AGVsmarT (small blind) folded before Flop
Seat 3: fdghfdhg (big blind) collected ($0.04)
Seat 4: yur4ik777 folded before Flop (didn't bet)
Seat 6: Mikey J410 folded before Flop (didn't bet)
Seat 8: KjellBackelj folded before Flop (didn't bet)
Seat 9: dias&pacheco folded before Flop (didn't bet)



PokerStars Hand #237687243064:  Hold'em No Limit ($0.02/$0.05 USD) - 2022/07/30 13:43:41 PT [2022/07/30 16:43:41 ET]
Table 'Veteraniya II' 9-max Seat #2 is the button
Seat 1: Dorex2007 ($5.36 in chips) 
Seat 2: AGVsmarT ($3.74 in chips) 
Seat 3: fdghfdhg ($4.90 in chips) 
Seat 4: yur4ik777 ($6.37 in chips) 
Seat 6: Mikey J410 ($4.85 in chips) 
Seat 9: dias&pacheco ($2.70 in chips) 
fdghfdhg: posts small blind $0.02
yur4ik777: posts big blind $0.05
Maria'sDad77: sits out 
*** HOLE CARDS ***
Dealt to Dorex2007 [9d Ts]
Mikey J410: folds 
dias&pacheco: calls $0.05
Dorex2007: folds 
AGVsmarT: raises $0.20 to $0.25
fdghfdhg: folds 
yur4ik777: folds 
dias&pacheco: folds 
Uncalled bet ($0.20) returned to AGVsmarT
AGVsmarT collected $0.17 from pot
*** SUMMARY ***
Total pot $0.17 | Rake $0 
Seat 1: Dorex2007 folded before Flop (didn't bet)
Seat 2: AGVsmarT (button) collected ($0.17)
Seat 3: fdghfdhg (small blind) folded before Flop
Seat 4: yur4ik777 (big blind) folded before Flop
Seat 6: Mikey J410 folded before Flop (didn't bet)
Seat 9: dias&pacheco folded before Flop



PokerStars Hand #237687248938:  Hold'em No Limit ($0.02/$0.05 USD) - 2022/07/30 13:43:58 PT [2022/07/30 16:43:58 ET]
Table 'Veteraniya II' 9-max Seat #3 is the button
Seat 1: Dorex2007 ($5.36 in chips) 
Seat 2: AGVsmarT ($3.86 in chips) 
Seat 3: fdghfdhg ($4.88 in chips) 
Seat 4: yur4ik777 ($6.32 in chips) 
Seat 6: Mikey J410 ($4.85 in chips) 
Seat 9: dias&pacheco ($2.65 in chips) 
yur4ik777: posts small blind $0.02
Mikey J410: posts big blind $0.05
Maria'sDad77: sits out 
*** HOLE CARDS ***
Dealt to Dorex2007 [Ad 2d]
Juszevo joins the table at seat #8 
dias&pacheco: folds 
Dorex2007: calls $0.05
AGVsmarT: folds 
fdghfdhg: calls $0.05
yur4ik777: raises $0.31 to $0.36
Mikey J410: folds 
Dorex2007: calls $0.31
fdghfdhg: calls $0.31
*** FLOP *** [9h 6s Qs]
yur4ik777: checks 
Dorex2007: checks 
fdghfdhg: checks 
*** TURN *** [9h 6s Qs] [9d]
yur4ik777: bets $0.36
Dorex2007: folds 
fdghfdhg: calls $0.36
*** RIVER *** [9h 6s Qs 9d] [Qd]
yur4ik777: bets $0.58
fdghfdhg: calls $0.58
*** SHOW DOWN ***
yur4ik777: shows [Ah Jc] (two pair, Queens and Nines)
fdghfdhg: mucks hand 
yur4ik777 collected $2.89 from pot
*** SUMMARY ***
Total pot $3.01 | Rake $0.12 
Board [9h 6s Qs 9d Qd]
Seat 1: Dorex2007 folded on the Turn
Seat 2: AGVsmarT folded before Flop (didn't bet)
Seat 3: fdghfdhg (button) mucked [6c Kc]
Seat 4: yur4ik777 (small blind) showed [Ah Jc] and won ($2.89) with two pair, Queens and Nines
Seat 6: Mikey J410 (big blind) folded before Flop
Seat 9: dias&pacheco folded before Flop (didn't bet)



PokerStars Hand #237687274207:  Hold'em No Limit ($0.02/$0.05 USD) - 2022/07/30 13:45:07 PT [2022/07/30 16:45:07 ET]
Table 'Veteraniya II' 9-max Seat #4 is the button
Seat 1: Dorex2007 ($5 in chips) 
Seat 2: AGVsmarT ($3.86 in chips) 
Seat 3: fdghfdhg ($3.58 in chips) 
Seat 4: yur4ik777 ($7.91 in chips) 
Seat 6: Mikey J410 ($4.80 in chips) 
Seat 7: Maria'sDad77 ($4 in chips) 
Seat 8: Juszevo ($4.30 in chips) 
Seat 9: dias&pacheco ($2.65 in chips) 
Mikey J410: posts small blind $0.02
Maria'sDad77: posts big blind $0.05
Juszevo: posts big blind $0.05
*** HOLE CARDS ***
Dealt to Dorex2007 [Kh Ah]
Juszevo: checks 
dias&pacheco: calls $0.05
Dorex2007: raises $0.20 to $0.25
AGVsmarT: folds 
fdghfdhg: calls $0.25
yur4ik777: folds 
Mikey J410: folds 
Maria'sDad77: folds 
Juszevo: folds 
dias&pacheco: folds 
*** FLOP *** [Ks 5c Jc]
Dorex2007: bets $0.64
fdghfdhg: calls $0.64
*** TURN *** [Ks 5c Jc] [7c]
Dorex2007: bets $1.87
fdghfdhg: folds 
Uncalled bet ($1.87) returned to Dorex2007
Dorex2007 collected $1.87 from pot
Dorex2007: doesn't show hand 
*** SUMMARY ***
Total pot $1.95 | Rake $0.08 
Board [Ks 5c Jc 7c]
Seat 1: Dorex2007 collected ($1.87)
Seat 2: AGVsmarT folded before Flop (didn't bet)
Seat 3: fdghfdhg folded on the Turn
Seat 4: yur4ik777 (button) folded before Flop (didn't bet)
Seat 6: Mikey J410 (small blind) folded before Flop
Seat 7: Maria'sDad77 (big blind) folded before Flop
Seat 8: Juszevo folded before Flop (didn't bet)
Seat 9: dias&pacheco folded before Flop



PokerStars Hand #237687297157:  Hold'em No Limit ($0.02/$0.05 USD) - 2022/07/30 13:46:09 PT [2022/07/30 16:46:09 ET]
Table 'Veteraniya II' 9-max Seat #6 is the button
Seat 1: Dorex2007 ($5.98 in chips) 
Seat 2: AGVsmarT ($3.86 in chips) 
Seat 3: fdghfdhg ($2.69 in chips) 
Seat 4: yur4ik777 ($7.91 in chips) 
Seat 6: Mikey J410 ($4.78 in chips) 
Seat 7: Maria'sDad77 ($4 in chips) 
Seat 8: Juszevo ($4.25 in chips) 
Seat 9: dias&pacheco ($2.60 in chips) 
Maria'sDad77: posts small blind $0.02
Juszevo: posts big blind $0.05
*** HOLE CARDS ***
Dealt to Dorex2007 [7d 4c]
dias&pacheco: folds 
Dorex2007: folds 
AGVsmarT: folds 
fdghfdhg: folds 
yur4ik777: folds 
Mikey J410: raises $0.10 to $0.15
Maria'sDad77: folds 
Juszevo: calls $0.10
*** FLOP *** [As Ac 2c]
Juszevo: checks 
Mikey J410: bets $0.31
Juszevo: calls $0.31
*** TURN *** [As Ac 2c] [4h]
Juszevo: checks 
Mikey J410: checks 
*** RIVER *** [As Ac 2c 4h] [Td]
Juszevo: bets $0.35
Mikey J410: calls $0.35
*** SHOW DOWN ***
Juszevo: shows [3h Ah] (three of a kind, Aces)
Mikey J410: mucks hand 
Juszevo collected $1.57 from pot
*** SUMMARY ***
Total pot $1.64 | Rake $0.07 
Board [As Ac 2c 4h Td]
Seat 1: Dorex2007 folded before Flop (didn't bet)
Seat 2: AGVsmarT folded before Flop (didn't bet)
Seat 3: fdghfdhg folded before Flop (didn't bet)
Seat 4: yur4ik777 folded before Flop (didn't bet)
Seat 6: Mikey J410 (button) mucked [Kh Kd]
Seat 7: Maria'sDad77 (small blind) folded before Flop
Seat 8: Juszevo (big blind) showed [3h Ah] and won ($1.57) with three of a kind, Aces
Seat 9: dias&pacheco folded before Flop (didn't bet)



PokerStars Hand #237687313522:  Hold'em No Limit ($0.02/$0.05 USD) - 2022/07/30 13:46:53 PT [2022/07/30 16:46:53 ET]
Table 'Veteraniya II' 9-max Seat #7 is the button
Seat 1: Dorex2007 ($5.98 in chips) 
Seat 2: AGVsmarT ($3.86 in chips) 
Seat 3: fdghfdhg ($2.69 in chips) 
Seat 4: yur4ik777 ($7.91 in chips) 
Seat 6: Mikey J410 ($3.97 in chips) 
Seat 7: Maria'sDad77 ($4 in chips) 
Seat 8: Juszevo ($5.01 in chips) 
Seat 9: dias&pacheco ($2.60 in chips) 
Juszevo: posts small blind $0.02
dias&pacheco: posts big blind $0.05
*** HOLE CARDS ***
Dealt to Dorex2007 [6h 9h]
Dorex2007: folds 
AGVsmarT: folds 
fdghfdhg: raises $0.10 to $0.15
yur4ik777: folds 
Mikey J410: folds 
Mikey J410 leaves the table
Maria'sDad77: folds 
Juszevo: calls $0.13
dias&pacheco: calls $0.10
*** FLOP *** [Kh Ad 2h]
Juszevo: checks 
dias&pacheco: checks 
fdghfdhg: bets $0.17
Juszevo: folds 
dias&pacheco: folds 
Uncalled bet ($0.17) returned to fdghfdhg
fdghfdhg collected $0.43 from pot
fdghfdhg: doesn't show hand 
*** SUMMARY ***
Total pot $0.45 | Rake $0.02 
Board [Kh Ad 2h]
Seat 1: Dorex2007 folded before Flop (didn't bet)
Seat 2: AGVsmarT folded before Flop (didn't bet)
Seat 3: fdghfdhg collected ($0.43)
Seat 4: yur4ik777 folded before Flop (didn't bet)
Seat 6: Mikey J410 folded before Flop (didn't bet)
Seat 7: Maria'sDad77 (button) folded before Flop (didn't bet)
Seat 8: Juszevo (small blind) folded on the Flop
Seat 9: dias&pacheco (big blind) folded on the Flop



PokerStars Hand #237687330323:  Hold'em No Limit ($0.02/$0.05 USD) - 2022/07/30 13:47:39 PT [2022/07/30 16:47:39 ET]
Table 'Veteraniya II' 9-max Seat #8 is the button
Seat 1: Dorex2007 ($5.98 in chips) 
Seat 2: AGVsmarT ($3.86 in chips) 
Seat 3: fdghfdhg ($2.97 in chips) 
Seat 4: yur4ik777 ($7.91 in chips) 
Seat 7: Maria'sDad77 ($4 in chips) 
Seat 8: Juszevo ($4.86 in chips) 
Seat 9: dias&pacheco ($2.45 in chips) 
dias&pacheco: posts small blind $0.02
Dorex2007: posts big blind $0.05
*** HOLE CARDS ***
Dealt to Dorex2007 [As 3c]
AGVsmarT: calls $0.05
fdghfdhg: folds 
yur4ik777: folds 
Maria'sDad77 has timed out
Maria'sDad77: folds 
Juszevo: calls $0.05
dias&pacheco: calls $0.03
Dorex2007: checks 
*** FLOP *** [3h 8h 3s]
dias&pacheco: checks 
Jeferson.Man joins the table at seat #6 
Dorex2007: bets $0.13
AGVsmarT: calls $0.13
Juszevo: calls $0.13
dias&pacheco: folds 
*** TURN *** [3h 8h 3s] [8d]
Dorex2007: bets $0.57
AGVsmarT: calls $0.57
Juszevo: calls $0.57
*** RIVER *** [3h 8h 3s 8d] [Ac]
Dorex2007: checks 
AGVsmarT: bets $0.40
Juszevo: raises $0.75 to $1.15
Dorex2007: calls $1.15
AGVsmarT: folds 
*** SHOW DOWN ***
Juszevo: shows [6c 8s] (a full house, Eights full of Threes)
Dorex2007: mucks hand 
Juszevo collected $4.79 from pot
*** SUMMARY ***
Total pot $5 | Rake $0.21 
Board [3h 8h 3s 8d Ac]
Seat 1: Dorex2007 (big blind) mucked [As 3c]
Seat 2: AGVsmarT folded on the River
Seat 3: fdghfdhg folded before Flop (didn't bet)
Seat 4: yur4ik777 folded before Flop (didn't bet)
Seat 7: Maria'sDad77 folded before Flop (didn't bet)
Seat 8: Juszevo (button) showed [6c 8s] and won ($4.79) with a full house, Eights full of Threes
Seat 9: dias&pacheco (small blind) folded on the Flop



PokerStars Hand #237687374926:  Hold'em No Limit ($0.02/$0.05 USD) - 2022/07/30 13:49:35 PT [2022/07/30 16:49:35 ET]
Table 'Veteraniya II' 9-max Seat #9 is the button
Seat 1: Dorex2007 ($5 in chips) 
Seat 2: AGVsmarT ($2.71 in chips) 
Seat 3: fdghfdhg ($2.97 in chips) 
Seat 4: yur4ik777 ($7.91 in chips) 
Seat 6: Jeferson.Man ($4 in chips) 
Seat 7: Maria'sDad77 ($4 in chips) 
Seat 8: Juszevo ($7.75 in chips) 
Seat 9: dias&pacheco ($2.40 in chips) 
Dorex2007: posts small blind $0.02
AGVsmarT: posts big blind $0.05
Jeferson.Man: posts big blind $0.05
*** HOLE CARDS ***
Dealt to Dorex2007 [2c 8h]
fdghfdhg: raises $0.20 to $0.25
yur4ik777: folds 
Jeferson.Man: folds 
Maria'sDad77: folds 
Juszevo: folds 
dias&pacheco: folds 
Dorex2007: folds 
AGVsmarT: folds 
Uncalled bet ($0.20) returned to fdghfdhg
fdghfdhg collected $0.17 from pot
fdghfdhg: doesn't show hand 
*** SUMMARY ***
Total pot $0.17 | Rake $0 
Seat 1: Dorex2007 (small blind) folded before Flop
Seat 2: AGVsmarT (big blind) folded before Flop
Seat 3: fdghfdhg collected ($0.17)
Seat 4: yur4ik777 folded before Flop (didn't bet)
Seat 6: Jeferson.Man folded before Flop (didn't bet)
Seat 7: Maria'sDad77 folded before Flop (didn't bet)
Seat 8: Juszevo folded before Flop (didn't bet)
Seat 9: dias&pacheco (button) folded before Flop (didn't bet)



PokerStars Hand #237687383462:  Hold'em No Limit ($0.02/$0.05 USD) - 2022/07/30 13:49:58 PT [2022/07/30 16:49:58 ET]
Table 'Veteraniya II' 9-max Seat #1 is the button
Seat 1: Dorex2007 ($5 in chips) 
Seat 2: AGVsmarT ($4.66 in chips) 
Seat 3: fdghfdhg ($3.09 in chips) 
Seat 4: yur4ik777 ($7.91 in chips) 
Seat 6: Jeferson.Man ($3.95 in chips) 
Seat 7: Maria'sDad77 ($4 in chips) 
Seat 8: Juszevo ($7.75 in chips) 
Seat 9: dias&pacheco ($2.40 in chips) 
AGVsmarT: posts small blind $0.02
fdghfdhg: posts big blind $0.05
*** HOLE CARDS ***
Dealt to Dorex2007 [7h 3d]
yur4ik777: folds 
Jeferson.Man: folds 
Maria'sDad77: folds 
Juszevo: folds 
dias&pacheco: raises $0.05 to $0.10
Dorex2007: folds 
AGVsmarT: folds 
fdghfdhg: calls $0.05
*** FLOP *** [Jc 8d 2c]
fdghfdhg: checks 
dias&pacheco: checks 
*** TURN *** [Jc 8d 2c] [As]
fdghfdhg: checks 
dias&pacheco: bets $0.10
fdghfdhg: raises $0.41 to $0.51
dias&pacheco: calls $0.41
*** RIVER *** [Jc 8d 2c As] [Js]
fdghfdhg: checks 
dias&pacheco: checks 
*** SHOW DOWN ***
fdghfdhg: shows [8c Ac] (two pair, Aces and Jacks)
dias&pacheco: shows [Ah Th] (two pair, Aces and Jacks - Ten kicker)
dias&pacheco collected $1.19 from pot
*** SUMMARY ***
Total pot $1.24 | Rake $0.05 
Board [Jc 8d 2c As Js]
Seat 1: Dorex2007 (button) folded before Flop (didn't bet)
Seat 2: AGVsmarT (small blind) folded before Flop
Seat 3: fdghfdhg (big blind) showed [8c Ac] and lost with two pair, Aces and Jacks
Seat 4: yur4ik777 folded before Flop (didn't bet)
Seat 6: Jeferson.Man folded before Flop (didn't bet)
Seat 7: Maria'sDad77 folded before Flop (didn't bet)
Seat 8: Juszevo folded before Flop (didn't bet)
Seat 9: dias&pacheco showed [Ah Th] and won ($1.19) with two pair, Aces and Jacks



PokerStars Hand #237687401962:  Hold'em No Limit ($0.02/$0.05 USD) - 2022/07/30 13:50:49 PT [2022/07/30 16:50:49 ET]
Table 'Veteraniya II' 9-max Seat #2 is the button
Seat 1: Dorex2007 ($5 in chips) 
Seat 2: AGVsmarT ($4.64 in chips) 
Seat 3: fdghfdhg ($2.48 in chips) 
Seat 4: yur4ik777 ($7.91 in chips) 
Seat 6: Jeferson.Man ($3.95 in chips) 
Seat 7: Maria'sDad77 ($4 in chips) 
Seat 8: Juszevo ($7.75 in chips) 
Seat 9: dias&pacheco ($2.98 in chips) 
fdghfdhg: posts small blind $0.02
yur4ik777: posts big blind $0.05
*** HOLE CARDS ***
Dealt to Dorex2007 [5d 3d]
Jeferson.Man: folds 
Maria'sDad77: raises $0.05 to $0.10
Juszevo: calls $0.10
dias&pacheco: calls $0.10
Dorex2007: folds 
AGVsmarT: folds 
fdghfdhg: calls $0.08
yur4ik777: calls $0.05
*** FLOP *** [8d 6d 7c]
fdghfdhg: checks 
yur4ik777: checks 
Maria'sDad77: bets $0.29
Juszevo: folds 
dias&pacheco: calls $0.29
fdghfdhg: calls $0.29
yur4ik777: folds 
*** TURN *** [8d 6d 7c] [4d]
fdghfdhg: checks 
Maria'sDad77: checks 
dias&pacheco: bets $0.65
fdghfdhg: folds 
Maria'sDad77: folds 
Uncalled bet ($0.65) returned to dias&pacheco
dias&pacheco collected $1.31 from pot
dias&pacheco: doesn't show hand 
*** SUMMARY ***
Total pot $1.37 | Rake $0.06 
Board [8d 6d 7c 4d]
Seat 1: Dorex2007 folded before Flop (didn't bet)
Seat 2: AGVsmarT (button) folded before Flop (didn't bet)
Seat 3: fdghfdhg (small blind) folded on the Turn
Seat 4: yur4ik777 (big blind) folded on the Flop
Seat 6: Jeferson.Man folded before Flop (didn't bet)
Seat 7: Maria'sDad77 folded on the Turn
Seat 8: Juszevo folded on the Flop
Seat 9: dias&pacheco collected ($1.31)



PokerStars Hand #237687434735:  Hold'em No Limit ($0.02/$0.05 USD) - 2022/07/30 13:52:19 PT [2022/07/30 16:52:19 ET]
Table 'Veteraniya II' 9-max Seat #3 is the button
Seat 1: Dorex2007 ($5 in chips) 
Seat 2: AGVsmarT ($4.64 in chips) 
Seat 3: fdghfdhg ($2.09 in chips) 
Seat 4: yur4ik777 ($7.81 in chips) 
Seat 6: Jeferson.Man ($3.95 in chips) 
Seat 7: Maria'sDad77 ($4 in chips) 
Seat 8: Juszevo ($7.65 in chips) 
Seat 9: dias&pacheco ($3.90 in chips) 
yur4ik777: posts small blind $0.02
Jeferson.Man: posts big blind $0.05
*** HOLE CARDS ***
Dealt to Dorex2007 [9h Ad]
Maria'sDad77: folds 
Juszevo: folds 
dias&pacheco: folds 
Dorex2007: folds 
AGVsmarT: folds 
fdghfdhg: raises $0.10 to $0.15
yur4ik777: folds 
Jeferson.Man: calls $0.10
*** FLOP *** [Jh Kh 3c]
Jeferson.Man: checks 
fdghfdhg: checks 
*** TURN *** [Jh Kh 3c] [As]
Jeferson.Man: checks 
fdghfdhg: bets $0.31
Jeferson.Man: calls $0.31
*** RIVER *** [Jh Kh 3c As] [2c]
Jeferson.Man: checks 
fdghfdhg: bets $0.90
Jeferson.Man: raises $2.59 to $3.49 and is all-in
fdghfdhg: calls $0.73 and is all-in
Uncalled bet ($1.86) returned to Jeferson.Man
*** SHOW DOWN ***
Jeferson.Man: shows [2d Jd] (two pair, Jacks and Deuces)
fdghfdhg: shows [Qc Ah] (a pair of Aces)
Jeferson.Man collected $4.03 from pot
*** SUMMARY ***
Total pot $4.20 | Rake $0.17 
Board [Jh Kh 3c As 2c]
Seat 1: Dorex2007 folded before Flop (didn't bet)
Seat 2: AGVsmarT folded before Flop (didn't bet)
Seat 3: fdghfdhg (button) showed [Qc Ah] and lost with a pair of Aces
Seat 4: yur4ik777 (small blind) folded before Flop
Seat 6: Jeferson.Man (big blind) showed [2d Jd] and won ($4.03) with two pair, Jacks and Deuces
Seat 7: Maria'sDad77 folded before Flop (didn't bet)
Seat 8: Juszevo folded before Flop (didn't bet)
Seat 9: dias&pacheco folded before Flop (didn't bet)



PokerStars Hand #237687450553:  Hold'em No Limit ($0.02/$0.05 USD) - 2022/07/30 13:53:02 PT [2022/07/30 16:53:02 ET]
Table 'Veteraniya II' 9-max Seat #4 is the button
Seat 1: Dorex2007 ($5 in chips) 
Seat 2: AGVsmarT ($4.64 in chips) 
Seat 4: yur4ik777 ($7.79 in chips) 
Seat 6: Jeferson.Man ($5.89 in chips) 
Seat 7: Maria'sDad77 ($4 in chips) 
Seat 8: Juszevo ($7.65 in chips) 
Seat 9: dias&pacheco ($3.90 in chips) 
Jeferson.Man: posts small blind $0.02
Maria'sDad77: posts big blind $0.05
*** HOLE CARDS ***
Dealt to Dorex2007 [4d 9h]
Juszevo: calls $0.05
dias&pacheco: folds 
Dorex2007: folds 
fdghfdhg leaves the table
AGVsmarT: folds 
yur4ik777: folds 
Jeferson.Man: folds 
Maria'sDad77: checks 
*** FLOP *** [9c Qc 2h]
Maria'sDad77: checks 
Juszevo: checks 
*** TURN *** [9c Qc 2h] [Jc]
Maria'sDad77: checks 
Juszevo: bets $0.12
Maria'sDad77: folds 
Uncalled bet ($0.12) returned to Juszevo
Juszevo collected $0.12 from pot
Juszevo: doesn't show hand 
*** SUMMARY ***
Total pot $0.12 | Rake $0 
Board [9c Qc 2h Jc]
Seat 1: Dorex2007 folded before Flop (didn't bet)
Seat 2: AGVsmarT folded before Flop (didn't bet)
Seat 4: yur4ik777 (button) folded before Flop (didn't bet)
Seat 6: Jeferson.Man (small blind) folded before Flop
Seat 7: Maria'sDad77 (big blind) folded on the Turn
Seat 8: Juszevo collected ($0.12)
Seat 9: dias&pacheco folded before Flop (didn't bet)



PokerStars Hand #237687477141:  Hold'em No Limit ($0.02/$0.05 USD) - 2022/07/30 13:54:15 PT [2022/07/30 16:54:15 ET]
Table 'Veteraniya II' 9-max Seat #6 is the button
Seat 1: Dorex2007 ($5 in chips) 
Seat 2: AGVsmarT ($4.64 in chips) 
Seat 4: yur4ik777 ($7.79 in chips) 
Seat 6: Jeferson.Man ($5.87 in chips) 
Seat 7: Maria'sDad77 ($4 in chips) 
Seat 8: Juszevo ($7.72 in chips) 
Seat 9: dias&pacheco ($3.90 in chips) 
Maria'sDad77: posts small blind $0.02
Juszevo: posts big blind $0.05
*** HOLE CARDS ***
Dealt to Dorex2007 [8s 7s]
dias&pacheco: folds 
Dorex2007: folds 
AGVsmarT: calls $0.05
yur4ik777: folds 
Jeferson.Man: calls $0.05
Maria'sDad77: folds 
Juszevo: checks 
*** FLOP *** [3d 7c Qd]
Juszevo: checks 
AGVsmarT: checks 
Jeferson.Man: checks 
*** TURN *** [3d 7c Qd] [9c]
Juszevo: checks 
AGVsmarT: bets $0.10
Jeferson.Man: calls $0.10
Juszevo: folds 
*** RIVER *** [3d 7c Qd 9c] [3s]
AGVsmarT: checks 
Jeferson.Man: bets $0.35
AGVsmarT: folds 
Uncalled bet ($0.35) returned to Jeferson.Man
Jeferson.Man collected $0.35 from pot
Jeferson.Man: doesn't show hand 
*** SUMMARY ***
Total pot $0.37 | Rake $0.02 
Board [3d 7c Qd 9c 3s]
Seat 1: Dorex2007 folded before Flop (didn't bet)
Seat 2: AGVsmarT folded on the River
Seat 4: yur4ik777 folded before Flop (didn't bet)
Seat 6: Jeferson.Man (button) collected ($0.35)
Seat 7: Maria'sDad77 (small blind) folded before Flop
Seat 8: Juszevo (big blind) folded on the Turn
Seat 9: dias&pacheco folded before Flop (didn't bet)



PokerStars Hand #237687496972:  Hold'em No Limit ($0.02/$0.05 USD) - 2022/07/30 13:55:10 PT [2022/07/30 16:55:10 ET]
Table 'Veteraniya II' 9-max Seat #7 is the button
Seat 1: Dorex2007 ($5 in chips) 
Seat 2: AGVsmarT ($4.49 in chips) 
Seat 4: yur4ik777 ($7.79 in chips) 
Seat 6: Jeferson.Man ($6.07 in chips) 
Seat 7: Maria'sDad77 ($4 in chips) 
Seat 8: Juszevo ($7.67 in chips) 
Seat 9: dias&pacheco ($3.90 in chips) 
Juszevo: posts small blind $0.02
dias&pacheco: posts big blind $0.05
*** HOLE CARDS ***
Dealt to Dorex2007 [5s 9s]
Dorex2007: folds 
AGVsmarT: folds 
yur4ik777: folds 
Jeferson.Man: folds 
Maria'sDad77: folds 
Juszevo: raises $0.05 to $0.10
dias&pacheco: calls $0.05
*** FLOP *** [Tc 6s 4d]
Juszevo: bets $0.15
dias&pacheco: folds 
Uncalled bet ($0.15) returned to Juszevo
Juszevo collected $0.19 from pot
Juszevo: doesn't show hand 
*** SUMMARY ***
Total pot $0.20 | Rake $0.01 
Board [Tc 6s 4d]
Seat 1: Dorex2007 folded before Flop (didn't bet)
Seat 2: AGVsmarT folded before Flop (didn't bet)
Seat 4: yur4ik777 folded before Flop (didn't bet)
Seat 6: Jeferson.Man folded before Flop (didn't bet)
Seat 7: Maria'sDad77 (button) folded before Flop (didn't bet)
Seat 8: Juszevo (small blind) collected ($0.19)
Seat 9: dias&pacheco (big blind) folded on the Flop



PokerStars Hand #237687503421:  Hold'em No Limit ($0.02/$0.05 USD) - 2022/07/30 13:55:34 PT [2022/07/30 16:55:34 ET]
Table 'Veteraniya II' 9-max Seat #8 is the button
Seat 1: Dorex2007 ($5 in chips) 
Seat 2: AGVsmarT ($4.49 in chips) 
Seat 4: yur4ik777 ($7.79 in chips) 
Seat 6: Jeferson.Man ($6.07 in chips) 
Seat 7: Maria'sDad77 ($4 in chips) 
Seat 8: Juszevo ($7.76 in chips) 
Seat 9: dias&pacheco ($3.80 in chips) 
dias&pacheco: posts small blind $0.02
CabeçaJones joins the table at seat #3 
Dorex2007: posts big blind $0.05
*** HOLE CARDS ***
Dealt to Dorex2007 [9h 8s]
AGVsmarT: folds 
yur4ik777: folds 
Jeferson.Man: calls $0.05
Maria'sDad77: raises $0.05 to $0.10
Juszevo: folds 
dias&pacheco: folds 
Dorex2007: folds 
Jeferson.Man: calls $0.05
*** FLOP *** [6s 2d 8h]
Jeferson.Man: checks 
Maria'sDad77: bets $0.23
Jeferson.Man: calls $0.23
*** TURN *** [6s 2d 8h] [8c]
Jeferson.Man: checks 
Maria'sDad77: bets $0.50
Jeferson.Man: folds 
Uncalled bet ($0.50) returned to Maria'sDad77
Maria'sDad77 collected $0.70 from pot
Maria'sDad77: doesn't show hand 
*** SUMMARY ***
Total pot $0.73 | Rake $0.03 
Board [6s 2d 8h 8c]
Seat 1: Dorex2007 (big blind) folded before Flop
Seat 2: AGVsmarT folded before Flop (didn't bet)
Seat 4: yur4ik777 folded before Flop (didn't bet)
Seat 6: Jeferson.Man folded on the Turn
Seat 7: Maria'sDad77 collected ($0.70)
Seat 8: Juszevo (button) folded before Flop (didn't bet)
Seat 9: dias&pacheco (small blind) folded before Flop



PokerStars Hand #237687515306:  Hold'em No Limit ($0.02/$0.05 USD) - 2022/07/30 13:56:21 PT [2022/07/30 16:56:21 ET]
Table 'Veteraniya II' 9-max Seat #9 is the button
Seat 1: Dorex2007 ($5 in chips) 
Seat 2: AGVsmarT ($4.49 in chips) 
Seat 4: yur4ik777 ($7.79 in chips) 
Seat 6: Jeferson.Man ($5.74 in chips) 
Seat 7: Maria'sDad77 ($4.37 in chips) 
Seat 8: Juszevo ($7.76 in chips) 
Seat 9: dias&pacheco ($3.78 in chips) 
Dorex2007: posts small blind $0.02
AGVsmarT: posts big blind $0.05
CabeçaJones: sits out 
*** HOLE CARDS ***
Dealt to Dorex2007 [5d Th]
yur4ik777: folds 
Jeferson.Man: calls $0.05
Maria'sDad77: folds 
Juszevo: folds 
dias&pacheco: calls $0.05
Dorex2007: folds 
AGVsmarT: checks 
*** FLOP *** [6s 3h 3d]
AGVsmarT: checks 
Jeferson.Man: checks 
dias&pacheco: checks 
*** TURN *** [6s 3h 3d] [Td]
AGVsmarT: checks 
Jeferson.Man: checks 
dias&pacheco: bets $0.10
AGVsmarT: folds 
Jeferson.Man: calls $0.10
*** RIVER *** [6s 3h 3d Td] [2c]
Jeferson.Man: checks 
dias&pacheco: bets $0.10
Jeferson.Man: raises $0.28 to $0.38
dias&pacheco: folds 
Uncalled bet ($0.28) returned to Jeferson.Man
Jeferson.Man collected $0.55 from pot
Jeferson.Man: doesn't show hand 
*** SUMMARY ***
Total pot $0.57 | Rake $0.02 
Board [6s 3h 3d Td 2c]
Seat 1: Dorex2007 (small blind) folded before Flop
Seat 2: AGVsmarT (big blind) folded on the Turn
Seat 4: yur4ik777 folded before Flop (didn't bet)
Seat 6: Jeferson.Man collected ($0.55)
Seat 7: Maria'sDad77 folded before Flop (didn't bet)
Seat 8: Juszevo folded before Flop (didn't bet)
Seat 9: dias&pacheco (button) folded on the River



PokerStars Hand #237687527647:  Hold'em No Limit ($0.02/$0.05 USD) - 2022/07/30 13:57:09 PT [2022/07/30 16:57:09 ET]
Table 'Veteraniya II' 9-max Seat #1 is the button
Seat 1: Dorex2007 ($5 in chips) 
Seat 2: AGVsmarT ($4.44 in chips) 
Seat 3: CabeçaJones ($5 in chips) 
Seat 4: yur4ik777 ($7.79 in chips) 
Seat 6: Jeferson.Man ($6.04 in chips) 
Seat 7: Maria'sDad77 ($4.37 in chips) 
Seat 8: Juszevo ($7.76 in chips) 
Seat 9: dias&pacheco ($3.53 in chips) 
AGVsmarT: posts small blind $0.02
CabeçaJones: posts big blind $0.05
*** HOLE CARDS ***
Dealt to Dorex2007 [5s Js]
yur4ik777: folds 
Jeferson.Man: calls $0.05
Maria'sDad77: folds 
Juszevo: calls $0.05
dias&pacheco: folds 
Dorex2007: folds 
AGVsmarT: calls $0.03
CabeçaJones: checks 
*** FLOP *** [Qc 5d Jd]
AGVsmarT: checks 
CabeçaJones: bets $0.10
Jeferson.Man: calls $0.10
Juszevo: calls $0.10
AGVsmarT: calls $0.10
*** TURN *** [Qc 5d Jd] [3d]
AGVsmarT: checks 
CabeçaJones: bets $0.35
Jeferson.Man: folds 
Juszevo: folds 
AGVsmarT: folds 
Uncalled bet ($0.35) returned to CabeçaJones
CabeçaJones collected $0.58 from pot
*** SUMMARY ***
Total pot $0.60 | Rake $0.02 
Board [Qc 5d Jd 3d]
Seat 1: Dorex2007 (button) folded before Flop (didn't bet)
Seat 2: AGVsmarT (small blind) folded on the Turn
Seat 3: CabeçaJones (big blind) collected ($0.58)
Seat 4: yur4ik777 folded before Flop (didn't bet)
Seat 6: Jeferson.Man folded on the Turn
Seat 7: Maria'sDad77 folded before Flop (didn't bet)
Seat 8: Juszevo folded on the Turn
Seat 9: dias&pacheco folded before Flop (didn't bet)



PokerStars Hand #237687546193:  Hold'em No Limit ($0.02/$0.05 USD) - 2022/07/30 13:58:21 PT [2022/07/30 16:58:21 ET]
Table 'Veteraniya II' 9-max Seat #2 is the button
Seat 1: Dorex2007 ($5 in chips) 
Seat 2: AGVsmarT ($4.29 in chips) 
Seat 3: CabeçaJones ($5.43 in chips) 
Seat 4: yur4ik777 ($7.79 in chips) 
Seat 6: Jeferson.Man ($5.89 in chips) 
Seat 7: Maria'sDad77 ($4.37 in chips) 
Seat 8: Juszevo ($7.61 in chips) 
Seat 9: dias&pacheco ($3.53 in chips) 
CabeçaJones: posts small blind $0.02
yur4ik777: posts big blind $0.05
*** HOLE CARDS ***
Dealt to Dorex2007 [Th 4c]
Jeferson.Man: folds 
Maria'sDad77: folds 
Juszevo: folds 
dias&pacheco: folds 
Dorex2007: folds 
AGVsmarT: calls $0.05
CabeçaJones: calls $0.03
yur4ik777: checks 
*** FLOP *** [8d 5d 8h]
CabeçaJones: checks 
yur4ik777: checks 
AGVsmarT: bets $0.10
CabeçaJones: folds 
yur4ik777: folds 
Uncalled bet ($0.10) returned to AGVsmarT
AGVsmarT collected $0.14 from pot
*** SUMMARY ***
Total pot $0.15 | Rake $0.01 
Board [8d 5d 8h]
Seat 1: Dorex2007 folded before Flop (didn't bet)
Seat 2: AGVsmarT (button) collected ($0.14)
Seat 3: CabeçaJones (small blind) folded on the Flop
Seat 4: yur4ik777 (big blind) folded on the Flop
Seat 6: Jeferson.Man folded before Flop (didn't bet)
Seat 7: Maria'sDad77 folded before Flop (didn't bet)
Seat 8: Juszevo folded before Flop (didn't bet)
Seat 9: dias&pacheco folded before Flop (didn't bet)



PokerStars Hand #237687559241:  Hold'em No Limit ($0.02/$0.05 USD) - 2022/07/30 13:59:12 PT [2022/07/30 16:59:12 ET]
Table 'Veteraniya II' 9-max Seat #3 is the button
Seat 1: Dorex2007 ($5 in chips) 
Seat 2: AGVsmarT ($4.38 in chips) 
Seat 3: CabeçaJones ($5.38 in chips) 
Seat 4: yur4ik777 ($7.74 in chips) 
Seat 6: Jeferson.Man ($5.89 in chips) 
Seat 7: Maria'sDad77 ($4.37 in chips) 
Seat 8: Juszevo ($7.61 in chips) 
Seat 9: dias&pacheco ($3.53 in chips) 
yur4ik777: posts small blind $0.02
Jeferson.Man: posts big blind $0.05
*** HOLE CARDS ***
Dealt to Dorex2007 [5c 9d]
Maria'sDad77: folds 
Juszevo: folds 
dias&pacheco: folds 
Dorex2007: folds 
AGVsmarT: folds 
CabeçaJones: raises $0.10 to $0.15
yur4ik777: folds 
Jeferson.Man: folds 
Uncalled bet ($0.10) returned to CabeçaJones
CabeçaJones collected $0.12 from pot
acad2011 leaves the table
*** SUMMARY ***
Total pot $0.12 | Rake $0 
Seat 1: Dorex2007 folded before Flop (didn't bet)
Seat 2: AGVsmarT folded before Flop (didn't bet)
Seat 3: CabeçaJones (button) collected ($0.12)
Seat 4: yur4ik777 (small blind) folded before Flop
Seat 6: Jeferson.Man (big blind) folded before Flop
Seat 7: Maria'sDad77 folded before Flop (didn't bet)
Seat 8: Juszevo folded before Flop (didn't bet)
Seat 9: dias&pacheco folded before Flop (didn't bet)



PokerStars Hand #237687565768:  Hold'em No Limit ($0.02/$0.05 USD) - 2022/07/30 13:59:37 PT [2022/07/30 16:59:37 ET]
Table 'Veteraniya II' 9-max Seat #4 is the button
Seat 1: Dorex2007 ($5 in chips) 
Seat 2: AGVsmarT ($4.38 in chips) 
Seat 3: CabeçaJones ($5.45 in chips) 
Seat 4: yur4ik777 ($7.72 in chips) 
Seat 6: Jeferson.Man ($5.84 in chips) 
Seat 7: Maria'sDad77 ($4.37 in chips) 
Seat 8: Juszevo ($7.61 in chips) 
Seat 9: dias&pacheco ($3.53 in chips) 
Jeferson.Man: posts small blind $0.02
Maria'sDad77: posts big blind $0.05
*** HOLE CARDS ***
Dealt to Dorex2007 [7s Th]
Juszevo: calls $0.05
Jayrulz86 joins the table at seat #5 
dias&pacheco: folds 
Dorex2007: folds 
AGVsmarT: calls $0.05
CabeçaJones: calls $0.05
yur4ik777: folds 
Jeferson.Man: folds 
Maria'sDad77: checks 
*** FLOP *** [9c 7d 8d]
Maria'sDad77: checks 
Juszevo: checks 
AGVsmarT: checks 
CabeçaJones: bets $0.10
Maria'sDad77: folds 
Juszevo: calls $0.10
AGVsmarT: folds 
*** TURN *** [9c 7d 8d] [6h]
Juszevo: checks 
CabeçaJones: bets $0.25
Juszevo: folds 
Uncalled bet ($0.25) returned to CabeçaJones
CabeçaJones collected $0.40 from pot
*** SUMMARY ***
Total pot $0.42 | Rake $0.02 
Board [9c 7d 8d 6h]
Seat 1: Dorex2007 folded before Flop (didn't bet)
Seat 2: AGVsmarT folded on the Flop
Seat 3: CabeçaJones collected ($0.40)
Seat 4: yur4ik777 (button) folded before Flop (didn't bet)
Seat 6: Jeferson.Man (small blind) folded before Flop
Seat 7: Maria'sDad77 (big blind) folded on the Flop
Seat 8: Juszevo folded on the Turn
Seat 9: dias&pacheco folded before Flop (didn't bet)



PokerStars Hand #237687583483:  Hold'em No Limit ($0.02/$0.05 USD) - 2022/07/30 14:00:43 PT [2022/07/30 17:00:43 ET]
Table 'Veteraniya II' 9-max Seat #6 is the button
Seat 1: Dorex2007 ($5 in chips) 
Seat 2: AGVsmarT ($4.33 in chips) 
Seat 3: CabeçaJones ($5.70 in chips) 
Seat 4: yur4ik777 ($7.72 in chips) 
Seat 5: Jayrulz86 ($4 in chips) 
Seat 6: Jeferson.Man ($5.82 in chips) 
Seat 7: Maria'sDad77 ($4.32 in chips) 
Seat 8: Juszevo ($7.46 in chips) 
Seat 9: dias&pacheco ($3.53 in chips) 
Maria'sDad77: posts small blind $0.02
Juszevo: posts big blind $0.05
Jayrulz86: posts big blind $0.05
*** HOLE CARDS ***
Dealt to Dorex2007 [7c 8c]
dias&pacheco: folds 
Dorex2007: folds 
AGVsmarT: folds 
CabeçaJones: folds 
yur4ik777: folds 
Jayrulz86: checks 
Jeferson.Man: raises $0.17 to $0.22
Maria'sDad77: folds 
Juszevo: folds 
Jayrulz86: folds 
Uncalled bet ($0.17) returned to Jeferson.Man
Jeferson.Man collected $0.17 from pot
Jeferson.Man: doesn't show hand 
*** SUMMARY ***
Total pot $0.17 | Rake $0 
Seat 1: Dorex2007 folded before Flop (didn't bet)
Seat 2: AGVsmarT folded before Flop (didn't bet)
Seat 3: CabeçaJones folded before Flop (didn't bet)
Seat 4: yur4ik777 folded before Flop (didn't bet)
Seat 5: Jayrulz86 folded before Flop (didn't bet)
Seat 6: Jeferson.Man (button) collected ($0.17)
Seat 7: Maria'sDad77 (small blind) folded before Flop
Seat 8: Juszevo (big blind) folded before Flop
Seat 9: dias&pacheco folded before Flop (didn't bet)



PokerStars Hand #237687595067:  Hold'em No Limit ($0.02/$0.05 USD) - 2022/07/30 14:01:23 PT [2022/07/30 17:01:23 ET]
Table 'Veteraniya II' 9-max Seat #7 is the button
Seat 1: Dorex2007 ($5 in chips) 
Seat 2: AGVsmarT ($4.33 in chips) 
Seat 3: CabeçaJones ($5.70 in chips) 
Seat 4: yur4ik777 ($7.72 in chips) 
Seat 5: Jayrulz86 ($3.95 in chips) 
Seat 6: Jeferson.Man ($5.94 in chips) 
Seat 7: Maria'sDad77 ($4.30 in chips) 
Seat 8: Juszevo ($7.41 in chips) 
Seat 9: dias&pacheco ($3.53 in chips) 
Juszevo: posts small blind $0.02
dias&pacheco: posts big blind $0.05
*** HOLE CARDS ***
Dealt to Dorex2007 [6c Qc]
Dorex2007 has timed out
Dorex2007: folds 
AGVsmarT: folds 
CabeçaJones: folds 
yur4ik777: raises $0.07 to $0.12
Jayrulz86: folds 
Jeferson.Man: folds 
Maria'sDad77: raises $0.17 to $0.29
Juszevo: folds 
dias&pacheco: folds 
yur4ik777: folds 
Uncalled bet ($0.17) returned to Maria'sDad77
Maria'sDad77 collected $0.31 from pot
Maria'sDad77: doesn't show hand 
*** SUMMARY ***
Total pot $0.31 | Rake $0 
Seat 1: Dorex2007 folded before Flop (didn't bet)
Seat 2: AGVsmarT folded before Flop (didn't bet)
Seat 3: CabeçaJones folded before Flop (didn't bet)
Seat 4: yur4ik777 folded before Flop
Seat 5: Jayrulz86 folded before Flop (didn't bet)
Seat 6: Jeferson.Man folded before Flop (didn't bet)
Seat 7: Maria'sDad77 (button) collected ($0.31)
Seat 8: Juszevo (small blind) folded before Flop
Seat 9: dias&pacheco (big blind) folded before Flop



PokerStars Hand #237687612479:  Hold'em No Limit ($0.02/$0.05 USD) - 2022/07/30 14:02:14 PT [2022/07/30 17:02:14 ET]
Table 'Veteraniya II' 9-max Seat #8 is the button
Seat 1: Dorex2007 ($5 in chips) 
Seat 2: AGVsmarT ($4.33 in chips) 
Seat 3: CabeçaJones ($5.70 in chips) 
Seat 4: yur4ik777 ($7.60 in chips) 
Seat 5: Jayrulz86 ($3.95 in chips) 
Seat 6: Jeferson.Man ($5.94 in chips) 
Seat 7: Maria'sDad77 ($4.49 in chips) 
Seat 8: Juszevo ($7.39 in chips) 
Seat 9: dias&pacheco ($3.48 in chips) 
dias&pacheco: posts small blind $0.02
Dorex2007: posts big blind $0.05
*** HOLE CARDS ***
Dealt to Dorex2007 [Qh 4d]
AGVsmarT: folds 
CabeçaJones: folds 
yur4ik777: folds 
Jayrulz86: raises $0.10 to $0.15
Jeferson.Man: folds 
Maria'sDad77: folds 
Juszevo: folds 
dias&pacheco: folds 
Dorex2007: folds 
Uncalled bet ($0.10) returned to Jayrulz86
Jayrulz86 collected $0.12 from pot
Jayrulz86: doesn't show hand 
*** SUMMARY ***
Total pot $0.12 | Rake $0 
Seat 1: Dorex2007 (big blind) folded before Flop
Seat 2: AGVsmarT folded before Flop (didn't bet)
Seat 3: CabeçaJones folded before Flop (didn't bet)
Seat 4: yur4ik777 folded before Flop (didn't bet)
Seat 5: Jayrulz86 collected ($0.12)
Seat 6: Jeferson.Man folded before Flop (didn't bet)
Seat 7: Maria'sDad77 folded before Flop (didn't bet)
Seat 8: Juszevo (button) folded before Flop (didn't bet)
Seat 9: dias&pacheco (small blind) folded before Flop



PokerStars Hand #237687624457:  Hold'em No Limit ($0.02/$0.05 USD) - 2022/07/30 14:02:48 PT [2022/07/30 17:02:48 ET]
Table 'Veteraniya II' 9-max Seat #9 is the button
Seat 1: Dorex2007 ($5 in chips) 
Seat 2: AGVsmarT ($4.33 in chips) 
Seat 3: CabeçaJones ($5.70 in chips) 
Seat 4: yur4ik777 ($7.60 in chips) 
Seat 5: Jayrulz86 ($4.02 in chips) 
Seat 6: Jeferson.Man ($5.94 in chips) 
Seat 7: Maria'sDad77 ($4.49 in chips) 
Seat 8: Juszevo ($7.39 in chips) 
Seat 9: dias&pacheco ($3.46 in chips) 
Dorex2007: posts small blind $0.02
AGVsmarT: posts big blind $0.05
*** HOLE CARDS ***
Dealt to Dorex2007 [8h 4s]
CabeçaJones: folds 
yur4ik777: folds 
Jayrulz86: raises $0.10 to $0.15
Jeferson.Man: folds 
Maria'sDad77: folds 
Juszevo: calls $0.15
dias&pacheco: folds 
Dorex2007: folds 
AGVsmarT: folds 
*** FLOP *** [2h 7c 9s]
Jayrulz86: checks 
Juszevo: bets $0.26
Jayrulz86: folds 
Uncalled bet ($0.26) returned to Juszevo
Juszevo collected $0.35 from pot
Juszevo: doesn't show hand 
*** SUMMARY ***
Total pot $0.37 | Rake $0.02 
Board [2h 7c 9s]
Seat 1: Dorex2007 (small blind) folded before Flop
Seat 2: AGVsmarT (big blind) folded before Flop
Seat 3: CabeçaJones folded before Flop (didn't bet)
Seat 4: yur4ik777 folded before Flop (didn't bet)
Seat 5: Jayrulz86 folded on the Flop
Seat 6: Jeferson.Man folded before Flop (didn't bet)
Seat 7: Maria'sDad77 folded before Flop (didn't bet)
Seat 8: Juszevo collected ($0.35)
Seat 9: dias&pacheco (button) folded before Flop (didn't bet)



PokerStars Hand #237687647527:  Hold'em No Limit ($0.02/$0.05 USD) - 2022/07/30 14:03:51 PT [2022/07/30 17:03:51 ET]
Table 'Veteraniya II' 9-max Seat #1 is the button
Seat 1: Dorex2007 ($5 in chips) 
Seat 2: AGVsmarT ($4.28 in chips) 
Seat 3: CabeçaJones ($5.70 in chips) 
Seat 4: yur4ik777 ($7.60 in chips) 
Seat 5: Jayrulz86 ($3.87 in chips) 
Seat 6: Jeferson.Man ($5.94 in chips) 
Seat 7: Maria'sDad77 ($4.49 in chips) 
Seat 8: Juszevo ($7.59 in chips) 
Seat 9: dias&pacheco ($3.46 in chips) 
AGVsmarT: posts small blind $0.02
CabeçaJones: posts big blind $0.05
*** HOLE CARDS ***
Dealt to Dorex2007 [7c 3d]
yur4ik777: raises $0.07 to $0.12
Jayrulz86: folds 
Jeferson.Man: calls $0.12
Maria'sDad77: folds 
Juszevo: calls $0.12
dias&pacheco: folds 
Dorex2007: folds 
AGVsmarT: folds 
CabeçaJones: calls $0.07
*** FLOP *** [Ks 7h 2h]
CabeçaJones: checks 
yur4ik777: checks 
Jeferson.Man: bets $0.24
Juszevo: folds 
CabeçaJones: folds 
yur4ik777: calls $0.24
*** TURN *** [Ks 7h 2h] [9d]
yur4ik777: checks 
Jeferson.Man: bets $0.47
yur4ik777: calls $0.47
*** RIVER *** [Ks 7h 2h 9d] [3h]
yur4ik777: checks 
Jeferson.Man: checks 
*** SHOW DOWN ***
yur4ik777: shows [Kc Kh] (three of a kind, Kings)
Jeferson.Man: mucks hand 
yur4ik777 collected $1.84 from pot
*** SUMMARY ***
Total pot $1.92 | Rake $0.08 
Board [Ks 7h 2h 9d 3h]
Seat 1: Dorex2007 (button) folded before Flop (didn't bet)
Seat 2: AGVsmarT (small blind) folded before Flop
Seat 3: CabeçaJones (big blind) folded on the Flop
Seat 4: yur4ik777 showed [Kc Kh] and won ($1.84) with three of a kind, Kings
Seat 5: Jayrulz86 folded before Flop (didn't bet)
Seat 6: Jeferson.Man mucked [Td Jh]
Seat 7: Maria'sDad77 folded before Flop (didn't bet)
Seat 8: Juszevo folded on the Flop
Seat 9: dias&pacheco folded before Flop (didn't bet)



PokerStars Hand #237687673073:  Hold'em No Limit ($0.02/$0.05 USD) - 2022/07/30 14:05:00 PT [2022/07/30 17:05:00 ET]
Table 'Veteraniya II' 9-max Seat #2 is the button
Seat 1: Dorex2007 ($5 in chips) 
Seat 2: AGVsmarT ($4.26 in chips) 
Seat 3: CabeçaJones ($5.58 in chips) 
Seat 4: yur4ik777 ($8.61 in chips) 
Seat 5: Jayrulz86 ($3.87 in chips) 
Seat 6: Jeferson.Man ($5.11 in chips) 
Seat 7: Maria'sDad77 ($4.49 in chips) 
Seat 8: Juszevo ($7.47 in chips) 
Seat 9: dias&pacheco ($3.46 in chips) 
CabeçaJones: posts small blind $0.02
yur4ik777: posts big blind $0.05
*** HOLE CARDS ***
Dealt to Dorex2007 [3s Kd]
Jayrulz86: raises $0.10 to $0.15
Jeferson.Man: folds 
Maria'sDad77: folds 
Juszevo: folds 
dias&pacheco: calls $0.15
Dorex2007: folds 
AGVsmarT: folds 
CabeçaJones: calls $0.13
yur4ik777: folds 
*** FLOP *** [Qc 8d 6s]
CabeçaJones: checks 
Jayrulz86: checks 
dias&pacheco: bets $0.15
CabeçaJones: calls $0.15
Jayrulz86: folds 
*** TURN *** [Qc 8d 6s] [9h]
CabeçaJones: checks 
dias&pacheco: bets $0.10
CabeçaJones: calls $0.10
*** RIVER *** [Qc 8d 6s 9h] [7h]
CabeçaJones: checks 
dias&pacheco: bets $0.20
CabeçaJones: folds 
Uncalled bet ($0.20) returned to dias&pacheco
dias&pacheco collected $0.96 from pot
dias&pacheco: doesn't show hand 
*** SUMMARY ***
Total pot $1 | Rake $0.04 
Board [Qc 8d 6s 9h 7h]
Seat 1: Dorex2007 folded before Flop (didn't bet)
Seat 2: AGVsmarT (button) folded before Flop (didn't bet)
Seat 3: CabeçaJones (small blind) folded on the River
Seat 4: yur4ik777 (big blind) folded before Flop
Seat 5: Jayrulz86 folded on the Flop
Seat 6: Jeferson.Man folded before Flop (didn't bet)
Seat 7: Maria'sDad77 folded before Flop (didn't bet)
Seat 8: Juszevo folded before Flop (didn't bet)
Seat 9: dias&pacheco collected ($0.96)



PokerStars Hand #237687700758:  Hold'em No Limit ($0.02/$0.05 USD) - 2022/07/30 14:06:15 PT [2022/07/30 17:06:15 ET]
Table 'Veteraniya II' 9-max Seat #3 is the button
Seat 1: Dorex2007 ($5 in chips) 
Seat 2: AGVsmarT ($4.26 in chips) 
Seat 3: CabeçaJones ($5.18 in chips) 
Seat 4: yur4ik777 ($8.56 in chips) 
Seat 5: Jayrulz86 ($3.72 in chips) 
Seat 6: Jeferson.Man ($5.11 in chips) 
Seat 7: Maria'sDad77 ($4.49 in chips) 
Seat 8: Juszevo ($7.47 in chips) 
Seat 9: dias&pacheco ($4.02 in chips) 
yur4ik777: posts small blind $0.02
Jayrulz86: posts big blind $0.05
*** HOLE CARDS ***
Dealt to Dorex2007 [Js Kc]
Jeferson.Man: raises $0.10 to $0.15
Maria'sDad77: folds 
Juszevo: folds 
dias&pacheco: folds 
Dorex2007: folds 
AGVsmarT: folds 
CabeçaJones: folds 
yur4ik777: calls $0.13
Jayrulz86: calls $0.10
*** FLOP *** [9c 7c Jd]
yur4ik777: bets $0.33
Jayrulz86: calls $0.33
Jeferson.Man: folds 
*** TURN *** [9c 7c Jd] [7h]
yur4ik777: bets $0.65
Jayrulz86: raises $2.59 to $3.24 and is all-in
yur4ik777: folds 
Uncalled bet ($2.59) returned to Jayrulz86
Jayrulz86 collected $2.29 from pot
Jayrulz86: doesn't show hand 
*** SUMMARY ***
Total pot $2.41 | Rake $0.12 
Board [9c 7c Jd 7h]
Seat 1: Dorex2007 folded before Flop (didn't bet)
Seat 2: AGVsmarT folded before Flop (didn't bet)
Seat 3: CabeçaJones (button) folded before Flop (didn't bet)
Seat 4: yur4ik777 (small blind) folded on the Turn
Seat 5: Jayrulz86 (big blind) collected ($2.29)
Seat 6: Jeferson.Man folded on the Flop
Seat 7: Maria'sDad77 folded before Flop (didn't bet)
Seat 8: Juszevo folded before Flop (didn't bet)
Seat 9: dias&pacheco folded before Flop (didn't bet)



PokerStars Hand #237687724405:  Hold'em No Limit ($0.02/$0.05 USD) - 2022/07/30 14:07:19 PT [2022/07/30 17:07:19 ET]
Table 'Veteraniya II' 9-max Seat #4 is the button
Seat 1: Dorex2007 ($5 in chips) 
Seat 2: AGVsmarT ($4.26 in chips) 
Seat 3: CabeçaJones ($5.18 in chips) 
Seat 4: yur4ik777 ($7.43 in chips) 
Seat 5: Jayrulz86 ($4.88 in chips) 
Seat 6: Jeferson.Man ($4.96 in chips) 
Seat 7: Maria'sDad77 ($4.49 in chips) 
Seat 8: Juszevo ($7.47 in chips) 
Seat 9: dias&pacheco ($4.02 in chips) 
Jayrulz86: posts small blind $0.02
Jeferson.Man: posts big blind $0.05
*** HOLE CARDS ***
Dealt to Dorex2007 [8s Tc]
Maria'sDad77 has timed out
Maria'sDad77: folds 
Juszevo: folds 
dias&pacheco: calls $0.05
Dorex2007: folds 
AGVsmarT: folds 
CabeçaJones: calls $0.05
yur4ik777: folds 
Jayrulz86: folds 
Jeferson.Man: checks 
*** FLOP *** [4h Ac Qs]
Jeferson.Man: checks 
dias&pacheco: bets $0.05
CabeçaJones: folds 
Jeferson.Man: folds 
Uncalled bet ($0.05) returned to dias&pacheco
dias&pacheco collected $0.16 from pot
dias&pacheco: doesn't show hand 
*** SUMMARY ***
Total pot $0.17 | Rake $0.01 
Board [4h Ac Qs]
Seat 1: Dorex2007 folded before Flop (didn't bet)
Seat 2: AGVsmarT folded before Flop (didn't bet)
Seat 3: CabeçaJones folded on the Flop
Seat 4: yur4ik777 (button) folded before Flop (didn't bet)
Seat 5: Jayrulz86 (small blind) folded before Flop
Seat 6: Jeferson.Man (big blind) folded on the Flop
Seat 7: Maria'sDad77 folded before Flop (didn't bet)
Seat 8: Juszevo folded before Flop (didn't bet)
Seat 9: dias&pacheco collected ($0.16)



PokerStars Hand #237687741978:  Hold'em No Limit ($0.02/$0.05 USD) - 2022/07/30 14:08:07 PT [2022/07/30 17:08:07 ET]
Table 'Veteraniya II' 9-max Seat #5 is the button
Seat 1: Dorex2007 ($5 in chips) 
Seat 2: AGVsmarT ($4.26 in chips) 
Seat 3: CabeçaJones ($5.13 in chips) 
Seat 4: yur4ik777 ($7.43 in chips) 
Seat 5: Jayrulz86 ($4.86 in chips) 
Seat 6: Jeferson.Man ($4.91 in chips) 
Seat 7: Maria'sDad77 ($4.49 in chips) 
Seat 8: Juszevo ($7.47 in chips) 
Seat 9: dias&pacheco ($4.13 in chips) 
Jeferson.Man: posts small blind $0.02
Maria'sDad77: posts big blind $0.05
*** HOLE CARDS ***
Dealt to Dorex2007 [9h As]
Juszevo: calls $0.05
dias&pacheco: calls $0.05
Dorex2007: folds 
AGVsmarT: calls $0.05
CabeçaJones: folds 
yur4ik777: folds 
Jayrulz86: folds 
Jeferson.Man: calls $0.03
Maria'sDad77: checks 
*** FLOP *** [2s 7s Ts]
Jeferson.Man: checks 
Maria'sDad77: bets $0.10
Juszevo: folds 
dias&pacheco: folds 
AGVsmarT: calls $0.10
Jeferson.Man: folds 
*** TURN *** [2s 7s Ts] [3s]
Maria'sDad77: bets $0.21
AGVsmarT: folds 
Uncalled bet ($0.21) returned to Maria'sDad77
Maria'sDad77 collected $0.43 from pot
Maria'sDad77: doesn't show hand 
*** SUMMARY ***
Total pot $0.45 | Rake $0.02 
Board [2s 7s Ts 3s]
Seat 1: Dorex2007 folded before Flop (didn't bet)
Seat 2: AGVsmarT folded on the Turn
Seat 3: CabeçaJones folded before Flop (didn't bet)
Seat 4: yur4ik777 folded before Flop (didn't bet)
Seat 5: Jayrulz86 (button) folded before Flop (didn't bet)
Seat 6: Jeferson.Man (small blind) folded on the Flop
Seat 7: Maria'sDad77 (big blind) collected ($0.43)
Seat 8: Juszevo folded on the Flop
Seat 9: dias&pacheco folded on the Flop



PokerStars Hand #237687774150:  Hold'em No Limit ($0.02/$0.05 USD) - 2022/07/30 14:09:11 PT [2022/07/30 17:09:11 ET]
Table 'Veteraniya II' 9-max Seat #6 is the button
Seat 1: Dorex2007 ($5 in chips) 
Seat 2: AGVsmarT ($4.11 in chips) 
Seat 3: CabeçaJones ($5.13 in chips) 
Seat 4: yur4ik777 ($7.43 in chips) 
Seat 5: Jayrulz86 ($4.86 in chips) 
Seat 6: Jeferson.Man ($4.86 in chips) 
Seat 7: Maria'sDad77 ($4.77 in chips) 
Seat 9: dias&pacheco ($4.08 in chips) 
Maria'sDad77: posts small blind $0.02
Juszevo: is sitting out 
dias&pacheco: posts big blind $0.05
*** HOLE CARDS ***
Dealt to Dorex2007 [4c Kh]
Dorex2007: folds 
AGVsmarT: folds 
CabeçaJones: raises $0.10 to $0.15
yur4ik777: folds 
Jayrulz86: folds 
Jeferson.Man: calls $0.15
Maria'sDad77: folds 
Juszevo leaves the table
dias&pacheco: folds 
*** FLOP *** [8h Qs Jd]
CabeçaJones: bets $0.20
Jeferson.Man: calls $0.20
*** TURN *** [8h Qs Jd] [Td]
Fulminator69 joins the table at seat #8 
CabeçaJones: checks 
Jeferson.Man: bets $0.37
CabeçaJones: calls $0.37
*** RIVER *** [8h Qs Jd Td] [2d]
CabeçaJones: checks 
Jeferson.Man: bets $1.45
CabeçaJones: calls $1.45
*** SHOW DOWN ***
Jeferson.Man: shows [As 6d] (high card Ace)
CabeçaJones: shows [Jh Js] (three of a kind, Jacks)
CabeçaJones collected $4.23 from pot
*** SUMMARY ***
Total pot $4.41 | Rake $0.18 
Board [8h Qs Jd Td 2d]
Seat 1: Dorex2007 folded before Flop (didn't bet)
Seat 2: AGVsmarT folded before Flop (didn't bet)
Seat 3: CabeçaJones showed [Jh Js] and won ($4.23) with three of a kind, Jacks
Seat 4: yur4ik777 folded before Flop (didn't bet)
Seat 5: Jayrulz86 folded before Flop (didn't bet)
Seat 6: Jeferson.Man (button) showed [As 6d] and lost with high card Ace
Seat 7: Maria'sDad77 (small blind) folded before Flop
Seat 9: dias&pacheco (big blind) folded before Flop



PokerStars Hand #237687800607:  Hold'em No Limit ($0.02/$0.05 USD) - 2022/07/30 14:10:23 PT [2022/07/30 17:10:23 ET]
Table 'Veteraniya II' 9-max Seat #7 is the button
Seat 1: Dorex2007 ($5 in chips) 
Seat 2: AGVsmarT ($4.11 in chips) 
Seat 3: CabeçaJones ($7.19 in chips) 
Seat 4: yur4ik777 ($7.43 in chips) 
Seat 5: Jayrulz86 ($4.86 in chips) 
Seat 6: Jeferson.Man ($2.69 in chips) 
Seat 7: Maria'sDad77 ($4.75 in chips) 
Seat 9: dias&pacheco ($4.03 in chips) 
dias&pacheco: posts small blind $0.02
Dorex2007: posts big blind $0.05
*** HOLE CARDS ***
Dealt to Dorex2007 [Kc 9c]
AGVsmarT: folds 
CabeçaJones: raises $0.05 to $0.10
yur4ik777: calls $0.10
Jayrulz86: folds 
Jeferson.Man: calls $0.10
Maria'sDad77: folds 
dias&pacheco: folds 
Dorex2007: calls $0.05
*** FLOP *** [6d 2h 7d]
Dorex2007: checks 
CabeçaJones: checks 
yur4ik777: checks 
Jeferson.Man: checks 
*** TURN *** [6d 2h 7d] [5h]
Dorex2007: checks 
CabeçaJones: checks 
yur4ik777: checks 
Jeferson.Man: bets $0.40
Dorex2007: folds 
CabeçaJones: calls $0.40
yur4ik777: folds 
*** RIVER *** [6d 2h 7d 5h] [Ts]
CabeçaJones: checks 
Jeferson.Man: checks 
*** SHOW DOWN ***
CabeçaJones: shows [Th Ah] (a pair of Tens)
Jeferson.Man: mucks hand 
CabeçaJones collected $1.17 from pot
*** SUMMARY ***
Total pot $1.22 | Rake $0.05 
Board [6d 2h 7d 5h Ts]
Seat 1: Dorex2007 (big blind) folded on the Turn
Seat 2: AGVsmarT folded before Flop (didn't bet)
Seat 3: CabeçaJones showed [Th Ah] and won ($1.17) with a pair of Tens
Seat 4: yur4ik777 folded on the Turn
Seat 5: Jayrulz86 folded before Flop (didn't bet)
Seat 6: Jeferson.Man mucked [3d Ad]
Seat 7: Maria'sDad77 (button) folded before Flop (didn't bet)
Seat 9: dias&pacheco (small blind) folded before Flop



PokerStars Hand #237690645641:  Hold'em No Limit ($0.02/$0.05 USD) - 2022/07/30 16:41:58 PT [2022/07/30 19:41:58 ET]
Table 'Veteraniya II' 9-max Seat #2 is the button
Seat 1: Dorex2007 ($5 in chips) 
Seat 2: hamera_von1 ($2.25 in chips) 
Seat 4: Al_pkr_plyr ($5 in chips) 
Seat 5: aktiverPuncher ($4.78 in chips) 
Seat 6: Métro ($1.57 in chips) 
Seat 7: Maria'sDad77 ($18.02 in chips) 
Seat 9: 58146666 ($5.59 in chips) 
Al_pkr_plyr: posts small blind $0.02
aktiverPuncher: posts big blind $0.05
Dorex2007: posts big blind $0.05
*** HOLE CARDS ***
Dealt to Dorex2007 [6h 3c]
Métro: folds 
harly82515 joins the table at seat #3 
Maria'sDad77 has timed out
Maria'sDad77: folds 
58146666: folds 
Dorex2007: checks 
hamera_von1: calls $0.05
Al_pkr_plyr: calls $0.03
aktiverPuncher: checks 
*** FLOP *** [Ac 7h 9s]
Al_pkr_plyr: checks 
aktiverPuncher: bets $0.05
Dorex2007: folds 
hamera_von1: calls $0.05
Al_pkr_plyr: calls $0.05
*** TURN *** [Ac 7h 9s] [5h]
harly82515 leaves the table
Al_pkr_plyr: checks 
aktiverPuncher: bets $0.05
hamera_von1: raises $0.22 to $0.27
Al_pkr_plyr: calls $0.27
aktiverPuncher: calls $0.22
*** RIVER *** [Ac 7h 9s 5h] [Jc]
Al_pkr_plyr: bets $0.55
aktiverPuncher: calls $0.55
hamera_von1: calls $0.55
*** SHOW DOWN ***
Al_pkr_plyr: shows [8h Th] (a straight, Seven to Jack)
aktiverPuncher: mucks hand 
hamera_von1: mucks hand 
Al_pkr_plyr collected $2.69 from pot
*** SUMMARY ***
Total pot $2.81 | Rake $0.12 
Board [Ac 7h 9s 5h Jc]
Seat 1: Dorex2007 folded on the Flop (didn't bet)
Seat 2: hamera_von1 (button) mucked [3h Ah]
Seat 4: Al_pkr_plyr (small blind) showed [8h Th] and won ($2.69) with a straight, Seven to Jack
Seat 5: aktiverPuncher (big blind) mucked [As Kc]
Seat 6: Métro folded before Flop (didn't bet)
Seat 7: Maria'sDad77 folded before Flop (didn't bet)
Seat 9: 58146666 folded before Flop (didn't bet)



PokerStars Hand #237690662810:  Hold'em No Limit ($0.02/$0.05 USD) - 2022/07/30 16:43:08 PT [2022/07/30 19:43:08 ET]
Table 'Veteraniya II' 9-max Seat #4 is the button
Seat 1: Dorex2007 ($5 in chips) 
Seat 2: hamera_von1 ($1.33 in chips) 
Seat 4: Al_pkr_plyr ($6.77 in chips) 
Seat 5: aktiverPuncher ($3.86 in chips) 
Seat 6: Métro ($1.57 in chips) 
Seat 7: Maria'sDad77 ($18.02 in chips) 
Seat 9: 58146666 ($5.59 in chips) 
aktiverPuncher: posts small blind $0.02
Métro: posts big blind $0.05
*** HOLE CARDS ***
Dealt to Dorex2007 [4s Qs]
Maria'sDad77: raises $0.05 to $0.10
58146666: calls $0.10
Dorex2007: folds 
hamera_von1: folds 
Al_pkr_plyr: folds 
aktiverPuncher: calls $0.08
Métro: folds 
*** FLOP *** [9c Ks Jd]
aktiverPuncher: checks 
Maria'sDad77: bets $0.27
58146666: folds 
aktiverPuncher: calls $0.27
*** TURN *** [9c Ks Jd] [3c]
aktiverPuncher: checks 
Maria'sDad77: bets $0.52
aktiverPuncher: calls $0.52
*** RIVER *** [9c Ks Jd 3c] [7c]
aktiverPuncher: bets $2.97 and is all-in
Maria'sDad77: calls $2.97
*** SHOW DOWN ***
aktiverPuncher: shows [Qd Ah] (high card Ace)
Maria'sDad77: shows [Ac Kd] (a pair of Kings)
Maria'sDad77 collected $7.54 from pot
*** SUMMARY ***
Total pot $7.87 | Rake $0.33 
Board [9c Ks Jd 3c 7c]
Seat 1: Dorex2007 folded before Flop (didn't bet)
Seat 2: hamera_von1 folded before Flop (didn't bet)
Seat 4: Al_pkr_plyr (button) folded before Flop (didn't bet)
Seat 5: aktiverPuncher (small blind) showed [Qd Ah] and lost with high card Ace
Seat 6: Métro (big blind) folded before Flop
Seat 7: Maria'sDad77 showed [Ac Kd] and won ($7.54) with a pair of Kings
Seat 9: 58146666 folded on the Flop



PokerStars Hand #237690681870:  Hold'em No Limit ($0.02/$0.05 USD) - 2022/07/30 16:44:25 PT [2022/07/30 19:44:25 ET]
Table 'Veteraniya II' 9-max Seat #6 is the button
Seat 1: Dorex2007 ($5 in chips) 
Seat 2: hamera_von1 ($1.33 in chips) 
Seat 4: Al_pkr_plyr ($6.77 in chips) 
Seat 6: Métro ($1.52 in chips) 
Seat 7: Maria'sDad77 ($21.70 in chips) 
Seat 9: 58146666 ($5.49 in chips) 
Maria'sDad77: posts small blind $0.02
58146666: posts big blind $0.05
*** HOLE CARDS ***
Dealt to Dorex2007 [Ah Qc]
Dorex2007: raises $0.05 to $0.10
EaBoblucifer joins the table at seat #3 
hamera_von1: raises $0.05 to $0.15
Al_pkr_plyr: folds 
Métro: folds 
Maria'sDad77: folds 
58146666: calls $0.10
Dorex2007: calls $0.05
*** FLOP *** [9h Ac 7c]
58146666: checks 
Dorex2007: bets $0.45
hamera_von1: folds 
58146666: folds 
Uncalled bet ($0.45) returned to Dorex2007
Dorex2007 collected $0.45 from pot
Dorex2007: doesn't show hand 
*** SUMMARY ***
Total pot $0.47 | Rake $0.02 
Board [9h Ac 7c]
Seat 1: Dorex2007 collected ($0.45)
Seat 2: hamera_von1 folded on the Flop
Seat 4: Al_pkr_plyr folded before Flop (didn't bet)
Seat 6: Métro (button) folded before Flop (didn't bet)
Seat 7: Maria'sDad77 (small blind) folded before Flop
Seat 9: 58146666 (big blind) folded on the Flop



PokerStars Hand #237690693903:  Hold'em No Limit ($0.02/$0.05 USD) - 2022/07/30 16:45:13 PT [2022/07/30 19:45:13 ET]
Table 'Veteraniya II' 9-max Seat #7 is the button
Seat 1: Dorex2007 ($5.30 in chips) 
Seat 2: hamera_von1 ($1.18 in chips) 
Seat 3: EaBoblucifer ($5 in chips) 
Seat 4: Al_pkr_plyr ($6.77 in chips) 
Seat 6: Métro ($1.52 in chips) 
Seat 7: Maria'sDad77 ($21.68 in chips) 
Seat 9: 58146666 ($5.34 in chips) 
58146666: posts small blind $0.02
Dorex2007: posts big blind $0.05
EaBoblucifer: posts big blind $0.05
*** HOLE CARDS ***
Dealt to Dorex2007 [5h 3s]
hamera_von1: folds 
EaBoblucifer: checks 
hamera_von1 leaves the table
aktiverPuncher is disconnected 
buburik joins the table at seat #2 
Al_pkr_plyr: folds 
Métro: folds 
Maria'sDad77: raises $0.05 to $0.10
58146666: folds 
Dorex2007: folds 
EaBoblucifer: calls $0.05
*** FLOP *** [9h Kd Ad]
EaBoblucifer: bets $0.05
Maria'sDad77: folds 
Uncalled bet ($0.05) returned to EaBoblucifer
EaBoblucifer collected $0.26 from pot
EaBoblucifer: doesn't show hand 
*** SUMMARY ***
Total pot $0.27 | Rake $0.01 
Board [9h Kd Ad]
Seat 1: Dorex2007 (big blind) folded before Flop
Seat 2: hamera_von1 folded before Flop (didn't bet)
Seat 3: EaBoblucifer collected ($0.26)
Seat 4: Al_pkr_plyr folded before Flop (didn't bet)
Seat 6: Métro folded before Flop (didn't bet)
Seat 7: Maria'sDad77 (button) folded on the Flop
Seat 9: 58146666 (small blind) folded before Flop



PokerStars Hand #237690714679:  Hold'em No Limit ($0.02/$0.05 USD) - 2022/07/30 16:46:15 PT [2022/07/30 19:46:15 ET]
Table 'Veteraniya II' 9-max Seat #9 is the button
Seat 1: Dorex2007 ($5.25 in chips) 
Seat 2: buburik ($5 in chips) 
Seat 3: EaBoblucifer ($5.16 in chips) 
Seat 4: Al_pkr_plyr ($6.77 in chips) 
Seat 6: Métro ($1.52 in chips) 
Seat 7: Maria'sDad77 ($21.58 in chips) 
Seat 9: 58146666 ($5.32 in chips) 
Dorex2007: posts small blind $0.02
buburik: posts big blind $0.05
acad2011: sits out 
*** HOLE CARDS ***
Dealt to Dorex2007 [9h 2c]
EaBoblucifer has timed out
EaBoblucifer: folds 
Al_pkr_plyr: folds 
Métro: raises $0.10 to $0.15
Maria'sDad77: folds 
58146666: calls $0.15
Dorex2007: folds 
buburik: folds 
*** FLOP *** [4s 7s Ks]
Métro: bets $0.20
58146666: calls $0.20
*** TURN *** [4s 7s Ks] [Ad]
Métro: bets $0.25
58146666: calls $0.25
*** RIVER *** [4s 7s Ks Ad] [Kc]
Métro: bets $0.45
58146666: raises $0.45 to $0.90
Métro: raises $0.02 to $0.92 and is all-in
58146666: calls $0.02
*** SHOW DOWN ***
Métro: shows [Ac Ah] (a full house, Aces full of Kings)
58146666: shows [Kh Td] (three of a kind, Kings)
Métro collected $2.95 from pot
*** SUMMARY ***
Total pot $3.11 | Rake $0.16 
Board [4s 7s Ks Ad Kc]
Seat 1: Dorex2007 (small blind) folded before Flop
Seat 2: buburik (big blind) folded before Flop
Seat 3: EaBoblucifer folded before Flop (didn't bet)
Seat 4: Al_pkr_plyr folded before Flop (didn't bet)
Seat 6: Métro showed [Ac Ah] and won ($2.95) with a full house, Aces full of Kings
Seat 7: Maria'sDad77 folded before Flop (didn't bet)
Seat 9: 58146666 (button) showed [Kh Td] and lost with three of a kind, Kings



PokerStars Hand #237690729728:  Hold'em No Limit ($0.02/$0.05 USD) - 2022/07/30 16:47:17 PT [2022/07/30 19:47:17 ET]
Table 'Veteraniya II' 9-max Seat #1 is the button
Seat 1: Dorex2007 ($5.23 in chips) 
Seat 2: buburik ($4.95 in chips) 
Seat 3: EaBoblucifer ($5.16 in chips) 
Seat 4: Al_pkr_plyr ($6.77 in chips) 
Seat 6: Métro ($2.95 in chips) 
Seat 7: Maria'sDad77 ($21.58 in chips) 
Seat 9: 58146666 ($3.80 in chips) 
buburik: posts small blind $0.02
EaBoblucifer: posts big blind $0.05
acad2011: sits out 
*** HOLE CARDS ***
Dealt to Dorex2007 [7h 9d]
Al_pkr_plyr: folds 
Métro: folds 
Maria'sDad77: raises $0.05 to $0.10
58146666: folds 
Dorex2007: folds 
buburik: folds 
EaBoblucifer: calls $0.05
*** FLOP *** [6c Qh Tc]
EaBoblucifer: checks 
Maria'sDad77: bets $0.16
acad2011 leaves the table
EaBoblucifer: folds 
Uncalled bet ($0.16) returned to Maria'sDad77
Maria'sDad77 collected $0.21 from pot
*** SUMMARY ***
Total pot $0.22 | Rake $0.01 
Board [6c Qh Tc]
Seat 1: Dorex2007 (button) folded before Flop (didn't bet)
Seat 2: buburik (small blind) folded before Flop
Seat 3: EaBoblucifer (big blind) folded on the Flop
Seat 4: Al_pkr_plyr folded before Flop (didn't bet)
Seat 6: Métro folded before Flop (didn't bet)
Seat 7: Maria'sDad77 collected ($0.21)
Seat 9: 58146666 folded before Flop (didn't bet)



PokerStars Hand #237690742128:  Hold'em No Limit ($0.02/$0.05 USD) - 2022/07/30 16:48:07 PT [2022/07/30 19:48:07 ET]
Table 'Veteraniya II' 9-max Seat #2 is the button
Seat 1: Dorex2007 ($5.23 in chips) 
Seat 2: buburik ($4.93 in chips) 
Seat 3: EaBoblucifer ($5.06 in chips) 
Seat 4: Al_pkr_plyr ($6.77 in chips) 
Seat 6: Métro ($2.95 in chips) 
Seat 7: Maria'sDad77 ($21.69 in chips) 
Seat 9: 58146666 ($5 in chips) 
EaBoblucifer: posts small blind $0.02
Al_pkr_plyr: posts big blind $0.05
*** HOLE CARDS ***
Dealt to Dorex2007 [6c 3s]
Métro: raises $0.05 to $0.10
ASpiror joins the table at seat #8 
Maria'sDad77: folds 
58146666: calls $0.10
Dorex2007: folds 
buburik: folds 
EaBoblucifer has timed out
EaBoblucifer: folds 
Al_pkr_plyr: folds 
*** FLOP *** [Jh As Qh]
Métro: bets $0.10
58146666: folds 
Uncalled bet ($0.10) returned to Métro
Métro collected $0.26 from pot
Métro: doesn't show hand 
*** SUMMARY ***
Total pot $0.27 | Rake $0.01 
Board [Jh As Qh]
Seat 1: Dorex2007 folded before Flop (didn't bet)
Seat 2: buburik (button) folded before Flop (didn't bet)
Seat 3: EaBoblucifer (small blind) folded before Flop
Seat 4: Al_pkr_plyr (big blind) folded before Flop
Seat 6: Métro collected ($0.26)
Seat 7: Maria'sDad77 folded before Flop (didn't bet)
Seat 9: 58146666 folded on the Flop



PokerStars Hand #237693542669:  Hold'em No Limit ($0.02/$0.05 USD) - 2022/07/30 20:39:36 PT [2022/07/30 23:39:36 ET]
Table 'Veteraniya II' 9-max Seat #8 is the button
Seat 1: Deathscyt ($4.87 in chips) 
Seat 2: Luigiams ($6.16 in chips) 
Seat 3: tripleplay72 ($5.51 in chips) 
Seat 4: Saydi4067 ($3.95 in chips) 
Seat 5: shin3p ($4.83 in chips) 
Seat 6: AGVsmarT ($4.17 in chips) 
Seat 7: Dorex2007 ($5 in chips) 
Seat 8: montreal555 ($6.30 in chips) 
Seat 9: Almanza63 ($12.41 in chips) 
Almanza63: posts small blind $0.02
Deathscyt: posts big blind $0.05
Dorex2007: posts big blind $0.05
*** HOLE CARDS ***
Dealt to Dorex2007 [3d 2d]
Luigiams: raises $0.05 to $0.10
tripleplay72: folds 
Saydi4067: folds 
shin3p: folds 
AGVsmarT: folds 
Dorex2007: folds 
montreal555: folds 
Almanza63: folds 
Deathscyt: calls $0.05
*** FLOP *** [7s Ts Ad]
Deathscyt: checks 
Luigiams: bets $0.10
Deathscyt: calls $0.10
*** TURN *** [7s Ts Ad] [5s]
Deathscyt: checks 
Luigiams: bets $0.20
Deathscyt: calls $0.20
*** RIVER *** [7s Ts Ad 5s] [6d]
Deathscyt: checks 
Luigiams: bets $0.40
Deathscyt: calls $0.40
*** SHOW DOWN ***
Luigiams: shows [6h 6s] (three of a kind, Sixes)
Deathscyt: mucks hand 
Luigiams collected $1.60 from pot
*** SUMMARY ***
Total pot $1.67 | Rake $0.07 
Board [7s Ts Ad 5s 6d]
Seat 1: Deathscyt (big blind) mucked [Tc 8h]
Seat 2: Luigiams showed [6h 6s] and won ($1.60) with three of a kind, Sixes
Seat 3: tripleplay72 folded before Flop (didn't bet)
Seat 4: Saydi4067 folded before Flop (didn't bet)
Seat 5: shin3p folded before Flop (didn't bet)
Seat 6: AGVsmarT folded before Flop (didn't bet)
Seat 7: Dorex2007 folded before Flop (didn't bet)
Seat 8: montreal555 (button) folded before Flop (didn't bet)
Seat 9: Almanza63 (small blind) folded before Flop



PokerStars Hand #237693550107:  Hold'em No Limit ($0.02/$0.05 USD) - 2022/07/30 20:40:29 PT [2022/07/30 23:40:29 ET]
Table 'Veteraniya II' 9-max Seat #9 is the button
Seat 1: Deathscyt ($4.07 in chips) 
Seat 2: Luigiams ($6.96 in chips) 
Seat 3: tripleplay72 ($5.51 in chips) 
Seat 4: Saydi4067 ($3.95 in chips) 
Seat 5: shin3p ($4.83 in chips) 
Seat 6: AGVsmarT ($4.17 in chips) 
Seat 7: Dorex2007 ($5 in chips) 
Seat 8: montreal555 ($6.30 in chips) 
Seat 9: Almanza63 ($12.39 in chips) 
Deathscyt: posts small blind $0.02
Luigiams: posts big blind $0.05
*** HOLE CARDS ***
Dealt to Dorex2007 [Th 7d]
tripleplay72: folds 
Saydi4067: folds 
shin3p: raises $0.10 to $0.15
AGVsmarT: folds 
Dorex2007: folds 
montreal555: folds 
Almanza63: folds 
Deathscyt: calls $0.13
Luigiams: folds 
*** FLOP *** [9s Kc 8d]
Deathscyt: checks 
shin3p: bets $0.15
Deathscyt: folds 
Uncalled bet ($0.15) returned to shin3p
shin3p collected $0.34 from pot
shin3p: doesn't show hand 
*** SUMMARY ***
Total pot $0.35 | Rake $0.01 
Board [9s Kc 8d]
Seat 1: Deathscyt (small blind) folded on the Flop
Seat 2: Luigiams (big blind) folded before Flop
Seat 3: tripleplay72 folded before Flop (didn't bet)
Seat 4: Saydi4067 folded before Flop (didn't bet)
Seat 5: shin3p collected ($0.34)
Seat 6: AGVsmarT folded before Flop (didn't bet)
Seat 7: Dorex2007 folded before Flop (didn't bet)
Seat 8: montreal555 folded before Flop (didn't bet)
Seat 9: Almanza63 (button) folded before Flop (didn't bet)



PokerStars Hand #237693557181:  Hold'em No Limit ($0.02/$0.05 USD) - 2022/07/30 20:41:18 PT [2022/07/30 23:41:18 ET]
Table 'Veteraniya II' 9-max Seat #1 is the button
Seat 1: Deathscyt ($3.92 in chips) 
Seat 2: Luigiams ($6.91 in chips) 
Seat 3: tripleplay72 ($5.51 in chips) 
Seat 4: Saydi4067 ($3.95 in chips) 
Seat 5: shin3p ($5.02 in chips) 
Seat 6: AGVsmarT ($4.17 in chips) 
Seat 7: Dorex2007 ($5 in chips) 
Seat 8: montreal555 ($6.30 in chips) 
Seat 9: Almanza63 ($12.39 in chips) 
Luigiams: posts small blind $0.02
tripleplay72: posts big blind $0.05
*** HOLE CARDS ***
Dealt to Dorex2007 [Jd 4h]
Saydi4067: folds 
shin3p: raises $0.07 to $0.12
AGVsmarT: folds 
Dorex2007: folds 
montreal555: folds 
Almanza63: folds 
Deathscyt: calls $0.12
Luigiams: calls $0.10
tripleplay72: calls $0.07
*** FLOP *** [5d 5s 3h]
Luigiams: checks 
tripleplay72: checks 
shin3p: checks 
Deathscyt: checks 
*** TURN *** [5d 5s 3h] [Kd]
Luigiams: bets $0.15
tripleplay72: folds 
shin3p: calls $0.15
Deathscyt: folds 
*** RIVER *** [5d 5s 3h Kd] [Td]
Luigiams: checks 
shin3p: checks 
*** SHOW DOWN ***
Luigiams: shows [Ks 9s] (two pair, Kings and Fives)
shin3p: shows [Kc 4c] (two pair, Kings and Fives)
Luigiams collected $0.38 from pot
shin3p collected $0.37 from pot
*** SUMMARY ***
Total pot $0.78 | Rake $0.03 
Board [5d 5s 3h Kd Td]
Seat 1: Deathscyt (button) folded on the Turn
Seat 2: Luigiams (small blind) showed [Ks 9s] and won ($0.38) with two pair, Kings and Fives
Seat 3: tripleplay72 (big blind) folded on the Turn
Seat 4: Saydi4067 folded before Flop (didn't bet)
Seat 5: shin3p showed [Kc 4c] and won ($0.37) with two pair, Kings and Fives
Seat 6: AGVsmarT folded before Flop (didn't bet)
Seat 7: Dorex2007 folded before Flop (didn't bet)
Seat 8: montreal555 folded before Flop (didn't bet)
Seat 9: Almanza63 folded before Flop (didn't bet)



PokerStars Hand #237693564649:  Hold'em No Limit ($0.02/$0.05 USD) - 2022/07/30 20:42:11 PT [2022/07/30 23:42:11 ET]
Table 'Veteraniya II' 9-max Seat #2 is the button
Seat 1: Deathscyt ($3.80 in chips) 
Seat 2: Luigiams ($7.02 in chips) 
Seat 3: tripleplay72 ($5.39 in chips) 
Seat 4: Saydi4067 ($3.95 in chips) 
Seat 5: shin3p ($5.12 in chips) 
Seat 6: AGVsmarT ($4.17 in chips) 
Seat 7: Dorex2007 ($5 in chips) 
Seat 8: montreal555 ($6.30 in chips) 
Seat 9: Almanza63 ($12.39 in chips) 
tripleplay72: posts small blind $0.02
Saydi4067: posts big blind $0.05
*** HOLE CARDS ***
Dealt to Dorex2007 [4c 4h]
shin3p: folds 
AGVsmarT: calls $0.05
Dorex2007: calls $0.05
montreal555: folds 
Almanza63: folds 
Deathscyt: calls $0.05
Luigiams: calls $0.05
tripleplay72: calls $0.03
Saydi4067: checks 
*** FLOP *** [7c As 8s]
tripleplay72: checks 
Saydi4067: checks 
AGVsmarT: bets $0.05
Dorex2007: folds 
Deathscyt: calls $0.05
Luigiams: folds 
tripleplay72: folds 
Saydi4067: calls $0.05
*** TURN *** [7c As 8s] [7s]
Saydi4067: checks 
AGVsmarT: checks 
Deathscyt: checks 
*** RIVER *** [7c As 8s 7s] [Kc]
Saydi4067: checks 
AGVsmarT: checks 
Deathscyt: checks 
*** SHOW DOWN ***
Saydi4067: shows [7h 9d] (three of a kind, Sevens)
AGVsmarT: mucks hand 
Deathscyt: mucks hand 
Saydi4067 collected $0.43 from pot
*** SUMMARY ***
Total pot $0.45 | Rake $0.02 
Board [7c As 8s 7s Kc]
Seat 1: Deathscyt mucked [5h 4s]
Seat 2: Luigiams (button) folded on the Flop
Seat 3: tripleplay72 (small blind) folded on the Flop
Seat 4: Saydi4067 (big blind) showed [7h 9d] and won ($0.43) with three of a kind, Sevens
Seat 5: shin3p folded before Flop (didn't bet)
Seat 6: AGVsmarT mucked [Th 8d]
Seat 7: Dorex2007 folded on the Flop
Seat 8: montreal555 folded before Flop (didn't bet)
Seat 9: Almanza63 folded before Flop (didn't bet)



PokerStars Hand #237693576827:  Hold'em No Limit ($0.02/$0.05 USD) - 2022/07/30 20:43:13 PT [2022/07/30 23:43:13 ET]
Table 'Veteraniya II' 9-max Seat #3 is the button
Seat 1: Deathscyt ($3.70 in chips) 
Seat 2: Luigiams ($6.97 in chips) 
Seat 3: tripleplay72 ($5.34 in chips) 
Seat 4: Saydi4067 ($4.28 in chips) 
Seat 5: shin3p ($5.12 in chips) 
Seat 6: AGVsmarT ($4.07 in chips) 
Seat 7: Dorex2007 ($5 in chips) 
Seat 8: montreal555 ($6.30 in chips) 
Seat 9: Almanza63 ($12.39 in chips) 
Saydi4067: posts small blind $0.02
shin3p: posts big blind $0.05
*** HOLE CARDS ***
Dealt to Dorex2007 [6s 5h]
AGVsmarT: raises $0.12 to $0.17
Dorex2007: folds 
montreal555: folds 
Almanza63: folds 
Deathscyt: calls $0.17
Luigiams: folds 
tripleplay72: folds 
Saydi4067: folds 
shin3p: calls $0.12
*** FLOP *** [4c 5c 7s]
shin3p: checks 
AGVsmarT: bets $0.25
Deathscyt: calls $0.25
shin3p: calls $0.25
*** TURN *** [4c 5c 7s] [Ac]
shin3p: checks 
AGVsmarT: bets $0.20
Deathscyt: calls $0.20
shin3p: calls $0.20
*** RIVER *** [4c 5c 7s Ac] [7d]
shin3p: checks 
AGVsmarT: bets $0.20
Deathscyt: calls $0.20
shin3p: raises $2.30 to $2.50
AGVsmarT: folds 
Deathscyt: raises $0.58 to $3.08 and is all-in
shin3p: calls $0.58
*** SHOW DOWN ***
Deathscyt: shows [Ad 6h] (two pair, Aces and Sevens)
shin3p: shows [9c Kc] (a flush, Ace high)
shin3p collected $7.90 from pot
*** SUMMARY ***
Total pot $8.24 | Rake $0.34 
Board [4c 5c 7s Ac 7d]
Seat 1: Deathscyt showed [Ad 6h] and lost with two pair, Aces and Sevens
Seat 2: Luigiams folded before Flop (didn't bet)
Seat 3: tripleplay72 (button) folded before Flop (didn't bet)
Seat 4: Saydi4067 (small blind) folded before Flop
Seat 5: shin3p (big blind) showed [9c Kc] and won ($7.90) with a flush, Ace high
Seat 6: AGVsmarT folded on the River
Seat 7: Dorex2007 folded before Flop (didn't bet)
Seat 8: montreal555 folded before Flop (didn't bet)
Seat 9: Almanza63 folded before Flop (didn't bet)



PokerStars Hand #237693586083:  Hold'em No Limit ($0.02/$0.05 USD) - 2022/07/30 20:44:19 PT [2022/07/30 23:44:19 ET]
Table 'Veteraniya II' 9-max Seat #4 is the button
Seat 2: Luigiams ($6.97 in chips) 
Seat 3: tripleplay72 ($5.34 in chips) 
Seat 4: Saydi4067 ($4.26 in chips) 
Seat 5: shin3p ($9.32 in chips) 
Seat 6: AGVsmarT ($3.25 in chips) 
Seat 7: Dorex2007 ($5 in chips) 
Seat 8: montreal555 ($6.30 in chips) 
Seat 9: Almanza63 ($12.39 in chips) 
shin3p: posts small blind $0.02
AGVsmarT: posts big blind $0.05
*** HOLE CARDS ***
Dealt to Dorex2007 [Qh 6c]
Dorex2007: folds 
Deathscyt leaves the table
montreal555: calls $0.05
Almanza63: folds 
Luigiams: folds 
tripleplay72: folds 
Saydi4067: calls $0.05
shin3p: folds 
AGVsmarT: checks 
*** FLOP *** [7s 9h 9d]
AGVsmarT: checks 
montreal555: checks 
daryl meow joins the table at seat #1 
Saydi4067: checks 
*** TURN *** [7s 9h 9d] [3d]
AGVsmarT: checks 
montreal555: bets $0.20
Saydi4067: folds 
AGVsmarT: folds 
Uncalled bet ($0.20) returned to montreal555
montreal555 collected $0.16 from pot
*** SUMMARY ***
Total pot $0.17 | Rake $0.01 
Board [7s 9h 9d 3d]
Seat 2: Luigiams folded before Flop (didn't bet)
Seat 3: tripleplay72 folded before Flop (didn't bet)
Seat 4: Saydi4067 (button) folded on the Turn
Seat 5: shin3p (small blind) folded before Flop
Seat 6: AGVsmarT (big blind) folded on the Turn
Seat 7: Dorex2007 folded before Flop (didn't bet)
Seat 8: montreal555 collected ($0.16)
Seat 9: Almanza63 folded before Flop (didn't bet)



PokerStars Hand #237693592276:  Hold'em No Limit ($0.02/$0.05 USD) - 2022/07/30 20:45:04 PT [2022/07/30 23:45:04 ET]
Table 'Veteraniya II' 9-max Seat #5 is the button
Seat 2: Luigiams ($6.97 in chips) 
Seat 3: tripleplay72 ($5.34 in chips) 
Seat 4: Saydi4067 ($4.21 in chips) 
Seat 5: shin3p ($9.30 in chips) 
Seat 6: AGVsmarT ($3.20 in chips) 
Seat 7: Dorex2007 ($5 in chips) 
Seat 8: montreal555 ($6.41 in chips) 
Seat 9: Almanza63 ($12.39 in chips) 
AGVsmarT: posts small blind $0.02
Dorex2007: posts big blind $0.05
daryl meow: sits out 
*** HOLE CARDS ***
Dealt to Dorex2007 [8c Kd]
montreal555: folds 
Almanza63: raises $0.10 to $0.15
Luigiams: folds 
tripleplay72: folds 
Saydi4067: folds 
shin3p: calls $0.15
AGVsmarT: folds 
Dorex2007: folds 
*** FLOP *** [4c 2h 6h]
Almanza63: checks 
shin3p: checks 
*** TURN *** [4c 2h 6h] [7d]
Almanza63: bets $0.29
shin3p: calls $0.29
*** RIVER *** [4c 2h 6h 7d] [2c]
Almanza63: bets $0.74
shin3p: folds 
Uncalled bet ($0.74) returned to Almanza63
Almanza63 collected $0.91 from pot
Almanza63: doesn't show hand 
*** SUMMARY ***
Total pot $0.95 | Rake $0.04 
Board [4c 2h 6h 7d 2c]
Seat 2: Luigiams folded before Flop (didn't bet)
Seat 3: tripleplay72 folded before Flop (didn't bet)
Seat 4: Saydi4067 folded before Flop (didn't bet)
Seat 5: shin3p (button) folded on the River
Seat 6: AGVsmarT (small blind) folded before Flop
Seat 7: Dorex2007 (big blind) folded before Flop
Seat 8: montreal555 folded before Flop (didn't bet)
Seat 9: Almanza63 collected ($0.91)



PokerStars Hand #237693601490:  Hold'em No Limit ($0.02/$0.05 USD) - 2022/07/30 20:46:10 PT [2022/07/30 23:46:10 ET]
Table 'Veteraniya II' 9-max Seat #6 is the button
Seat 2: Luigiams ($6.97 in chips) 
Seat 3: tripleplay72 ($5.34 in chips) 
Seat 4: Saydi4067 ($4.21 in chips) 
Seat 5: shin3p ($8.86 in chips) 
Seat 6: AGVsmarT ($3.18 in chips) 
Seat 7: Dorex2007 ($5 in chips) 
Seat 8: montreal555 ($6.41 in chips) 
Seat 9: Almanza63 ($12.86 in chips) 
Dorex2007: posts small blind $0.02
montreal555: posts big blind $0.05
daryl meow: sits out 
*** HOLE CARDS ***
Dealt to Dorex2007 [6h Jc]
Almanza63 has timed out
Almanza63: folds 
Luigiams: folds 
tripleplay72: folds 
Saydi4067: raises $0.10 to $0.15
shin3p: folds 
AGVsmarT: calls $0.15
Dorex2007: folds 
montreal555: folds 
*** FLOP *** [5h Kh 9s]
Saydi4067: checks 
AGVsmarT: bets $0.15
Saydi4067: calls $0.15
*** TURN *** [5h Kh 9s] [4h]
Saydi4067: checks 
AGVsmarT: bets $0.10
Saydi4067: folds 
Uncalled bet ($0.10) returned to AGVsmarT
AGVsmarT collected $0.64 from pot
*** SUMMARY ***
Total pot $0.67 | Rake $0.03 
Board [5h Kh 9s 4h]
Seat 2: Luigiams folded before Flop (didn't bet)
Seat 3: tripleplay72 folded before Flop (didn't bet)
Seat 4: Saydi4067 folded on the Turn
Seat 5: shin3p folded before Flop (didn't bet)
Seat 6: AGVsmarT (button) collected ($0.64)
Seat 7: Dorex2007 (small blind) folded before Flop
Seat 8: montreal555 (big blind) folded before Flop
Seat 9: Almanza63 folded before Flop (didn't bet)



PokerStars Hand #237693607650:  Hold'em No Limit ($0.02/$0.05 USD) - 2022/07/30 20:46:55 PT [2022/07/30 23:46:55 ET]
Table 'Veteraniya II' 9-max Seat #7 is the button
Seat 2: Luigiams ($6.97 in chips) 
Seat 3: tripleplay72 ($5.34 in chips) 
Seat 4: Saydi4067 ($3.91 in chips) 
Seat 5: shin3p ($8.86 in chips) 
Seat 6: AGVsmarT ($3.52 in chips) 
Seat 7: Dorex2007 ($5 in chips) 
Seat 8: montreal555 ($6.36 in chips) 
Seat 9: Almanza63 ($12.86 in chips) 
montreal555: posts small blind $0.02
Almanza63: posts big blind $0.05
daryl meow: sits out 
*** HOLE CARDS ***
Dealt to Dorex2007 [2s Qc]
Luigiams: folds 
tripleplay72: folds 
Saydi4067: calls $0.05
shin3p: raises $0.10 to $0.15
AGVsmarT: calls $0.15
Dorex2007: folds 
montreal555: folds 
Almanza63: calls $0.10
Saydi4067: calls $0.10
*** FLOP *** [5h 7c 3c]
Almanza63: checks 
Saydi4067: checks 
shin3p: checks 
AGVsmarT: bets $0.20
Almanza63: folds 
Saydi4067: folds 
shin3p: folds 
Uncalled bet ($0.20) returned to AGVsmarT
AGVsmarT collected $0.59 from pot
*** SUMMARY ***
Total pot $0.62 | Rake $0.03 
Board [5h 7c 3c]
Seat 2: Luigiams folded before Flop (didn't bet)
Seat 3: tripleplay72 folded before Flop (didn't bet)
Seat 4: Saydi4067 folded on the Flop
Seat 5: shin3p folded on the Flop
Seat 6: AGVsmarT collected ($0.59)
Seat 7: Dorex2007 (button) folded before Flop (didn't bet)
Seat 8: montreal555 (small blind) folded before Flop
Seat 9: Almanza63 (big blind) folded on the Flop



PokerStars Hand #237693612989:  Hold'em No Limit ($0.02/$0.05 USD) - 2022/07/30 20:47:34 PT [2022/07/30 23:47:34 ET]
Table 'Veteraniya II' 9-max Seat #8 is the button
Seat 1: daryl meow ($5 in chips) 
Seat 2: Luigiams ($6.97 in chips) 
Seat 3: tripleplay72 ($5.34 in chips) 
Seat 4: Saydi4067 ($3.76 in chips) 
Seat 5: shin3p ($8.71 in chips) 
Seat 6: AGVsmarT ($3.96 in chips) 
Seat 7: Dorex2007 ($5 in chips) 
Seat 8: montreal555 ($6.34 in chips) 
Seat 9: Almanza63 ($12.71 in chips) 
Almanza63: posts small blind $0.02
daryl meow: posts big blind $0.05
*** HOLE CARDS ***
Dealt to Dorex2007 [6c 8c]
Luigiams has timed out
Luigiams: folds 
tripleplay72: raises $0.12 to $0.17
Saydi4067: folds 
shin3p: folds 
AGVsmarT: folds 
Dorex2007: folds 
montreal555: folds 
Almanza63: calls $0.15
daryl meow: calls $0.12
*** FLOP *** [8d Qs 5h]
Almanza63: checks 
daryl meow: checks 
tripleplay72: bets $0.28
Almanza63: folds 
daryl meow: folds 
Uncalled bet ($0.28) returned to tripleplay72
tripleplay72 collected $0.49 from pot
*** SUMMARY ***
Total pot $0.51 | Rake $0.02 
Board [8d Qs 5h]
Seat 1: daryl meow (big blind) folded on the Flop
Seat 2: Luigiams folded before Flop (didn't bet)
Seat 3: tripleplay72 collected ($0.49)
Seat 4: Saydi4067 folded before Flop (didn't bet)
Seat 5: shin3p folded before Flop (didn't bet)
Seat 6: AGVsmarT folded before Flop (didn't bet)
Seat 7: Dorex2007 folded before Flop (didn't bet)
Seat 8: montreal555 (button) folded before Flop (didn't bet)
Seat 9: Almanza63 (small blind) folded on the Flop



PokerStars Hand #237693621096:  Hold'em No Limit ($0.02/$0.05 USD) - 2022/07/30 20:48:33 PT [2022/07/30 23:48:33 ET]
Table 'Veteraniya II' 9-max Seat #9 is the button
Seat 1: daryl meow ($4.83 in chips) 
Seat 2: Luigiams ($6.97 in chips) 
Seat 3: tripleplay72 ($5.66 in chips) 
Seat 4: Saydi4067 ($3.76 in chips) 
Seat 5: shin3p ($8.71 in chips) 
Seat 6: AGVsmarT ($3.96 in chips) 
Seat 7: Dorex2007 ($5 in chips) 
Seat 8: montreal555 ($6.34 in chips) 
Seat 9: Almanza63 ($12.54 in chips) 
daryl meow: posts small blind $0.02
Luigiams: posts big blind $0.05
*** HOLE CARDS ***
Dealt to Dorex2007 [6h Ks]
tripleplay72 has timed out
tripleplay72: folds 
Saydi4067: calls $0.05
shin3p: folds 
AGVsmarT: calls $0.05
Dorex2007: folds 
montreal555: calls $0.05
Almanza63: folds 
daryl meow: folds 
Luigiams: checks 
*** FLOP *** [2h Ah 7h]
Luigiams: checks 
Saydi4067: checks 
AGVsmarT: bets $0.10
montreal555: folds 
Luigiams: folds 
Saydi4067: folds 
Uncalled bet ($0.10) returned to AGVsmarT
AGVsmarT collected $0.21 from pot
*** SUMMARY ***
Total pot $0.22 | Rake $0.01 
Board [2h Ah 7h]
Seat 1: daryl meow (small blind) folded before Flop
Seat 2: Luigiams (big blind) folded on the Flop
Seat 3: tripleplay72 folded before Flop (didn't bet)
Seat 4: Saydi4067 folded on the Flop
Seat 5: shin3p folded before Flop (didn't bet)
Seat 6: AGVsmarT collected ($0.21)
Seat 7: Dorex2007 folded before Flop (didn't bet)
Seat 8: montreal555 folded on the Flop
Seat 9: Almanza63 (button) folded before Flop (didn't bet)



PokerStars Hand #237693627431:  Hold'em No Limit ($0.02/$0.05 USD) - 2022/07/30 20:49:20 PT [2022/07/30 23:49:20 ET]
Table 'Veteraniya II' 9-max Seat #1 is the button
Seat 1: daryl meow ($4.81 in chips) 
Seat 2: Luigiams ($6.92 in chips) 
Seat 3: tripleplay72 ($5.66 in chips) 
Seat 4: Saydi4067 ($3.71 in chips) 
Seat 5: shin3p ($8.71 in chips) 
Seat 6: AGVsmarT ($4.12 in chips) 
Seat 7: Dorex2007 ($5 in chips) 
Seat 8: montreal555 ($6.29 in chips) 
Seat 9: Almanza63 ($12.54 in chips) 
Luigiams: posts small blind $0.02
tripleplay72: posts big blind $0.05
*** HOLE CARDS ***
Dealt to Dorex2007 [3d Ah]
Saydi4067: folds 
shin3p: folds 
AGVsmarT: calls $0.05
Dorex2007: folds 
montreal555: folds 
Almanza63: folds 
daryl meow: raises $0.10 to $0.15
Luigiams: folds 
tripleplay72: folds 
AGVsmarT: calls $0.10
*** FLOP *** [3s Ks Kd]
AGVsmarT: checks 
daryl meow: checks 
*** TURN *** [3s Ks Kd] [6c]
AGVsmarT: checks 
daryl meow: bets $0.15
AGVsmarT: folds 
Uncalled bet ($0.15) returned to daryl meow
daryl meow collected $0.35 from pot
daryl meow: doesn't show hand 
*** SUMMARY ***
Total pot $0.37 | Rake $0.02 
Board [3s Ks Kd 6c]
Seat 1: daryl meow (button) collected ($0.35)
Seat 2: Luigiams (small blind) folded before Flop
Seat 3: tripleplay72 (big blind) folded before Flop
Seat 4: Saydi4067 folded before Flop (didn't bet)
Seat 5: shin3p folded before Flop (didn't bet)
Seat 6: AGVsmarT folded on the Turn
Seat 7: Dorex2007 folded before Flop (didn't bet)
Seat 8: montreal555 folded before Flop (didn't bet)
Seat 9: Almanza63 folded before Flop (didn't bet)



PokerStars Hand #237693634620:  Hold'em No Limit ($0.02/$0.05 USD) - 2022/07/30 20:50:13 PT [2022/07/30 23:50:13 ET]
Table 'Veteraniya II' 9-max Seat #2 is the button
Seat 1: daryl meow ($5.01 in chips) 
Seat 2: Luigiams ($6.90 in chips) 
Seat 3: tripleplay72 ($5.61 in chips) 
Seat 4: Saydi4067 ($3.71 in chips) 
Seat 5: shin3p ($8.71 in chips) 
Seat 6: AGVsmarT ($3.97 in chips) 
Seat 7: Dorex2007 ($5 in chips) 
Seat 8: montreal555 ($6.29 in chips) 
Seat 9: Almanza63 ($12.54 in chips) 
tripleplay72: posts small blind $0.02
Saydi4067: posts big blind $0.05
*** HOLE CARDS ***
Dealt to Dorex2007 [9s 2s]
shin3p: folds 
AGVsmarT: folds 
Dorex2007: folds 
montreal555: folds 
Almanza63: folds 
daryl meow: raises $0.05 to $0.10
Luigiams: calls $0.10
tripleplay72: folds 
Saydi4067: calls $0.05
*** FLOP *** [Kd 5d 9h]
Saydi4067: checks 
daryl meow: bets $0.15
Luigiams: folds 
Saydi4067: folds 
Uncalled bet ($0.15) returned to daryl meow
daryl meow collected $0.31 from pot
daryl meow: doesn't show hand 
*** SUMMARY ***
Total pot $0.32 | Rake $0.01 
Board [Kd 5d 9h]
Seat 1: daryl meow collected ($0.31)
Seat 2: Luigiams (button) folded on the Flop
Seat 3: tripleplay72 (small blind) folded before Flop
Seat 4: Saydi4067 (big blind) folded on the Flop
Seat 5: shin3p folded before Flop (didn't bet)
Seat 6: AGVsmarT folded before Flop (didn't bet)
Seat 7: Dorex2007 folded before Flop (didn't bet)
Seat 8: montreal555 folded before Flop (didn't bet)
Seat 9: Almanza63 folded before Flop (didn't bet)



PokerStars Hand #237693640001:  Hold'em No Limit ($0.02/$0.05 USD) - 2022/07/30 20:50:52 PT [2022/07/30 23:50:52 ET]
Table 'Veteraniya II' 9-max Seat #3 is the button
Seat 1: daryl meow ($5.22 in chips) 
Seat 2: Luigiams ($6.80 in chips) 
Seat 3: tripleplay72 ($5.59 in chips) 
Seat 4: Saydi4067 ($3.61 in chips) 
Seat 5: shin3p ($8.71 in chips) 
Seat 6: AGVsmarT ($3.97 in chips) 
Seat 7: Dorex2007 ($5 in chips) 
Seat 8: montreal555 ($6.29 in chips) 
Seat 9: Almanza63 ($12.54 in chips) 
Saydi4067: posts small blind $0.02
shin3p: posts big blind $0.05
*** HOLE CARDS ***
Dealt to Dorex2007 [Jh 2c]
AGVsmarT: folds 
Dorex2007: folds 
montreal555: folds 
Almanza63: folds 
daryl meow: raises $0.10 to $0.15
Luigiams: calls $0.15
tripleplay72: calls $0.15
Saydi4067: folds 
shin3p: calls $0.10
*** FLOP *** [Td 7s 3d]
shin3p: checks 
daryl meow: bets $0.30
Luigiams: folds 
tripleplay72: folds 
shin3p: folds 
Uncalled bet ($0.30) returned to daryl meow
daryl meow collected $0.59 from pot
daryl meow: doesn't show hand 
*** SUMMARY ***
Total pot $0.62 | Rake $0.03 
Board [Td 7s 3d]
Seat 1: daryl meow collected ($0.59)
Seat 2: Luigiams folded on the Flop
Seat 3: tripleplay72 (button) folded on the Flop
Seat 4: Saydi4067 (small blind) folded before Flop
Seat 5: shin3p (big blind) folded on the Flop
Seat 6: AGVsmarT folded before Flop (didn't bet)
Seat 7: Dorex2007 folded before Flop (didn't bet)
Seat 8: montreal555 folded before Flop (didn't bet)
Seat 9: Almanza63 folded before Flop (didn't bet)



PokerStars Hand #237693655804:  Hold'em No Limit ($0.02/$0.05 USD) - 2022/07/30 20:51:45 PT [2022/07/30 23:51:45 ET]
Table 'Veteraniya II' 9-max Seat #4 is the button
Seat 1: daryl meow ($5.66 in chips) 
Seat 2: Luigiams ($6.65 in chips) 
Seat 3: tripleplay72 ($5.44 in chips) 
Seat 4: Saydi4067 ($3.59 in chips) 
Seat 5: shin3p ($8.56 in chips) 
Seat 6: AGVsmarT ($3.97 in chips) 
Seat 7: Dorex2007 ($5 in chips) 
Seat 8: montreal555 ($6.29 in chips) 
Seat 9: Almanza63 ($12.54 in chips) 
shin3p: posts small blind $0.02
AGVsmarT: posts big blind $0.05
*** HOLE CARDS ***
Dealt to Dorex2007 [6s 2s]
Dorex2007: folds 
montreal555: folds 
Almanza63: folds 
daryl meow has timed out
daryl meow: folds 
Luigiams: folds 
tripleplay72: folds 
Saydi4067: folds 
shin3p: raises $0.10 to $0.15
AGVsmarT: folds 
Uncalled bet ($0.10) returned to shin3p
shin3p collected $0.10 from pot
shin3p: doesn't show hand 
*** SUMMARY ***
Total pot $0.10 | Rake $0 
Seat 1: daryl meow folded before Flop (didn't bet)
Seat 2: Luigiams folded before Flop (didn't bet)
Seat 3: tripleplay72 folded before Flop (didn't bet)
Seat 4: Saydi4067 (button) folded before Flop (didn't bet)
Seat 5: shin3p (small blind) collected ($0.10)
Seat 6: AGVsmarT (big blind) folded before Flop
Seat 7: Dorex2007 folded before Flop (didn't bet)
Seat 8: montreal555 folded before Flop (didn't bet)
Seat 9: Almanza63 folded before Flop (didn't bet)



PokerStars Hand #237693660152:  Hold'em No Limit ($0.02/$0.05 USD) - 2022/07/30 20:52:18 PT [2022/07/30 23:52:18 ET]
Table 'Veteraniya II' 9-max Seat #5 is the button
Seat 1: daryl meow ($5.66 in chips) 
Seat 2: Luigiams ($6.65 in chips) 
Seat 3: tripleplay72 ($5.44 in chips) 
Seat 4: Saydi4067 ($3.59 in chips) 
Seat 5: shin3p ($8.61 in chips) 
Seat 6: AGVsmarT ($3.92 in chips) 
Seat 7: Dorex2007 ($5 in chips) 
Seat 8: montreal555 ($6.29 in chips) 
Seat 9: Almanza63 ($12.54 in chips) 
AGVsmarT: posts small blind $0.02
Dorex2007: posts big blind $0.05
*** HOLE CARDS ***
Dealt to Dorex2007 [Ks 7s]
montreal555: folds 
Almanza63: folds 
daryl meow: folds 
Luigiams has timed out
Luigiams: folds 
tripleplay72: folds 
Saydi4067: raises $0.10 to $0.15
shin3p: folds 
AGVsmarT: folds 
Dorex2007: folds 
Uncalled bet ($0.10) returned to Saydi4067
Saydi4067 collected $0.12 from pot
Saydi4067: doesn't show hand 
*** SUMMARY ***
Total pot $0.12 | Rake $0 
Seat 1: daryl meow folded before Flop (didn't bet)
Seat 2: Luigiams folded before Flop (didn't bet)
Seat 3: tripleplay72 folded before Flop (didn't bet)
Seat 4: Saydi4067 collected ($0.12)
Seat 5: shin3p (button) folded before Flop (didn't bet)
Seat 6: AGVsmarT (small blind) folded before Flop
Seat 7: Dorex2007 (big blind) folded before Flop
Seat 8: montreal555 folded before Flop (didn't bet)
Seat 9: Almanza63 folded before Flop (didn't bet)



PokerStars Hand #237693663759:  Hold'em No Limit ($0.02/$0.05 USD) - 2022/07/30 20:52:45 PT [2022/07/30 23:52:45 ET]
Table 'Veteraniya II' 9-max Seat #6 is the button
Seat 1: daryl meow ($5.66 in chips) 
Seat 3: tripleplay72 ($5.44 in chips) 
Seat 4: Saydi4067 ($3.66 in chips) 
Seat 5: shin3p ($8.61 in chips) 
Seat 6: AGVsmarT ($3.90 in chips) 
Seat 7: Dorex2007 ($5 in chips) 
Seat 8: montreal555 ($6.29 in chips) 
Seat 9: Almanza63 ($12.54 in chips) 
Dorex2007: posts small blind $0.02
montreal555: posts big blind $0.05
*** HOLE CARDS ***
Dealt to Dorex2007 [6h 4s]
Almanza63: folds 
daryl meow: folds 
tripleplay72: folds 
Saydi4067: calls $0.05
shin3p: folds 
AGVsmarT: calls $0.05
Dorex2007: folds 
montreal555: checks 
*** FLOP *** [3d 7c 4h]
montreal555: checks 
Saydi4067: bets $0.16
AGVsmarT: folds 
montreal555: folds 
Uncalled bet ($0.16) returned to Saydi4067
Saydi4067 collected $0.16 from pot
Saydi4067: doesn't show hand 
*** SUMMARY ***
Total pot $0.17 | Rake $0.01 
Board [3d 7c 4h]
Seat 1: daryl meow folded before Flop (didn't bet)
Seat 3: tripleplay72 folded before Flop (didn't bet)
Seat 4: Saydi4067 collected ($0.16)
Seat 5: shin3p folded before Flop (didn't bet)
Seat 6: AGVsmarT (button) folded on the Flop
Seat 7: Dorex2007 (small blind) folded before Flop
Seat 8: montreal555 (big blind) folded on the Flop
Seat 9: Almanza63 folded before Flop (didn't bet)



PokerStars Hand #237693673958:  Hold'em No Limit ($0.02/$0.05 USD) - 2022/07/30 20:53:23 PT [2022/07/30 23:53:23 ET]
Table 'Veteraniya II' 9-max Seat #7 is the button
Seat 1: daryl meow ($5.66 in chips) 
Seat 2: Luigiams ($6.65 in chips) 
Seat 3: tripleplay72 ($5.44 in chips) 
Seat 4: Saydi4067 ($3.77 in chips) 
Seat 5: shin3p ($8.61 in chips) 
Seat 6: AGVsmarT ($3.85 in chips) 
Seat 7: Dorex2007 ($5 in chips) 
Seat 8: montreal555 ($6.24 in chips) 
Seat 9: Almanza63 ($12.54 in chips) 
montreal555: posts small blind $0.02
Almanza63: posts big blind $0.05
*** HOLE CARDS ***
Dealt to Dorex2007 [9s Qd]
daryl meow: raises $0.05 to $0.10
Luigiams: calls $0.10
tripleplay72: folds 
Saydi4067: folds 
shin3p: folds 
AGVsmarT: folds 
Dorex2007: folds 
montreal555: folds 
Almanza63: calls $0.05
*** FLOP *** [2c 4d Jc]
Almanza63: checks 
daryl meow: bets $0.10
Luigiams: calls $0.10
Almanza63: folds 
*** TURN *** [2c 4d Jc] [Ts]
daryl meow: checks 
Luigiams: bets $0.20
daryl meow: calls $0.20
*** RIVER *** [2c 4d Jc Ts] [Js]
daryl meow: checks 
Luigiams: checks 
*** SHOW DOWN ***
daryl meow: shows [As 3s] (a pair of Jacks)
Luigiams: shows [9h 9d] (two pair, Jacks and Nines)
Luigiams collected $0.88 from pot
*** SUMMARY ***
Total pot $0.92 | Rake $0.04 
Board [2c 4d Jc Ts Js]
Seat 1: daryl meow showed [As 3s] and lost with a pair of Jacks
Seat 2: Luigiams showed [9h 9d] and won ($0.88) with two pair, Jacks and Nines
Seat 3: tripleplay72 folded before Flop (didn't bet)
Seat 4: Saydi4067 folded before Flop (didn't bet)
Seat 5: shin3p folded before Flop (didn't bet)
Seat 6: AGVsmarT folded before Flop (didn't bet)
Seat 7: Dorex2007 (button) folded before Flop (didn't bet)
Seat 8: montreal555 (small blind) folded before Flop
Seat 9: Almanza63 (big blind) folded on the Flop



PokerStars Hand #237693684737:  Hold'em No Limit ($0.02/$0.05 USD) - 2022/07/30 20:54:44 PT [2022/07/30 23:54:44 ET]
Table 'Veteraniya II' 9-max Seat #8 is the button
Seat 1: daryl meow ($5.26 in chips) 
Seat 2: Luigiams ($7.13 in chips) 
Seat 3: tripleplay72 ($5.44 in chips) 
Seat 4: Saydi4067 ($3.77 in chips) 
Seat 5: shin3p ($8.61 in chips) 
Seat 6: AGVsmarT ($3.85 in chips) 
Seat 7: Dorex2007 ($5 in chips) 
Seat 8: montreal555 ($6.22 in chips) 
Seat 9: Almanza63 ($12.44 in chips) 
Almanza63: posts small blind $0.02
daryl meow: posts big blind $0.05
*** HOLE CARDS ***
Dealt to Dorex2007 [Qd Kd]
Luigiams: folds 
tripleplay72: folds 
Saydi4067: raises $0.10 to $0.15
shin3p: folds 
AGVsmarT: calls $0.15
Dorex2007: calls $0.15
montreal555: folds 
Almanza63: folds 
daryl meow: calls $0.10
*** FLOP *** [Jh Qh 3d]
daryl meow: bets $0.20
Saydi4067: calls $0.20
AGVsmarT: calls $0.20
Dorex2007: calls $0.20
*** TURN *** [Jh Qh 3d] [Ad]
daryl meow: checks 
Saydi4067: bets $0.68
AGVsmarT: calls $0.68
Dorex2007: calls $0.68
daryl meow: calls $0.68
*** RIVER *** [Jh Qh 3d Ad] [Kh]
daryl meow: checks 
Saydi4067: checks 
AGVsmarT: bets $1
Dorex2007: folds 
daryl meow: raises $3.23 to $4.23 and is all-in
Saydi4067: folds 
AGVsmarT: folds 
Uncalled bet ($3.23) returned to daryl meow
daryl meow collected $5.89 from pot
daryl meow: doesn't show hand 
*** SUMMARY ***
Total pot $6.14 | Rake $0.25 
Board [Jh Qh 3d Ad Kh]
Seat 1: daryl meow (big blind) collected ($5.89)
Seat 2: Luigiams folded before Flop (didn't bet)
Seat 3: tripleplay72 folded before Flop (didn't bet)
Seat 4: Saydi4067 folded on the River
Seat 5: shin3p folded before Flop (didn't bet)
Seat 6: AGVsmarT folded on the River
Seat 7: Dorex2007 folded on the River
Seat 8: montreal555 (button) folded before Flop (didn't bet)
Seat 9: Almanza63 (small blind) folded before Flop



PokerStars Hand #237693698406:  Hold'em No Limit ($0.02/$0.05 USD) - 2022/07/30 20:56:42 PT [2022/07/30 23:56:42 ET]
Table 'Veteraniya II' 9-max Seat #9 is the button
Seat 1: daryl meow ($9.12 in chips) 
Seat 3: tripleplay72 ($5.44 in chips) 
Seat 4: Saydi4067 ($2.74 in chips) 
Seat 5: shin3p ($8.61 in chips) 
Seat 6: AGVsmarT ($1.82 in chips) 
Seat 7: Dorex2007 ($5 in chips) 
Seat 8: montreal555 ($6.22 in chips) 
Seat 9: Almanza63 ($12.42 in chips) 
daryl meow: posts small blind $0.02
Luigiams: is sitting out 
tripleplay72: posts big blind $0.05
*** HOLE CARDS ***
Dealt to Dorex2007 [Kd 9h]
Saydi4067: calls $0.05
shin3p: folds 
AGVsmarT: folds 
Dorex2007: folds 
montreal555: folds 
Almanza63: folds 
daryl meow: folds 
tripleplay72: checks 
*** FLOP *** [Ac 8s 6s]
tripleplay72: checks 
Saydi4067: bets $0.12
tripleplay72: folds 
Uncalled bet ($0.12) returned to Saydi4067
Saydi4067 collected $0.12 from pot
Saydi4067: doesn't show hand 
*** SUMMARY ***
Total pot $0.12 | Rake $0 
Board [Ac 8s 6s]
Seat 1: daryl meow (small blind) folded before Flop
Seat 3: tripleplay72 (big blind) folded on the Flop
Seat 4: Saydi4067 collected ($0.12)
Seat 5: shin3p folded before Flop (didn't bet)
Seat 6: AGVsmarT folded before Flop (didn't bet)
Seat 7: Dorex2007 folded before Flop (didn't bet)
Seat 8: montreal555 folded before Flop (didn't bet)
Seat 9: Almanza63 (button) folded before Flop (didn't bet)



PokerStars Hand #237693703962:  Hold'em No Limit ($0.02/$0.05 USD) - 2022/07/30 20:57:32 PT [2022/07/30 23:57:32 ET]
Table 'Veteraniya II' 9-max Seat #1 is the button
Seat 1: daryl meow ($9.10 in chips) 
Seat 3: tripleplay72 ($5.39 in chips) 
Seat 4: Saydi4067 ($2.81 in chips) 
Seat 5: shin3p ($8.61 in chips) 
Seat 6: AGVsmarT ($3.82 in chips) 
Seat 7: Dorex2007 ($5 in chips) 
Seat 8: montreal555 ($6.22 in chips) 
Seat 9: Almanza63 ($12.42 in chips) 
tripleplay72: posts small blind $0.02
Saydi4067: posts big blind $0.05
*** HOLE CARDS ***
Dealt to Dorex2007 [5c Ac]
shin3p: folds 
AGVsmarT: folds 
Dorex2007: folds 
montreal555: folds 
Almanza63: folds 
Luigiams leaves the table
daryl meow: raises $0.10 to $0.15
tripleplay72: folds 
Saydi4067: calls $0.10
*** FLOP *** [3c Kc Qs]
geniuss joins the table at seat #2 
Saydi4067: checks 
daryl meow: bets $0.20
Saydi4067: raises $0.71 to $0.91
daryl meow: folds 
Uncalled bet ($0.71) returned to Saydi4067
Saydi4067 collected $0.69 from pot
Saydi4067: doesn't show hand 
*** SUMMARY ***
Total pot $0.72 | Rake $0.03 
Board [3c Kc Qs]
Seat 1: daryl meow (button) folded on the Flop
Seat 3: tripleplay72 (small blind) folded before Flop
Seat 4: Saydi4067 (big blind) collected ($0.69)
Seat 5: shin3p folded before Flop (didn't bet)
Seat 6: AGVsmarT folded before Flop (didn't bet)
Seat 7: Dorex2007 folded before Flop (didn't bet)
Seat 8: montreal555 folded before Flop (didn't bet)
Seat 9: Almanza63 folded before Flop (didn't bet)



PokerStars Hand #237693708598:  Hold'em No Limit ($0.02/$0.05 USD) - 2022/07/30 20:58:13 PT [2022/07/30 23:58:13 ET]
Table 'Veteraniya II' 9-max Seat #3 is the button
Seat 1: daryl meow ($8.75 in chips) 
Seat 3: tripleplay72 ($5.37 in chips) 
Seat 4: Saydi4067 ($3.15 in chips) 
Seat 5: shin3p ($8.61 in chips) 
Seat 6: AGVsmarT ($3.82 in chips) 
Seat 7: Dorex2007 ($5 in chips) 
Seat 8: montreal555 ($6.22 in chips) 
Seat 9: Almanza63 ($12.42 in chips) 
Saydi4067: posts small blind $0.02
shin3p: posts big blind $0.05
geniuss: sits out 
*** HOLE CARDS ***
Dealt to Dorex2007 [Ac 3h]
AGVsmarT: folds 
Dorex2007: folds 
montreal555: folds 
Almanza63: folds 
daryl meow: raises $0.10 to $0.15
tripleplay72: calls $0.15
Saydi4067: folds 
shin3p: calls $0.10
*** FLOP *** [Ah 2c Ks]
shin3p: checks 
daryl meow: bets $0.15
tripleplay72: folds 
shin3p: folds 
Uncalled bet ($0.15) returned to daryl meow
daryl meow collected $0.45 from pot
daryl meow: doesn't show hand 
*** SUMMARY ***
Total pot $0.47 | Rake $0.02 
Board [Ah 2c Ks]
Seat 1: daryl meow collected ($0.45)
Seat 3: tripleplay72 (button) folded on the Flop
Seat 4: Saydi4067 (small blind) folded before Flop
Seat 5: shin3p (big blind) folded on the Flop
Seat 6: AGVsmarT folded before Flop (didn't bet)
Seat 7: Dorex2007 folded before Flop (didn't bet)
Seat 8: montreal555 folded before Flop (didn't bet)
Seat 9: Almanza63 folded before Flop (didn't bet)



PokerStars Hand #237693712809:  Hold'em No Limit ($0.02/$0.05 USD) - 2022/07/30 20:58:51 PT [2022/07/30 23:58:51 ET]
Table 'Veteraniya II' 9-max Seat #4 is the button
Seat 1: daryl meow ($9.05 in chips) 
Seat 3: tripleplay72 ($5.22 in chips) 
Seat 4: Saydi4067 ($3.13 in chips) 
Seat 5: shin3p ($8.46 in chips) 
Seat 6: AGVsmarT ($3.82 in chips) 
Seat 7: Dorex2007 ($5 in chips) 
Seat 8: montreal555 ($6.22 in chips) 
Seat 9: Almanza63 ($12.42 in chips) 
shin3p: posts small blind $0.02
AGVsmarT: posts big blind $0.05
geniuss: sits out 
*** HOLE CARDS ***
Dealt to Dorex2007 [2s 7c]
Dorex2007: folds 
montreal555: folds 
Almanza63: folds 
daryl meow: raises $0.10 to $0.15
tripleplay72: raises $0.37 to $0.52
Saydi4067: folds 
shin3p: folds 
AGVsmarT: folds 
daryl meow: folds 
Uncalled bet ($0.37) returned to tripleplay72
tripleplay72 collected $0.37 from pot
*** SUMMARY ***
Total pot $0.37 | Rake $0 
Seat 1: daryl meow folded before Flop
Seat 3: tripleplay72 collected ($0.37)
Seat 4: Saydi4067 (button) folded before Flop (didn't bet)
Seat 5: shin3p (small blind) folded before Flop
Seat 6: AGVsmarT (big blind) folded before Flop
Seat 7: Dorex2007 folded before Flop (didn't bet)
Seat 8: montreal555 folded before Flop (didn't bet)
Seat 9: Almanza63 folded before Flop (didn't bet)



PokerStars Hand #237693716113:  Hold'em No Limit ($0.02/$0.05 USD) - 2022/07/30 20:59:20 PT [2022/07/30 23:59:20 ET]
Table 'Veteraniya II' 9-max Seat #5 is the button
Seat 1: daryl meow ($8.90 in chips) 
Seat 3: tripleplay72 ($5.44 in chips) 
Seat 4: Saydi4067 ($3.13 in chips) 
Seat 5: shin3p ($8.44 in chips) 
Seat 6: AGVsmarT ($3.77 in chips) 
Seat 7: Dorex2007 ($5 in chips) 
Seat 8: montreal555 ($6.22 in chips) 
Seat 9: Almanza63 ($12.42 in chips) 
AGVsmarT: posts small blind $0.02
Dorex2007: posts big blind $0.05
geniuss: sits out 
*** HOLE CARDS ***
Dealt to Dorex2007 [Jh Ac]
montreal555: calls $0.05
Almanza63: folds 
daryl meow: folds 
tripleplay72: folds 
Saydi4067: folds 
shin3p: folds 
AGVsmarT: calls $0.03
Dorex2007: raises $0.15 to $0.20
montreal555: calls $0.15
AGVsmarT: calls $0.15
*** FLOP *** [Jc 2c 6s]
AGVsmarT: checks 
Dorex2007: bets $0.58
montreal555: folds 
AGVsmarT: folds 
Uncalled bet ($0.58) returned to Dorex2007
Dorex2007 collected $0.58 from pot
Dorex2007: doesn't show hand 
*** SUMMARY ***
Total pot $0.60 | Rake $0.02 
Board [Jc 2c 6s]
Seat 1: daryl meow folded before Flop (didn't bet)
Seat 3: tripleplay72 folded before Flop (didn't bet)
Seat 4: Saydi4067 folded before Flop (didn't bet)
Seat 5: shin3p (button) folded before Flop (didn't bet)
Seat 6: AGVsmarT (small blind) folded on the Flop
Seat 7: Dorex2007 (big blind) collected ($0.58)
Seat 8: montreal555 folded on the Flop
Seat 9: Almanza63 folded before Flop (didn't bet)



PokerStars Hand #237693719449:  Hold'em No Limit ($0.02/$0.05 USD) - 2022/07/30 20:59:50 PT [2022/07/30 23:59:50 ET]
Table 'Veteraniya II' 9-max Seat #6 is the button
Seat 1: daryl meow ($8.90 in chips) 
Seat 3: tripleplay72 ($5.44 in chips) 
Seat 4: Saydi4067 ($3.13 in chips) 
Seat 5: shin3p ($8.44 in chips) 
Seat 6: AGVsmarT ($3.57 in chips) 
Seat 7: Dorex2007 ($5.38 in chips) 
Seat 9: Almanza63 ($12.42 in chips) 
Dorex2007: posts small blind $0.02
montreal555: is sitting out 
Almanza63: posts big blind $0.05
geniuss: sits out 
*** HOLE CARDS ***
Dealt to Dorex2007 [Kd 4c]
montreal555 leaves the table
daryl meow: folds 
tripleplay72: folds 
Saydi4067: folds 
shin3p: folds 
AGVsmarT: folds 
Dorex2007: folds 
Uncalled bet ($0.03) returned to Almanza63
Almanza63 collected $0.04 from pot
Almanza63: doesn't show hand 
*** SUMMARY ***
Total pot $0.04 | Rake $0 
Seat 1: daryl meow folded before Flop (didn't bet)
Seat 3: tripleplay72 folded before Flop (didn't bet)
Seat 4: Saydi4067 folded before Flop (didn't bet)
Seat 5: shin3p folded before Flop (didn't bet)
Seat 6: AGVsmarT (button) folded before Flop (didn't bet)
Seat 7: Dorex2007 (small blind) folded before Flop
Seat 9: Almanza63 (big blind) collected ($0.04)



