PokerStars Hand #233609042135:  Hold'em No Limit ($0.01/$0.02 USD) - 2022/01/29 19:56:48 PT [2022/01/29 22:56:48 ET]
Table 'Albertine III' 9-max Seat #4 is the button
Seat 1: Gustavok10 ($0.36 in chips) 
Seat 2: Dorex2007 ($2 in chips) 
Seat 3: ScrotieMcBugger ($7.08 in chips) 
Seat 4: agrojilier ($0.61 in chips) 
Seat 5: AlexmenZeVs ($2.07 in chips) 
Seat 6: BiM-WiNNeR ($3.26 in chips) 
Seat 7: rennah vizine ($4.49 in chips) 
AlexmenZeVs: posts small blind $0.01
BiM-WiNNeR: posts big blind $0.02
IndigoShirt: sits out 
absfcknglyntley: sits out 
*** HOLE CARDS ***
Dealt to Dorex2007 [5s 9h]
rennah vizine: calls $0.02
Gustavok10: folds 
Dorex2007: folds 
ScrotieMcBugger: folds 
agrojilier: folds 
AlexmenZeVs: folds 
BiM-WiNNeR: checks 
*** FLOP *** [Kd 3c 9s]
BiM-WiNNeR: checks 
rennah vizine: checks 
*** TURN *** [Kd 3c 9s] [Ac]
BiM-WiNNeR: checks 
rennah vizine: checks 
*** RIVER *** [Kd 3c 9s Ac] [Th]
BiM-WiNNeR: checks 
rennah vizine: bets $0.05
BiM-WiNNeR: folds 
Uncalled bet ($0.05) returned to rennah vizine
rennah vizine collected $0.05 from pot
rennah vizine: doesn't show hand 
*** SUMMARY ***
Total pot $0.05 | Rake $0 
Board [Kd 3c 9s Ac Th]
Seat 1: Gustavok10 folded before Flop (didn't bet)
Seat 2: Dorex2007 folded before Flop (didn't bet)
Seat 3: ScrotieMcBugger folded before Flop (didn't bet)
Seat 4: agrojilier (button) folded before Flop (didn't bet)
Seat 5: AlexmenZeVs (small blind) folded before Flop
Seat 6: BiM-WiNNeR (big blind) folded on the River
Seat 7: rennah vizine collected ($0.05)



PokerStars Hand #233609048518:  Hold'em No Limit ($0.01/$0.02 USD) - 2022/01/29 19:57:23 PT [2022/01/29 22:57:23 ET]
Table 'Albertine III' 9-max Seat #5 is the button
Seat 1: Gustavok10 ($0.36 in chips) 
Seat 2: Dorex2007 ($2 in chips) 
Seat 3: ScrotieMcBugger ($7.08 in chips) 
Seat 4: agrojilier ($0.61 in chips) 
Seat 5: AlexmenZeVs ($2.06 in chips) 
Seat 6: BiM-WiNNeR ($3.24 in chips) 
Seat 7: rennah vizine ($4.52 in chips) 
BiM-WiNNeR: posts small blind $0.01
rennah vizine: posts big blind $0.02
IndigoShirt: sits out 
absfcknglyntley: sits out 
*** HOLE CARDS ***
Dealt to Dorex2007 [4h 3c]
Gustavok10: folds 
Dorex2007: folds 
ScrotieMcBugger: folds 
agrojilier: raises $0.04 to $0.06
AlexmenZeVs: folds 
BiM-WiNNeR: folds 
rennah vizine: calls $0.04
*** FLOP *** [7d Kh Qc]
rennah vizine: checks 
agrojilier: bets $0.08
rennah vizine: calls $0.08
*** TURN *** [7d Kh Qc] [Jh]
rennah vizine: bets $0.28
agrojilier: raises $0.19 to $0.47 and is all-in
rennah vizine: calls $0.19
*** RIVER *** [7d Kh Qc Jh] [8d]
*** SHOW DOWN ***
rennah vizine: shows [Jc 5h] (a pair of Jacks)
agrojilier: shows [Tc 9c] (a straight, Nine to King)
agrojilier collected $1.19 from pot
*** SUMMARY ***
Total pot $1.23 | Rake $0.04 
Board [7d Kh Qc Jh 8d]
Seat 1: Gustavok10 folded before Flop (didn't bet)
Seat 2: Dorex2007 folded before Flop (didn't bet)
Seat 3: ScrotieMcBugger folded before Flop (didn't bet)
Seat 4: agrojilier showed [Tc 9c] and won ($1.19) with a straight, Nine to King
Seat 5: AlexmenZeVs (button) folded before Flop (didn't bet)
Seat 6: BiM-WiNNeR (small blind) folded before Flop
Seat 7: rennah vizine (big blind) showed [Jc 5h] and lost with a pair of Jacks



PokerStars Hand #233609060696:  Hold'em No Limit ($0.01/$0.02 USD) - 2022/01/29 19:58:31 PT [2022/01/29 22:58:31 ET]
Table 'Albertine III' 9-max Seat #6 is the button
Seat 1: Gustavok10 ($0.36 in chips) 
Seat 2: Dorex2007 ($2 in chips) 
Seat 3: ScrotieMcBugger ($7.08 in chips) 
Seat 4: agrojilier ($1.19 in chips) 
Seat 5: AlexmenZeVs ($2.06 in chips) 
Seat 6: BiM-WiNNeR ($3.23 in chips) 
Seat 7: rennah vizine ($3.91 in chips) 
Seat 8: IndigoShirt ($2 in chips) 
rennah vizine: posts small blind $0.01
IndigoShirt: posts big blind $0.02
absfcknglyntley: sits out 
*** HOLE CARDS ***
Dealt to Dorex2007 [Jh 7h]
Gustavok10: folds 
Dorex2007: folds 
ScrotieMcBugger: folds 
agrojilier: folds 
AlexmenZeVs: raises $0.03 to $0.05
BiM-WiNNeR: folds 
rennah vizine: calls $0.04
IndigoShirt: calls $0.03
*** FLOP *** [2s Qd 7d]
rennah vizine: checks 
IndigoShirt: checks 
AlexmenZeVs: checks 
*** TURN *** [2s Qd 7d] [8c]
rennah vizine: checks 
IndigoShirt: checks 
AlexmenZeVs: checks 
*** RIVER *** [2s Qd 7d 8c] [2h]
rennah vizine: checks 
IndigoShirt: checks 
AlexmenZeVs: checks 
*** SHOW DOWN ***
rennah vizine: shows [4h 6c] (a pair of Deuces)
IndigoShirt: shows [6d 6h] (two pair, Sixes and Deuces)
AlexmenZeVs: mucks hand 
IndigoShirt collected $0.14 from pot
*** SUMMARY ***
Total pot $0.15 | Rake $0.01 
Board [2s Qd 7d 8c 2h]
Seat 1: Gustavok10 folded before Flop (didn't bet)
Seat 2: Dorex2007 folded before Flop (didn't bet)
Seat 3: ScrotieMcBugger folded before Flop (didn't bet)
Seat 4: agrojilier folded before Flop (didn't bet)
Seat 5: AlexmenZeVs mucked [Ah 9c]
Seat 6: BiM-WiNNeR (button) folded before Flop (didn't bet)
Seat 7: rennah vizine (small blind) showed [4h 6c] and lost with a pair of Deuces
Seat 8: IndigoShirt (big blind) showed [6d 6h] and won ($0.14) with two pair, Sixes and Deuces



PokerStars Hand #233609071554:  Hold'em No Limit ($0.01/$0.02 USD) - 2022/01/29 19:59:30 PT [2022/01/29 22:59:30 ET]
Table 'Albertine III' 9-max Seat #7 is the button
Seat 1: Gustavok10 ($0.36 in chips) 
Seat 2: Dorex2007 ($2 in chips) 
Seat 3: ScrotieMcBugger ($7.08 in chips) 
Seat 4: agrojilier ($1.19 in chips) 
Seat 5: AlexmenZeVs ($2.01 in chips) 
Seat 6: BiM-WiNNeR ($3.23 in chips) 
Seat 7: rennah vizine ($3.86 in chips) 
Seat 8: IndigoShirt ($2.09 in chips) 
Seat 9: absfcknglyntley ($2 in chips) 
IndigoShirt: posts small blind $0.01
absfcknglyntley: posts big blind $0.02
*** HOLE CARDS ***
Dealt to Dorex2007 [Td 3h]
Gustavok10: folds 
Dorex2007: folds 
ScrotieMcBugger: folds 
agrojilier: folds 
AlexmenZeVs: folds 
BiM-WiNNeR: raises $0.04 to $0.06
rennah vizine: calls $0.06
IndigoShirt: folds 
absfcknglyntley: raises $0.14 to $0.20
BiM-WiNNeR: folds 
rennah vizine: folds 
Uncalled bet ($0.14) returned to absfcknglyntley
absfcknglyntley collected $0.19 from pot
absfcknglyntley: doesn't show hand 
*** SUMMARY ***
Total pot $0.19 | Rake $0 
Seat 1: Gustavok10 folded before Flop (didn't bet)
Seat 2: Dorex2007 folded before Flop (didn't bet)
Seat 3: ScrotieMcBugger folded before Flop (didn't bet)
Seat 4: agrojilier folded before Flop (didn't bet)
Seat 5: AlexmenZeVs folded before Flop (didn't bet)
Seat 6: BiM-WiNNeR folded before Flop
Seat 7: rennah vizine (button) folded before Flop
Seat 8: IndigoShirt (small blind) folded before Flop
Seat 9: absfcknglyntley (big blind) collected ($0.19)



PokerStars Hand #233609078629:  Hold'em No Limit ($0.01/$0.02 USD) - 2022/01/29 20:00:10 PT [2022/01/29 23:00:10 ET]
Table 'Albertine III' 9-max Seat #8 is the button
Seat 1: Gustavok10 ($0.36 in chips) 
Seat 2: Dorex2007 ($2 in chips) 
Seat 3: ScrotieMcBugger ($7.08 in chips) 
Seat 4: agrojilier ($1.19 in chips) 
Seat 5: AlexmenZeVs ($2.01 in chips) 
Seat 6: BiM-WiNNeR ($3.17 in chips) 
Seat 7: rennah vizine ($3.80 in chips) 
Seat 8: IndigoShirt ($2.08 in chips) 
Seat 9: absfcknglyntley ($2.13 in chips) 
absfcknglyntley: posts small blind $0.01
Gustavok10: posts big blind $0.02
*** HOLE CARDS ***
Dealt to Dorex2007 [7h Ts]
Dorex2007: folds 
ScrotieMcBugger: folds 
agrojilier: folds 
AlexmenZeVs: folds 
BiM-WiNNeR: folds 
rennah vizine: calls $0.02
IndigoShirt: folds 
absfcknglyntley: folds 
Gustavok10: checks 
*** FLOP *** [9h 2h 4s]
Gustavok10: checks 
rennah vizine: checks 
*** TURN *** [9h 2h 4s] [6c]
Gustavok10: checks 
rennah vizine: checks 
*** RIVER *** [9h 2h 4s 6c] [Ac]
Gustavok10: checks 
rennah vizine: bets $0.34
Gustavok10: folds 
Uncalled bet ($0.34) returned to rennah vizine
rennah vizine collected $0.05 from pot
rennah vizine: doesn't show hand 
*** SUMMARY ***
Total pot $0.05 | Rake $0 
Board [9h 2h 4s 6c Ac]
Seat 1: Gustavok10 (big blind) folded on the River
Seat 2: Dorex2007 folded before Flop (didn't bet)
Seat 3: ScrotieMcBugger folded before Flop (didn't bet)
Seat 4: agrojilier folded before Flop (didn't bet)
Seat 5: AlexmenZeVs folded before Flop (didn't bet)
Seat 6: BiM-WiNNeR folded before Flop (didn't bet)
Seat 7: rennah vizine collected ($0.05)
Seat 8: IndigoShirt (button) folded before Flop (didn't bet)
Seat 9: absfcknglyntley (small blind) folded before Flop



PokerStars Hand #233609093750:  Hold'em No Limit ($0.01/$0.02 USD) - 2022/01/29 20:01:25 PT [2022/01/29 23:01:25 ET]
Table 'Albertine III' 9-max Seat #9 is the button
Seat 1: Gustavok10 ($0.34 in chips) 
Seat 2: Dorex2007 ($2 in chips) 
Seat 3: ScrotieMcBugger ($7.08 in chips) 
Seat 4: agrojilier ($1.19 in chips) 
Seat 5: AlexmenZeVs ($2.01 in chips) 
Seat 6: BiM-WiNNeR ($3.17 in chips) 
Seat 7: rennah vizine ($3.83 in chips) 
Seat 8: IndigoShirt ($2.08 in chips) 
Seat 9: absfcknglyntley ($2.12 in chips) 
Gustavok10: posts small blind $0.01
Dorex2007: posts big blind $0.02
*** HOLE CARDS ***
Dealt to Dorex2007 [9d 6c]
ScrotieMcBugger: raises $0.04 to $0.06
agrojilier: folds 
AlexmenZeVs: folds 
BiM-WiNNeR: folds 
rennah vizine: folds 
IndigoShirt: folds 
absfcknglyntley: folds 
Gustavok10: raises $0.28 to $0.34 and is all-in
Dorex2007: folds 
ScrotieMcBugger: calls $0.28
*** FLOP *** [Qh Kd 7d]
*** TURN *** [Qh Kd 7d] [4s]
*** RIVER *** [Qh Kd 7d 4s] [2h]
*** SHOW DOWN ***
Gustavok10: shows [Ts Th] (a pair of Tens)
ScrotieMcBugger: shows [Js Qc] (a pair of Queens)
ScrotieMcBugger collected $0.68 from pot
*** SUMMARY ***
Total pot $0.70 | Rake $0.02 
Board [Qh Kd 7d 4s 2h]
Seat 1: Gustavok10 (small blind) showed [Ts Th] and lost with a pair of Tens
Seat 2: Dorex2007 (big blind) folded before Flop
Seat 3: ScrotieMcBugger showed [Js Qc] and won ($0.68) with a pair of Queens
Seat 4: agrojilier folded before Flop (didn't bet)
Seat 5: AlexmenZeVs folded before Flop (didn't bet)
Seat 6: BiM-WiNNeR folded before Flop (didn't bet)
Seat 7: rennah vizine folded before Flop (didn't bet)
Seat 8: IndigoShirt folded before Flop (didn't bet)
Seat 9: absfcknglyntley (button) folded before Flop (didn't bet)



PokerStars Hand #233609104170:  Hold'em No Limit ($0.01/$0.02 USD) - 2022/01/29 20:02:13 PT [2022/01/29 23:02:13 ET]
Table 'Albertine III' 9-max Seat #2 is the button
Seat 2: Dorex2007 ($2 in chips) 
Seat 3: ScrotieMcBugger ($7.42 in chips) 
Seat 5: AlexmenZeVs ($2.01 in chips) 
Seat 6: BiM-WiNNeR ($3.17 in chips) 
Seat 7: rennah vizine ($3.83 in chips) 
Seat 8: IndigoShirt ($2.08 in chips) 
Seat 9: absfcknglyntley ($2.12 in chips) 
ScrotieMcBugger: posts small blind $0.01
agrojilier: is sitting out 
AlexmenZeVs: posts big blind $0.02
*** HOLE CARDS ***
Dealt to Dorex2007 [4h Ah]
BiM-WiNNeR: folds 
rennah vizine: calls $0.02
IndigoShirt: folds 
absfcknglyntley: raises $0.06 to $0.08
Dorex2007: calls $0.08
ScrotieMcBugger: folds 
AlexmenZeVs: folds 
rennah vizine: folds 
*** FLOP *** [Qc 8c Kc]
absfcknglyntley: bets $0.12
Dorex2007: folds 
Uncalled bet ($0.12) returned to absfcknglyntley
absfcknglyntley collected $0.20 from pot
absfcknglyntley: doesn't show hand 
*** SUMMARY ***
Total pot $0.21 | Rake $0.01 
Board [Qc 8c Kc]
Seat 2: Dorex2007 (button) folded on the Flop
Seat 3: ScrotieMcBugger (small blind) folded before Flop
Seat 5: AlexmenZeVs (big blind) folded before Flop
Seat 6: BiM-WiNNeR folded before Flop (didn't bet)
Seat 7: rennah vizine folded before Flop
Seat 8: IndigoShirt folded before Flop (didn't bet)
Seat 9: absfcknglyntley collected ($0.20)



PokerStars Hand #233609113404:  Hold'em No Limit ($0.01/$0.02 USD) - 2022/01/29 20:02:56 PT [2022/01/29 23:02:56 ET]
Table 'Albertine III' 9-max Seat #3 is the button
Seat 2: Dorex2007 ($2 in chips) 
Seat 3: ScrotieMcBugger ($7.41 in chips) 
Seat 5: AlexmenZeVs ($1.99 in chips) 
Seat 6: BiM-WiNNeR ($3.17 in chips) 
Seat 7: rennah vizine ($3.81 in chips) 
Seat 8: IndigoShirt ($2.08 in chips) 
Seat 9: absfcknglyntley ($2.24 in chips) 
AlexmenZeVs: posts small blind $0.01
BiM-WiNNeR: posts big blind $0.02
*** HOLE CARDS ***
Dealt to Dorex2007 [4h 5c]
rennah vizine: calls $0.02
agrojilier leaves the table
IndigoShirt: folds 
absfcknglyntley: folds 
Dorex2007: folds 
ScrotieMcBugger: calls $0.02
AlexmenZeVs: calls $0.01
BiM-WiNNeR: checks 
*** FLOP *** [Js Ts 6c]
AlexmenZeVs: checks 
BiM-WiNNeR: checks 
rennah vizine: checks 
ScrotieMcBugger: checks 
*** TURN *** [Js Ts 6c] [2s]
AlexmenZeVs: checks 
BiM-WiNNeR: checks 
rennah vizine: bets $0.08
ScrotieMcBugger: folds 
matt blakk joins the table at seat #4 
AlexmenZeVs: folds 
BiM-WiNNeR: folds 
Uncalled bet ($0.08) returned to rennah vizine
rennah vizine collected $0.08 from pot
rennah vizine: doesn't show hand 
*** SUMMARY ***
Total pot $0.08 | Rake $0 
Board [Js Ts 6c 2s]
Seat 2: Dorex2007 folded before Flop (didn't bet)
Seat 3: ScrotieMcBugger (button) folded on the Turn
Seat 5: AlexmenZeVs (small blind) folded on the Turn
Seat 6: BiM-WiNNeR (big blind) folded on the Turn
Seat 7: rennah vizine collected ($0.08)
Seat 8: IndigoShirt folded before Flop (didn't bet)
Seat 9: absfcknglyntley folded before Flop (didn't bet)



PokerStars Hand #233609123808:  Hold'em No Limit ($0.01/$0.02 USD) - 2022/01/29 20:03:44 PT [2022/01/29 23:03:44 ET]
Table 'Albertine III' 9-max Seat #5 is the button
Seat 2: Dorex2007 ($2 in chips) 
Seat 3: ScrotieMcBugger ($7.39 in chips) 
Seat 5: AlexmenZeVs ($1.97 in chips) 
Seat 6: BiM-WiNNeR ($3.15 in chips) 
Seat 7: rennah vizine ($3.87 in chips) 
Seat 8: IndigoShirt ($2.08 in chips) 
Seat 9: absfcknglyntley ($2.24 in chips) 
BiM-WiNNeR: posts small blind $0.01
Gustavok10 is disconnected 
rennah vizine: posts big blind $0.02
matt blakk: sits out 
*** HOLE CARDS ***
Dealt to Dorex2007 [2s 9c]
IndigoShirt: folds 
absfcknglyntley: folds 
Dorex2007: folds 
ScrotieMcBugger: folds 
AlexmenZeVs: folds 
BiM-WiNNeR: folds 
Uncalled bet ($0.01) returned to rennah vizine
rennah vizine collected $0.02 from pot
rennah vizine: doesn't show hand 
*** SUMMARY ***
Total pot $0.02 | Rake $0 
Seat 2: Dorex2007 folded before Flop (didn't bet)
Seat 3: ScrotieMcBugger folded before Flop (didn't bet)
Seat 5: AlexmenZeVs (button) folded before Flop (didn't bet)
Seat 6: BiM-WiNNeR (small blind) folded before Flop
Seat 7: rennah vizine (big blind) collected ($0.02)
Seat 8: IndigoShirt folded before Flop (didn't bet)
Seat 9: absfcknglyntley folded before Flop (didn't bet)



PokerStars Hand #233609126940:  Hold'em No Limit ($0.01/$0.02 USD) - 2022/01/29 20:03:58 PT [2022/01/29 23:03:58 ET]
Table 'Albertine III' 9-max Seat #6 is the button
Seat 2: Dorex2007 ($2 in chips) 
Seat 3: ScrotieMcBugger ($7.39 in chips) 
Seat 5: AlexmenZeVs ($1.97 in chips) 
Seat 6: BiM-WiNNeR ($3.14 in chips) 
Seat 7: rennah vizine ($3.88 in chips) 
Seat 8: IndigoShirt ($2.08 in chips) 
Seat 9: absfcknglyntley ($2.24 in chips) 
rennah vizine: posts small blind $0.01
IndigoShirt: posts big blind $0.02
matt blakk: sits out 
*** HOLE CARDS ***
Dealt to Dorex2007 [2d 4c]
absfcknglyntley: folds 
Dorex2007: folds 
ScrotieMcBugger: folds 
AlexmenZeVs: folds 
BiM-WiNNeR: raises $0.04 to $0.06
rennah vizine: calls $0.05
IndigoShirt: folds 
*** FLOP *** [5h 6s 4s]
rennah vizine: checks 
BiM-WiNNeR: checks 
*** TURN *** [5h 6s 4s] [9c]
rennah vizine: checks 
BiM-WiNNeR: checks 
*** RIVER *** [5h 6s 4s 9c] [5d]
rennah vizine: checks 
BiM-WiNNeR: checks 
*** SHOW DOWN ***
rennah vizine: shows [Kc 2h] (a pair of Fives)
BiM-WiNNeR: mucks hand 
rennah vizine collected $0.14 from pot
*** SUMMARY ***
Total pot $0.14 | Rake $0 
Board [5h 6s 4s 9c 5d]
Seat 2: Dorex2007 folded before Flop (didn't bet)
Seat 3: ScrotieMcBugger folded before Flop (didn't bet)
Seat 5: AlexmenZeVs folded before Flop (didn't bet)
Seat 6: BiM-WiNNeR (button) mucked [Jd Ts]
Seat 7: rennah vizine (small blind) showed [Kc 2h] and won ($0.14) with a pair of Fives
Seat 8: IndigoShirt (big blind) folded before Flop
Seat 9: absfcknglyntley folded before Flop (didn't bet)



PokerStars Hand #233609138182:  Hold'em No Limit ($0.01/$0.02 USD) - 2022/01/29 20:04:50 PT [2022/01/29 23:04:50 ET]
Table 'Albertine III' 9-max Seat #7 is the button
Seat 2: Dorex2007 ($2 in chips) 
Seat 3: ScrotieMcBugger ($7.39 in chips) 
Seat 5: AlexmenZeVs ($1.97 in chips) 
Seat 6: BiM-WiNNeR ($3.08 in chips) 
Seat 7: rennah vizine ($3.96 in chips) 
Seat 8: IndigoShirt ($2.06 in chips) 
Seat 9: absfcknglyntley ($2.24 in chips) 
IndigoShirt: posts small blind $0.01
absfcknglyntley: posts big blind $0.02
matt blakk: sits out 
*** HOLE CARDS ***
Dealt to Dorex2007 [3s 8s]
Dorex2007: folds 
ScrotieMcBugger: folds 
AlexmenZeVs: folds 
BiM-WiNNeR: raises $0.04 to $0.06
rennah vizine: folds 
IndigoShirt: raises $0.16 to $0.22
absfcknglyntley: folds 
BiM-WiNNeR: folds 
Uncalled bet ($0.16) returned to IndigoShirt
IndigoShirt collected $0.14 from pot
IndigoShirt: doesn't show hand 
*** SUMMARY ***
Total pot $0.14 | Rake $0 
Seat 2: Dorex2007 folded before Flop (didn't bet)
Seat 3: ScrotieMcBugger folded before Flop (didn't bet)
Seat 5: AlexmenZeVs folded before Flop (didn't bet)
Seat 6: BiM-WiNNeR folded before Flop
Seat 7: rennah vizine (button) folded before Flop (didn't bet)
Seat 8: IndigoShirt (small blind) collected ($0.14)
Seat 9: absfcknglyntley (big blind) folded before Flop



PokerStars Hand #233609146145:  Hold'em No Limit ($0.01/$0.02 USD) - 2022/01/29 20:05:27 PT [2022/01/29 23:05:27 ET]
Table 'Albertine III' 9-max Seat #8 is the button
Seat 2: Dorex2007 ($2 in chips) 
Seat 3: ScrotieMcBugger ($7.39 in chips) 
Seat 5: AlexmenZeVs ($1.97 in chips) 
Seat 6: BiM-WiNNeR ($3.02 in chips) 
Seat 7: rennah vizine ($3.96 in chips) 
Seat 8: IndigoShirt ($2.14 in chips) 
Seat 9: absfcknglyntley ($2.22 in chips) 
absfcknglyntley: posts small blind $0.01
Dorex2007: posts big blind $0.02
matt blakk: sits out 
*** HOLE CARDS ***
Dealt to Dorex2007 [3d 8d]
ScrotieMcBugger: folds 
AlexmenZeVs: folds 
BiM-WiNNeR: folds 
rennah vizine: raises $0.04 to $0.06
IndigoShirt: folds 
absfcknglyntley: folds 
Dorex2007: folds 
Uncalled bet ($0.04) returned to rennah vizine
rennah vizine collected $0.05 from pot
rennah vizine: doesn't show hand 
*** SUMMARY ***
Total pot $0.05 | Rake $0 
Seat 2: Dorex2007 (big blind) folded before Flop
Seat 3: ScrotieMcBugger folded before Flop (didn't bet)
Seat 5: AlexmenZeVs folded before Flop (didn't bet)
Seat 6: BiM-WiNNeR folded before Flop (didn't bet)
Seat 7: rennah vizine collected ($0.05)
Seat 8: IndigoShirt (button) folded before Flop (didn't bet)
Seat 9: absfcknglyntley (small blind) folded before Flop



PokerStars Hand #233609150859:  Hold'em No Limit ($0.01/$0.02 USD) - 2022/01/29 20:05:48 PT [2022/01/29 23:05:48 ET]
Table 'Albertine III' 9-max Seat #9 is the button
Seat 2: Dorex2007 ($2 in chips) 
Seat 3: ScrotieMcBugger ($7.39 in chips) 
Seat 5: AlexmenZeVs ($1.97 in chips) 
Seat 6: BiM-WiNNeR ($3.02 in chips) 
Seat 7: rennah vizine ($3.99 in chips) 
Seat 8: IndigoShirt ($2.14 in chips) 
Seat 9: absfcknglyntley ($2.21 in chips) 
Dorex2007: posts small blind $0.01
ScrotieMcBugger: posts big blind $0.02
matt blakk: sits out 
*** HOLE CARDS ***
Dealt to Dorex2007 [6h Jh]
AlexmenZeVs: folds 
BiM-WiNNeR: folds 
rennah vizine: calls $0.02
IndigoShirt: raises $0.07 to $0.09
absfcknglyntley: folds 
Dorex2007: folds 
ScrotieMcBugger: calls $0.07
rennah vizine: calls $0.07
*** FLOP *** [4s Tc Jd]
ScrotieMcBugger: checks 
rennah vizine: bets $0.02
IndigoShirt: calls $0.02
ScrotieMcBugger: calls $0.02
*** TURN *** [4s Tc Jd] [9d]
ScrotieMcBugger: checks 
rennah vizine: checks 
IndigoShirt: checks 
*** RIVER *** [4s Tc Jd 9d] [3h]
ScrotieMcBugger: checks 
rennah vizine: bets $0.16
IndigoShirt: folds 
ScrotieMcBugger: folds 
Uncalled bet ($0.16) returned to rennah vizine
rennah vizine collected $0.33 from pot
rennah vizine: doesn't show hand 
*** SUMMARY ***
Total pot $0.34 | Rake $0.01 
Board [4s Tc Jd 9d 3h]
Seat 2: Dorex2007 (small blind) folded before Flop
Seat 3: ScrotieMcBugger (big blind) folded on the River
Seat 5: AlexmenZeVs folded before Flop (didn't bet)
Seat 6: BiM-WiNNeR folded before Flop (didn't bet)
Seat 7: rennah vizine collected ($0.33)
Seat 8: IndigoShirt folded on the River
Seat 9: absfcknglyntley (button) folded before Flop (didn't bet)



PokerStars Hand #233609162252:  Hold'em No Limit ($0.01/$0.02 USD) - 2022/01/29 20:06:41 PT [2022/01/29 23:06:41 ET]
Table 'Albertine III' 9-max Seat #2 is the button
Seat 2: Dorex2007 ($2 in chips) 
Seat 3: ScrotieMcBugger ($7.28 in chips) 
Seat 4: matt blakk ($2 in chips) 
Seat 5: AlexmenZeVs ($1.97 in chips) 
Seat 6: BiM-WiNNeR ($3.02 in chips) 
Seat 7: rennah vizine ($4.21 in chips) 
Seat 8: IndigoShirt ($2.03 in chips) 
Seat 9: absfcknglyntley ($2.21 in chips) 
ScrotieMcBugger: posts small blind $0.01
matt blakk: posts big blind $0.02
*** HOLE CARDS ***
Dealt to Dorex2007 [9h 7h]
AlexmenZeVs: folds 
BiM-WiNNeR: folds 
rennah vizine: calls $0.02
IndigoShirt: folds 
absfcknglyntley: raises $0.06 to $0.08
Dorex2007: folds 
ScrotieMcBugger: folds 
matt blakk: folds 
rennah vizine: calls $0.06
*** FLOP *** [9c Kc 3d]
rennah vizine: checks 
absfcknglyntley: bets $0.12
rennah vizine: folds 
Uncalled bet ($0.12) returned to absfcknglyntley
absfcknglyntley collected $0.18 from pot
absfcknglyntley: doesn't show hand 
*** SUMMARY ***
Total pot $0.19 | Rake $0.01 
Board [9c Kc 3d]
Seat 2: Dorex2007 (button) folded before Flop (didn't bet)
Seat 3: ScrotieMcBugger (small blind) folded before Flop
Seat 4: matt blakk (big blind) folded before Flop
Seat 5: AlexmenZeVs folded before Flop (didn't bet)
Seat 6: BiM-WiNNeR folded before Flop (didn't bet)
Seat 7: rennah vizine folded on the Flop
Seat 8: IndigoShirt folded before Flop (didn't bet)
Seat 9: absfcknglyntley collected ($0.18)



PokerStars Hand #233609171446:  Hold'em No Limit ($0.01/$0.02 USD) - 2022/01/29 20:07:23 PT [2022/01/29 23:07:23 ET]
Table 'Albertine III' 9-max Seat #3 is the button
Seat 2: Dorex2007 ($2 in chips) 
Seat 3: ScrotieMcBugger ($7.27 in chips) 
Seat 4: matt blakk ($1.98 in chips) 
Seat 5: AlexmenZeVs ($1.97 in chips) 
Seat 6: BiM-WiNNeR ($3.02 in chips) 
Seat 7: rennah vizine ($4.13 in chips) 
Seat 8: IndigoShirt ($2.03 in chips) 
Seat 9: absfcknglyntley ($2.31 in chips) 
matt blakk: posts small blind $0.01
AlexmenZeVs: posts big blind $0.02
*** HOLE CARDS ***
Dealt to Dorex2007 [7d 7h]
BiM-WiNNeR: folds 
rennah vizine: calls $0.02
IndigoShirt: raises $0.07 to $0.09
absfcknglyntley: folds 
Dorex2007: calls $0.09
ScrotieMcBugger: folds 
matt blakk: folds 
AlexmenZeVs: folds 
rennah vizine: folds 
*** FLOP *** [5h 4d 2c]
IndigoShirt: checks 
Dorex2007: bets $0.11
IndigoShirt: folds 
Uncalled bet ($0.11) returned to Dorex2007
Dorex2007 collected $0.22 from pot
Dorex2007: doesn't show hand 
*** SUMMARY ***
Total pot $0.23 | Rake $0.01 
Board [5h 4d 2c]
Seat 2: Dorex2007 collected ($0.22)
Seat 3: ScrotieMcBugger (button) folded before Flop (didn't bet)
Seat 4: matt blakk (small blind) folded before Flop
Seat 5: AlexmenZeVs (big blind) folded before Flop
Seat 6: BiM-WiNNeR folded before Flop (didn't bet)
Seat 7: rennah vizine folded before Flop
Seat 8: IndigoShirt folded on the Flop
Seat 9: absfcknglyntley folded before Flop (didn't bet)



PokerStars Hand #233609191400:  Hold'em No Limit ($0.01/$0.02 USD) - 2022/01/29 20:08:14 PT [2022/01/29 23:08:14 ET]
Table 'Albertine III' 9-max Seat #4 is the button
Seat 2: Dorex2007 ($2.13 in chips) 
Seat 3: ScrotieMcBugger ($7.27 in chips) 
Seat 4: matt blakk ($1.97 in chips) 
Seat 5: AlexmenZeVs ($1.95 in chips) 
Seat 6: BiM-WiNNeR ($3.02 in chips) 
Seat 7: rennah vizine ($4.11 in chips) 
Seat 8: IndigoShirt ($2 in chips) 
Seat 9: absfcknglyntley ($2.31 in chips) 
AlexmenZeVs: posts small blind $0.01
BiM-WiNNeR: posts big blind $0.02
*** HOLE CARDS ***
Dealt to Dorex2007 [9h 8d]
rennah vizine: calls $0.02
IndigoShirt: folds 
absfcknglyntley: folds 
Dorex2007: folds 
ScrotieMcBugger: folds 
matt blakk has timed out
matt blakk: folds 
AlexmenZeVs: folds 
BiM-WiNNeR: checks 
*** FLOP *** [6c 5d Td]
BiM-WiNNeR: checks 
rennah vizine: checks 
*** TURN *** [6c 5d Td] [7c]
BiM-WiNNeR: checks 
rennah vizine: checks 
*** RIVER *** [6c 5d Td 7c] [7d]
BiM-WiNNeR: bets $0.04
rennah vizine: folds 
Uncalled bet ($0.04) returned to BiM-WiNNeR
BiM-WiNNeR collected $0.05 from pot
BiM-WiNNeR: doesn't show hand 
*** SUMMARY ***
Total pot $0.05 | Rake $0 
Board [6c 5d Td 7c 7d]
Seat 2: Dorex2007 folded before Flop (didn't bet)
Seat 3: ScrotieMcBugger folded before Flop (didn't bet)
Seat 4: matt blakk (button) folded before Flop (didn't bet)
Seat 5: AlexmenZeVs (small blind) folded before Flop
Seat 6: BiM-WiNNeR (big blind) collected ($0.05)
Seat 7: rennah vizine folded on the River
Seat 8: IndigoShirt folded before Flop (didn't bet)
Seat 9: absfcknglyntley folded before Flop (didn't bet)



PokerStars Hand #233609210620:  Hold'em No Limit ($0.01/$0.02 USD) - 2022/01/29 20:09:01 PT [2022/01/29 23:09:01 ET]
Table 'Albertine III' 9-max Seat #5 is the button
Seat 2: Dorex2007 ($2.13 in chips) 
Seat 3: ScrotieMcBugger ($7.27 in chips) 
Seat 4: matt blakk ($1.97 in chips) 
Seat 5: AlexmenZeVs ($1.94 in chips) 
Seat 6: BiM-WiNNeR ($3.05 in chips) 
Seat 7: rennah vizine ($4.09 in chips) 
Seat 8: IndigoShirt ($2 in chips) 
Seat 9: absfcknglyntley ($2.31 in chips) 
BiM-WiNNeR: posts small blind $0.01
rennah vizine: posts big blind $0.02
*** HOLE CARDS ***
Dealt to Dorex2007 [Jc 7c]
IndigoShirt: folds 
absfcknglyntley: folds 
Dorex2007: folds 
ScrotieMcBugger: folds 
matt blakk: folds 
AlexmenZeVs: folds 
BiM-WiNNeR: raises $0.04 to $0.06
rennah vizine: calls $0.04
*** FLOP *** [6s Jh 3c]
BiM-WiNNeR: checks 
rennah vizine: checks 
*** TURN *** [6s Jh 3c] [5d]
BiM-WiNNeR: checks 
rennah vizine: checks 
*** RIVER *** [6s Jh 3c 5d] [Qd]
BiM-WiNNeR: checks 
rennah vizine: bets $0.02
BiM-WiNNeR: folds 
Uncalled bet ($0.02) returned to rennah vizine
rennah vizine collected $0.12 from pot
rennah vizine: doesn't show hand 
*** SUMMARY ***
Total pot $0.12 | Rake $0 
Board [6s Jh 3c 5d Qd]
Seat 2: Dorex2007 folded before Flop (didn't bet)
Seat 3: ScrotieMcBugger folded before Flop (didn't bet)
Seat 4: matt blakk folded before Flop (didn't bet)
Seat 5: AlexmenZeVs (button) folded before Flop (didn't bet)
Seat 6: BiM-WiNNeR (small blind) folded on the River
Seat 7: rennah vizine (big blind) collected ($0.12)
Seat 8: IndigoShirt folded before Flop (didn't bet)
Seat 9: absfcknglyntley folded before Flop (didn't bet)



PokerStars Hand #233609228372:  Hold'em No Limit ($0.01/$0.02 USD) - 2022/01/29 20:09:50 PT [2022/01/29 23:09:50 ET]
Table 'Albertine III' 9-max Seat #6 is the button
Seat 2: Dorex2007 ($2.13 in chips) 
Seat 3: ScrotieMcBugger ($7.27 in chips) 
Seat 4: matt blakk ($1.97 in chips) 
Seat 5: AlexmenZeVs ($1.94 in chips) 
Seat 6: BiM-WiNNeR ($2.99 in chips) 
Seat 7: rennah vizine ($4.15 in chips) 
Seat 8: IndigoShirt ($2 in chips) 
Seat 9: absfcknglyntley ($2.31 in chips) 
rennah vizine: posts small blind $0.01
IndigoShirt: posts big blind $0.02
*** HOLE CARDS ***
Dealt to Dorex2007 [Tc 3c]
absfcknglyntley: folds 
Dorex2007: folds 
ScrotieMcBugger: folds 
matt blakk: folds 
AlexmenZeVs: folds 
BiM-WiNNeR: raises $0.04 to $0.06
rennah vizine: calls $0.05
IndigoShirt: raises $0.22 to $0.28
BiM-WiNNeR: folds 
rennah vizine: calls $0.22
*** FLOP *** [Jc 5d 5s]
rennah vizine: checks 
IndigoShirt: bets $0.30
rennah vizine: calls $0.30
*** TURN *** [Jc 5d 5s] [Ad]
rennah vizine: checks 
IndigoShirt: bets $1.42 and is all-in
rennah vizine: folds 
Uncalled bet ($1.42) returned to IndigoShirt
IndigoShirt collected $1.18 from pot
IndigoShirt: doesn't show hand 
*** SUMMARY ***
Total pot $1.22 | Rake $0.04 
Board [Jc 5d 5s Ad]
Seat 2: Dorex2007 folded before Flop (didn't bet)
Seat 3: ScrotieMcBugger folded before Flop (didn't bet)
Seat 4: matt blakk folded before Flop (didn't bet)
Seat 5: AlexmenZeVs folded before Flop (didn't bet)
Seat 6: BiM-WiNNeR (button) folded before Flop
Seat 7: rennah vizine (small blind) folded on the Turn
Seat 8: IndigoShirt (big blind) collected ($1.18)
Seat 9: absfcknglyntley folded before Flop (didn't bet)



PokerStars Hand #233609242670:  Hold'em No Limit ($0.01/$0.02 USD) - 2022/01/29 20:10:57 PT [2022/01/29 23:10:57 ET]
Table 'Albertine III' 9-max Seat #7 is the button
Seat 2: Dorex2007 ($2.13 in chips) 
Seat 3: ScrotieMcBugger ($7.27 in chips) 
Seat 4: matt blakk ($1.97 in chips) 
Seat 5: AlexmenZeVs ($1.94 in chips) 
Seat 6: BiM-WiNNeR ($2.93 in chips) 
Seat 7: rennah vizine ($3.57 in chips) 
Seat 8: IndigoShirt ($2.60 in chips) 
Seat 9: absfcknglyntley ($2.31 in chips) 
IndigoShirt: posts small blind $0.01
absfcknglyntley: posts big blind $0.02
*** HOLE CARDS ***
Dealt to Dorex2007 [Td Ac]
Dorex2007: folds 
ScrotieMcBugger: folds 
matt blakk: folds 
AlexmenZeVs: folds 
BiM-WiNNeR: folds 
rennah vizine: calls $0.02
IndigoShirt: raises $0.10 to $0.12
absfcknglyntley: calls $0.10
rennah vizine: calls $0.10
*** FLOP *** [Kd Ts 8c]
IndigoShirt: checks 
absfcknglyntley: checks 
rennah vizine: bets $0.35
IndigoShirt: folds 
absfcknglyntley: folds 
Uncalled bet ($0.35) returned to rennah vizine
rennah vizine collected $0.35 from pot
rennah vizine: doesn't show hand 
*** SUMMARY ***
Total pot $0.36 | Rake $0.01 
Board [Kd Ts 8c]
Seat 2: Dorex2007 folded before Flop (didn't bet)
Seat 3: ScrotieMcBugger folded before Flop (didn't bet)
Seat 4: matt blakk folded before Flop (didn't bet)
Seat 5: AlexmenZeVs folded before Flop (didn't bet)
Seat 6: BiM-WiNNeR folded before Flop (didn't bet)
Seat 7: rennah vizine (button) collected ($0.35)
Seat 8: IndigoShirt (small blind) folded on the Flop
Seat 9: absfcknglyntley (big blind) folded on the Flop



PokerStars Hand #233609252390:  Hold'em No Limit ($0.01/$0.02 USD) - 2022/01/29 20:11:43 PT [2022/01/29 23:11:43 ET]
Table 'Albertine III' 9-max Seat #8 is the button
Seat 2: Dorex2007 ($2.13 in chips) 
Seat 3: ScrotieMcBugger ($7.27 in chips) 
Seat 4: matt blakk ($1.97 in chips) 
Seat 5: AlexmenZeVs ($1.94 in chips) 
Seat 6: BiM-WiNNeR ($2.93 in chips) 
Seat 7: rennah vizine ($3.80 in chips) 
Seat 8: IndigoShirt ($2.48 in chips) 
Seat 9: absfcknglyntley ($2.19 in chips) 
absfcknglyntley: posts small blind $0.01
Dorex2007: posts big blind $0.02
*** HOLE CARDS ***
Dealt to Dorex2007 [6d Qh]
ScrotieMcBugger: folds 
matt blakk: folds 
AlexmenZeVs: folds 
BiM-WiNNeR: folds 
rennah vizine: calls $0.02
IndigoShirt: folds 
absfcknglyntley: raises $0.04 to $0.06
Dorex2007: folds 
rennah vizine: folds 
Uncalled bet ($0.04) returned to absfcknglyntley
absfcknglyntley collected $0.06 from pot
absfcknglyntley: doesn't show hand 
*** SUMMARY ***
Total pot $0.06 | Rake $0 
Seat 2: Dorex2007 (big blind) folded before Flop
Seat 3: ScrotieMcBugger folded before Flop (didn't bet)
Seat 4: matt blakk folded before Flop (didn't bet)
Seat 5: AlexmenZeVs folded before Flop (didn't bet)
Seat 6: BiM-WiNNeR folded before Flop (didn't bet)
Seat 7: rennah vizine folded before Flop
Seat 8: IndigoShirt (button) folded before Flop (didn't bet)
Seat 9: absfcknglyntley (small blind) collected ($0.06)



PokerStars Hand #233609262354:  Hold'em No Limit ($0.01/$0.02 USD) - 2022/01/29 20:12:29 PT [2022/01/29 23:12:29 ET]
Table 'Albertine III' 9-max Seat #9 is the button
Seat 2: Dorex2007 ($2.11 in chips) 
Seat 3: ScrotieMcBugger ($7.27 in chips) 
Seat 4: matt blakk ($1.97 in chips) 
Seat 5: AlexmenZeVs ($1.94 in chips) 
Seat 6: BiM-WiNNeR ($2.93 in chips) 
Seat 7: rennah vizine ($3.78 in chips) 
Seat 8: IndigoShirt ($2.48 in chips) 
Seat 9: absfcknglyntley ($2.23 in chips) 
Dorex2007: posts small blind $0.01
ScrotieMcBugger: posts big blind $0.02
*** HOLE CARDS ***
Dealt to Dorex2007 [2h 3c]
matt blakk: folds 
AlexmenZeVs: folds 
BiM-WiNNeR: folds 
rennah vizine: calls $0.02
IndigoShirt: folds 
absfcknglyntley: folds 
Dorex2007: folds 
ScrotieMcBugger: checks 
*** FLOP *** [6c Ts 5d]
ScrotieMcBugger: checks 
rennah vizine: checks 
*** TURN *** [6c Ts 5d] [Ah]
ScrotieMcBugger: bets $0.02
rennah vizine: calls $0.02
*** RIVER *** [6c Ts 5d Ah] [6d]
ScrotieMcBugger: bets $0.04
rennah vizine: folds 
Uncalled bet ($0.04) returned to ScrotieMcBugger
ScrotieMcBugger collected $0.09 from pot
ScrotieMcBugger: doesn't show hand 
*** SUMMARY ***
Total pot $0.09 | Rake $0 
Board [6c Ts 5d Ah 6d]
Seat 2: Dorex2007 (small blind) folded before Flop
Seat 3: ScrotieMcBugger (big blind) collected ($0.09)
Seat 4: matt blakk folded before Flop (didn't bet)
Seat 5: AlexmenZeVs folded before Flop (didn't bet)
Seat 6: BiM-WiNNeR folded before Flop (didn't bet)
Seat 7: rennah vizine folded on the River
Seat 8: IndigoShirt folded before Flop (didn't bet)
Seat 9: absfcknglyntley (button) folded before Flop (didn't bet)



PokerStars Hand #233609269440:  Hold'em No Limit ($0.01/$0.02 USD) - 2022/01/29 20:13:04 PT [2022/01/29 23:13:04 ET]
Table 'Albertine III' 9-max Seat #2 is the button
Seat 2: Dorex2007 ($2.10 in chips) 
Seat 3: ScrotieMcBugger ($7.32 in chips) 
Seat 4: matt blakk ($1.97 in chips) 
Seat 5: AlexmenZeVs ($1.94 in chips) 
Seat 6: BiM-WiNNeR ($2.93 in chips) 
Seat 7: rennah vizine ($3.74 in chips) 
Seat 8: IndigoShirt ($2.48 in chips) 
Seat 9: absfcknglyntley ($2.23 in chips) 
ScrotieMcBugger: posts small blind $0.01
matt blakk: posts big blind $0.02
*** HOLE CARDS ***
Dealt to Dorex2007 [Kc Jc]
AlexmenZeVs: folds 
BiM-WiNNeR: folds 
rennah vizine: calls $0.02
IndigoShirt: folds 
absfcknglyntley: folds 
Dorex2007: raises $0.04 to $0.06
ScrotieMcBugger: folds 
matt blakk: folds 
rennah vizine: calls $0.04
*** FLOP *** [Tc 5h 4c]
rennah vizine: checks 
Dorex2007: bets $0.09
rennah vizine: folds 
Uncalled bet ($0.09) returned to Dorex2007
Dorex2007 collected $0.14 from pot
Dorex2007: doesn't show hand 
*** SUMMARY ***
Total pot $0.15 | Rake $0.01 
Board [Tc 5h 4c]
Seat 2: Dorex2007 (button) collected ($0.14)
Seat 3: ScrotieMcBugger (small blind) folded before Flop
Seat 4: matt blakk (big blind) folded before Flop
Seat 5: AlexmenZeVs folded before Flop (didn't bet)
Seat 6: BiM-WiNNeR folded before Flop (didn't bet)
Seat 7: rennah vizine folded on the Flop
Seat 8: IndigoShirt folded before Flop (didn't bet)
Seat 9: absfcknglyntley folded before Flop (didn't bet)



PokerStars Hand #233609276396:  Hold'em No Limit ($0.01/$0.02 USD) - 2022/01/29 20:13:37 PT [2022/01/29 23:13:37 ET]
Table 'Albertine III' 9-max Seat #3 is the button
Seat 2: Dorex2007 ($2.18 in chips) 
Seat 3: ScrotieMcBugger ($7.31 in chips) 
Seat 4: matt blakk ($1.95 in chips) 
Seat 5: AlexmenZeVs ($1.94 in chips) 
Seat 6: BiM-WiNNeR ($2.93 in chips) 
Seat 7: rennah vizine ($3.68 in chips) 
Seat 8: IndigoShirt ($2.48 in chips) 
Seat 9: absfcknglyntley ($2.23 in chips) 
matt blakk: posts small blind $0.01
AlexmenZeVs: posts big blind $0.02
*** HOLE CARDS ***
Dealt to Dorex2007 [2c Th]
BiM-WiNNeR: folds 
Gustavok10 leaves the table
rennah vizine: raises $0.02 to $0.04
IndigoShirt: folds 
absfcknglyntley: folds 
Dorex2007: folds 
ScrotieMcBugger: folds 
matt blakk: folds 
AlexmenZeVs: folds 
Uncalled bet ($0.02) returned to rennah vizine
rennah vizine collected $0.05 from pot
*** SUMMARY ***
Total pot $0.05 | Rake $0 
Seat 2: Dorex2007 folded before Flop (didn't bet)
Seat 3: ScrotieMcBugger (button) folded before Flop (didn't bet)
Seat 4: matt blakk (small blind) folded before Flop
Seat 5: AlexmenZeVs (big blind) folded before Flop
Seat 6: BiM-WiNNeR folded before Flop (didn't bet)
Seat 7: rennah vizine collected ($0.05)
Seat 8: IndigoShirt folded before Flop (didn't bet)
Seat 9: absfcknglyntley folded before Flop (didn't bet)



PokerStars Hand #233609280692:  Hold'em No Limit ($0.01/$0.02 USD) - 2022/01/29 20:13:57 PT [2022/01/29 23:13:57 ET]
Table 'Albertine III' 9-max Seat #4 is the button
Seat 2: Dorex2007 ($2.18 in chips) 
Seat 3: ScrotieMcBugger ($7.31 in chips) 
Seat 4: matt blakk ($1.94 in chips) 
Seat 5: AlexmenZeVs ($1.92 in chips) 
Seat 6: BiM-WiNNeR ($2.93 in chips) 
Seat 7: rennah vizine ($3.71 in chips) 
Seat 8: IndigoShirt ($2.48 in chips) 
Seat 9: absfcknglyntley ($2.23 in chips) 
AlexmenZeVs: posts small blind $0.01
BiM-WiNNeR: posts big blind $0.02
*** HOLE CARDS ***
Dealt to Dorex2007 [4c 8h]
rennah vizine: calls $0.02
IndigoShirt: folds 
absfcknglyntley: folds 
Dorex2007: folds 
dudoippon joins the table at seat #1 
ScrotieMcBugger: calls $0.02
matt blakk: folds 
AlexmenZeVs: calls $0.01
BiM-WiNNeR: checks 
*** FLOP *** [2d Td 2c]
AlexmenZeVs: checks 
BiM-WiNNeR: checks 
rennah vizine: checks 
ScrotieMcBugger: checks 
*** TURN *** [2d Td 2c] [6d]
AlexmenZeVs: bets $0.02
BiM-WiNNeR: folds 
rennah vizine: folds 
ScrotieMcBugger: calls $0.02
*** RIVER *** [2d Td 2c 6d] [5d]
AlexmenZeVs: checks 
ScrotieMcBugger: checks 
*** SHOW DOWN ***
AlexmenZeVs: shows [2s Ac] (three of a kind, Deuces)
ScrotieMcBugger: mucks hand 
AlexmenZeVs collected $0.12 from pot
*** SUMMARY ***
Total pot $0.12 | Rake $0 
Board [2d Td 2c 6d 5d]
Seat 2: Dorex2007 folded before Flop (didn't bet)
Seat 3: ScrotieMcBugger mucked [Qs 6s]
Seat 4: matt blakk (button) folded before Flop (didn't bet)
Seat 5: AlexmenZeVs (small blind) showed [2s Ac] and won ($0.12) with three of a kind, Deuces
Seat 6: BiM-WiNNeR (big blind) folded on the Turn
Seat 7: rennah vizine folded on the Turn
Seat 8: IndigoShirt folded before Flop (didn't bet)
Seat 9: absfcknglyntley folded before Flop (didn't bet)



PokerStars Hand #233609289046:  Hold'em No Limit ($0.01/$0.02 USD) - 2022/01/29 20:14:37 PT [2022/01/29 23:14:37 ET]
Table 'Albertine III' 9-max Seat #5 is the button
Seat 2: Dorex2007 ($2.18 in chips) 
Seat 3: ScrotieMcBugger ($7.27 in chips) 
Seat 4: matt blakk ($1.94 in chips) 
Seat 5: AlexmenZeVs ($2 in chips) 
Seat 6: BiM-WiNNeR ($2.91 in chips) 
Seat 7: rennah vizine ($3.69 in chips) 
Seat 8: IndigoShirt ($2.48 in chips) 
Seat 9: absfcknglyntley ($2.23 in chips) 
BiM-WiNNeR: posts small blind $0.01
rennah vizine: posts big blind $0.02
dudoippon: sits out 
*** HOLE CARDS ***
Dealt to Dorex2007 [9d 3d]
IndigoShirt: folds 
absfcknglyntley: folds 
Dorex2007: folds 
ScrotieMcBugger: folds 
matt blakk: folds 
AlexmenZeVs: raises $0.03 to $0.05
BiM-WiNNeR: folds 
rennah vizine: calls $0.03
*** FLOP *** [Kh 7c Ad]
rennah vizine: bets $0.11
AlexmenZeVs: folds 
Uncalled bet ($0.11) returned to rennah vizine
rennah vizine collected $0.11 from pot
rennah vizine: doesn't show hand 
*** SUMMARY ***
Total pot $0.11 | Rake $0 
Board [Kh 7c Ad]
Seat 2: Dorex2007 folded before Flop (didn't bet)
Seat 3: ScrotieMcBugger folded before Flop (didn't bet)
Seat 4: matt blakk folded before Flop (didn't bet)
Seat 5: AlexmenZeVs (button) folded on the Flop
Seat 6: BiM-WiNNeR (small blind) folded before Flop
Seat 7: rennah vizine (big blind) collected ($0.11)
Seat 8: IndigoShirt folded before Flop (didn't bet)
Seat 9: absfcknglyntley folded before Flop (didn't bet)



PokerStars Hand #233609299128:  Hold'em No Limit ($0.01/$0.02 USD) - 2022/01/29 20:15:25 PT [2022/01/29 23:15:25 ET]
Table 'Albertine III' 9-max Seat #6 is the button
Seat 2: Dorex2007 ($2.18 in chips) 
Seat 3: ScrotieMcBugger ($7.27 in chips) 
Seat 4: matt blakk ($1.94 in chips) 
Seat 5: AlexmenZeVs ($1.95 in chips) 
Seat 6: BiM-WiNNeR ($2.90 in chips) 
Seat 7: rennah vizine ($3.75 in chips) 
Seat 8: IndigoShirt ($2.48 in chips) 
Seat 9: absfcknglyntley ($2.23 in chips) 
rennah vizine: posts small blind $0.01
IndigoShirt: posts big blind $0.02
dudoippon: sits out 
*** HOLE CARDS ***
Dealt to Dorex2007 [7d Jd]
absfcknglyntley: folds 
Dorex2007: folds 
ScrotieMcBugger: folds 
matt blakk: raises $0.04 to $0.06
AlexmenZeVs: folds 
BiM-WiNNeR: calls $0.06
rennah vizine: folds 
IndigoShirt: folds 
*** FLOP *** [7h 4c 6d]
matt blakk: checks 
BiM-WiNNeR: checks 
*** TURN *** [7h 4c 6d] [Qs]
matt blakk: checks 
BiM-WiNNeR: checks 
*** RIVER *** [7h 4c 6d Qs] [3h]
matt blakk: checks 
BiM-WiNNeR: checks 
*** SHOW DOWN ***
matt blakk: shows [As Ts] (high card Ace)
BiM-WiNNeR: shows [5h 5d] (a straight, Three to Seven)
BiM-WiNNeR collected $0.14 from pot
*** SUMMARY ***
Total pot $0.15 | Rake $0.01 
Board [7h 4c 6d Qs 3h]
Seat 2: Dorex2007 folded before Flop (didn't bet)
Seat 3: ScrotieMcBugger folded before Flop (didn't bet)
Seat 4: matt blakk showed [As Ts] and lost with high card Ace
Seat 5: AlexmenZeVs folded before Flop (didn't bet)
Seat 6: BiM-WiNNeR (button) showed [5h 5d] and won ($0.14) with a straight, Three to Seven
Seat 7: rennah vizine (small blind) folded before Flop
Seat 8: IndigoShirt (big blind) folded before Flop
Seat 9: absfcknglyntley folded before Flop (didn't bet)



PokerStars Hand #233609307657:  Hold'em No Limit ($0.01/$0.02 USD) - 2022/01/29 20:16:05 PT [2022/01/29 23:16:05 ET]
Table 'Albertine III' 9-max Seat #7 is the button
Seat 2: Dorex2007 ($2.18 in chips) 
Seat 3: ScrotieMcBugger ($7.27 in chips) 
Seat 4: matt blakk ($1.88 in chips) 
Seat 5: AlexmenZeVs ($1.95 in chips) 
Seat 6: BiM-WiNNeR ($2.98 in chips) 
Seat 7: rennah vizine ($3.74 in chips) 
Seat 8: IndigoShirt ($2.46 in chips) 
Seat 9: absfcknglyntley ($2.23 in chips) 
IndigoShirt: posts small blind $0.01
absfcknglyntley: posts big blind $0.02
dudoippon: sits out 
*** HOLE CARDS ***
Dealt to Dorex2007 [9s 9h]
Dorex2007: raises $0.04 to $0.06
ScrotieMcBugger: folds 
matt blakk: raises $0.22 to $0.28
AlexmenZeVs: folds 
BiM-WiNNeR: folds 
rennah vizine: calls $0.28
IndigoShirt: folds 
absfcknglyntley: folds 
Dorex2007: folds 
*** FLOP *** [8s Ks 6h]
matt blakk: checks 
rennah vizine: checks 
*** TURN *** [8s Ks 6h] [8d]
matt blakk: bets $0.30
rennah vizine: folds 
Uncalled bet ($0.30) returned to matt blakk
matt blakk collected $0.63 from pot
*** SUMMARY ***
Total pot $0.65 | Rake $0.02 
Board [8s Ks 6h 8d]
Seat 2: Dorex2007 folded before Flop
Seat 3: ScrotieMcBugger folded before Flop (didn't bet)
Seat 4: matt blakk collected ($0.63)
Seat 5: AlexmenZeVs folded before Flop (didn't bet)
Seat 6: BiM-WiNNeR folded before Flop (didn't bet)
Seat 7: rennah vizine (button) folded on the Turn
Seat 8: IndigoShirt (small blind) folded before Flop
Seat 9: absfcknglyntley (big blind) folded before Flop



PokerStars Hand #233609328963:  Hold'em No Limit ($0.01/$0.02 USD) - 2022/01/29 20:17:46 PT [2022/01/29 23:17:46 ET]
Table 'Albertine III' 9-max Seat #8 is the button
Seat 1: dudoippon ($1.60 in chips) 
Seat 2: Dorex2007 ($2.12 in chips) 
Seat 3: ScrotieMcBugger ($7.27 in chips) 
Seat 4: matt blakk ($2.23 in chips) 
Seat 5: AlexmenZeVs ($1.95 in chips) 
Seat 6: BiM-WiNNeR ($2.98 in chips) 
Seat 7: rennah vizine ($3.46 in chips) 
Seat 8: IndigoShirt ($2.45 in chips) 
Seat 9: absfcknglyntley ($2.21 in chips) 
absfcknglyntley: posts small blind $0.01
dudoippon: posts big blind $0.02
*** HOLE CARDS ***
Dealt to Dorex2007 [8h 6c]
Dorex2007: folds 
ScrotieMcBugger: folds 
matt blakk: raises $0.04 to $0.06
AlexmenZeVs: folds 
BiM-WiNNeR: calls $0.06
rennah vizine: raises $0.04 to $0.10
IndigoShirt: folds 
absfcknglyntley: folds 
dudoippon: folds 
matt blakk: calls $0.04
BiM-WiNNeR: calls $0.04
*** FLOP *** [5s 3h 2h]
matt blakk: checks 
BiM-WiNNeR: checks 
rennah vizine: bets $0.32
matt blakk: folds 
BiM-WiNNeR: folds 
Uncalled bet ($0.32) returned to rennah vizine
rennah vizine collected $0.32 from pot
rennah vizine: doesn't show hand 
*** SUMMARY ***
Total pot $0.33 | Rake $0.01 
Board [5s 3h 2h]
Seat 1: dudoippon (big blind) folded before Flop
Seat 2: Dorex2007 folded before Flop (didn't bet)
Seat 3: ScrotieMcBugger folded before Flop (didn't bet)
Seat 4: matt blakk folded on the Flop
Seat 5: AlexmenZeVs folded before Flop (didn't bet)
Seat 6: BiM-WiNNeR folded on the Flop
Seat 7: rennah vizine collected ($0.32)
Seat 8: IndigoShirt (button) folded before Flop (didn't bet)
Seat 9: absfcknglyntley (small blind) folded before Flop



PokerStars Hand #233609340307:  Hold'em No Limit ($0.01/$0.02 USD) - 2022/01/29 20:18:40 PT [2022/01/29 23:18:40 ET]
Table 'Albertine III' 9-max Seat #9 is the button
Seat 1: dudoippon ($1.58 in chips) 
Seat 2: Dorex2007 ($2.12 in chips) 
Seat 3: ScrotieMcBugger ($7.27 in chips) 
Seat 4: matt blakk ($2.13 in chips) 
Seat 5: AlexmenZeVs ($1.95 in chips) 
Seat 6: BiM-WiNNeR ($2.88 in chips) 
Seat 7: rennah vizine ($3.68 in chips) 
Seat 8: IndigoShirt ($2.45 in chips) 
Seat 9: absfcknglyntley ($2.20 in chips) 
dudoippon: posts small blind $0.01
Dorex2007: posts big blind $0.02
*** HOLE CARDS ***
Dealt to Dorex2007 [Kd 5h]
ScrotieMcBugger: folds 
matt blakk: folds 
AlexmenZeVs: folds 
BiM-WiNNeR: folds 
rennah vizine: calls $0.02
IndigoShirt: folds 
absfcknglyntley: raises $0.06 to $0.08
dudoippon: folds 
Dorex2007: folds 
rennah vizine: calls $0.06
*** FLOP *** [6c Ks Td]
rennah vizine: bets $0.02
absfcknglyntley: raises $0.10 to $0.12
rennah vizine: calls $0.10
*** TURN *** [6c Ks Td] [2h]
rennah vizine: bets $0.47
absfcknglyntley: folds 
Uncalled bet ($0.47) returned to rennah vizine
rennah vizine collected $0.41 from pot
rennah vizine: doesn't show hand 
*** SUMMARY ***
Total pot $0.43 | Rake $0.02 
Board [6c Ks Td 2h]
Seat 1: dudoippon (small blind) folded before Flop
Seat 2: Dorex2007 (big blind) folded before Flop
Seat 3: ScrotieMcBugger folded before Flop (didn't bet)
Seat 4: matt blakk folded before Flop (didn't bet)
Seat 5: AlexmenZeVs folded before Flop (didn't bet)
Seat 6: BiM-WiNNeR folded before Flop (didn't bet)
Seat 7: rennah vizine collected ($0.41)
Seat 8: IndigoShirt folded before Flop (didn't bet)
Seat 9: absfcknglyntley (button) folded on the Turn



PokerStars Hand #233609354210:  Hold'em No Limit ($0.01/$0.02 USD) - 2022/01/29 20:19:46 PT [2022/01/29 23:19:46 ET]
Table 'Albertine III' 9-max Seat #1 is the button
Seat 1: dudoippon ($1.57 in chips) 
Seat 2: Dorex2007 ($2.10 in chips) 
Seat 3: ScrotieMcBugger ($7.27 in chips) 
Seat 4: matt blakk ($2.13 in chips) 
Seat 5: AlexmenZeVs ($1.95 in chips) 
Seat 6: BiM-WiNNeR ($2.88 in chips) 
Seat 7: rennah vizine ($3.89 in chips) 
Seat 8: IndigoShirt ($2.45 in chips) 
Seat 9: absfcknglyntley ($2 in chips) 
Dorex2007: posts small blind $0.01
ScrotieMcBugger: posts big blind $0.02
*** HOLE CARDS ***
Dealt to Dorex2007 [Tc Ts]
matt blakk: folds 
AlexmenZeVs: folds 
BiM-WiNNeR: folds 
rennah vizine: calls $0.02
IndigoShirt: raises $0.07 to $0.09
absfcknglyntley: folds 
dudoippon: folds 
Dorex2007: calls $0.08
ScrotieMcBugger: folds 
rennah vizine: calls $0.07
*** FLOP *** [5c 2d 5d]
Dorex2007: checks 
rennah vizine: checks 
IndigoShirt: bets $0.21
Dorex2007: raises $0.70 to $0.91
rennah vizine: folds 
IndigoShirt: folds 
Uncalled bet ($0.70) returned to Dorex2007
Dorex2007 collected $0.69 from pot
Dorex2007: doesn't show hand 
*** SUMMARY ***
Total pot $0.71 | Rake $0.02 
Board [5c 2d 5d]
Seat 1: dudoippon (button) folded before Flop (didn't bet)
Seat 2: Dorex2007 (small blind) collected ($0.69)
Seat 3: ScrotieMcBugger (big blind) folded before Flop
Seat 4: matt blakk folded before Flop (didn't bet)
Seat 5: AlexmenZeVs folded before Flop (didn't bet)
Seat 6: BiM-WiNNeR folded before Flop (didn't bet)
Seat 7: rennah vizine folded on the Flop
Seat 8: IndigoShirt folded on the Flop
Seat 9: absfcknglyntley folded before Flop (didn't bet)



PokerStars Hand #233609367262:  Hold'em No Limit ($0.01/$0.02 USD) - 2022/01/29 20:20:49 PT [2022/01/29 23:20:49 ET]
Table 'Albertine III' 9-max Seat #2 is the button
Seat 1: dudoippon ($1.57 in chips) 
Seat 2: Dorex2007 ($2.49 in chips) 
Seat 3: ScrotieMcBugger ($7.25 in chips) 
Seat 4: matt blakk ($2.13 in chips) 
Seat 5: AlexmenZeVs ($1.95 in chips) 
Seat 6: BiM-WiNNeR ($2.88 in chips) 
Seat 7: rennah vizine ($3.80 in chips) 
Seat 8: IndigoShirt ($2.15 in chips) 
Seat 9: absfcknglyntley ($2 in chips) 
ScrotieMcBugger: posts small blind $0.01
matt blakk: posts big blind $0.02
*** HOLE CARDS ***
Dealt to Dorex2007 [2d 7d]
AlexmenZeVs: raises $0.04 to $0.06
BiM-WiNNeR: folds 
rennah vizine: calls $0.06
IndigoShirt: folds 
absfcknglyntley: folds 
dudoippon: calls $0.06
Dorex2007: folds 
ScrotieMcBugger: folds 
matt blakk: calls $0.04
*** FLOP *** [8d 5h 4c]
matt blakk: checks 
AlexmenZeVs: checks 
rennah vizine: checks 
dudoippon: checks 
*** TURN *** [8d 5h 4c] [Tc]
matt blakk: checks 
AlexmenZeVs: checks 
rennah vizine: checks 
dudoippon: checks 
*** RIVER *** [8d 5h 4c Tc] [3s]
matt blakk: checks 
AlexmenZeVs: checks 
rennah vizine: bets $0.12
dudoippon: folds 
matt blakk: folds 
AlexmenZeVs: folds 
Uncalled bet ($0.12) returned to rennah vizine
rennah vizine collected $0.24 from pot
rennah vizine: doesn't show hand 
*** SUMMARY ***
Total pot $0.25 | Rake $0.01 
Board [8d 5h 4c Tc 3s]
Seat 1: dudoippon folded on the River
Seat 2: Dorex2007 (button) folded before Flop (didn't bet)
Seat 3: ScrotieMcBugger (small blind) folded before Flop
Seat 4: matt blakk (big blind) folded on the River
Seat 5: AlexmenZeVs folded on the River
Seat 6: BiM-WiNNeR folded before Flop (didn't bet)
Seat 7: rennah vizine collected ($0.24)
Seat 8: IndigoShirt folded before Flop (didn't bet)
Seat 9: absfcknglyntley folded before Flop (didn't bet)



PokerStars Hand #233609385868:  Hold'em No Limit ($0.01/$0.02 USD) - 2022/01/29 20:22:18 PT [2022/01/29 23:22:18 ET]
Table 'Albertine III' 9-max Seat #3 is the button
Seat 1: dudoippon ($1.51 in chips) 
Seat 2: Dorex2007 ($2.49 in chips) 
Seat 3: ScrotieMcBugger ($7.24 in chips) 
Seat 4: matt blakk ($2.07 in chips) 
Seat 5: AlexmenZeVs ($1.89 in chips) 
Seat 6: BiM-WiNNeR ($2.88 in chips) 
Seat 7: rennah vizine ($3.98 in chips) 
Seat 8: IndigoShirt ($2.15 in chips) 
Seat 9: absfcknglyntley ($2 in chips) 
matt blakk: posts small blind $0.01
AlexmenZeVs: posts big blind $0.02
*** HOLE CARDS ***
Dealt to Dorex2007 [7h 7c]
BiM-WiNNeR: folds 
rennah vizine: raises $0.08 to $0.10
IndigoShirt: folds 
absfcknglyntley: folds 
dudoippon: folds 
Dorex2007: folds 
ScrotieMcBugger: folds 
matt blakk: folds 
AlexmenZeVs: folds 
Uncalled bet ($0.08) returned to rennah vizine
rennah vizine collected $0.05 from pot
rennah vizine: doesn't show hand 
*** SUMMARY ***
Total pot $0.05 | Rake $0 
Seat 1: dudoippon folded before Flop (didn't bet)
Seat 2: Dorex2007 folded before Flop (didn't bet)
Seat 3: ScrotieMcBugger (button) folded before Flop (didn't bet)
Seat 4: matt blakk (small blind) folded before Flop
Seat 5: AlexmenZeVs (big blind) folded before Flop
Seat 6: BiM-WiNNeR folded before Flop (didn't bet)
Seat 7: rennah vizine collected ($0.05)
Seat 8: IndigoShirt folded before Flop (didn't bet)
Seat 9: absfcknglyntley folded before Flop (didn't bet)



PokerStars Hand #233609391322:  Hold'em No Limit ($0.01/$0.02 USD) - 2022/01/29 20:22:44 PT [2022/01/29 23:22:44 ET]
Table 'Albertine III' 9-max Seat #4 is the button
Seat 1: dudoippon ($1.51 in chips) 
Seat 2: Dorex2007 ($2.49 in chips) 
Seat 3: ScrotieMcBugger ($7.24 in chips) 
Seat 4: matt blakk ($2.06 in chips) 
Seat 5: AlexmenZeVs ($1.87 in chips) 
Seat 6: BiM-WiNNeR ($2.88 in chips) 
Seat 7: rennah vizine ($4.01 in chips) 
Seat 8: IndigoShirt ($2.15 in chips) 
Seat 9: absfcknglyntley ($2 in chips) 
AlexmenZeVs: posts small blind $0.01
BiM-WiNNeR: posts big blind $0.02
*** HOLE CARDS ***
Dealt to Dorex2007 [3s 9c]
rennah vizine: calls $0.02
IndigoShirt: folds 
absfcknglyntley: folds 
dudoippon: raises $0.02 to $0.04
Dorex2007: folds 
ScrotieMcBugger: calls $0.04
matt blakk: folds 
AlexmenZeVs: folds 
BiM-WiNNeR: folds 
rennah vizine: calls $0.02
*** FLOP *** [Qs 6h 8h]
rennah vizine: checks 
dudoippon: bets $0.07
ScrotieMcBugger: folds 
rennah vizine: folds 
Uncalled bet ($0.07) returned to dudoippon
dudoippon collected $0.14 from pot
dudoippon: doesn't show hand 
*** SUMMARY ***
Total pot $0.15 | Rake $0.01 
Board [Qs 6h 8h]
Seat 1: dudoippon collected ($0.14)
Seat 2: Dorex2007 folded before Flop (didn't bet)
Seat 3: ScrotieMcBugger folded on the Flop
Seat 4: matt blakk (button) folded before Flop (didn't bet)
Seat 5: AlexmenZeVs (small blind) folded before Flop
Seat 6: BiM-WiNNeR (big blind) folded before Flop
Seat 7: rennah vizine folded on the Flop
Seat 8: IndigoShirt folded before Flop (didn't bet)
Seat 9: absfcknglyntley folded before Flop (didn't bet)



PokerStars Hand #233609398658:  Hold'em No Limit ($0.01/$0.02 USD) - 2022/01/29 20:23:19 PT [2022/01/29 23:23:19 ET]
Table 'Albertine III' 9-max Seat #5 is the button
Seat 1: dudoippon ($1.61 in chips) 
Seat 2: Dorex2007 ($2.49 in chips) 
Seat 3: ScrotieMcBugger ($7.20 in chips) 
Seat 4: matt blakk ($2.06 in chips) 
Seat 5: AlexmenZeVs ($1.86 in chips) 
Seat 6: BiM-WiNNeR ($2.86 in chips) 
Seat 7: rennah vizine ($3.97 in chips) 
Seat 8: IndigoShirt ($2.15 in chips) 
Seat 9: absfcknglyntley ($2 in chips) 
BiM-WiNNeR: posts small blind $0.01
rennah vizine: posts big blind $0.02
*** HOLE CARDS ***
Dealt to Dorex2007 [2s 4h]
IndigoShirt: folds 
absfcknglyntley: folds 
dudoippon: raises $0.02 to $0.04
Dorex2007: folds 
ScrotieMcBugger: folds 
matt blakk: folds 
AlexmenZeVs: folds 
BiM-WiNNeR: calls $0.03
rennah vizine: calls $0.02
*** FLOP *** [6c Ts Qh]
BiM-WiNNeR: checks 
rennah vizine: checks 
dudoippon: checks 
*** TURN *** [6c Ts Qh] [Kh]
BiM-WiNNeR: checks 
rennah vizine: bets $0.06
dudoippon: raises $0.06 to $0.12
BiM-WiNNeR: folds 
rennah vizine: raises $0.06 to $0.18
dudoippon: raises $1.39 to $1.57 and is all-in
rennah vizine: calls $1.39
*** RIVER *** [6c Ts Qh Kh] [Kd]
*** SHOW DOWN ***
rennah vizine: shows [Jh Ah] (a straight, Ten to Ace)
dudoippon: shows [Ad Js] (a straight, Ten to Ace)
rennah vizine collected $1.58 from pot
dudoippon collected $1.57 from pot
*** SUMMARY ***
Total pot $3.26 | Rake $0.11 
Board [6c Ts Qh Kh Kd]
Seat 1: dudoippon showed [Ad Js] and won ($1.57) with a straight, Ten to Ace
Seat 2: Dorex2007 folded before Flop (didn't bet)
Seat 3: ScrotieMcBugger folded before Flop (didn't bet)
Seat 4: matt blakk folded before Flop (didn't bet)
Seat 5: AlexmenZeVs (button) folded before Flop (didn't bet)
Seat 6: BiM-WiNNeR (small blind) folded on the Turn
Seat 7: rennah vizine (big blind) showed [Jh Ah] and won ($1.58) with a straight, Ten to Ace
Seat 8: IndigoShirt folded before Flop (didn't bet)
Seat 9: absfcknglyntley folded before Flop (didn't bet)



PokerStars Hand #233609412692:  Hold'em No Limit ($0.01/$0.02 USD) - 2022/01/29 20:24:26 PT [2022/01/29 23:24:26 ET]
Table 'Albertine III' 9-max Seat #6 is the button
Seat 1: dudoippon ($1.57 in chips) 
Seat 2: Dorex2007 ($2.49 in chips) 
Seat 3: ScrotieMcBugger ($7.20 in chips) 
Seat 4: matt blakk ($2.06 in chips) 
Seat 5: AlexmenZeVs ($1.86 in chips) 
Seat 6: BiM-WiNNeR ($2.82 in chips) 
Seat 7: rennah vizine ($3.94 in chips) 
Seat 8: IndigoShirt ($2.15 in chips) 
Seat 9: absfcknglyntley ($2 in chips) 
rennah vizine: posts small blind $0.01
IndigoShirt: posts big blind $0.02
*** HOLE CARDS ***
Dealt to Dorex2007 [Js Ah]
absfcknglyntley: folds 
dudoippon: raises $0.02 to $0.04
Dorex2007: folds 
ScrotieMcBugger: folds 
matt blakk: folds 
AlexmenZeVs: folds 
BiM-WiNNeR: folds 
rennah vizine: calls $0.03
IndigoShirt: folds 
*** FLOP *** [Jh 7c 8h]
rennah vizine: checks 
dudoippon: bets $0.05
rennah vizine: calls $0.05
*** TURN *** [Jh 7c 8h] [5s]
rennah vizine: checks 
dudoippon: bets $0.10
rennah vizine: calls $0.10
*** RIVER *** [Jh 7c 8h 5s] [9s]
rennah vizine: checks 
dudoippon: bets $0.10
rennah vizine: raises $0.10 to $0.20
dudoippon: calls $0.10
*** SHOW DOWN ***
rennah vizine: shows [6h 5d] (a straight, Five to Nine)
dudoippon: mucks hand 
rennah vizine collected $0.77 from pot
*** SUMMARY ***
Total pot $0.80 | Rake $0.03 
Board [Jh 7c 8h 5s 9s]
Seat 1: dudoippon mucked [Kc Ks]
Seat 2: Dorex2007 folded before Flop (didn't bet)
Seat 3: ScrotieMcBugger folded before Flop (didn't bet)
Seat 4: matt blakk folded before Flop (didn't bet)
Seat 5: AlexmenZeVs folded before Flop (didn't bet)
Seat 6: BiM-WiNNeR (button) folded before Flop (didn't bet)
Seat 7: rennah vizine (small blind) showed [6h 5d] and won ($0.77) with a straight, Five to Nine
Seat 8: IndigoShirt (big blind) folded before Flop
Seat 9: absfcknglyntley folded before Flop (didn't bet)



PokerStars Hand #233609429539:  Hold'em No Limit ($0.01/$0.02 USD) - 2022/01/29 20:25:47 PT [2022/01/29 23:25:47 ET]
Table 'Albertine III' 9-max Seat #7 is the button
Seat 1: dudoippon ($1.18 in chips) 
Seat 2: Dorex2007 ($2.49 in chips) 
Seat 3: ScrotieMcBugger ($7.20 in chips) 
Seat 4: matt blakk ($2.06 in chips) 
Seat 5: AlexmenZeVs ($1.86 in chips) 
Seat 6: BiM-WiNNeR ($2.82 in chips) 
Seat 7: rennah vizine ($4.32 in chips) 
Seat 8: IndigoShirt ($2.13 in chips) 
Seat 9: absfcknglyntley ($2 in chips) 
IndigoShirt: posts small blind $0.01
absfcknglyntley: posts big blind $0.02
*** HOLE CARDS ***
Dealt to Dorex2007 [As 4d]
dudoippon: calls $0.02
Dorex2007: folds 
ScrotieMcBugger: folds 
matt blakk: folds 
AlexmenZeVs: folds 
BiM-WiNNeR: folds 
rennah vizine: calls $0.02
IndigoShirt: calls $0.01
absfcknglyntley: checks 
*** FLOP *** [6d Ks Kc]
IndigoShirt: checks 
absfcknglyntley: checks 
dudoippon: bets $0.04
rennah vizine: folds 
IndigoShirt: folds 
absfcknglyntley: folds 
Uncalled bet ($0.04) returned to dudoippon
dudoippon collected $0.08 from pot
dudoippon: doesn't show hand 
*** SUMMARY ***
Total pot $0.08 | Rake $0 
Board [6d Ks Kc]
Seat 1: dudoippon collected ($0.08)
Seat 2: Dorex2007 folded before Flop (didn't bet)
Seat 3: ScrotieMcBugger folded before Flop (didn't bet)
Seat 4: matt blakk folded before Flop (didn't bet)
Seat 5: AlexmenZeVs folded before Flop (didn't bet)
Seat 6: BiM-WiNNeR folded before Flop (didn't bet)
Seat 7: rennah vizine (button) folded on the Flop
Seat 8: IndigoShirt (small blind) folded on the Flop
Seat 9: absfcknglyntley (big blind) folded on the Flop



PokerStars Hand #233609449091:  Hold'em No Limit ($0.01/$0.02 USD) - 2022/01/29 20:27:04 PT [2022/01/29 23:27:04 ET]
Table 'Albertine III' 9-max Seat #8 is the button
Seat 1: dudoippon ($1.24 in chips) 
Seat 2: Dorex2007 ($2.49 in chips) 
Seat 3: ScrotieMcBugger ($7.20 in chips) 
Seat 4: matt blakk ($2.06 in chips) 
Seat 5: AlexmenZeVs ($1.86 in chips) 
Seat 6: BiM-WiNNeR ($2.82 in chips) 
Seat 7: rennah vizine ($4.30 in chips) 
Seat 8: IndigoShirt ($2.11 in chips) 
Seat 9: absfcknglyntley ($2 in chips) 
absfcknglyntley: posts small blind $0.01
dudoippon: posts big blind $0.02
*** HOLE CARDS ***
Dealt to Dorex2007 [Kh Ah]
Dorex2007: raises $0.04 to $0.06
ScrotieMcBugger: folds 
matt blakk: folds 
AlexmenZeVs: folds 
BiM-WiNNeR: folds 
rennah vizine: calls $0.06
IndigoShirt: folds 
absfcknglyntley: folds 
dudoippon: folds 
*** FLOP *** [7s 6s 8s]
Dorex2007: bets $0.07
rennah vizine: calls $0.07
*** TURN *** [7s 6s 8s] [6d]
Dorex2007: checks 
rennah vizine: checks 
*** RIVER *** [7s 6s 8s 6d] [8c]
Dorex2007: bets $0.14
rennah vizine: folds 
Uncalled bet ($0.14) returned to Dorex2007
Dorex2007 collected $0.28 from pot
Dorex2007: doesn't show hand 
*** SUMMARY ***
Total pot $0.29 | Rake $0.01 
Board [7s 6s 8s 6d 8c]
Seat 1: dudoippon (big blind) folded before Flop
Seat 2: Dorex2007 collected ($0.28)
Seat 3: ScrotieMcBugger folded before Flop (didn't bet)
Seat 4: matt blakk folded before Flop (didn't bet)
Seat 5: AlexmenZeVs folded before Flop (didn't bet)
Seat 6: BiM-WiNNeR folded before Flop (didn't bet)
Seat 7: rennah vizine folded on the River
Seat 8: IndigoShirt (button) folded before Flop (didn't bet)
Seat 9: absfcknglyntley (small blind) folded before Flop



PokerStars Hand #233609459147:  Hold'em No Limit ($0.01/$0.02 USD) - 2022/01/29 20:27:52 PT [2022/01/29 23:27:52 ET]
Table 'Albertine III' 9-max Seat #9 is the button
Seat 1: dudoippon ($1.22 in chips) 
Seat 2: Dorex2007 ($2.64 in chips) 
Seat 3: ScrotieMcBugger ($7.20 in chips) 
Seat 4: matt blakk ($2.06 in chips) 
Seat 5: AlexmenZeVs ($1.86 in chips) 
Seat 6: BiM-WiNNeR ($2.82 in chips) 
Seat 7: rennah vizine ($4.17 in chips) 
Seat 8: IndigoShirt ($2.11 in chips) 
Seat 9: absfcknglyntley ($2 in chips) 
dudoippon: posts small blind $0.01
Dorex2007: posts big blind $0.02
*** HOLE CARDS ***
Dealt to Dorex2007 [4c Ts]
ScrotieMcBugger: folds 
matt blakk: folds 
AlexmenZeVs: raises $0.04 to $0.06
BiM-WiNNeR: folds 
rennah vizine: folds 
IndigoShirt: folds 
absfcknglyntley: folds 
dudoippon: folds 
Dorex2007: folds 
Uncalled bet ($0.04) returned to AlexmenZeVs
AlexmenZeVs collected $0.05 from pot
AlexmenZeVs: doesn't show hand 
*** SUMMARY ***
Total pot $0.05 | Rake $0 
Seat 1: dudoippon (small blind) folded before Flop
Seat 2: Dorex2007 (big blind) folded before Flop
Seat 3: ScrotieMcBugger folded before Flop (didn't bet)
Seat 4: matt blakk folded before Flop (didn't bet)
Seat 5: AlexmenZeVs collected ($0.05)
Seat 6: BiM-WiNNeR folded before Flop (didn't bet)
Seat 7: rennah vizine folded before Flop (didn't bet)
Seat 8: IndigoShirt folded before Flop (didn't bet)
Seat 9: absfcknglyntley (button) folded before Flop (didn't bet)



PokerStars Hand #233609464070:  Hold'em No Limit ($0.01/$0.02 USD) - 2022/01/29 20:28:16 PT [2022/01/29 23:28:16 ET]
Table 'Albertine III' 9-max Seat #1 is the button
Seat 1: dudoippon ($1.21 in chips) 
Seat 2: Dorex2007 ($2.62 in chips) 
Seat 3: ScrotieMcBugger ($7.20 in chips) 
Seat 4: matt blakk ($2.06 in chips) 
Seat 5: AlexmenZeVs ($1.89 in chips) 
Seat 6: BiM-WiNNeR ($2.82 in chips) 
Seat 7: rennah vizine ($4.17 in chips) 
Seat 8: IndigoShirt ($2.11 in chips) 
Seat 9: absfcknglyntley ($2 in chips) 
Dorex2007: posts small blind $0.01
ScrotieMcBugger: posts big blind $0.02
*** HOLE CARDS ***
Dealt to Dorex2007 [Ac 6c]
matt blakk: folds 
AlexmenZeVs: raises $0.04 to $0.06
BiM-WiNNeR: folds 
rennah vizine: calls $0.06
IndigoShirt: calls $0.06
absfcknglyntley: folds 
absfcknglyntley leaves the table
dudoippon: folds 
Dorex2007: folds 
ScrotieMcBugger: folds 
*** FLOP *** [Ts 5h Td]
AlexmenZeVs: checks 
rennah vizine: checks 
Lutaapi joins the table at seat #9 
IndigoShirt: bets $0.10
AlexmenZeVs: folds 
rennah vizine: folds 
Uncalled bet ($0.10) returned to IndigoShirt
IndigoShirt collected $0.20 from pot
IndigoShirt: doesn't show hand 
*** SUMMARY ***
Total pot $0.21 | Rake $0.01 
Board [Ts 5h Td]
Seat 1: dudoippon (button) folded before Flop (didn't bet)
Seat 2: Dorex2007 (small blind) folded before Flop
Seat 3: ScrotieMcBugger (big blind) folded before Flop
Seat 4: matt blakk folded before Flop (didn't bet)
Seat 5: AlexmenZeVs folded on the Flop
Seat 6: BiM-WiNNeR folded before Flop (didn't bet)
Seat 7: rennah vizine folded on the Flop
Seat 8: IndigoShirt collected ($0.20)
Seat 9: absfcknglyntley folded before Flop (didn't bet)



PokerStars Hand #233609471891:  Hold'em No Limit ($0.01/$0.02 USD) - 2022/01/29 20:28:54 PT [2022/01/29 23:28:54 ET]
Table 'Albertine III' 9-max Seat #2 is the button
Seat 1: dudoippon ($1.21 in chips) 
Seat 2: Dorex2007 ($2.61 in chips) 
Seat 3: ScrotieMcBugger ($7.18 in chips) 
Seat 4: matt blakk ($2.06 in chips) 
Seat 5: AlexmenZeVs ($1.83 in chips) 
Seat 6: BiM-WiNNeR ($2.82 in chips) 
Seat 7: rennah vizine ($4.11 in chips) 
Seat 8: IndigoShirt ($2.25 in chips) 
Seat 9: Lutaapi ($2 in chips) 
ScrotieMcBugger: posts small blind $0.01
matt blakk: posts big blind $0.02
Lutaapi: posts big blind $0.02
*** HOLE CARDS ***
Dealt to Dorex2007 [7s 7c]
AlexmenZeVs: folds 
BiM-WiNNeR: folds 
rennah vizine: calls $0.02
IndigoShirt: raises $0.09 to $0.11
Lutaapi: folds 
dudoippon: folds 
Dorex2007: folds 
ScrotieMcBugger: folds 
matt blakk: folds 
rennah vizine: calls $0.09
*** FLOP *** [As Js Qd]
rennah vizine: checks 
IndigoShirt: bets $0.20
rennah vizine: folds 
Uncalled bet ($0.20) returned to IndigoShirt
IndigoShirt collected $0.26 from pot
IndigoShirt: doesn't show hand 
*** SUMMARY ***
Total pot $0.27 | Rake $0.01 
Board [As Js Qd]
Seat 1: dudoippon folded before Flop (didn't bet)
Seat 2: Dorex2007 (button) folded before Flop (didn't bet)
Seat 3: ScrotieMcBugger (small blind) folded before Flop
Seat 4: matt blakk (big blind) folded before Flop
Seat 5: AlexmenZeVs folded before Flop (didn't bet)
Seat 6: BiM-WiNNeR folded before Flop (didn't bet)
Seat 7: rennah vizine folded on the Flop
Seat 8: IndigoShirt collected ($0.26)
Seat 9: Lutaapi folded before Flop (didn't bet)



PokerStars Hand #233609482356:  Hold'em No Limit ($0.01/$0.02 USD) - 2022/01/29 20:29:45 PT [2022/01/29 23:29:45 ET]
Table 'Albertine III' 9-max Seat #3 is the button
Seat 1: dudoippon ($1.21 in chips) 
Seat 2: Dorex2007 ($2.61 in chips) 
Seat 3: ScrotieMcBugger ($7.17 in chips) 
Seat 4: matt blakk ($2.04 in chips) 
Seat 5: AlexmenZeVs ($1.83 in chips) 
Seat 6: BiM-WiNNeR ($2.82 in chips) 
Seat 7: rennah vizine ($4 in chips) 
Seat 8: IndigoShirt ($2.40 in chips) 
Seat 9: Lutaapi ($1.98 in chips) 
matt blakk: posts small blind $0.01
AlexmenZeVs: posts big blind $0.02
*** HOLE CARDS ***
Dealt to Dorex2007 [Jh 6h]
BiM-WiNNeR: folds 
rennah vizine: raises $0.02 to $0.04
IndigoShirt: folds 
Lutaapi: calls $0.04
dudoippon: calls $0.04
Dorex2007: folds 
ScrotieMcBugger: folds 
matt blakk: folds 
AlexmenZeVs: folds 
*** FLOP *** [6c 4h 4c]
rennah vizine: bets $0.14
Lutaapi: folds 
dudoippon: folds 
Uncalled bet ($0.14) returned to rennah vizine
rennah vizine collected $0.14 from pot
rennah vizine: doesn't show hand 
*** SUMMARY ***
Total pot $0.15 | Rake $0.01 
Board [6c 4h 4c]
Seat 1: dudoippon folded on the Flop
Seat 2: Dorex2007 folded before Flop (didn't bet)
Seat 3: ScrotieMcBugger (button) folded before Flop (didn't bet)
Seat 4: matt blakk (small blind) folded before Flop
Seat 5: AlexmenZeVs (big blind) folded before Flop
Seat 6: BiM-WiNNeR folded before Flop (didn't bet)
Seat 7: rennah vizine collected ($0.14)
Seat 8: IndigoShirt folded before Flop (didn't bet)
Seat 9: Lutaapi folded on the Flop



PokerStars Hand #233609490386:  Hold'em No Limit ($0.01/$0.02 USD) - 2022/01/29 20:30:24 PT [2022/01/29 23:30:24 ET]
Table 'Albertine III' 9-max Seat #4 is the button
Seat 1: dudoippon ($1.17 in chips) 
Seat 2: Dorex2007 ($2.61 in chips) 
Seat 3: ScrotieMcBugger ($7.17 in chips) 
Seat 4: matt blakk ($2.03 in chips) 
Seat 5: AlexmenZeVs ($1.81 in chips) 
Seat 6: BiM-WiNNeR ($2.82 in chips) 
Seat 7: rennah vizine ($4.10 in chips) 
Seat 8: IndigoShirt ($2.40 in chips) 
Seat 9: Lutaapi ($1.94 in chips) 
AlexmenZeVs: posts small blind $0.01
BiM-WiNNeR: posts big blind $0.02
*** HOLE CARDS ***
Dealt to Dorex2007 [8c 6s]
rennah vizine: raises $0.08 to $0.10
IndigoShirt: folds 
Lutaapi: folds 
dudoippon: folds 
Dorex2007: folds 
ScrotieMcBugger: folds 
matt blakk: folds 
AlexmenZeVs: folds 
BiM-WiNNeR: folds 
Uncalled bet ($0.08) returned to rennah vizine
rennah vizine collected $0.05 from pot
rennah vizine: doesn't show hand 
*** SUMMARY ***
Total pot $0.05 | Rake $0 
Seat 1: dudoippon folded before Flop (didn't bet)
Seat 2: Dorex2007 folded before Flop (didn't bet)
Seat 3: ScrotieMcBugger folded before Flop (didn't bet)
Seat 4: matt blakk (button) folded before Flop (didn't bet)
Seat 5: AlexmenZeVs (small blind) folded before Flop
Seat 6: BiM-WiNNeR (big blind) folded before Flop
Seat 7: rennah vizine collected ($0.05)
Seat 8: IndigoShirt folded before Flop (didn't bet)
Seat 9: Lutaapi folded before Flop (didn't bet)



PokerStars Hand #233609497175:  Hold'em No Limit ($0.01/$0.02 USD) - 2022/01/29 20:30:57 PT [2022/01/29 23:30:57 ET]
Table 'Albertine III' 9-max Seat #5 is the button
Seat 1: dudoippon ($1.17 in chips) 
Seat 2: Dorex2007 ($2.61 in chips) 
Seat 3: ScrotieMcBugger ($7.17 in chips) 
Seat 4: matt blakk ($2.03 in chips) 
Seat 5: AlexmenZeVs ($1.80 in chips) 
Seat 6: BiM-WiNNeR ($2.80 in chips) 
Seat 8: IndigoShirt ($2.40 in chips) 
Seat 9: Lutaapi ($1.94 in chips) 
BiM-WiNNeR: posts small blind $0.01
rennah vizine: is sitting out 
IndigoShirt: posts big blind $0.02
*** HOLE CARDS ***
Dealt to Dorex2007 [7h Td]
Lutaapi: calls $0.02
dudoippon: folds 
Dorex2007: folds 
ScrotieMcBugger: folds 
matt blakk has timed out
matt blakk: folds 
rennah vizine leaves the table
AlexmenZeVs: folds 
BiM-WiNNeR: folds 
IndigoShirt: checks 
*** FLOP *** [As 7d 6h]
IndigoShirt: checks 
TNV1984 joins the table at seat #7 
Lutaapi: bets $0.05
IndigoShirt: folds 
Uncalled bet ($0.05) returned to Lutaapi
Lutaapi collected $0.05 from pot
Lutaapi: doesn't show hand 
*** SUMMARY ***
Total pot $0.05 | Rake $0 
Board [As 7d 6h]
Seat 1: dudoippon folded before Flop (didn't bet)
Seat 2: Dorex2007 folded before Flop (didn't bet)
Seat 3: ScrotieMcBugger folded before Flop (didn't bet)
Seat 4: matt blakk folded before Flop (didn't bet)
Seat 5: AlexmenZeVs (button) folded before Flop (didn't bet)
Seat 6: BiM-WiNNeR (small blind) folded before Flop
Seat 8: IndigoShirt (big blind) folded on the Flop
Seat 9: Lutaapi collected ($0.05)



PokerStars Hand #233609505421:  Hold'em No Limit ($0.01/$0.02 USD) - 2022/01/29 20:31:37 PT [2022/01/29 23:31:37 ET]
Table 'Albertine III' 9-max Seat #6 is the button
Seat 1: dudoippon ($1.17 in chips) 
Seat 2: Dorex2007 ($2.61 in chips) 
Seat 3: ScrotieMcBugger ($7.17 in chips) 
Seat 5: AlexmenZeVs ($1.80 in chips) 
Seat 6: BiM-WiNNeR ($2.79 in chips) 
Seat 8: IndigoShirt ($2.38 in chips) 
Seat 9: Lutaapi ($1.97 in chips) 
IndigoShirt: posts small blind $0.01
Lutaapi: posts big blind $0.02
*** HOLE CARDS ***
Dealt to Dorex2007 [3c As]
dudoippon: folds 
Dorex2007: folds 
ScrotieMcBugger: folds 
AlexmenZeVs: folds 
BiM-WiNNeR: folds 
IndigoShirt: folds 
Uncalled bet ($0.01) returned to Lutaapi
Lutaapi collected $0.02 from pot
Lutaapi: doesn't show hand 
*** SUMMARY ***
Total pot $0.02 | Rake $0 
Seat 1: dudoippon folded before Flop (didn't bet)
Seat 2: Dorex2007 folded before Flop (didn't bet)
Seat 3: ScrotieMcBugger folded before Flop (didn't bet)
Seat 5: AlexmenZeVs folded before Flop (didn't bet)
Seat 6: BiM-WiNNeR (button) folded before Flop (didn't bet)
Seat 8: IndigoShirt (small blind) folded before Flop
Seat 9: Lutaapi (big blind) collected ($0.02)



PokerStars Hand #233609508964:  Hold'em No Limit ($0.01/$0.02 USD) - 2022/01/29 20:31:55 PT [2022/01/29 23:31:55 ET]
Table 'Albertine III' 9-max Seat #8 is the button
Seat 1: dudoippon ($1.17 in chips) 
Seat 2: Dorex2007 ($2.61 in chips) 
Seat 3: ScrotieMcBugger ($7.17 in chips) 
Seat 5: AlexmenZeVs ($1.80 in chips) 
Seat 6: BiM-WiNNeR ($2.79 in chips) 
Seat 8: IndigoShirt ($2.37 in chips) 
Seat 9: Lutaapi ($1.98 in chips) 
Lutaapi: posts small blind $0.01
dudoippon: posts big blind $0.02
TNV1984: sits out 
*** HOLE CARDS ***
Dealt to Dorex2007 [3h 8s]
Dorex2007: folds 
ScrotieMcBugger: calls $0.02
AlexmenZeVs: folds 
BiM-WiNNeR: folds 
IndigoShirt: folds 
Lutaapi: calls $0.01
dudoippon: checks 
*** FLOP *** [2s Js 3c]
Lutaapi: checks 
dudoippon: checks 
ScrotieMcBugger: bets $0.04
Lutaapi: folds 
dudoippon: folds 
Uncalled bet ($0.04) returned to ScrotieMcBugger
ScrotieMcBugger collected $0.06 from pot
ScrotieMcBugger: doesn't show hand 
*** SUMMARY ***
Total pot $0.06 | Rake $0 
Board [2s Js 3c]
Seat 1: dudoippon (big blind) folded on the Flop
Seat 2: Dorex2007 folded before Flop (didn't bet)
Seat 3: ScrotieMcBugger collected ($0.06)
Seat 5: AlexmenZeVs folded before Flop (didn't bet)
Seat 6: BiM-WiNNeR folded before Flop (didn't bet)
Seat 8: IndigoShirt (button) folded before Flop (didn't bet)
Seat 9: Lutaapi (small blind) folded on the Flop



PokerStars Hand #233609515296:  Hold'em No Limit ($0.01/$0.02 USD) - 2022/01/29 20:32:26 PT [2022/01/29 23:32:26 ET]
Table 'Albertine III' 9-max Seat #9 is the button
Seat 1: dudoippon ($1.15 in chips) 
Seat 2: Dorex2007 ($2.61 in chips) 
Seat 3: ScrotieMcBugger ($7.21 in chips) 
Seat 5: AlexmenZeVs ($1.80 in chips) 
Seat 6: BiM-WiNNeR ($2.79 in chips) 
Seat 8: IndigoShirt ($2.37 in chips) 
Seat 9: Lutaapi ($1.96 in chips) 
dudoippon: posts small blind $0.01
Dorex2007: posts big blind $0.02
TNV1984: sits out 
*** HOLE CARDS ***
Dealt to Dorex2007 [Kc 7s]
ScrotieMcBugger: folds 
AlexmenZeVs: raises $0.03 to $0.05
BiM-WiNNeR: folds 
IndigoShirt: folds 
Lutaapi: folds 
dudoippon: folds 
Dorex2007: folds 
Uncalled bet ($0.03) returned to AlexmenZeVs
AlexmenZeVs collected $0.05 from pot
AlexmenZeVs: doesn't show hand 
*** SUMMARY ***
Total pot $0.05 | Rake $0 
Seat 1: dudoippon (small blind) folded before Flop
Seat 2: Dorex2007 (big blind) folded before Flop
Seat 3: ScrotieMcBugger folded before Flop (didn't bet)
Seat 5: AlexmenZeVs collected ($0.05)
Seat 6: BiM-WiNNeR folded before Flop (didn't bet)
Seat 8: IndigoShirt folded before Flop (didn't bet)
Seat 9: Lutaapi (button) folded before Flop (didn't bet)



PokerStars Hand #233609520062:  Hold'em No Limit ($0.01/$0.02 USD) - 2022/01/29 20:32:50 PT [2022/01/29 23:32:50 ET]
Table 'Albertine III' 9-max Seat #1 is the button
Seat 1: dudoippon ($1.14 in chips) 
Seat 2: Dorex2007 ($2.59 in chips) 
Seat 3: ScrotieMcBugger ($7.21 in chips) 
Seat 5: AlexmenZeVs ($1.83 in chips) 
Seat 6: BiM-WiNNeR ($2.79 in chips) 
Seat 8: IndigoShirt ($2.37 in chips) 
Seat 9: Lutaapi ($1.96 in chips) 
Dorex2007: posts small blind $0.01
ScrotieMcBugger: posts big blind $0.02
TNV1984: sits out 
*** HOLE CARDS ***
Dealt to Dorex2007 [Jh Ts]
AlexmenZeVs: folds 
BiM-WiNNeR: folds 
IndigoShirt: folds 
Lutaapi: raises $0.02 to $0.04
dudoippon: calls $0.04
Dorex2007: folds 
ScrotieMcBugger: calls $0.02
*** FLOP *** [9c As 6c]
ScrotieMcBugger: bets $0.06
Lutaapi: raises $0.13 to $0.19
dudoippon: folds 
ScrotieMcBugger: calls $0.13
*** TURN *** [9c As 6c] [Qs]
ScrotieMcBugger: checks 
Lutaapi: bets $0.24
ScrotieMcBugger: folds 
Uncalled bet ($0.24) returned to Lutaapi
Lutaapi collected $0.49 from pot
Lutaapi: doesn't show hand 
*** SUMMARY ***
Total pot $0.51 | Rake $0.02 
Board [9c As 6c Qs]
Seat 1: dudoippon (button) folded on the Flop
Seat 2: Dorex2007 (small blind) folded before Flop
Seat 3: ScrotieMcBugger (big blind) folded on the Turn
Seat 5: AlexmenZeVs folded before Flop (didn't bet)
Seat 6: BiM-WiNNeR folded before Flop (didn't bet)
Seat 8: IndigoShirt folded before Flop (didn't bet)
Seat 9: Lutaapi collected ($0.49)



PokerStars Hand #233609530093:  Hold'em No Limit ($0.01/$0.02 USD) - 2022/01/29 20:33:39 PT [2022/01/29 23:33:39 ET]
Table 'Albertine III' 9-max Seat #2 is the button
Seat 1: dudoippon ($1.10 in chips) 
Seat 2: Dorex2007 ($2.58 in chips) 
Seat 3: ScrotieMcBugger ($6.98 in chips) 
Seat 5: AlexmenZeVs ($1.83 in chips) 
Seat 6: BiM-WiNNeR ($2.79 in chips) 
Seat 8: IndigoShirt ($2.37 in chips) 
Seat 9: Lutaapi ($2.22 in chips) 
ScrotieMcBugger: posts small blind $0.01
AlexmenZeVs: posts big blind $0.02
TNV1984: sits out 
*** HOLE CARDS ***
Dealt to Dorex2007 [2s Qh]
BiM-WiNNeR: folds 
IndigoShirt: folds 
Lutaapi: calls $0.02
dudoippon: folds 
Dorex2007: folds 
ScrotieMcBugger: calls $0.01
AlexmenZeVs: checks 
*** FLOP *** [9h Th 9d]
ScrotieMcBugger: checks 
AlexmenZeVs: checks 
Lutaapi: checks 
*** TURN *** [9h Th 9d] [7d]
ScrotieMcBugger: checks 
AlexmenZeVs: checks 
Lutaapi: checks 
*** RIVER *** [9h Th 9d 7d] [5c]
ScrotieMcBugger: checks 
AlexmenZeVs: checks 
Lutaapi: checks 
*** SHOW DOWN ***
ScrotieMcBugger: shows [2d Kd] (a pair of Nines)
AlexmenZeVs: shows [5h 3s] (two pair, Nines and Fives)
Lutaapi: mucks hand 
AlexmenZeVs collected $0.06 from pot
*** SUMMARY ***
Total pot $0.06 | Rake $0 
Board [9h Th 9d 7d 5c]
Seat 1: dudoippon folded before Flop (didn't bet)
Seat 2: Dorex2007 (button) folded before Flop (didn't bet)
Seat 3: ScrotieMcBugger (small blind) showed [2d Kd] and lost with a pair of Nines
Seat 5: AlexmenZeVs (big blind) showed [5h 3s] and won ($0.06) with two pair, Nines and Fives
Seat 6: BiM-WiNNeR folded before Flop (didn't bet)
Seat 8: IndigoShirt folded before Flop (didn't bet)
Seat 9: Lutaapi mucked [Qc 2c]



PokerStars Hand #233609543137:  Hold'em No Limit ($0.01/$0.02 USD) - 2022/01/29 20:34:05 PT [2022/01/29 23:34:05 ET]
Table 'Albertine III' 9-max Seat #3 is the button
Seat 1: dudoippon ($1.10 in chips) 
Seat 2: Dorex2007 ($2.58 in chips) 
Seat 3: ScrotieMcBugger ($6.96 in chips) 
Seat 5: AlexmenZeVs ($1.87 in chips) 
Seat 6: BiM-WiNNeR ($2.79 in chips) 
Seat 8: IndigoShirt ($2.37 in chips) 
Seat 9: Lutaapi ($2.20 in chips) 
AlexmenZeVs: posts small blind $0.01
BiM-WiNNeR: posts big blind $0.02
TNV1984: sits out 
*** HOLE CARDS ***
Dealt to Dorex2007 [Td 4s]
IndigoShirt: folds 
Lutaapi: calls $0.02
dudoippon: folds 
Dorex2007: folds 
ScrotieMcBugger: folds 
AlexmenZeVs: folds 
BiM-WiNNeR: checks 
*** FLOP *** [5d 7d Ts]
BiM-WiNNeR: checks 
Lutaapi: checks 
*** TURN *** [5d 7d Ts] [Th]
BiM-WiNNeR: checks 
Lutaapi: checks 
*** RIVER *** [5d 7d Ts Th] [4c]
BiM-WiNNeR: checks 
Lutaapi: checks 
*** SHOW DOWN ***
BiM-WiNNeR: shows [9h 6d] (a pair of Tens)
Lutaapi: shows [Kd 9c] (a pair of Tens - King kicker)
Lutaapi collected $0.05 from pot
*** SUMMARY ***
Total pot $0.05 | Rake $0 
Board [5d 7d Ts Th 4c]
Seat 1: dudoippon folded before Flop (didn't bet)
Seat 2: Dorex2007 folded before Flop (didn't bet)
Seat 3: ScrotieMcBugger (button) folded before Flop (didn't bet)
Seat 5: AlexmenZeVs (small blind) folded before Flop
Seat 6: BiM-WiNNeR (big blind) showed [9h 6d] and lost with a pair of Tens
Seat 8: IndigoShirt folded before Flop (didn't bet)
Seat 9: Lutaapi showed [Kd 9c] and won ($0.05) with a pair of Tens



PokerStars Hand #233609554773:  Hold'em No Limit ($0.01/$0.02 USD) - 2022/01/29 20:35:02 PT [2022/01/29 23:35:02 ET]
Table 'Albertine III' 9-max Seat #5 is the button
Seat 1: dudoippon ($1.10 in chips) 
Seat 2: Dorex2007 ($2.58 in chips) 
Seat 3: ScrotieMcBugger ($6.96 in chips) 
Seat 5: AlexmenZeVs ($1.86 in chips) 
Seat 6: BiM-WiNNeR ($2.77 in chips) 
Seat 7: TNV1984 ($2 in chips) 
Seat 8: IndigoShirt ($2.37 in chips) 
Seat 9: Lutaapi ($2.23 in chips) 
BiM-WiNNeR: posts small blind $0.01
TNV1984: posts big blind $0.02
*** HOLE CARDS ***
Dealt to Dorex2007 [6s 7h]
IndigoShirt: folds 
IndigoShirt leaves the table
Lutaapi: calls $0.02
dudoippon: folds 
Dorex2007: folds 
ScrotieMcBugger: folds 
AlexmenZeVs: folds 
BiM-WiNNeR: folds 
matt blakk is disconnected 
TNV1984: checks 
*** FLOP *** [2d 7c 4h]
TNV1984: checks 
Lutaapi: checks 
*** TURN *** [2d 7c 4h] [Kd]
TNV1984: checks 
Lutaapi: bets $0.04
TNV1984: folds 
Uncalled bet ($0.04) returned to Lutaapi
Lutaapi collected $0.05 from pot
Lutaapi: doesn't show hand 
*** SUMMARY ***
Total pot $0.05 | Rake $0 
Board [2d 7c 4h Kd]
Seat 1: dudoippon folded before Flop (didn't bet)
Seat 2: Dorex2007 folded before Flop (didn't bet)
Seat 3: ScrotieMcBugger folded before Flop (didn't bet)
Seat 5: AlexmenZeVs (button) folded before Flop (didn't bet)
Seat 6: BiM-WiNNeR (small blind) folded before Flop
Seat 7: TNV1984 (big blind) folded on the Turn
Seat 8: IndigoShirt folded before Flop (didn't bet)
Seat 9: Lutaapi collected ($0.05)



PokerStars Hand #233609562974:  Hold'em No Limit ($0.01/$0.02 USD) - 2022/01/29 20:35:43 PT [2022/01/29 23:35:43 ET]
Table 'Albertine III' 9-max Seat #6 is the button
Seat 1: dudoippon ($1.10 in chips) 
Seat 2: Dorex2007 ($2.58 in chips) 
Seat 3: ScrotieMcBugger ($6.96 in chips) 
Seat 5: AlexmenZeVs ($1.86 in chips) 
Seat 6: BiM-WiNNeR ($2.76 in chips) 
Seat 7: TNV1984 ($2 in chips) 
Seat 9: Lutaapi ($2.26 in chips) 
TNV1984: posts small blind $0.01
Lutaapi: posts big blind $0.02
*** HOLE CARDS ***
Dealt to Dorex2007 [3s 5d]
dudoippon: folds 
Dorex2007: folds 
ScrotieMcBugger: calls $0.02
AlexmenZeVs: folds 
BiM-WiNNeR: raises $0.06 to $0.08
TNV1984: folds 
Lutaapi: calls $0.06
ScrotieMcBugger: folds 
*** FLOP *** [3h 8s 4h]
Lutaapi: bets $0.04
BiM-WiNNeR: folds 
Uncalled bet ($0.04) returned to Lutaapi
Lutaapi collected $0.18 from pot
Lutaapi: doesn't show hand 
*** SUMMARY ***
Total pot $0.19 | Rake $0.01 
Board [3h 8s 4h]
Seat 1: dudoippon folded before Flop (didn't bet)
Seat 2: Dorex2007 folded before Flop (didn't bet)
Seat 3: ScrotieMcBugger folded before Flop
Seat 5: AlexmenZeVs folded before Flop (didn't bet)
Seat 6: BiM-WiNNeR (button) folded on the Flop
Seat 7: TNV1984 (small blind) folded before Flop
Seat 9: Lutaapi (big blind) collected ($0.18)



PokerStars Hand #233609567846:  Hold'em No Limit ($0.01/$0.02 USD) - 2022/01/29 20:36:07 PT [2022/01/29 23:36:07 ET]
Table 'Albertine III' 9-max Seat #7 is the button
Seat 1: dudoippon ($1.10 in chips) 
Seat 2: Dorex2007 ($2.58 in chips) 
Seat 3: ScrotieMcBugger ($6.94 in chips) 
Seat 5: AlexmenZeVs ($1.86 in chips) 
Seat 6: BiM-WiNNeR ($2.68 in chips) 
Seat 7: TNV1984 ($2 in chips) 
Seat 9: Lutaapi ($2.36 in chips) 
Lutaapi: posts small blind $0.01
dudoippon: posts big blind $0.02
*** HOLE CARDS ***
Dealt to Dorex2007 [6c Qd]
Dorex2007: folds 
ScrotieMcBugger: calls $0.02
AlexmenZeVs: folds 
BiM-WiNNeR: folds 
TNV1984: folds 
Lutaapi: calls $0.01
Squalox18 joins the table at seat #8 
dudoippon: checks 
*** FLOP *** [3s 4c 3d]
Lutaapi: bets $0.02
dudoippon: calls $0.02
ScrotieMcBugger: folds 
*** TURN *** [3s 4c 3d] [Jh]
Lutaapi: checks 
dudoippon: checks 
*** RIVER *** [3s 4c 3d Jh] [Kh]
Lutaapi: bets $0.05
dudoippon: folds 
Uncalled bet ($0.05) returned to Lutaapi
Lutaapi collected $0.10 from pot
Lutaapi: doesn't show hand 
*** SUMMARY ***
Total pot $0.10 | Rake $0 
Board [3s 4c 3d Jh Kh]
Seat 1: dudoippon (big blind) folded on the River
Seat 2: Dorex2007 folded before Flop (didn't bet)
Seat 3: ScrotieMcBugger folded on the Flop
Seat 5: AlexmenZeVs folded before Flop (didn't bet)
Seat 6: BiM-WiNNeR folded before Flop (didn't bet)
Seat 7: TNV1984 (button) folded before Flop (didn't bet)
Seat 9: Lutaapi (small blind) collected ($0.10)



PokerStars Hand #233609577830:  Hold'em No Limit ($0.01/$0.02 USD) - 2022/01/29 20:36:56 PT [2022/01/29 23:36:56 ET]
Table 'Albertine III' 9-max Seat #9 is the button
Seat 1: dudoippon ($1.06 in chips) 
Seat 2: Dorex2007 ($2.58 in chips) 
Seat 3: ScrotieMcBugger ($6.92 in chips) 
Seat 5: AlexmenZeVs ($1.86 in chips) 
Seat 6: BiM-WiNNeR ($2.68 in chips) 
Seat 7: TNV1984 ($2 in chips) 
Seat 8: Squalox18 ($1.60 in chips) 
Seat 9: Lutaapi ($2.42 in chips) 
dudoippon: posts small blind $0.01
Dorex2007: posts big blind $0.02
Squalox18: posts big blind $0.02
*** HOLE CARDS ***
Dealt to Dorex2007 [5s 5h]
ScrotieMcBugger: calls $0.02
AlexmenZeVs: folds 
BiM-WiNNeR: folds 
TNV1984: folds 
Squalox18: checks 
Lutaapi: calls $0.02
dudoippon: calls $0.01
Dorex2007: checks 
*** FLOP *** [3d Js 6c]
dudoippon: checks 
Dorex2007: checks 
ScrotieMcBugger: checks 
Squalox18: checks 
Lutaapi: checks 
*** TURN *** [3d Js 6c] [Qs]
dudoippon: checks 
Dorex2007: checks 
ScrotieMcBugger: checks 
Squalox18: checks 
Lutaapi: checks 
*** RIVER *** [3d Js 6c Qs] [4h]
dudoippon: checks 
Dorex2007: checks 
ScrotieMcBugger: checks 
Squalox18: checks 
Lutaapi: checks 
*** SHOW DOWN ***
dudoippon: shows [Kd 4d] (a pair of Fours)
Dorex2007: shows [5s 5h] (a pair of Fives)
ScrotieMcBugger: mucks hand 
Squalox18: mucks hand 
Lutaapi: mucks hand 
Dorex2007 collected $0.10 from pot
*** SUMMARY ***
Total pot $0.10 | Rake $0 
Board [3d Js 6c Qs 4h]
Seat 1: dudoippon (small blind) showed [Kd 4d] and lost with a pair of Fours
Seat 2: Dorex2007 (big blind) showed [5s 5h] and won ($0.10) with a pair of Fives
Seat 3: ScrotieMcBugger mucked [2d Ac]
Seat 5: AlexmenZeVs folded before Flop (didn't bet)
Seat 6: BiM-WiNNeR folded before Flop (didn't bet)
Seat 7: TNV1984 folded before Flop (didn't bet)
Seat 8: Squalox18 mucked [9d 4s]
Seat 9: Lutaapi (button) mucked [9c 7h]



PokerStars Hand #233609588862:  Hold'em No Limit ($0.01/$0.02 USD) - 2022/01/29 20:37:51 PT [2022/01/29 23:37:51 ET]
Table 'Albertine III' 9-max Seat #1 is the button
Seat 1: dudoippon ($1.04 in chips) 
Seat 2: Dorex2007 ($2.66 in chips) 
Seat 3: ScrotieMcBugger ($6.90 in chips) 
Seat 5: AlexmenZeVs ($1.86 in chips) 
Seat 6: BiM-WiNNeR ($2.68 in chips) 
Seat 7: TNV1984 ($2 in chips) 
Seat 8: Squalox18 ($1.58 in chips) 
Seat 9: Lutaapi ($2.40 in chips) 
Dorex2007: posts small blind $0.01
ScrotieMcBugger: posts big blind $0.02
*** HOLE CARDS ***
Dealt to Dorex2007 [Ks Td]
AlexmenZeVs: folds 
BiM-WiNNeR: folds 
TNV1984: folds 
Squalox18: folds 
Lutaapi: calls $0.02
dudoippon: folds 
Dorex2007: calls $0.01
ScrotieMcBugger: checks 
*** FLOP *** [4d 5s 7d]
Dorex2007: checks 
ScrotieMcBugger: checks 
Lutaapi: checks 
*** TURN *** [4d 5s 7d] [2d]
Dorex2007: checks 
ScrotieMcBugger: bets $0.04
Lutaapi: calls $0.04
Dorex2007: folds 
*** RIVER *** [4d 5s 7d 2d] [As]
ScrotieMcBugger: checks 
Lutaapi: bets $0.14
ScrotieMcBugger: folds 
Uncalled bet ($0.14) returned to Lutaapi
Lutaapi collected $0.14 from pot
Lutaapi: doesn't show hand 
*** SUMMARY ***
Total pot $0.14 | Rake $0 
Board [4d 5s 7d 2d As]
Seat 1: dudoippon (button) folded before Flop (didn't bet)
Seat 2: Dorex2007 (small blind) folded on the Turn
Seat 3: ScrotieMcBugger (big blind) folded on the River
Seat 5: AlexmenZeVs folded before Flop (didn't bet)
Seat 6: BiM-WiNNeR folded before Flop (didn't bet)
Seat 7: TNV1984 folded before Flop (didn't bet)
Seat 8: Squalox18 folded before Flop (didn't bet)
Seat 9: Lutaapi collected ($0.14)



PokerStars Hand #233609597783:  Hold'em No Limit ($0.01/$0.02 USD) - 2022/01/29 20:38:35 PT [2022/01/29 23:38:35 ET]
Table 'Albertine III' 9-max Seat #2 is the button
Seat 1: dudoippon ($1.04 in chips) 
Seat 2: Dorex2007 ($2.64 in chips) 
Seat 3: ScrotieMcBugger ($6.84 in chips) 
Seat 5: AlexmenZeVs ($1.86 in chips) 
Seat 6: BiM-WiNNeR ($2.68 in chips) 
Seat 7: TNV1984 ($2 in chips) 
Seat 8: Squalox18 ($1.58 in chips) 
Seat 9: Lutaapi ($2.48 in chips) 
ScrotieMcBugger: posts small blind $0.01
AlexmenZeVs: posts big blind $0.02
*** HOLE CARDS ***
Dealt to Dorex2007 [8h As]
BiM-WiNNeR: folds 
TNV1984: raises $0.04 to $0.06
Squalox18: folds 
Lutaapi: folds 
dudoippon: folds 
Dorex2007: folds 
ScrotieMcBugger: folds 
AlexmenZeVs: folds 
Uncalled bet ($0.04) returned to TNV1984
TNV1984 collected $0.05 from pot
TNV1984: doesn't show hand 
*** SUMMARY ***
Total pot $0.05 | Rake $0 
Seat 1: dudoippon folded before Flop (didn't bet)
Seat 2: Dorex2007 (button) folded before Flop (didn't bet)
Seat 3: ScrotieMcBugger (small blind) folded before Flop
Seat 5: AlexmenZeVs (big blind) folded before Flop
Seat 6: BiM-WiNNeR folded before Flop (didn't bet)
Seat 7: TNV1984 collected ($0.05)
Seat 8: Squalox18 folded before Flop (didn't bet)
Seat 9: Lutaapi folded before Flop (didn't bet)



PokerStars Hand #233609600469:  Hold'em No Limit ($0.01/$0.02 USD) - 2022/01/29 20:38:48 PT [2022/01/29 23:38:48 ET]
Table 'Albertine III' 9-max Seat #3 is the button
Seat 1: dudoippon ($1.04 in chips) 
Seat 2: Dorex2007 ($2.64 in chips) 
Seat 3: ScrotieMcBugger ($6.83 in chips) 
Seat 5: AlexmenZeVs ($1.84 in chips) 
Seat 6: BiM-WiNNeR ($2.68 in chips) 
Seat 7: TNV1984 ($2.03 in chips) 
Seat 8: Squalox18 ($1.58 in chips) 
Seat 9: Lutaapi ($2.48 in chips) 
AlexmenZeVs: posts small blind $0.01
BiM-WiNNeR: posts big blind $0.02
*** HOLE CARDS ***
Dealt to Dorex2007 [Td Jd]
TNV1984: folds 
Squalox18: folds 
Lutaapi: calls $0.02
dudoippon: folds 
Dorex2007: calls $0.02
ScrotieMcBugger: folds 
AlexmenZeVs: calls $0.01
BiM-WiNNeR: checks 
*** FLOP *** [Ts 3d 7s]
AlexmenZeVs: checks 
BiM-WiNNeR: checks 
Lutaapi: bets $0.04
Dorex2007: calls $0.04
AlexmenZeVs: folds 
BiM-WiNNeR: folds 
*** TURN *** [Ts 3d 7s] [2d]
Lutaapi: bets $0.15
Dorex2007: calls $0.15
*** RIVER *** [Ts 3d 7s 2d] [9s]
Lutaapi: bets $0.22
Dorex2007: calls $0.22
*** SHOW DOWN ***
Lutaapi: shows [Tc 7c] (two pair, Tens and Sevens)
Dorex2007: mucks hand 
Lutaapi collected $0.87 from pot
*** SUMMARY ***
Total pot $0.90 | Rake $0.03 
Board [Ts 3d 7s 2d 9s]
Seat 1: dudoippon folded before Flop (didn't bet)
Seat 2: Dorex2007 mucked [Td Jd]
Seat 3: ScrotieMcBugger (button) folded before Flop (didn't bet)
Seat 5: AlexmenZeVs (small blind) folded on the Flop
Seat 6: BiM-WiNNeR (big blind) folded on the Flop
Seat 7: TNV1984 folded before Flop (didn't bet)
Seat 8: Squalox18 folded before Flop (didn't bet)
Seat 9: Lutaapi showed [Tc 7c] and won ($0.87) with two pair, Tens and Sevens



PokerStars Hand #233609612250:  Hold'em No Limit ($0.01/$0.02 USD) - 2022/01/29 20:39:48 PT [2022/01/29 23:39:48 ET]
Table 'Albertine III' 9-max Seat #5 is the button
Seat 1: dudoippon ($1.04 in chips) 
Seat 2: Dorex2007 ($2.21 in chips) 
Seat 3: ScrotieMcBugger ($6.83 in chips) 
Seat 5: AlexmenZeVs ($1.82 in chips) 
Seat 6: BiM-WiNNeR ($2.66 in chips) 
Seat 7: TNV1984 ($2.03 in chips) 
Seat 8: Squalox18 ($1.58 in chips) 
Seat 9: Lutaapi ($2.92 in chips) 
BiM-WiNNeR: posts small blind $0.01
TNV1984: posts big blind $0.02
*** HOLE CARDS ***
Dealt to Dorex2007 [Td Ah]
Squalox18: folds 
Lutaapi: calls $0.02
dudoippon: folds 
Dorex2007: folds 
ScrotieMcBugger: folds 
AlexmenZeVs: folds 
BiM-WiNNeR: folds 
TNV1984: checks 
*** FLOP *** [6s 8d Qd]
TNV1984: checks 
Lutaapi: checks 
*** TURN *** [6s 8d Qd] [4c]
TNV1984: bets $0.04
Lutaapi: folds 
Uncalled bet ($0.04) returned to TNV1984
TNV1984 collected $0.05 from pot
TNV1984: doesn't show hand 
*** SUMMARY ***
Total pot $0.05 | Rake $0 
Board [6s 8d Qd 4c]
Seat 1: dudoippon folded before Flop (didn't bet)
Seat 2: Dorex2007 folded before Flop (didn't bet)
Seat 3: ScrotieMcBugger folded before Flop (didn't bet)
Seat 5: AlexmenZeVs (button) folded before Flop (didn't bet)
Seat 6: BiM-WiNNeR (small blind) folded before Flop
Seat 7: TNV1984 (big blind) collected ($0.05)
Seat 8: Squalox18 folded before Flop (didn't bet)
Seat 9: Lutaapi folded on the Turn



PokerStars Hand #233609621745:  Hold'em No Limit ($0.01/$0.02 USD) - 2022/01/29 20:40:33 PT [2022/01/29 23:40:33 ET]
Table 'Albertine III' 9-max Seat #6 is the button
Seat 1: dudoippon ($1.04 in chips) 
Seat 2: Dorex2007 ($2.21 in chips) 
Seat 3: ScrotieMcBugger ($6.83 in chips) 
Seat 5: AlexmenZeVs ($1.82 in chips) 
Seat 6: BiM-WiNNeR ($2.65 in chips) 
Seat 7: TNV1984 ($2.06 in chips) 
Seat 8: Squalox18 ($1.58 in chips) 
Seat 9: Lutaapi ($2.90 in chips) 
TNV1984: posts small blind $0.01
Squalox18: posts big blind $0.02
*** HOLE CARDS ***
Dealt to Dorex2007 [As 6h]
Lutaapi: calls $0.02
dudoippon: folds 
Dorex2007: folds 
ScrotieMcBugger: folds 
AlexmenZeVs: calls $0.02
BiM-WiNNeR: folds 
TNV1984: calls $0.01
Squalox18: checks 
*** FLOP *** [8h 7s 4c]
TNV1984: checks 
Squalox18: bets $0.04
Lutaapi: calls $0.04
AlexmenZeVs: folds 
TNV1984: folds 
*** TURN *** [8h 7s 4c] [7h]
Squalox18: bets $0.04
Lutaapi: calls $0.04
*** RIVER *** [8h 7s 4c 7h] [9c]
Squalox18: bets $0.12
Lutaapi: calls $0.12
*** SHOW DOWN ***
Squalox18: shows [4d 7c] (a full house, Sevens full of Fours)
Lutaapi: mucks hand 
Squalox18 collected $0.46 from pot
*** SUMMARY ***
Total pot $0.48 | Rake $0.02 
Board [8h 7s 4c 7h 9c]
Seat 1: dudoippon folded before Flop (didn't bet)
Seat 2: Dorex2007 folded before Flop (didn't bet)
Seat 3: ScrotieMcBugger folded before Flop (didn't bet)
Seat 5: AlexmenZeVs folded on the Flop
Seat 6: BiM-WiNNeR (button) folded before Flop (didn't bet)
Seat 7: TNV1984 (small blind) folded on the Flop
Seat 8: Squalox18 (big blind) showed [4d 7c] and won ($0.46) with a full house, Sevens full of Fours
Seat 9: Lutaapi mucked [8s 9h]



PokerStars Hand #233609638740:  Hold'em No Limit ($0.01/$0.02 USD) - 2022/01/29 20:41:26 PT [2022/01/29 23:41:26 ET]
Table 'Albertine III' 9-max Seat #7 is the button
Seat 1: dudoippon ($1.04 in chips) 
Seat 2: Dorex2007 ($2.21 in chips) 
Seat 3: ScrotieMcBugger ($6.83 in chips) 
Seat 5: AlexmenZeVs ($1.80 in chips) 
Seat 6: BiM-WiNNeR ($2.65 in chips) 
Seat 7: TNV1984 ($2.04 in chips) 
Seat 8: Squalox18 ($1.82 in chips) 
Seat 9: Lutaapi ($2.68 in chips) 
Squalox18: posts small blind $0.01
Lutaapi: posts big blind $0.02
*** HOLE CARDS ***
Dealt to Dorex2007 [Th 5s]
dudoippon: folds 
Dorex2007: folds 
ScrotieMcBugger: folds 
AlexmenZeVs: folds 
BiM-WiNNeR: folds 
TNV1984: raises $0.04 to $0.06
Squalox18: folds 
Lutaapi: calls $0.04
*** FLOP *** [7c 5c 8c]
Lutaapi: bets $0.13
TNV1984: calls $0.13
*** TURN *** [7c 5c 8c] [6c]
Lutaapi: bets $0.38
TNV1984: calls $0.38
*** RIVER *** [7c 5c 8c 6c] [2c]
Lutaapi: bets $2.11 and is all-in
TNV1984: calls $1.47 and is all-in
Uncalled bet ($0.64) returned to Lutaapi
*** SHOW DOWN ***
Lutaapi: shows [Jh 6h] (a flush, Eight high)
TNV1984: shows [9c 9s] (a straight flush, Five to Nine)
TNV1984 collected $3.95 from pot
*** SUMMARY ***
Total pot $4.09 | Rake $0.14 
Board [7c 5c 8c 6c 2c]
Seat 1: dudoippon folded before Flop (didn't bet)
Seat 2: Dorex2007 folded before Flop (didn't bet)
Seat 3: ScrotieMcBugger folded before Flop (didn't bet)
Seat 5: AlexmenZeVs folded before Flop (didn't bet)
Seat 6: BiM-WiNNeR folded before Flop (didn't bet)
Seat 7: TNV1984 (button) showed [9c 9s] and won ($3.95) with a straight flush, Five to Nine
Seat 8: Squalox18 (small blind) folded before Flop
Seat 9: Lutaapi (big blind) showed [Jh 6h] and lost with a flush, Eight high



PokerStars Hand #233609645966:  Hold'em No Limit ($0.01/$0.02 USD) - 2022/01/29 20:42:02 PT [2022/01/29 23:42:02 ET]
Table 'Albertine III' 9-max Seat #8 is the button
Seat 1: dudoippon ($1.04 in chips) 
Seat 2: Dorex2007 ($2.21 in chips) 
Seat 3: ScrotieMcBugger ($6.83 in chips) 
Seat 5: AlexmenZeVs ($1.80 in chips) 
Seat 6: BiM-WiNNeR ($2.65 in chips) 
Seat 7: TNV1984 ($3.95 in chips) 
Seat 8: Squalox18 ($1.81 in chips) 
Seat 9: Lutaapi ($0.64 in chips) 
Lutaapi: posts small blind $0.01
dudoippon: posts big blind $0.02
*** HOLE CARDS ***
Dealt to Dorex2007 [3d As]
Dorex2007: folds 
ScrotieMcBugger: folds 
AlexmenZeVs: folds 
BiM-WiNNeR: folds 
TNV1984: folds 
Squalox18: folds 
Lutaapi: calls $0.01
dudoippon: checks 
*** FLOP *** [9c Kh Qc]
Lutaapi: checks 
dudoippon: checks 
*** TURN *** [9c Kh Qc] [4d]
Lutaapi: checks 
dudoippon: checks 
*** RIVER *** [9c Kh Qc 4d] [7h]
Lutaapi: checks 
dudoippon: checks 
*** SHOW DOWN ***
Lutaapi: shows [7d 8c] (a pair of Sevens)
dudoippon: mucks hand 
Lutaapi collected $0.04 from pot
*** SUMMARY ***
Total pot $0.04 | Rake $0 
Board [9c Kh Qc 4d 7h]
Seat 1: dudoippon (big blind) mucked [6d 8h]
Seat 2: Dorex2007 folded before Flop (didn't bet)
Seat 3: ScrotieMcBugger folded before Flop (didn't bet)
Seat 5: AlexmenZeVs folded before Flop (didn't bet)
Seat 6: BiM-WiNNeR folded before Flop (didn't bet)
Seat 7: TNV1984 folded before Flop (didn't bet)
Seat 8: Squalox18 (button) folded before Flop (didn't bet)
Seat 9: Lutaapi (small blind) showed [7d 8c] and won ($0.04) with a pair of Sevens



PokerStars Hand #233609653872:  Hold'em No Limit ($0.01/$0.02 USD) - 2022/01/29 20:42:32 PT [2022/01/29 23:42:32 ET]
Table 'Albertine III' 9-max Seat #9 is the button
Seat 1: dudoippon ($1.02 in chips) 
Seat 2: Dorex2007 ($2.21 in chips) 
Seat 3: ScrotieMcBugger ($6.83 in chips) 
Seat 5: AlexmenZeVs ($1.80 in chips) 
Seat 6: BiM-WiNNeR ($2.65 in chips) 
Seat 7: TNV1984 ($3.95 in chips) 
Seat 8: Squalox18 ($1.81 in chips) 
Seat 9: Lutaapi ($0.66 in chips) 
dudoippon: posts small blind $0.01
Dorex2007: posts big blind $0.02
*** HOLE CARDS ***
Dealt to Dorex2007 [3s 8c]
ScrotieMcBugger: folds 
AlexmenZeVs: folds 
BiM-WiNNeR: folds 
TNV1984: folds 
Squalox18: calls $0.02
Lutaapi: raises $0.02 to $0.04
dudoippon: folds 
Dorex2007: folds 
Squalox18: calls $0.02
*** FLOP *** [Qh Qs Th]
Squalox18: checks 
Lutaapi: checks 
*** TURN *** [Qh Qs Th] [Jc]
Squalox18: checks 
Lutaapi: checks 
*** RIVER *** [Qh Qs Th Jc] [4d]
Squalox18: checks 
Lutaapi: checks 
*** SHOW DOWN ***
Squalox18: shows [6s 9s] (a pair of Queens)
Lutaapi: shows [7s 7d] (two pair, Queens and Sevens)
Lutaapi collected $0.11 from pot
*** SUMMARY ***
Total pot $0.11 | Rake $0 
Board [Qh Qs Th Jc 4d]
Seat 1: dudoippon (small blind) folded before Flop
Seat 2: Dorex2007 (big blind) folded before Flop
Seat 3: ScrotieMcBugger folded before Flop (didn't bet)
Seat 5: AlexmenZeVs folded before Flop (didn't bet)
Seat 6: BiM-WiNNeR folded before Flop (didn't bet)
Seat 7: TNV1984 folded before Flop (didn't bet)
Seat 8: Squalox18 showed [6s 9s] and lost with a pair of Queens
Seat 9: Lutaapi (button) showed [7s 7d] and won ($0.11) with two pair, Queens and Sevens



PokerStars Hand #233609659317:  Hold'em No Limit ($0.01/$0.02 USD) - 2022/01/29 20:42:59 PT [2022/01/29 23:42:59 ET]
Table 'Albertine III' 9-max Seat #1 is the button
Seat 1: dudoippon ($1.01 in chips) 
Seat 2: Dorex2007 ($2.19 in chips) 
Seat 3: ScrotieMcBugger ($6.83 in chips) 
Seat 5: AlexmenZeVs ($1.80 in chips) 
Seat 6: BiM-WiNNeR ($2.65 in chips) 
Seat 7: TNV1984 ($3.95 in chips) 
Seat 8: Squalox18 ($1.77 in chips) 
Seat 9: Lutaapi ($0.73 in chips) 
Dorex2007: posts small blind $0.01
ScrotieMcBugger: posts big blind $0.02
*** HOLE CARDS ***
Dealt to Dorex2007 [Jh 4s]
AlexmenZeVs: folds 
BiM-WiNNeR: raises $0.04 to $0.06
TNV1984: folds 
Squalox18: calls $0.06
Lutaapi: folds 
dudoippon: calls $0.06
Dorex2007: folds 
ScrotieMcBugger: folds 
*** FLOP *** [Ah Tc Ad]
BiM-WiNNeR: bets $0.14
Squalox18: folds 
dudoippon: folds 
Uncalled bet ($0.14) returned to BiM-WiNNeR
BiM-WiNNeR collected $0.20 from pot
BiM-WiNNeR: doesn't show hand 
*** SUMMARY ***
Total pot $0.21 | Rake $0.01 
Board [Ah Tc Ad]
Seat 1: dudoippon (button) folded on the Flop
Seat 2: Dorex2007 (small blind) folded before Flop
Seat 3: ScrotieMcBugger (big blind) folded before Flop
Seat 5: AlexmenZeVs folded before Flop (didn't bet)
Seat 6: BiM-WiNNeR collected ($0.20)
Seat 7: TNV1984 folded before Flop (didn't bet)
Seat 8: Squalox18 folded on the Flop
Seat 9: Lutaapi folded before Flop (didn't bet)



PokerStars Hand #233609665714:  Hold'em No Limit ($0.01/$0.02 USD) - 2022/01/29 20:43:31 PT [2022/01/29 23:43:31 ET]
Table 'Albertine III' 9-max Seat #2 is the button
Seat 1: dudoippon ($0.95 in chips) 
Seat 2: Dorex2007 ($2.18 in chips) 
Seat 3: ScrotieMcBugger ($6.81 in chips) 
Seat 5: AlexmenZeVs ($1.80 in chips) 
Seat 6: BiM-WiNNeR ($2.79 in chips) 
Seat 7: TNV1984 ($3.95 in chips) 
Seat 8: Squalox18 ($1.71 in chips) 
Seat 9: Lutaapi ($0.73 in chips) 
ScrotieMcBugger: posts small blind $0.01
AlexmenZeVs: posts big blind $0.02
*** HOLE CARDS ***
Dealt to Dorex2007 [2c Jh]
BiM-WiNNeR: folds 
TNV1984: folds 
Squalox18: folds 
Lutaapi: raises $0.04 to $0.06
dudoippon: folds 
Dorex2007: folds 
ScrotieMcBugger: folds 
AlexmenZeVs: folds 
Uncalled bet ($0.04) returned to Lutaapi
Lutaapi collected $0.05 from pot
Lutaapi: doesn't show hand 
*** SUMMARY ***
Total pot $0.05 | Rake $0 
Seat 1: dudoippon folded before Flop (didn't bet)
Seat 2: Dorex2007 (button) folded before Flop (didn't bet)
Seat 3: ScrotieMcBugger (small blind) folded before Flop
Seat 5: AlexmenZeVs (big blind) folded before Flop
Seat 6: BiM-WiNNeR folded before Flop (didn't bet)
Seat 7: TNV1984 folded before Flop (didn't bet)
Seat 8: Squalox18 folded before Flop (didn't bet)
Seat 9: Lutaapi collected ($0.05)



PokerStars Hand #233609669361:  Hold'em No Limit ($0.01/$0.02 USD) - 2022/01/29 20:43:50 PT [2022/01/29 23:43:50 ET]
Table 'Albertine III' 9-max Seat #3 is the button
Seat 1: dudoippon ($0.95 in chips) 
Seat 2: Dorex2007 ($2.18 in chips) 
Seat 3: ScrotieMcBugger ($6.80 in chips) 
Seat 5: AlexmenZeVs ($1.78 in chips) 
Seat 6: BiM-WiNNeR ($2.79 in chips) 
Seat 7: TNV1984 ($3.95 in chips) 
Seat 8: Squalox18 ($1.71 in chips) 
Seat 9: Lutaapi ($0.76 in chips) 
AlexmenZeVs: posts small blind $0.01
BiM-WiNNeR: posts big blind $0.02
*** HOLE CARDS ***
Dealt to Dorex2007 [Td Kd]
TNV1984: folds 
Squalox18: folds 
Lutaapi: calls $0.02
dudoippon: folds 
Dorex2007: raises $0.04 to $0.06
ScrotieMcBugger: folds 
AlexmenZeVs: folds 
BiM-WiNNeR: folds 
Lutaapi: calls $0.04
*** FLOP *** [4h 8s 6d]
Lutaapi: checks 
Dorex2007: checks 
*** TURN *** [4h 8s 6d] [3h]
Lutaapi: bets $0.04
Dorex2007: folds 
Uncalled bet ($0.04) returned to Lutaapi
Lutaapi collected $0.14 from pot
Lutaapi: doesn't show hand 
*** SUMMARY ***
Total pot $0.15 | Rake $0.01 
Board [4h 8s 6d 3h]
Seat 1: dudoippon folded before Flop (didn't bet)
Seat 2: Dorex2007 folded on the Turn
Seat 3: ScrotieMcBugger (button) folded before Flop (didn't bet)
Seat 5: AlexmenZeVs (small blind) folded before Flop
Seat 6: BiM-WiNNeR (big blind) folded before Flop
Seat 7: TNV1984 folded before Flop (didn't bet)
Seat 8: Squalox18 folded before Flop (didn't bet)
Seat 9: Lutaapi collected ($0.14)



PokerStars Hand #233609674663:  Hold'em No Limit ($0.01/$0.02 USD) - 2022/01/29 20:44:16 PT [2022/01/29 23:44:16 ET]
Table 'Albertine III' 9-max Seat #5 is the button
Seat 1: dudoippon ($0.95 in chips) 
Seat 2: Dorex2007 ($2.12 in chips) 
Seat 3: ScrotieMcBugger ($6.80 in chips) 
Seat 5: AlexmenZeVs ($1.77 in chips) 
Seat 6: BiM-WiNNeR ($2.77 in chips) 
Seat 7: TNV1984 ($3.95 in chips) 
Seat 8: Squalox18 ($1.71 in chips) 
Seat 9: Lutaapi ($0.84 in chips) 
BiM-WiNNeR: posts small blind $0.01
TNV1984: posts big blind $0.02
matt blakk: sits out 
*** HOLE CARDS ***
Dealt to Dorex2007 [Th 3d]
Squalox18: calls $0.02
Lutaapi: calls $0.02
dudoippon: folds 
Dorex2007: folds 
ScrotieMcBugger: raises $0.02 to $0.04
AlexmenZeVs: folds 
BiM-WiNNeR: folds 
TNV1984: folds 
Squalox18: calls $0.02
Lutaapi: calls $0.02
*** FLOP *** [7c 6d 3s]
Squalox18: checks 
Lutaapi: checks 
ScrotieMcBugger: bets $0.08
Squalox18: calls $0.08
Lutaapi: calls $0.08
*** TURN *** [7c 6d 3s] [Jd]
Squalox18: checks 
Lutaapi: checks 
ScrotieMcBugger: bets $0.10
Squalox18: calls $0.10
Lutaapi: calls $0.10
*** RIVER *** [7c 6d 3s Jd] [4c]
Squalox18: checks 
Lutaapi: checks 
ScrotieMcBugger: checks 
*** SHOW DOWN ***
Squalox18: shows [7d Qc] (a pair of Sevens)
Lutaapi: mucks hand 
ScrotieMcBugger: mucks hand 
Squalox18 collected $0.67 from pot
*** SUMMARY ***
Total pot $0.69 | Rake $0.02 
Board [7c 6d 3s Jd 4c]
Seat 1: dudoippon folded before Flop (didn't bet)
Seat 2: Dorex2007 folded before Flop (didn't bet)
Seat 3: ScrotieMcBugger mucked [As Ks]
Seat 5: AlexmenZeVs (button) folded before Flop (didn't bet)
Seat 6: BiM-WiNNeR (small blind) folded before Flop
Seat 7: TNV1984 (big blind) folded before Flop
Seat 8: Squalox18 showed [7d Qc] and won ($0.67) with a pair of Sevens
Seat 9: Lutaapi mucked [8s 4s]



PokerStars Hand #233609685770:  Hold'em No Limit ($0.01/$0.02 USD) - 2022/01/29 20:45:14 PT [2022/01/29 23:45:14 ET]
Table 'Albertine III' 9-max Seat #6 is the button
Seat 1: dudoippon ($0.95 in chips) 
Seat 2: Dorex2007 ($2.12 in chips) 
Seat 3: ScrotieMcBugger ($6.58 in chips) 
Seat 5: AlexmenZeVs ($1.77 in chips) 
Seat 6: BiM-WiNNeR ($2.76 in chips) 
Seat 7: TNV1984 ($3.93 in chips) 
Seat 8: Squalox18 ($2.16 in chips) 
Seat 9: Lutaapi ($0.62 in chips) 
TNV1984: posts small blind $0.01
Squalox18: posts big blind $0.02
matt blakk: sits out 
*** HOLE CARDS ***
Dealt to Dorex2007 [9d Th]
Lutaapi: calls $0.02
dudoippon: raises $0.04 to $0.06
Dorex2007: folds 
ScrotieMcBugger: folds 
ScrotieMcBugger leaves the table
AlexmenZeVs: folds 
BiM-WiNNeR: folds 
TNV1984: folds 
Squalox18: calls $0.04
Lutaapi: calls $0.04
*** FLOP *** [Ks As Jh]
Squalox18: checks 
Lutaapi: bets $0.04
dudoippon: raises $0.26 to $0.30
Squalox18: folds 
Lutaapi: folds 
Uncalled bet ($0.26) returned to dudoippon
dudoippon collected $0.26 from pot
dudoippon: doesn't show hand 
*** SUMMARY ***
Total pot $0.27 | Rake $0.01 
Board [Ks As Jh]
Seat 1: dudoippon collected ($0.26)
Seat 2: Dorex2007 folded before Flop (didn't bet)
Seat 3: ScrotieMcBugger folded before Flop (didn't bet)
Seat 5: AlexmenZeVs folded before Flop (didn't bet)
Seat 6: BiM-WiNNeR (button) folded before Flop (didn't bet)
Seat 7: TNV1984 (small blind) folded before Flop
Seat 8: Squalox18 (big blind) folded on the Flop
Seat 9: Lutaapi folded on the Flop



PokerStars Hand #233609692229:  Hold'em No Limit ($0.01/$0.02 USD) - 2022/01/29 20:45:47 PT [2022/01/29 23:45:47 ET]
Table 'Albertine III' 9-max Seat #7 is the button
Seat 1: dudoippon ($1.11 in chips) 
Seat 2: Dorex2007 ($2.12 in chips) 
Seat 5: AlexmenZeVs ($1.77 in chips) 
Seat 6: BiM-WiNNeR ($2.76 in chips) 
Seat 7: TNV1984 ($3.92 in chips) 
Seat 8: Squalox18 ($2.10 in chips) 
Seat 9: Lutaapi ($0.52 in chips) 
Squalox18: posts small blind $0.01
Lutaapi: posts big blind $0.02
matt blakk: sits out 
*** HOLE CARDS ***
Dealt to Dorex2007 [Qh Kc]
dudoippon: folds 
Maria1995587 joins the table at seat #3 
Dorex2007: raises $0.02 to $0.04
AlexmenZeVs: folds 
BiM-WiNNeR: folds 
TNV1984: folds 
Squalox18: folds 
Lutaapi: calls $0.02
*** FLOP *** [7h Qc 4c]
Lutaapi: checks 
Dorex2007: bets $0.06
Lutaapi: calls $0.06
*** TURN *** [7h Qc 4c] [Ts]
Lutaapi: bets $0.06
Dorex2007: calls $0.06
*** RIVER *** [7h Qc 4c Ts] [4s]
Lutaapi: bets $0.36 and is all-in
Dorex2007: calls $0.36
*** SHOW DOWN ***
Lutaapi: shows [9h Qd] (two pair, Queens and Fours)
Dorex2007: shows [Qh Kc] (two pair, Queens and Fours - King kicker)
Dorex2007 collected $1.01 from pot
*** SUMMARY ***
Total pot $1.05 | Rake $0.04 
Board [7h Qc 4c Ts 4s]
Seat 1: dudoippon folded before Flop (didn't bet)
Seat 2: Dorex2007 showed [Qh Kc] and won ($1.01) with two pair, Queens and Fours
Seat 5: AlexmenZeVs folded before Flop (didn't bet)
Seat 6: BiM-WiNNeR folded before Flop (didn't bet)
Seat 7: TNV1984 (button) folded before Flop (didn't bet)
Seat 8: Squalox18 (small blind) folded before Flop
Seat 9: Lutaapi (big blind) showed [9h Qd] and lost with two pair, Queens and Fours



PokerStars Hand #233609698909:  Hold'em No Limit ($0.01/$0.02 USD) - 2022/01/29 20:46:21 PT [2022/01/29 23:46:21 ET]
Table 'Albertine III' 9-max Seat #8 is the button
Seat 1: dudoippon ($1.11 in chips) 
Seat 2: Dorex2007 ($2.61 in chips) 
Seat 3: Maria1995587 ($1.33 in chips) 
Seat 5: AlexmenZeVs ($1.77 in chips) 
Seat 6: BiM-WiNNeR ($2.76 in chips) 
Seat 7: TNV1984 ($3.92 in chips) 
Seat 8: Squalox18 ($2.09 in chips) 
dudoippon: posts small blind $0.01
Dorex2007: posts big blind $0.02
Maria1995587: posts big blind $0.02
matt blakk: sits out 
*** HOLE CARDS ***
Dealt to Dorex2007 [4c Qh]
Maria1995587: checks 
Lutaapi leaves the table
AlexmenZeVs: folds 
BiM-WiNNeR: raises $0.06 to $0.08
TNV1984: folds 
TNV1984 leaves the table
Squalox18: folds 
dudoippon: folds 
Dorex2007: folds 
Maria1995587: folds 
Uncalled bet ($0.06) returned to BiM-WiNNeR
BiM-WiNNeR collected $0.07 from pot
BiM-WiNNeR: doesn't show hand 
*** SUMMARY ***
Total pot $0.07 | Rake $0 
Seat 1: dudoippon (small blind) folded before Flop
Seat 2: Dorex2007 (big blind) folded before Flop
Seat 3: Maria1995587 folded before Flop (didn't bet)
Seat 5: AlexmenZeVs folded before Flop (didn't bet)
Seat 6: BiM-WiNNeR collected ($0.07)
Seat 7: TNV1984 folded before Flop (didn't bet)
Seat 8: Squalox18 (button) folded before Flop (didn't bet)



PokerStars Hand #233609701727:  Hold'em No Limit ($0.01/$0.02 USD) - 2022/01/29 20:46:36 PT [2022/01/29 23:46:36 ET]
Table 'Albertine III' 9-max Seat #1 is the button
Seat 1: dudoippon ($1.10 in chips) 
Seat 2: Dorex2007 ($2.59 in chips) 
Seat 3: Maria1995587 ($1.31 in chips) 
Seat 5: AlexmenZeVs ($1.77 in chips) 
Seat 6: BiM-WiNNeR ($2.81 in chips) 
Seat 8: Squalox18 ($2.09 in chips) 
Dorex2007: posts small blind $0.01
Maria1995587: posts big blind $0.02
matt blakk: sits out 
*** HOLE CARDS ***
Dealt to Dorex2007 [Kc Qc]
AlexmenZeVs: raises $0.04 to $0.06
BiM-WiNNeR: folds 
Squalox18: folds 
dudoippon: calls $0.06
Dorex2007: calls $0.05
Maria1995587: calls $0.04
*** FLOP *** [2d Tc 4h]
Dorex2007: checks 
Maria1995587: checks 
AlexmenZeVs: checks 
dudoippon: bets $0.12
Dorex2007: folds 
Maria1995587: calls $0.12
AlexmenZeVs: folds 
*** TURN *** [2d Tc 4h] [Ad]
Maria1995587: checks 
dudoippon: bets $0.46
Maria1995587: folds 
Uncalled bet ($0.46) returned to dudoippon
dudoippon collected $0.46 from pot
dudoippon: doesn't show hand 
*** SUMMARY ***
Total pot $0.48 | Rake $0.02 
Board [2d Tc 4h Ad]
Seat 1: dudoippon (button) collected ($0.46)
Seat 2: Dorex2007 (small blind) folded on the Flop
Seat 3: Maria1995587 (big blind) folded on the Turn
Seat 5: AlexmenZeVs folded on the Flop
Seat 6: BiM-WiNNeR folded before Flop (didn't bet)
Seat 8: Squalox18 folded before Flop (didn't bet)



PokerStars Hand #233609713960:  Hold'em No Limit ($0.01/$0.02 USD) - 2022/01/29 20:47:39 PT [2022/01/29 23:47:39 ET]
Table 'Albertine III' 9-max Seat #2 is the button
Seat 1: dudoippon ($1.38 in chips) 
Seat 2: Dorex2007 ($2.53 in chips) 
Seat 3: Maria1995587 ($1.13 in chips) 
Seat 4: matt blakk ($2.03 in chips) 
Seat 5: AlexmenZeVs ($1.71 in chips) 
Seat 6: BiM-WiNNeR ($2.81 in chips) 
Seat 8: Squalox18 ($2.09 in chips) 
Maria1995587: posts small blind $0.01
matt blakk: posts big blind $0.02
*** HOLE CARDS ***
Dealt to Dorex2007 [Qs Ad]
AlexmenZeVs: folds 
BiM-WiNNeR: folds 
Squalox18: folds 
dudoippon: folds 
Rocketshorts joins the table at seat #7 
Dorex2007: raises $0.04 to $0.06
Maria1995587: folds 
matt blakk: calls $0.04
*** FLOP *** [5d 2c 2h]
matt blakk: checks 
Dorex2007: checks 
*** TURN *** [5d 2c 2h] [Qh]
GENJD joins the table at seat #9 
matt blakk: bets $0.06
Dorex2007: raises $0.06 to $0.12
matt blakk: calls $0.06
*** RIVER *** [5d 2c 2h Qh] [Jd]
matt blakk: checks 
Dorex2007: checks 
*** SHOW DOWN ***
matt blakk: shows [8d Qd] (two pair, Queens and Deuces)
Dorex2007: shows [Qs Ad] (two pair, Queens and Deuces - Ace kicker)
Dorex2007 collected $0.36 from pot
*** SUMMARY ***
Total pot $0.37 | Rake $0.01 
Board [5d 2c 2h Qh Jd]
Seat 1: dudoippon folded before Flop (didn't bet)
Seat 2: Dorex2007 (button) showed [Qs Ad] and won ($0.36) with two pair, Queens and Deuces
Seat 3: Maria1995587 (small blind) folded before Flop
Seat 4: matt blakk (big blind) showed [8d Qd] and lost with two pair, Queens and Deuces
Seat 5: AlexmenZeVs folded before Flop (didn't bet)
Seat 6: BiM-WiNNeR folded before Flop (didn't bet)
Seat 8: Squalox18 folded before Flop (didn't bet)



PokerStars Hand #233609723509:  Hold'em No Limit ($0.01/$0.02 USD) - 2022/01/29 20:48:30 PT [2022/01/29 23:48:30 ET]
Table 'Albertine III' 9-max Seat #3 is the button
Seat 1: dudoippon ($1.38 in chips) 
Seat 2: Dorex2007 ($2.71 in chips) 
Seat 3: Maria1995587 ($1.12 in chips) 
Seat 4: matt blakk ($1.85 in chips) 
Seat 5: AlexmenZeVs ($1.71 in chips) 
Seat 6: BiM-WiNNeR ($2.81 in chips) 
Seat 8: Squalox18 ($2.09 in chips) 
Seat 9: GENJD ($2 in chips) 
matt blakk: posts small blind $0.01
AlexmenZeVs: posts big blind $0.02
Rocketshorts: sits out 
GENJD: posts big blind $0.02
*** HOLE CARDS ***
Dealt to Dorex2007 [As Th]
BiM-WiNNeR: folds 
Squalox18: folds 
GENJD: checks 
dudoippon: folds 
Dorex2007: raises $0.04 to $0.06
Maria1995587: folds 
matt blakk: folds 
AlexmenZeVs: folds 
GENJD: folds 
Uncalled bet ($0.04) returned to Dorex2007
Dorex2007 collected $0.07 from pot
Dorex2007: doesn't show hand 
*** SUMMARY ***
Total pot $0.07 | Rake $0 
Seat 1: dudoippon folded before Flop (didn't bet)
Seat 2: Dorex2007 collected ($0.07)
Seat 3: Maria1995587 (button) folded before Flop (didn't bet)
Seat 4: matt blakk (small blind) folded before Flop
Seat 5: AlexmenZeVs (big blind) folded before Flop
Seat 6: BiM-WiNNeR folded before Flop (didn't bet)
Seat 8: Squalox18 folded before Flop (didn't bet)
Seat 9: GENJD folded before Flop (didn't bet)



PokerStars Hand #233609730232:  Hold'em No Limit ($0.01/$0.02 USD) - 2022/01/29 20:49:05 PT [2022/01/29 23:49:05 ET]
Table 'Albertine III' 9-max Seat #4 is the button
Seat 1: dudoippon ($1.38 in chips) 
Seat 2: Dorex2007 ($2.76 in chips) 
Seat 3: Maria1995587 ($1.12 in chips) 
Seat 4: matt blakk ($1.84 in chips) 
Seat 5: AlexmenZeVs ($1.69 in chips) 
Seat 6: BiM-WiNNeR ($2.81 in chips) 
Seat 8: Squalox18 ($2.09 in chips) 
Seat 9: GENJD ($2 in chips) 
AlexmenZeVs: posts small blind $0.01
BiM-WiNNeR: posts big blind $0.02
Rocketshorts: sits out 
*** HOLE CARDS ***
Dealt to Dorex2007 [As 5s]
Squalox18: folds 
GENJD: folds 
dudoippon: folds 
Dorex2007: raises $0.04 to $0.06
Maria1995587: folds 
matt blakk: folds 
AlexmenZeVs: folds 
BiM-WiNNeR: folds 
Uncalled bet ($0.04) returned to Dorex2007
Dorex2007 collected $0.05 from pot
Dorex2007: doesn't show hand 
*** SUMMARY ***
Total pot $0.05 | Rake $0 
Seat 1: dudoippon folded before Flop (didn't bet)
Seat 2: Dorex2007 collected ($0.05)
Seat 3: Maria1995587 folded before Flop (didn't bet)
Seat 4: matt blakk (button) folded before Flop (didn't bet)
Seat 5: AlexmenZeVs (small blind) folded before Flop
Seat 6: BiM-WiNNeR (big blind) folded before Flop
Seat 8: Squalox18 folded before Flop (didn't bet)
Seat 9: GENJD folded before Flop (didn't bet)



PokerStars Hand #233609734232:  Hold'em No Limit ($0.01/$0.02 USD) - 2022/01/29 20:49:26 PT [2022/01/29 23:49:26 ET]
Table 'Albertine III' 9-max Seat #5 is the button
Seat 1: dudoippon ($1.38 in chips) 
Seat 2: Dorex2007 ($2.79 in chips) 
Seat 3: Maria1995587 ($1.12 in chips) 
Seat 4: matt blakk ($1.84 in chips) 
Seat 5: AlexmenZeVs ($1.68 in chips) 
Seat 6: BiM-WiNNeR ($2.79 in chips) 
Seat 7: Rocketshorts ($2 in chips) 
Seat 8: Squalox18 ($2.09 in chips) 
Seat 9: GENJD ($2 in chips) 
BiM-WiNNeR: posts small blind $0.01
Rocketshorts: posts big blind $0.02
*** HOLE CARDS ***
Dealt to Dorex2007 [8h 4s]
Squalox18: folds 
GENJD: calls $0.02
dudoippon: folds 
Dorex2007: folds 
Maria1995587: raises $0.06 to $0.08
matt blakk: folds 
AlexmenZeVs: folds 
BiM-WiNNeR: folds 
Rocketshorts: folds 
GENJD: calls $0.06
*** FLOP *** [5d Kc Qs]
GENJD: checks 
Maria1995587: bets $0.10
GENJD: calls $0.10
*** TURN *** [5d Kc Qs] [7d]
GENJD: checks 
Maria1995587: checks 
*** RIVER *** [5d Kc Qs 7d] [Ks]
GENJD: bets $0.38
Maria1995587 has timed out
Maria1995587: folds 
Uncalled bet ($0.38) returned to GENJD
GENJD collected $0.38 from pot
*** SUMMARY ***
Total pot $0.39 | Rake $0.01 
Board [5d Kc Qs 7d Ks]
Seat 1: dudoippon folded before Flop (didn't bet)
Seat 2: Dorex2007 folded before Flop (didn't bet)
Seat 3: Maria1995587 folded on the River
Seat 4: matt blakk folded before Flop (didn't bet)
Seat 5: AlexmenZeVs (button) folded before Flop (didn't bet)
Seat 6: BiM-WiNNeR (small blind) folded before Flop
Seat 7: Rocketshorts (big blind) folded before Flop
Seat 8: Squalox18 folded before Flop (didn't bet)
Seat 9: GENJD collected ($0.38)



PokerStars Hand #233609761014:  Hold'em No Limit ($0.01/$0.02 USD) - 2022/01/29 20:50:51 PT [2022/01/29 23:50:51 ET]
Table 'Albertine III' 9-max Seat #6 is the button
Seat 1: dudoippon ($1.38 in chips) 
Seat 2: Dorex2007 ($2.79 in chips) 
Seat 4: matt blakk ($1.84 in chips) 
Seat 5: AlexmenZeVs ($1.68 in chips) 
Seat 6: BiM-WiNNeR ($2.78 in chips) 
Seat 7: Rocketshorts ($1.98 in chips) 
Seat 8: Squalox18 ($2.09 in chips) 
Seat 9: GENJD ($2.20 in chips) 
Rocketshorts: posts small blind $0.01
Squalox18: posts big blind $0.02
*** HOLE CARDS ***
Dealt to Dorex2007 [5d Ac]
GENJD: folds 
dudoippon: folds 
Dorex2007: folds 
matt blakk: folds 
AlexmenZeVs: folds 
BiM-WiNNeR: folds 
Rocketshorts: raises $0.06 to $0.08
Squalox18: calls $0.06
*** FLOP *** [Jd 6s Kd]
Rocketshorts: bets $0.10
Squalox18: calls $0.10
*** TURN *** [Jd 6s Kd] [9d]
Rocketshorts: bets $0.18
Squalox18: calls $0.18
*** RIVER *** [Jd 6s Kd 9d] [8d]
Rocketshorts: bets $0.12
Squalox18: raises $0.12 to $0.24
Rocketshorts: calls $0.12
*** SHOW DOWN ***
Squalox18: shows [Kh 8h] (two pair, Kings and Eights)
Rocketshorts: shows [7d 8c] (a flush, King high)
Rocketshorts collected $1.16 from pot
*** SUMMARY ***
Total pot $1.20 | Rake $0.04 
Board [Jd 6s Kd 9d 8d]
Seat 1: dudoippon folded before Flop (didn't bet)
Seat 2: Dorex2007 folded before Flop (didn't bet)
Seat 4: matt blakk folded before Flop (didn't bet)
Seat 5: AlexmenZeVs folded before Flop (didn't bet)
Seat 6: BiM-WiNNeR (button) folded before Flop (didn't bet)
Seat 7: Rocketshorts (small blind) showed [7d 8c] and won ($1.16) with a flush, King high
Seat 8: Squalox18 (big blind) showed [Kh 8h] and lost with two pair, Kings and Eights
Seat 9: GENJD folded before Flop (didn't bet)



PokerStars Hand #233609776058:  Hold'em No Limit ($0.01/$0.02 USD) - 2022/01/29 20:52:10 PT [2022/01/29 23:52:10 ET]
Table 'Albertine III' 9-max Seat #7 is the button
Seat 1: dudoippon ($1.38 in chips) 
Seat 2: Dorex2007 ($2.79 in chips) 
Seat 3: Maria1995587 ($0.94 in chips) 
Seat 4: matt blakk ($1.84 in chips) 
Seat 5: AlexmenZeVs ($1.68 in chips) 
Seat 6: BiM-WiNNeR ($2.78 in chips) 
Seat 7: Rocketshorts ($2.54 in chips) 
Seat 8: Squalox18 ($1.49 in chips) 
Seat 9: GENJD ($2.20 in chips) 
Squalox18: posts small blind $0.01
GENJD: posts big blind $0.02
*** HOLE CARDS ***
Dealt to Dorex2007 [4s 6c]
dudoippon: folds 
Dorex2007: folds 
Maria1995587: folds 
matt blakk: folds 
AlexmenZeVs: folds 
BiM-WiNNeR: folds 
Rocketshorts: raises $0.06 to $0.08
Squalox18: calls $0.07
GENJD: folds 
*** FLOP *** [3s Qd Jd]
Squalox18: checks 
Rocketshorts: checks 
*** TURN *** [3s Qd Jd] [2h]
Squalox18: checks 
Rocketshorts: bets $0.10
Squalox18: calls $0.10
*** RIVER *** [3s Qd Jd 2h] [Qh]
Squalox18: checks 
Rocketshorts: checks 
*** SHOW DOWN ***
Squalox18: shows [2s As] (two pair, Queens and Deuces)
Rocketshorts: mucks hand 
Squalox18 collected $0.37 from pot
*** SUMMARY ***
Total pot $0.38 | Rake $0.01 
Board [3s Qd Jd 2h Qh]
Seat 1: dudoippon folded before Flop (didn't bet)
Seat 2: Dorex2007 folded before Flop (didn't bet)
Seat 3: Maria1995587 folded before Flop (didn't bet)
Seat 4: matt blakk folded before Flop (didn't bet)
Seat 5: AlexmenZeVs folded before Flop (didn't bet)
Seat 6: BiM-WiNNeR folded before Flop (didn't bet)
Seat 7: Rocketshorts (button) mucked [8s Ah]
Seat 8: Squalox18 (small blind) showed [2s As] and won ($0.37) with two pair, Queens and Deuces
Seat 9: GENJD (big blind) folded before Flop



PokerStars Hand #233609784560:  Hold'em No Limit ($0.01/$0.02 USD) - 2022/01/29 20:52:55 PT [2022/01/29 23:52:55 ET]
Table 'Albertine III' 9-max Seat #8 is the button
Seat 1: dudoippon ($1.38 in chips) 
Seat 2: Dorex2007 ($2.79 in chips) 
Seat 3: Maria1995587 ($0.94 in chips) 
Seat 4: matt blakk ($1.84 in chips) 
Seat 5: AlexmenZeVs ($1.68 in chips) 
Seat 6: BiM-WiNNeR ($2.78 in chips) 
Seat 7: Rocketshorts ($2.36 in chips) 
Seat 8: Squalox18 ($1.68 in chips) 
Seat 9: GENJD ($2.18 in chips) 
GENJD: posts small blind $0.01
dudoippon: posts big blind $0.02
*** HOLE CARDS ***
Dealt to Dorex2007 [4h Js]
Dorex2007: folds 
Maria1995587: calls $0.02
matt blakk: folds 
AlexmenZeVs: folds 
BiM-WiNNeR: folds 
Rocketshorts: raises $0.06 to $0.08
Squalox18: calls $0.08
GENJD: folds 
dudoippon: calls $0.06
Maria1995587: folds 
*** FLOP *** [2s 8s 2d]
dudoippon: checks 
Rocketshorts: checks 
Squalox18: checks 
*** TURN *** [2s 8s 2d] [Ks]
dudoippon: checks 
Rocketshorts: checks 
Squalox18: checks 
*** RIVER *** [2s 8s 2d Ks] [Qd]
dudoippon: bets $0.04
Rocketshorts: folds 
Squalox18: folds 
Uncalled bet ($0.04) returned to dudoippon
dudoippon collected $0.26 from pot
dudoippon: doesn't show hand 
*** SUMMARY ***
Total pot $0.27 | Rake $0.01 
Board [2s 8s 2d Ks Qd]
Seat 1: dudoippon (big blind) collected ($0.26)
Seat 2: Dorex2007 folded before Flop (didn't bet)
Seat 3: Maria1995587 folded before Flop
Seat 4: matt blakk folded before Flop (didn't bet)
Seat 5: AlexmenZeVs folded before Flop (didn't bet)
Seat 6: BiM-WiNNeR folded before Flop (didn't bet)
Seat 7: Rocketshorts folded on the River
Seat 8: Squalox18 (button) folded on the River
Seat 9: GENJD (small blind) folded before Flop



PokerStars Hand #233609796747:  Hold'em No Limit ($0.01/$0.02 USD) - 2022/01/29 20:54:00 PT [2022/01/29 23:54:00 ET]
Table 'Albertine III' 9-max Seat #9 is the button
Seat 1: dudoippon ($1.56 in chips) 
Seat 2: Dorex2007 ($2.79 in chips) 
Seat 3: Maria1995587 ($0.92 in chips) 
Seat 4: matt blakk ($1.84 in chips) 
Seat 5: AlexmenZeVs ($1.68 in chips) 
Seat 6: BiM-WiNNeR ($2.78 in chips) 
Seat 7: Rocketshorts ($2.28 in chips) 
Seat 8: Squalox18 ($1.60 in chips) 
Seat 9: GENJD ($2.17 in chips) 
dudoippon: posts small blind $0.01
Dorex2007: posts big blind $0.02
*** HOLE CARDS ***
Dealt to Dorex2007 [3s Ah]
Maria1995587: folds 
matt blakk: folds 
AlexmenZeVs: folds 
BiM-WiNNeR: folds 
Rocketshorts: folds 
Squalox18: folds 
GENJD: raises $0.04 to $0.06
dudoippon: calls $0.05
Dorex2007: folds 
*** FLOP *** [7h 5d Ts]
dudoippon: checks 
GENJD: bets $0.07
dudoippon: folds 
Uncalled bet ($0.07) returned to GENJD
GENJD collected $0.14 from pot
GENJD: doesn't show hand 
*** SUMMARY ***
Total pot $0.14 | Rake $0 
Board [7h 5d Ts]
Seat 1: dudoippon (small blind) folded on the Flop
Seat 2: Dorex2007 (big blind) folded before Flop
Seat 3: Maria1995587 folded before Flop (didn't bet)
Seat 4: matt blakk folded before Flop (didn't bet)
Seat 5: AlexmenZeVs folded before Flop (didn't bet)
Seat 6: BiM-WiNNeR folded before Flop (didn't bet)
Seat 7: Rocketshorts folded before Flop (didn't bet)
Seat 8: Squalox18 folded before Flop (didn't bet)
Seat 9: GENJD (button) collected ($0.14)



PokerStars Hand #233609804180:  Hold'em No Limit ($0.01/$0.02 USD) - 2022/01/29 20:54:40 PT [2022/01/29 23:54:40 ET]
Table 'Albertine III' 9-max Seat #1 is the button
Seat 1: dudoippon ($1.50 in chips) 
Seat 2: Dorex2007 ($2.77 in chips) 
Seat 3: Maria1995587 ($0.92 in chips) 
Seat 4: matt blakk ($1.84 in chips) 
Seat 5: AlexmenZeVs ($1.68 in chips) 
Seat 6: BiM-WiNNeR ($2.78 in chips) 
Seat 7: Rocketshorts ($2.28 in chips) 
Seat 8: Squalox18 ($1.60 in chips) 
Seat 9: GENJD ($2.25 in chips) 
Dorex2007: posts small blind $0.01
Maria1995587: posts big blind $0.02
*** HOLE CARDS ***
Dealt to Dorex2007 [3s Kh]
matt blakk: folds 
AlexmenZeVs: folds 
BiM-WiNNeR: raises $0.04 to $0.06
Rocketshorts: folds 
Squalox18: folds 
GENJD: folds 
dudoippon: folds 
Dorex2007: folds 
Maria1995587: folds 
Uncalled bet ($0.04) returned to BiM-WiNNeR
BiM-WiNNeR collected $0.05 from pot
BiM-WiNNeR: doesn't show hand 
*** SUMMARY ***
Total pot $0.05 | Rake $0 
Seat 1: dudoippon (button) folded before Flop (didn't bet)
Seat 2: Dorex2007 (small blind) folded before Flop
Seat 3: Maria1995587 (big blind) folded before Flop
Seat 4: matt blakk folded before Flop (didn't bet)
Seat 5: AlexmenZeVs folded before Flop (didn't bet)
Seat 6: BiM-WiNNeR collected ($0.05)
Seat 7: Rocketshorts folded before Flop (didn't bet)
Seat 8: Squalox18 folded before Flop (didn't bet)
Seat 9: GENJD folded before Flop (didn't bet)



PokerStars Hand #233609808596:  Hold'em No Limit ($0.01/$0.02 USD) - 2022/01/29 20:55:03 PT [2022/01/29 23:55:03 ET]
Table 'Albertine III' 9-max Seat #2 is the button
Seat 1: dudoippon ($1.50 in chips) 
Seat 2: Dorex2007 ($2.76 in chips) 
Seat 3: Maria1995587 ($0.90 in chips) 
Seat 4: matt blakk ($1.84 in chips) 
Seat 5: AlexmenZeVs ($1.68 in chips) 
Seat 6: BiM-WiNNeR ($2.81 in chips) 
Seat 7: Rocketshorts ($2.28 in chips) 
Seat 8: Squalox18 ($1.60 in chips) 
Seat 9: GENJD ($2.25 in chips) 
Maria1995587: posts small blind $0.01
matt blakk: posts big blind $0.02
*** HOLE CARDS ***
Dealt to Dorex2007 [Kh 3d]
AlexmenZeVs: folds 
BiM-WiNNeR: folds 
Rocketshorts: folds 
Squalox18: folds 
GENJD: calls $0.02
dudoippon: folds 
Dorex2007: folds 
Maria1995587: folds 
matt blakk: checks 
*** FLOP *** [4h 5s Kc]
matt blakk: bets $0.04
GENJD: folds 
Uncalled bet ($0.04) returned to matt blakk
matt blakk collected $0.05 from pot
matt blakk: doesn't show hand 
*** SUMMARY ***
Total pot $0.05 | Rake $0 
Board [4h 5s Kc]
Seat 1: dudoippon folded before Flop (didn't bet)
Seat 2: Dorex2007 (button) folded before Flop (didn't bet)
Seat 3: Maria1995587 (small blind) folded before Flop
Seat 4: matt blakk (big blind) collected ($0.05)
Seat 5: AlexmenZeVs folded before Flop (didn't bet)
Seat 6: BiM-WiNNeR folded before Flop (didn't bet)
Seat 7: Rocketshorts folded before Flop (didn't bet)
Seat 8: Squalox18 folded before Flop (didn't bet)
Seat 9: GENJD folded on the Flop



PokerStars Hand #233609813164:  Hold'em No Limit ($0.01/$0.02 USD) - 2022/01/29 20:55:32 PT [2022/01/29 23:55:32 ET]
Table 'Albertine III' 9-max Seat #3 is the button
Seat 1: dudoippon ($1.50 in chips) 
Seat 2: Dorex2007 ($2.76 in chips) 
Seat 3: Maria1995587 ($0.89 in chips) 
Seat 4: matt blakk ($1.87 in chips) 
Seat 5: AlexmenZeVs ($1.68 in chips) 
Seat 6: BiM-WiNNeR ($2.81 in chips) 
Seat 7: Rocketshorts ($2.28 in chips) 
Seat 8: Squalox18 ($1.60 in chips) 
Seat 9: GENJD ($2.23 in chips) 
matt blakk: posts small blind $0.01
AlexmenZeVs: posts big blind $0.02
*** HOLE CARDS ***
Dealt to Dorex2007 [Qc Kh]
BiM-WiNNeR: folds 
Rocketshorts: folds 
Squalox18: calls $0.02
GENJD: folds 
BiM-WiNNeR leaves the table
dudoippon: folds 
Dorex2007: raises $0.02 to $0.04
Maria1995587: folds 
matt blakk: folds 
AlexmenZeVs: folds 
Squalox18: calls $0.02
*** FLOP *** [As 6c 9s]
Squalox18: checks 
Dorex2007: bets $0.06
Squalox18: folds 
Uncalled bet ($0.06) returned to Dorex2007
Dorex2007 collected $0.11 from pot
Dorex2007: doesn't show hand 
*** SUMMARY ***
Total pot $0.11 | Rake $0 
Board [As 6c 9s]
Seat 1: dudoippon folded before Flop (didn't bet)
Seat 2: Dorex2007 collected ($0.11)
Seat 3: Maria1995587 (button) folded before Flop (didn't bet)
Seat 4: matt blakk (small blind) folded before Flop
Seat 5: AlexmenZeVs (big blind) folded before Flop
Seat 6: BiM-WiNNeR folded before Flop (didn't bet)
Seat 7: Rocketshorts folded before Flop (didn't bet)
Seat 8: Squalox18 folded on the Flop
Seat 9: GENJD folded before Flop (didn't bet)



PokerStars Hand #233609818351:  Hold'em No Limit ($0.01/$0.02 USD) - 2022/01/29 20:56:06 PT [2022/01/29 23:56:06 ET]
Table 'Albertine III' 9-max Seat #4 is the button
Seat 1: dudoippon ($1.50 in chips) 
Seat 2: Dorex2007 ($2.83 in chips) 
Seat 3: Maria1995587 ($0.89 in chips) 
Seat 4: matt blakk ($1.86 in chips) 
Seat 5: AlexmenZeVs ($1.66 in chips) 
Seat 7: Rocketshorts ($2.28 in chips) 
Seat 8: Squalox18 ($1.56 in chips) 
Seat 9: GENJD ($2.23 in chips) 
AlexmenZeVs: posts small blind $0.01
Rocketshorts: posts big blind $0.02
*** HOLE CARDS ***
Dealt to Dorex2007 [7h 6c]
Squalox18: calls $0.02
GENJD: folds 
dudoippon: folds 
Dorex2007: folds 
Maria1995587: calls $0.02
matt blakk: folds 
AlexmenZeVs: calls $0.01
Rocketshorts: checks 
*** FLOP *** [Ac As 4d]
INTIMIDATOR69 joins the table at seat #6 
AlexmenZeVs: checks 
Rocketshorts: checks 
Squalox18: checks 
Maria1995587: checks 
*** TURN *** [Ac As 4d] [8h]
AlexmenZeVs: checks 
Rocketshorts: checks 
Squalox18: bets $0.04
Maria1995587: calls $0.04
AlexmenZeVs: folds 
Rocketshorts: calls $0.04
*** RIVER *** [Ac As 4d 8h] [3h]
Rocketshorts: checks 
Squalox18: bets $0.10
Maria1995587: raises $0.20 to $0.30
Rocketshorts: raises $1.92 to $2.22 and is all-in
Squalox18: calls $1.40 and is all-in
Maria1995587: folds 
Uncalled bet ($0.72) returned to Rocketshorts
*** SHOW DOWN ***
Rocketshorts: shows [2h 5h] (a straight, Ace to Five)
Squalox18: shows [Ah 5s] (three of a kind, Aces)
Rocketshorts collected $3.38 from pot
*** SUMMARY ***
Total pot $3.50 | Rake $0.12 
Board [Ac As 4d 8h 3h]
Seat 1: dudoippon folded before Flop (didn't bet)
Seat 2: Dorex2007 folded before Flop (didn't bet)
Seat 3: Maria1995587 folded on the River
Seat 4: matt blakk (button) folded before Flop (didn't bet)
Seat 5: AlexmenZeVs (small blind) folded on the Turn
Seat 7: Rocketshorts (big blind) showed [2h 5h] and won ($3.38) with a straight, Ace to Five
Seat 8: Squalox18 showed [Ah 5s] and lost with three of a kind, Aces
Seat 9: GENJD folded before Flop (didn't bet)



PokerStars Hand #233609833066:  Hold'em No Limit ($0.01/$0.02 USD) - 2022/01/29 20:57:43 PT [2022/01/29 23:57:43 ET]
Table 'Albertine III' 9-max Seat #5 is the button
Seat 1: dudoippon ($1.50 in chips) 
Seat 2: Dorex2007 ($2.83 in chips) 
Seat 3: Maria1995587 ($0.53 in chips) 
Seat 4: matt blakk ($1.86 in chips) 
Seat 5: AlexmenZeVs ($1.64 in chips) 
Seat 7: Rocketshorts ($4.10 in chips) 
Seat 9: GENJD ($2.23 in chips) 
Rocketshorts: posts small blind $0.01
GENJD: posts big blind $0.02
*** HOLE CARDS ***
Dealt to Dorex2007 [Qc 7s]
dudoippon: calls $0.02
Dorex2007: folds 
Maria1995587: folds 
matt blakk: folds 
AlexmenZeVs: folds 
Rocketshorts: folds 
GENJD: checks 
*** FLOP *** [2h 3h Jc]
GENJD: checks 
dudoippon: checks 
*** TURN *** [2h 3h Jc] [8h]
GENJD: checks 
dudoippon: checks 
*** RIVER *** [2h 3h Jc 8h] [7h]
GENJD: checks 
dudoippon: checks 
*** SHOW DOWN ***
GENJD: shows [Kc 6h] (a flush, Eight high)
dudoippon: mucks hand 
GENJD collected $0.05 from pot
*** SUMMARY ***
Total pot $0.05 | Rake $0 
Board [2h 3h Jc 8h 7h]
Seat 1: dudoippon mucked [Ac 3c]
Seat 2: Dorex2007 folded before Flop (didn't bet)
Seat 3: Maria1995587 folded before Flop (didn't bet)
Seat 4: matt blakk folded before Flop (didn't bet)
Seat 5: AlexmenZeVs (button) folded before Flop (didn't bet)
Seat 7: Rocketshorts (small blind) folded before Flop
Seat 9: GENJD (big blind) showed [Kc 6h] and won ($0.05) with a flush, Eight high



PokerStars Hand #233609840572:  Hold'em No Limit ($0.01/$0.02 USD) - 2022/01/29 20:58:32 PT [2022/01/29 23:58:32 ET]
Table 'Albertine III' 9-max Seat #7 is the button
Seat 1: dudoippon ($1.48 in chips) 
Seat 2: Dorex2007 ($2.83 in chips) 
Seat 3: Maria1995587 ($0.53 in chips) 
Seat 4: matt blakk ($1.86 in chips) 
Seat 5: AlexmenZeVs ($1.64 in chips) 
Seat 6: INTIMIDATOR69 ($1 in chips) 
Seat 7: Rocketshorts ($4.09 in chips) 
Seat 9: GENJD ($2.26 in chips) 
GENJD: posts small blind $0.01
dudoippon: posts big blind $0.02
INTIMIDATOR69: posts big blind $0.02
*** HOLE CARDS ***
Dealt to Dorex2007 [5s Td]
Dorex2007: folds 
Maria1995587: folds 
matt blakk: raises $0.04 to $0.06
AlexmenZeVs: folds 
INTIMIDATOR69: folds 
Rocketshorts: folds 
GENJD: folds 
dudoippon: calls $0.04
*** FLOP *** [2d 3c Ks]
dudoippon: checks 
matt blakk: checks 
*** TURN *** [2d 3c Ks] [Qh]
dudoippon: checks 
matt blakk: checks 
*** RIVER *** [2d 3c Ks Qh] [9d]
dudoippon: checks 
matt blakk: checks 
*** SHOW DOWN ***
dudoippon: shows [Tc 8c] (high card King)
matt blakk: shows [Ad Jc] (high card Ace)
matt blakk collected $0.14 from pot
*** SUMMARY ***
Total pot $0.15 | Rake $0.01 
Board [2d 3c Ks Qh 9d]
Seat 1: dudoippon (big blind) showed [Tc 8c] and lost with high card King
Seat 2: Dorex2007 folded before Flop (didn't bet)
Seat 3: Maria1995587 folded before Flop (didn't bet)
Seat 4: matt blakk showed [Ad Jc] and won ($0.14) with high card Ace
Seat 5: AlexmenZeVs folded before Flop (didn't bet)
Seat 6: INTIMIDATOR69 folded before Flop (didn't bet)
Seat 7: Rocketshorts (button) folded before Flop (didn't bet)
Seat 9: GENJD (small blind) folded before Flop



PokerStars Hand #233609850494:  Hold'em No Limit ($0.01/$0.02 USD) - 2022/01/29 20:59:37 PT [2022/01/29 23:59:37 ET]
Table 'Albertine III' 9-max Seat #9 is the button
Seat 1: dudoippon ($1.42 in chips) 
Seat 2: Dorex2007 ($2.83 in chips) 
Seat 3: Maria1995587 ($0.53 in chips) 
Seat 4: matt blakk ($1.94 in chips) 
Seat 5: AlexmenZeVs ($1.64 in chips) 
Seat 6: INTIMIDATOR69 ($1 in chips) 
Seat 7: Rocketshorts ($4.09 in chips) 
Seat 8: Squalox18 ($2 in chips) 
Seat 9: GENJD ($2.25 in chips) 
dudoippon: posts small blind $0.01
Dorex2007: posts big blind $0.02
Squalox18: posts small & big blinds $0.03
*** HOLE CARDS ***
Dealt to Dorex2007 [Ah 8h]
Maria1995587: folds 
matt blakk: folds 
AlexmenZeVs: folds 
INTIMIDATOR69: calls $0.02
Rocketshorts: folds 
Squalox18: checks 
GENJD: calls $0.02
dudoippon: calls $0.01
Dorex2007: checks 
*** FLOP *** [4d 7d 7s]
dudoippon: checks 
Dorex2007: checks 
INTIMIDATOR69: checks 
Squalox18: checks 
GENJD: checks 
*** TURN *** [4d 7d 7s] [6h]
dudoippon: checks 
Dorex2007: checks 
INTIMIDATOR69: checks 
Squalox18: checks 
GENJD: checks 
*** RIVER *** [4d 7d 7s 6h] [Kh]
dudoippon: checks 
Dorex2007: checks 
INTIMIDATOR69: bets $0.11
Squalox18: folds 
GENJD: folds 
dudoippon: folds 
Dorex2007: folds 
Uncalled bet ($0.11) returned to INTIMIDATOR69
INTIMIDATOR69 collected $0.11 from pot
*** SUMMARY ***
Total pot $0.11 | Rake $0 
Board [4d 7d 7s 6h Kh]
Seat 1: dudoippon (small blind) folded on the River
Seat 2: Dorex2007 (big blind) folded on the River
Seat 3: Maria1995587 folded before Flop (didn't bet)
Seat 4: matt blakk folded before Flop (didn't bet)
Seat 5: AlexmenZeVs folded before Flop (didn't bet)
Seat 6: INTIMIDATOR69 collected ($0.11)
Seat 7: Rocketshorts folded before Flop (didn't bet)
Seat 8: Squalox18 folded on the River (didn't bet)
Seat 9: GENJD (button) folded on the River



