PokerStars Hand #238160963986:  Hold'em No Limit ($0.02/$0.05 USD) - 2022/08/22 20:35:57 PT [2022/08/22 23:35:57 ET]
Table 'Danubia' 9-max Seat #3 is the button
Seat 1: Dorex2007 ($5 in chips) 
Seat 3: w3sby ($9.81 in chips) 
Seat 4: oskrin33 ($10.07 in chips) 
Seat 5: Phily14 ($6.73 in chips) 
Seat 6: geniuss ($9.46 in chips) 
Seat 8: LUKIANOV777 ($4.80 in chips) 
oskrin33: posts small blind $0.02
Phily14: posts big blind $0.05
Dorex2007: posts big blind $0.05
*** HOLE CARDS ***
Dealt to Dorex2007 [7s 9c]
geniuss: folds 
LUKIANOV777: folds 
Dorex2007: checks 
w3sby: folds 
oskrin33: calls $0.03
Phily14: checks 
*** FLOP *** [Qh 2h Qd]
oskrin33: checks 
Phily14: checks 
Dorex2007: checks 
*** TURN *** [Qh 2h Qd] [6c]
oskrin33: checks 
Phily14: checks 
Dorex2007: checks 
*** RIVER *** [Qh 2h Qd 6c] [8s]
oskrin33: checks 
Phily14: checks 
Dorex2007: checks 
*** SHOW DOWN ***
oskrin33: shows [Jd Tc] (a pair of Queens)
Phily14: shows [Ts Jh] (a pair of Queens)
Dorex2007: mucks hand 
oskrin33 collected $0.07 from pot
Phily14 collected $0.07 from pot
*** SUMMARY ***
Total pot $0.15 | Rake $0.01 
Board [Qh 2h Qd 6c 8s]
Seat 1: Dorex2007 mucked [7s 9c]
Seat 3: w3sby (button) folded before Flop (didn't bet)
Seat 4: oskrin33 (small blind) showed [Jd Tc] and won ($0.07) with a pair of Queens
Seat 5: Phily14 (big blind) showed [Ts Jh] and won ($0.07) with a pair of Queens
Seat 6: geniuss folded before Flop (didn't bet)
Seat 8: LUKIANOV777 folded before Flop (didn't bet)



PokerStars Hand #238160973989:  Hold'em No Limit ($0.02/$0.05 USD) - 2022/08/22 20:36:36 PT [2022/08/22 23:36:36 ET]
Table 'Danubia' 9-max Seat #4 is the button
Seat 1: Dorex2007 ($5 in chips) 
Seat 2: Kallem28 ($8.57 in chips) 
Seat 3: w3sby ($9.81 in chips) 
Seat 4: oskrin33 ($10.09 in chips) 
Seat 5: Phily14 ($6.75 in chips) 
Seat 6: geniuss ($9.46 in chips) 
Seat 8: LUKIANOV777 ($4.80 in chips) 
Phily14: posts small blind $0.02
geniuss: posts big blind $0.05
AGVsmarT: sits out 
Kallem28: posts big blind $0.05
*** HOLE CARDS ***
Dealt to Dorex2007 [7s 8d]
LUKIANOV777: folds 
Dorex2007: folds 
Kallem28: checks 
w3sby: folds 
oskrin33: folds 
Phily14: calls $0.03
geniuss: checks 
*** FLOP *** [Kd 6d 4c]
Phily14: bets $0.15
geniuss: folds 
Kallem28: folds 
Uncalled bet ($0.15) returned to Phily14
Phily14 collected $0.14 from pot
*** SUMMARY ***
Total pot $0.15 | Rake $0.01 
Board [Kd 6d 4c]
Seat 1: Dorex2007 folded before Flop (didn't bet)
Seat 2: Kallem28 folded on the Flop (didn't bet)
Seat 3: w3sby folded before Flop (didn't bet)
Seat 4: oskrin33 (button) folded before Flop (didn't bet)
Seat 5: Phily14 (small blind) collected ($0.14)
Seat 6: geniuss (big blind) folded on the Flop
Seat 8: LUKIANOV777 folded before Flop (didn't bet)



PokerStars Hand #238160978599:  Hold'em No Limit ($0.02/$0.05 USD) - 2022/08/22 20:37:07 PT [2022/08/22 23:37:07 ET]
Table 'Danubia' 9-max Seat #5 is the button
Seat 1: Dorex2007 ($5 in chips) 
Seat 2: Kallem28 ($8.52 in chips) 
Seat 3: w3sby ($9.81 in chips) 
Seat 4: oskrin33 ($10.09 in chips) 
Seat 5: Phily14 ($6.84 in chips) 
Seat 6: geniuss ($9.41 in chips) 
Seat 7: AGVsmarT ($8.73 in chips) 
Seat 8: LUKIANOV777 ($4.80 in chips) 
geniuss: posts small blind $0.02
AGVsmarT: posts big blind $0.05
*** HOLE CARDS ***
Dealt to Dorex2007 [Ac 2c]
LUKIANOV777: folds 
Dorex2007: raises $0.10 to $0.15
Kallem28: folds 
w3sby: folds 
oskrin33: folds 
Phily14: calls $0.15
geniuss: folds 
AGVsmarT: folds 
*** FLOP *** [4c 5d Js]
Dorex2007: checks 
Phily14: bets $0.35
Dorex2007: folds 
Uncalled bet ($0.35) returned to Phily14
Phily14 collected $0.35 from pot
*** SUMMARY ***
Total pot $0.37 | Rake $0.02 
Board [4c 5d Js]
Seat 1: Dorex2007 folded on the Flop
Seat 2: Kallem28 folded before Flop (didn't bet)
Seat 3: w3sby folded before Flop (didn't bet)
Seat 4: oskrin33 folded before Flop (didn't bet)
Seat 5: Phily14 (button) collected ($0.35)
Seat 6: geniuss (small blind) folded before Flop
Seat 7: AGVsmarT (big blind) folded before Flop
Seat 8: LUKIANOV777 folded before Flop (didn't bet)



PokerStars Hand #238160983760:  Hold'em No Limit ($0.02/$0.05 USD) - 2022/08/22 20:37:42 PT [2022/08/22 23:37:42 ET]
Table 'Danubia' 9-max Seat #6 is the button
Seat 1: Dorex2007 ($5 in chips) 
Seat 2: Kallem28 ($8.52 in chips) 
Seat 3: w3sby ($9.81 in chips) 
Seat 4: oskrin33 ($10.09 in chips) 
Seat 5: Phily14 ($7.04 in chips) 
Seat 6: geniuss ($9.39 in chips) 
Seat 7: AGVsmarT ($8.68 in chips) 
AGVsmarT: posts small blind $0.02
LUKIANOV777: is sitting out 
Dorex2007: posts big blind $0.05
*** HOLE CARDS ***
Dealt to Dorex2007 [4c 9d]
Kallem28: folds 
LUKIANOV777 leaves the table
w3sby: raises $0.10 to $0.15
oskrin33: folds 
Phily14: calls $0.15
geniuss: folds 
AGVsmarT: folds 
Dorex2007: folds 
*** FLOP *** [Kh 7h 4s]
w3sby: checks 
Phily14: checks 
*** TURN *** [Kh 7h 4s] [Kc]
w3sby: bets $0.26
Phily14: folds 
Uncalled bet ($0.26) returned to w3sby
w3sby collected $0.35 from pot
w3sby: doesn't show hand 
*** SUMMARY ***
Total pot $0.37 | Rake $0.02 
Board [Kh 7h 4s Kc]
Seat 1: Dorex2007 (big blind) folded before Flop
Seat 2: Kallem28 folded before Flop (didn't bet)
Seat 3: w3sby collected ($0.35)
Seat 4: oskrin33 folded before Flop (didn't bet)
Seat 5: Phily14 folded on the Turn
Seat 6: geniuss (button) folded before Flop (didn't bet)
Seat 7: AGVsmarT (small blind) folded before Flop



PokerStars Hand #238160989826:  Hold'em No Limit ($0.02/$0.05 USD) - 2022/08/22 20:38:23 PT [2022/08/22 23:38:23 ET]
Table 'Danubia' 9-max Seat #7 is the button
Seat 1: Dorex2007 ($5 in chips) 
Seat 2: Kallem28 ($8.52 in chips) 
Seat 3: w3sby ($10.01 in chips) 
Seat 4: oskrin33 ($10.09 in chips) 
Seat 5: Phily14 ($6.89 in chips) 
Seat 6: geniuss ($9.39 in chips) 
Seat 7: AGVsmarT ($8.66 in chips) 
Dorex2007: posts small blind $0.02
Kallem28: posts big blind $0.05
*** HOLE CARDS ***
Dealt to Dorex2007 [4h Kc]
w3sby: folds 
oskrin33: folds 
Phily14: folds 
geniuss: folds 
foresfas0 is disconnected 
AGVsmarT: folds 
Dorex2007: folds 
Uncalled bet ($0.03) returned to Kallem28
Kallem28 collected $0.04 from pot
*** SUMMARY ***
Total pot $0.04 | Rake $0 
Seat 1: Dorex2007 (small blind) folded before Flop
Seat 2: Kallem28 (big blind) collected ($0.04)
Seat 3: w3sby folded before Flop (didn't bet)
Seat 4: oskrin33 folded before Flop (didn't bet)
Seat 5: Phily14 folded before Flop (didn't bet)
Seat 6: geniuss folded before Flop (didn't bet)
Seat 7: AGVsmarT (button) folded before Flop (didn't bet)



PokerStars Hand #238160991883:  Hold'em No Limit ($0.02/$0.05 USD) - 2022/08/22 20:38:37 PT [2022/08/22 23:38:37 ET]
Table 'Danubia' 9-max Seat #1 is the button
Seat 1: Dorex2007 ($5 in chips) 
Seat 2: Kallem28 ($8.54 in chips) 
Seat 3: w3sby ($10.01 in chips) 
Seat 4: oskrin33 ($10.09 in chips) 
Seat 5: Phily14 ($6.89 in chips) 
Seat 6: geniuss ($9.39 in chips) 
Seat 7: AGVsmarT ($8.66 in chips) 
Kallem28: posts small blind $0.02
w3sby: posts big blind $0.05
*** HOLE CARDS ***
Dealt to Dorex2007 [9h Kc]
oskrin33: folds 
Phily14: folds 
geniuss: folds 
AGVsmarT: folds 
Dorex2007: folds 
Kallem28: folds 
Uncalled bet ($0.03) returned to w3sby
w3sby collected $0.04 from pot
w3sby: doesn't show hand 
*** SUMMARY ***
Total pot $0.04 | Rake $0 
Seat 1: Dorex2007 (button) folded before Flop (didn't bet)
Seat 2: Kallem28 (small blind) folded before Flop
Seat 3: w3sby (big blind) collected ($0.04)
Seat 4: oskrin33 folded before Flop (didn't bet)
Seat 5: Phily14 folded before Flop (didn't bet)
Seat 6: geniuss folded before Flop (didn't bet)
Seat 7: AGVsmarT folded before Flop (didn't bet)



PokerStars Hand #238160995033:  Hold'em No Limit ($0.02/$0.05 USD) - 2022/08/22 20:38:59 PT [2022/08/22 23:38:59 ET]
Table 'Danubia' 9-max Seat #2 is the button
Seat 1: Dorex2007 ($5 in chips) 
Seat 2: Kallem28 ($8.52 in chips) 
Seat 3: w3sby ($10.03 in chips) 
Seat 4: oskrin33 ($10.09 in chips) 
Seat 5: Phily14 ($6.89 in chips) 
Seat 6: geniuss ($9.39 in chips) 
Seat 7: AGVsmarT ($8.66 in chips) 
w3sby: posts small blind $0.02
oskrin33: posts big blind $0.05
*** HOLE CARDS ***
Dealt to Dorex2007 [9c 7c]
Phily14: folds 
geniuss: folds 
AGVsmarT: calls $0.05
Dorex2007: folds 
Kallem28: folds 
w3sby: folds 
oskrin33: checks 
*** FLOP *** [Kd 2d Qh]
w3sby leaves the table
oskrin33: checks 
AGVsmarT: checks 
*** TURN *** [Kd 2d Qh] [7d]
oskrin33: bets $0.05
AGVsmarT: folds 
Uncalled bet ($0.05) returned to oskrin33
oskrin33 collected $0.12 from pot
oskrin33: doesn't show hand 
*** SUMMARY ***
Total pot $0.12 | Rake $0 
Board [Kd 2d Qh 7d]
Seat 1: Dorex2007 folded before Flop (didn't bet)
Seat 2: Kallem28 (button) folded before Flop (didn't bet)
Seat 3: w3sby (small blind) folded before Flop
Seat 4: oskrin33 (big blind) collected ($0.12)
Seat 5: Phily14 folded before Flop (didn't bet)
Seat 6: geniuss folded before Flop (didn't bet)
Seat 7: AGVsmarT folded on the Turn



PokerStars Hand #238160999528:  Hold'em No Limit ($0.02/$0.05 USD) - 2022/08/22 20:39:30 PT [2022/08/22 23:39:30 ET]
Table 'Danubia' 9-max Seat #4 is the button
Seat 1: Dorex2007 ($5 in chips) 
Seat 2: Kallem28 ($8.52 in chips) 
Seat 4: oskrin33 ($10.16 in chips) 
Seat 5: Phily14 ($6.89 in chips) 
Seat 6: geniuss ($9.39 in chips) 
Seat 7: AGVsmarT ($8.61 in chips) 
Phily14: posts small blind $0.02
geniuss: posts big blind $0.05
*** HOLE CARDS ***
Dealt to Dorex2007 [Js 2d]
AGVsmarT: raises $0.12 to $0.17
Dorex2007: folds 
Kallem28: folds 
oskrin33: folds 
Phily14: folds 
geniuss: folds 
Uncalled bet ($0.12) returned to AGVsmarT
AGVsmarT collected $0.12 from pot
*** SUMMARY ***
Total pot $0.12 | Rake $0 
Seat 1: Dorex2007 folded before Flop (didn't bet)
Seat 2: Kallem28 folded before Flop (didn't bet)
Seat 4: oskrin33 (button) folded before Flop (didn't bet)
Seat 5: Phily14 (small blind) folded before Flop
Seat 6: geniuss (big blind) folded before Flop
Seat 7: AGVsmarT collected ($0.12)



PokerStars Hand #238161001804:  Hold'em No Limit ($0.02/$0.05 USD) - 2022/08/22 20:39:45 PT [2022/08/22 23:39:45 ET]
Table 'Danubia' 9-max Seat #5 is the button
Seat 1: Dorex2007 ($5 in chips) 
Seat 2: Kallem28 ($8.52 in chips) 
Seat 4: oskrin33 ($10.16 in chips) 
Seat 5: Phily14 ($6.87 in chips) 
Seat 6: geniuss ($9.34 in chips) 
Seat 7: AGVsmarT ($8.68 in chips) 
geniuss: posts small blind $0.02
AGVsmarT: posts big blind $0.05
*** HOLE CARDS ***
Dealt to Dorex2007 [9c 5d]
Dorex2007: folds 
Kallem28: folds 
oskrin33: folds 
Phily14: folds 
geniuss: raises $0.07 to $0.12
AGVsmarT: folds 
Uncalled bet ($0.07) returned to geniuss
geniuss collected $0.10 from pot
*** SUMMARY ***
Total pot $0.10 | Rake $0 
Seat 1: Dorex2007 folded before Flop (didn't bet)
Seat 2: Kallem28 folded before Flop (didn't bet)
Seat 4: oskrin33 folded before Flop (didn't bet)
Seat 5: Phily14 (button) folded before Flop (didn't bet)
Seat 6: geniuss (small blind) collected ($0.10)
Seat 7: AGVsmarT (big blind) folded before Flop



PokerStars Hand #238161012731:  Hold'em No Limit ($0.02/$0.05 USD) - 2022/08/22 20:40:10 PT [2022/08/22 23:40:10 ET]
Table 'Danubia' 9-max Seat #6 is the button
Seat 1: Dorex2007 ($5 in chips) 
Seat 2: Kallem28 ($8.52 in chips) 
Seat 4: oskrin33 ($10.16 in chips) 
Seat 5: Phily14 ($6.87 in chips) 
Seat 6: geniuss ($9.39 in chips) 
Seat 7: AGVsmarT ($8.63 in chips) 
AGVsmarT: posts small blind $0.02
Dorex2007: posts big blind $0.05
*** HOLE CARDS ***
Dealt to Dorex2007 [2h 5d]
Kallem28: folds 
oskrin33: folds 
Phily14: folds 
geniuss: folds 
AGVsmarT: calls $0.03
Dorex2007: checks 
*** FLOP *** [9h 9s Kc]
AGVsmarT: bets $0.05
Dorex2007: folds 
Uncalled bet ($0.05) returned to AGVsmarT
AGVsmarT collected $0.10 from pot
*** SUMMARY ***
Total pot $0.10 | Rake $0 
Board [9h 9s Kc]
Seat 1: Dorex2007 (big blind) folded on the Flop
Seat 2: Kallem28 folded before Flop (didn't bet)
Seat 4: oskrin33 folded before Flop (didn't bet)
Seat 5: Phily14 folded before Flop (didn't bet)
Seat 6: geniuss (button) folded before Flop (didn't bet)
Seat 7: AGVsmarT (small blind) collected ($0.10)



PokerStars Hand #238161015950:  Hold'em No Limit ($0.02/$0.05 USD) - 2022/08/22 20:40:33 PT [2022/08/22 23:40:33 ET]
Table 'Danubia' 9-max Seat #7 is the button
Seat 1: Dorex2007 ($5 in chips) 
Seat 2: Kallem28 ($8.52 in chips) 
Seat 4: oskrin33 ($10.16 in chips) 
Seat 5: Phily14 ($6.87 in chips) 
Seat 6: geniuss ($9.39 in chips) 
Seat 7: AGVsmarT ($8.68 in chips) 
Dorex2007: posts small blind $0.02
Kallem28: posts big blind $0.05
*** HOLE CARDS ***
Dealt to Dorex2007 [4d 5h]
oskrin33: folds 
Phily14: folds 
geniuss: folds 
AGVsmarT: calls $0.05
Dorex2007: folds 
Kallem28: checks 
*** FLOP *** [Js Ts Ac]
Kallem28: checks 
AGVsmarT: checks 
*** TURN *** [Js Ts Ac] [9s]
Kallem28: checks 
AGVsmarT: checks 
*** RIVER *** [Js Ts Ac 9s] [Jc]
Kallem28: checks 
AGVsmarT: checks 
*** SHOW DOWN ***
Kallem28: shows [4c 6d] (a pair of Jacks)
AGVsmarT: shows [6c 7c] (a pair of Jacks)
Kallem28 collected $0.06 from pot
AGVsmarT collected $0.06 from pot
*** SUMMARY ***
Total pot $0.12 | Rake $0 
Board [Js Ts Ac 9s Jc]
Seat 1: Dorex2007 (small blind) folded before Flop
Seat 2: Kallem28 (big blind) showed [4c 6d] and won ($0.06) with a pair of Jacks
Seat 4: oskrin33 folded before Flop (didn't bet)
Seat 5: Phily14 folded before Flop (didn't bet)
Seat 6: geniuss folded before Flop (didn't bet)
Seat 7: AGVsmarT (button) showed [6c 7c] and won ($0.06) with a pair of Jacks



PokerStars Hand #238161022871:  Hold'em No Limit ($0.02/$0.05 USD) - 2022/08/22 20:41:21 PT [2022/08/22 23:41:21 ET]
Table 'Danubia' 9-max Seat #1 is the button
Seat 1: Dorex2007 ($5 in chips) 
Seat 4: oskrin33 ($10.16 in chips) 
Seat 5: Phily14 ($6.87 in chips) 
Seat 6: geniuss ($9.39 in chips) 
Seat 7: AGVsmarT ($8.69 in chips) 
oskrin33: posts small blind $0.02
Phily14: posts big blind $0.05
*** HOLE CARDS ***
Dealt to Dorex2007 [7s 2h]
withnohandlebar joins the table at seat #3 
geniuss: folds 
AGVsmarT: raises $0.12 to $0.17
Dorex2007: folds 
oskrin33: folds 
Phily14: folds 
Uncalled bet ($0.12) returned to AGVsmarT
AGVsmarT collected $0.12 from pot
*** SUMMARY ***
Total pot $0.12 | Rake $0 
Seat 1: Dorex2007 (button) folded before Flop (didn't bet)
Seat 4: oskrin33 (small blind) folded before Flop
Seat 5: Phily14 (big blind) folded before Flop
Seat 6: geniuss folded before Flop (didn't bet)
Seat 7: AGVsmarT collected ($0.12)



PokerStars Hand #238161026014:  Hold'em No Limit ($0.02/$0.05 USD) - 2022/08/22 20:41:42 PT [2022/08/22 23:41:42 ET]
Table 'Danubia' 9-max Seat #4 is the button
Seat 1: Dorex2007 ($5 in chips) 
Seat 3: withnohandlebar ($5 in chips) 
Seat 4: oskrin33 ($10.14 in chips) 
Seat 5: Phily14 ($6.82 in chips) 
Seat 6: geniuss ($9.39 in chips) 
Seat 7: AGVsmarT ($8.76 in chips) 
Phily14: posts small blind $0.02
geniuss: posts big blind $0.05
withnohandlebar: posts big blind $0.05
*** HOLE CARDS ***
Dealt to Dorex2007 [6s Qc]
AGVsmarT: folds 
Dorex2007: folds 
withnohandlebar: checks 
oskrin33: raises $0.10 to $0.15
Phily14: folds 
geniuss: folds 
withnohandlebar: folds 
Uncalled bet ($0.10) returned to oskrin33
oskrin33 collected $0.17 from pot
oskrin33: doesn't show hand 
*** SUMMARY ***
Total pot $0.17 | Rake $0 
Seat 1: Dorex2007 folded before Flop (didn't bet)
Seat 3: withnohandlebar folded before Flop (didn't bet)
Seat 4: oskrin33 (button) collected ($0.17)
Seat 5: Phily14 (small blind) folded before Flop
Seat 6: geniuss (big blind) folded before Flop
Seat 7: AGVsmarT folded before Flop (didn't bet)



PokerStars Hand #238161029623:  Hold'em No Limit ($0.02/$0.05 USD) - 2022/08/22 20:42:07 PT [2022/08/22 23:42:07 ET]
Table 'Danubia' 9-max Seat #5 is the button
Seat 1: Dorex2007 ($5 in chips) 
Seat 3: withnohandlebar ($4.95 in chips) 
Seat 4: oskrin33 ($10.26 in chips) 
Seat 5: Phily14 ($6.80 in chips) 
Seat 6: geniuss ($9.34 in chips) 
Seat 7: AGVsmarT ($8.76 in chips) 
geniuss: posts small blind $0.02
AGVsmarT: posts big blind $0.05
*** HOLE CARDS ***
Dealt to Dorex2007 [Kd 6s]
Dorex2007: folds 
withnohandlebar: folds 
oskrin33: raises $0.07 to $0.12
Phily14: folds 
Marcel.Esley joins the table at seat #8 
geniuss: folds 
AGVsmarT: calls $0.07
*** FLOP *** [Qc Td 9s]
geniuss leaves the table
AGVsmarT: bets $0.10
oskrin33: folds 
Uncalled bet ($0.10) returned to AGVsmarT
AGVsmarT collected $0.25 from pot
*** SUMMARY ***
Total pot $0.26 | Rake $0.01 
Board [Qc Td 9s]
Seat 1: Dorex2007 folded before Flop (didn't bet)
Seat 3: withnohandlebar folded before Flop (didn't bet)
Seat 4: oskrin33 folded on the Flop
Seat 5: Phily14 (button) folded before Flop (didn't bet)
Seat 6: geniuss (small blind) folded before Flop
Seat 7: AGVsmarT (big blind) collected ($0.25)



PokerStars Hand #238161034550:  Hold'em No Limit ($0.02/$0.05 USD) - 2022/08/22 20:42:42 PT [2022/08/22 23:42:42 ET]
Table 'Danubia' 9-max Seat #7 is the button
Seat 1: Dorex2007 ($5 in chips) 
Seat 3: withnohandlebar ($4.95 in chips) 
Seat 4: oskrin33 ($10.14 in chips) 
Seat 5: Phily14 ($6.80 in chips) 
Seat 7: AGVsmarT ($8.89 in chips) 
Dorex2007: posts small blind $0.02
withnohandlebar: posts big blind $0.05
*** HOLE CARDS ***
Dealt to Dorex2007 [6d Ts]
oskrin33: folds 
Phily14: folds 
webmarrr joins the table at seat #6 
AGVsmarT: folds 
Dorex2007: folds 
Uncalled bet ($0.03) returned to withnohandlebar
withnohandlebar collected $0.04 from pot
*** SUMMARY ***
Total pot $0.04 | Rake $0 
Seat 1: Dorex2007 (small blind) folded before Flop
Seat 3: withnohandlebar (big blind) collected ($0.04)
Seat 4: oskrin33 folded before Flop (didn't bet)
Seat 5: Phily14 folded before Flop (didn't bet)
Seat 7: AGVsmarT (button) folded before Flop (didn't bet)



PokerStars Hand #238161036729:  Hold'em No Limit ($0.02/$0.05 USD) - 2022/08/22 20:42:57 PT [2022/08/22 23:42:57 ET]
Table 'Danubia' 9-max Seat #1 is the button
Seat 1: Dorex2007 ($5 in chips) 
Seat 3: withnohandlebar ($4.97 in chips) 
Seat 4: oskrin33 ($10.14 in chips) 
Seat 5: Phily14 ($6.80 in chips) 
Seat 7: AGVsmarT ($8.89 in chips) 
Seat 8: Marcel.Esley ($2.53 in chips) 
withnohandlebar: posts small blind $0.02
oskrin33: posts big blind $0.05
webmarrr: sits out 
Marcel.Esley: posts big blind $0.05
*** HOLE CARDS ***
Dealt to Dorex2007 [Qc 6h]
Phily14: folds 
AGVsmarT: folds 
Marcel.Esley: checks 
Dorex2007: folds 
withnohandlebar: folds 
oskrin33: checks 
*** FLOP *** [Ts Ac Qh]
oskrin33: checks 
Marcel.Esley: checks 
*** TURN *** [Ts Ac Qh] [5d]
oskrin33: bets $0.06
Marcel.Esley: calls $0.06
*** RIVER *** [Ts Ac Qh 5d] [Js]
oskrin33: bets $0.15
Marcel.Esley: raises $2.27 to $2.42 and is all-in
oskrin33: folds 
Uncalled bet ($2.27) returned to Marcel.Esley
Marcel.Esley collected $0.52 from pot
*** SUMMARY ***
Total pot $0.54 | Rake $0.02 
Board [Ts Ac Qh 5d Js]
Seat 1: Dorex2007 (button) folded before Flop (didn't bet)
Seat 3: withnohandlebar (small blind) folded before Flop
Seat 4: oskrin33 (big blind) folded on the River
Seat 5: Phily14 folded before Flop (didn't bet)
Seat 7: AGVsmarT folded before Flop (didn't bet)
Seat 8: Marcel.Esley collected ($0.52)



PokerStars Hand #238161045181:  Hold'em No Limit ($0.02/$0.05 USD) - 2022/08/22 20:43:56 PT [2022/08/22 23:43:56 ET]
Table 'Danubia' 9-max Seat #3 is the button
Seat 1: Dorex2007 ($5 in chips) 
Seat 3: withnohandlebar ($4.95 in chips) 
Seat 4: oskrin33 ($9.88 in chips) 
Seat 5: Phily14 ($6.80 in chips) 
Seat 7: AGVsmarT ($8.89 in chips) 
Seat 8: Marcel.Esley ($2.79 in chips) 
oskrin33: posts small blind $0.02
Phily14: posts big blind $0.05
webmarrr: sits out 
Kallem28: sits out 
*** HOLE CARDS ***
Dealt to Dorex2007 [Jh Jc]
AGVsmarT: raises $0.05 to $0.10
Marcel.Esley: folds 
Dorex2007: raises $0.15 to $0.25
withnohandlebar: folds 
oskrin33: folds 
Phily14: folds 
AGVsmarT: raises $0.15 to $0.40
Dorex2007: raises $4.60 to $5 and is all-in
AGVsmarT: calls $4.60
*** FLOP *** [Qs 8h 5d]
*** TURN *** [Qs 8h 5d] [8s]
*** RIVER *** [Qs 8h 5d 8s] [2h]
*** SHOW DOWN ***
AGVsmarT: shows [Ah Ac] (two pair, Aces and Eights)
Dorex2007: shows [Jh Jc] (two pair, Jacks and Eights)
AGVsmarT collected $9.65 from pot
*** SUMMARY ***
Total pot $10.07 | Rake $0.42 
Board [Qs 8h 5d 8s 2h]
Seat 1: Dorex2007 showed [Jh Jc] and lost with two pair, Jacks and Eights
Seat 3: withnohandlebar (button) folded before Flop (didn't bet)
Seat 4: oskrin33 (small blind) folded before Flop
Seat 5: Phily14 (big blind) folded before Flop
Seat 7: AGVsmarT showed [Ah Ac] and won ($9.65) with two pair, Aces and Eights
Seat 8: Marcel.Esley folded before Flop (didn't bet)



PokerStars Hand #238161051740:  Hold'em No Limit ($0.02/$0.05 USD) - 2022/08/22 20:44:43 PT [2022/08/22 23:44:43 ET]
Table 'Danubia' 9-max Seat #4 is the button
Seat 1: Dorex2007 ($5 in chips) 
Seat 3: withnohandlebar ($4.95 in chips) 
Seat 4: oskrin33 ($9.86 in chips) 
Seat 5: Phily14 ($6.75 in chips) 
Seat 6: webmarrr ($5 in chips) 
Seat 7: AGVsmarT ($13.54 in chips) 
Seat 8: Marcel.Esley ($2.79 in chips) 
Phily14: posts small blind $0.02
webmarrr: posts big blind $0.05
Kallem28: sits out 
*** HOLE CARDS ***
Dealt to Dorex2007 [2c Th]
AGVsmarT: raises $0.12 to $0.17
Marcel.Esley: folds 
Dorex2007: folds 
withnohandlebar: folds 
oskrin33: raises $0.12 to $0.29
Phily14: folds 
webmarrr: folds 
AGVsmarT: calls $0.12
*** FLOP *** [8d 8h 4h]
AGVsmarT: bets $0.31
oskrin33: raises $0.62 to $0.93
AGVsmarT: folds 
Uncalled bet ($0.62) returned to oskrin33
oskrin33 collected $1.22 from pot
oskrin33: doesn't show hand 
*** SUMMARY ***
Total pot $1.27 | Rake $0.05 
Board [8d 8h 4h]
Seat 1: Dorex2007 folded before Flop (didn't bet)
Seat 3: withnohandlebar folded before Flop (didn't bet)
Seat 4: oskrin33 (button) collected ($1.22)
Seat 5: Phily14 (small blind) folded before Flop
Seat 6: webmarrr (big blind) folded before Flop
Seat 7: AGVsmarT folded on the Flop
Seat 8: Marcel.Esley folded before Flop (didn't bet)



PokerStars Hand #238161057497:  Hold'em No Limit ($0.02/$0.05 USD) - 2022/08/22 20:45:22 PT [2022/08/22 23:45:22 ET]
Table 'Danubia' 9-max Seat #5 is the button
Seat 1: Dorex2007 ($5 in chips) 
Seat 3: withnohandlebar ($4.95 in chips) 
Seat 4: oskrin33 ($10.48 in chips) 
Seat 5: Phily14 ($6.73 in chips) 
Seat 6: webmarrr ($5 in chips) 
Seat 7: AGVsmarT ($12.94 in chips) 
Seat 8: Marcel.Esley ($2.79 in chips) 
webmarrr: posts small blind $0.02
AGVsmarT: posts big blind $0.05
Kallem28: sits out 
*** HOLE CARDS ***
Dealt to Dorex2007 [4h 9h]
Marcel.Esley: folds 
Dorex2007: folds 
withnohandlebar: folds 
oskrin33: folds 
Phily14: raises $0.10 to $0.15
webmarrr: calls $0.13
AGVsmarT: calls $0.10
*** FLOP *** [Th 6c 9c]
webmarrr: checks 
AGVsmarT: bets $0.10
Phily14: folds 
foresfas0 is disconnected 
webmarrr: folds 
Uncalled bet ($0.10) returned to AGVsmarT
AGVsmarT collected $0.43 from pot
*** SUMMARY ***
Total pot $0.45 | Rake $0.02 
Board [Th 6c 9c]
Seat 1: Dorex2007 folded before Flop (didn't bet)
Seat 3: withnohandlebar folded before Flop (didn't bet)
Seat 4: oskrin33 folded before Flop (didn't bet)
Seat 5: Phily14 (button) folded on the Flop
Seat 6: webmarrr (small blind) folded on the Flop
Seat 7: AGVsmarT (big blind) collected ($0.43)
Seat 8: Marcel.Esley folded before Flop (didn't bet)



PokerStars Hand #238161062979:  Hold'em No Limit ($0.02/$0.05 USD) - 2022/08/22 20:46:01 PT [2022/08/22 23:46:01 ET]
Table 'Danubia' 9-max Seat #6 is the button
Seat 1: Dorex2007 ($5 in chips) 
Seat 3: withnohandlebar ($4.95 in chips) 
Seat 4: oskrin33 ($10.48 in chips) 
Seat 5: Phily14 ($6.58 in chips) 
Seat 6: webmarrr ($5 in chips) 
Seat 7: AGVsmarT ($13.22 in chips) 
Seat 8: Marcel.Esley ($2.79 in chips) 
AGVsmarT: posts small blind $0.02
Marcel.Esley: posts big blind $0.05
Kallem28: sits out 
*** HOLE CARDS ***
Dealt to Dorex2007 [9s 2h]
Dorex2007: folds 
withnohandlebar: raises $0.07 to $0.12
oskrin33: folds 
Phily14: calls $0.12
webmarrr: folds 
AGVsmarT: folds 
Marcel.Esley: calls $0.07
*** FLOP *** [Qc 8s As]
Marcel.Esley: checks 
withnohandlebar: bets $0.12
Phily14: folds 
Marcel.Esley: folds 
Uncalled bet ($0.12) returned to withnohandlebar
withnohandlebar collected $0.36 from pot
*** SUMMARY ***
Total pot $0.38 | Rake $0.02 
Board [Qc 8s As]
Seat 1: Dorex2007 folded before Flop (didn't bet)
Seat 3: withnohandlebar collected ($0.36)
Seat 4: oskrin33 folded before Flop (didn't bet)
Seat 5: Phily14 folded on the Flop
Seat 6: webmarrr (button) folded before Flop (didn't bet)
Seat 7: AGVsmarT (small blind) folded before Flop
Seat 8: Marcel.Esley (big blind) folded on the Flop



PokerStars Hand #238161068292:  Hold'em No Limit ($0.02/$0.05 USD) - 2022/08/22 20:46:39 PT [2022/08/22 23:46:39 ET]
Table 'Danubia' 9-max Seat #7 is the button
Seat 1: Dorex2007 ($5 in chips) 
Seat 3: withnohandlebar ($5.19 in chips) 
Seat 4: oskrin33 ($10.48 in chips) 
Seat 5: Phily14 ($6.46 in chips) 
Seat 6: webmarrr ($5 in chips) 
Seat 7: AGVsmarT ($13.20 in chips) 
Seat 8: Marcel.Esley ($2.67 in chips) 
Marcel.Esley: posts small blind $0.02
Dorex2007: posts big blind $0.05
*** HOLE CARDS ***
Dealt to Dorex2007 [Kh Qh]
withnohandlebar: folds 
oskrin33: folds 
Phily14: raises $0.15 to $0.20
webmarrr: folds 
AGVsmarT: folds 
Marcel.Esley: folds 
Dorex2007: calls $0.15
*** FLOP *** [Td Jc As]
Dorex2007: checks 
Phily14: bets $0.20
Dorex2007: calls $0.20
*** TURN *** [Td Jc As] [6c]
Dorex2007: checks 
Phily14: bets $0.50
Dorex2007: raises $0.70 to $1.20
Phily14: calls $0.70
*** RIVER *** [Td Jc As 6c] [Ks]
Dorex2007: bets $1.54
Phily14: raises $3.32 to $4.86 and is all-in
Dorex2007: calls $1.86 and is all-in
Uncalled bet ($1.46) returned to Phily14
*** SHOW DOWN ***
Phily14: shows [Ad Qs] (a straight, Ten to Ace)
Dorex2007: shows [Kh Qh] (a straight, Ten to Ace)
Dorex2007 collected $4.80 from pot
Phily14 collected $4.80 from pot
foresfas0 leaves the table
*** SUMMARY ***
Total pot $10.02 | Rake $0.42 
Board [Td Jc As 6c Ks]
Seat 1: Dorex2007 (big blind) showed [Kh Qh] and won ($4.80) with a straight, Ten to Ace
Seat 3: withnohandlebar folded before Flop (didn't bet)
Seat 4: oskrin33 folded before Flop (didn't bet)
Seat 5: Phily14 showed [Ad Qs] and won ($4.80) with a straight, Ten to Ace
Seat 6: webmarrr folded before Flop (didn't bet)
Seat 7: AGVsmarT (button) folded before Flop (didn't bet)
Seat 8: Marcel.Esley (small blind) folded before Flop



PokerStars Hand #238161082075:  Hold'em No Limit ($0.02/$0.05 USD) - 2022/08/22 20:47:42 PT [2022/08/22 23:47:42 ET]
Table 'Danubia' 9-max Seat #8 is the button
Seat 1: Dorex2007 ($5 in chips) 
Seat 3: withnohandlebar ($5.19 in chips) 
Seat 4: oskrin33 ($10.48 in chips) 
Seat 5: Phily14 ($6.26 in chips) 
Seat 6: webmarrr ($5 in chips) 
Seat 7: AGVsmarT ($13.20 in chips) 
Seat 8: Marcel.Esley ($2.65 in chips) 
Dorex2007: posts small blind $0.02
withnohandlebar: posts big blind $0.05
*** HOLE CARDS ***
Dealt to Dorex2007 [Kd Kh]
oskrin33: raises $0.05 to $0.10
Phily14: folds 
webmarrr: raises $0.20 to $0.30
AGVsmarT: folds 
Marcel.Esley: calls $0.30
Dorex2007: raises $0.40 to $0.70
withnohandlebar: folds 
oskrin33: folds 
webmarrr: calls $0.40
Marcel.Esley: calls $0.40
*** FLOP *** [7d 3c 5d]
Dorex2007: bets $2.16
webmarrr: folds 
Marcel.Esley: folds 
Uncalled bet ($2.16) returned to Dorex2007
Dorex2007 collected $2.16 from pot
Dorex2007: doesn't show hand 
*** SUMMARY ***
Total pot $2.25 | Rake $0.09 
Board [7d 3c 5d]
Seat 1: Dorex2007 (small blind) collected ($2.16)
Seat 3: withnohandlebar (big blind) folded before Flop
Seat 4: oskrin33 folded before Flop
Seat 5: Phily14 folded before Flop (didn't bet)
Seat 6: webmarrr folded on the Flop
Seat 7: AGVsmarT folded before Flop (didn't bet)
Seat 8: Marcel.Esley (button) folded on the Flop



PokerStars Hand #238161091016:  Hold'em No Limit ($0.02/$0.05 USD) - 2022/08/22 20:48:45 PT [2022/08/22 23:48:45 ET]
Table 'Danubia' 9-max Seat #1 is the button
Seat 1: Dorex2007 ($6.46 in chips) 
Seat 3: withnohandlebar ($5.14 in chips) 
Seat 5: Phily14 ($6.26 in chips) 
Seat 6: webmarrr ($5 in chips) 
Seat 7: AGVsmarT ($13.20 in chips) 
Seat 8: Marcel.Esley ($1.95 in chips) 
withnohandlebar: posts small blind $0.02
oskrin33: is sitting out 
Phily14: posts big blind $0.05
*** HOLE CARDS ***
Dealt to Dorex2007 [6h Kc]
webmarrr: folds 
AGVsmarT: folds 
oskrin33 leaves the table
Marcel.Esley: raises $0.10 to $0.15
Dorex2007: folds 
withnohandlebar: calls $0.13
Phily14: calls $0.10
*** FLOP *** [Qc 2d Ah]
withnohandlebar: checks 
Phily14: checks 
Marcel.Esley: checks 
*** TURN *** [Qc 2d Ah] [Kh]
withnohandlebar: checks 
Phily14: checks 
Marcel.Esley: checks 
*** RIVER *** [Qc 2d Ah Kh] [Ad]
withnohandlebar: checks 
Phily14: checks 
Marcel.Esley: checks 
*** SHOW DOWN ***
withnohandlebar: shows [4h 4d] (two pair, Aces and Fours)
Phily14: mucks hand 
Marcel.Esley: shows [8s 8h] (two pair, Aces and Eights)
Marcel.Esley collected $0.43 from pot
*** SUMMARY ***
Total pot $0.45 | Rake $0.02 
Board [Qc 2d Ah Kh Ad]
Seat 1: Dorex2007 (button) folded before Flop (didn't bet)
Seat 3: withnohandlebar (small blind) showed [4h 4d] and lost with two pair, Aces and Fours
Seat 5: Phily14 (big blind) mucked [8c Js]
Seat 6: webmarrr folded before Flop (didn't bet)
Seat 7: AGVsmarT folded before Flop (didn't bet)
Seat 8: Marcel.Esley showed [8s 8h] and won ($0.43) with two pair, Aces and Eights



PokerStars Hand #238161096601:  Hold'em No Limit ($0.02/$0.05 USD) - 2022/08/22 20:49:24 PT [2022/08/22 23:49:24 ET]
Table 'Danubia' 9-max Seat #3 is the button
Seat 1: Dorex2007 ($6.46 in chips) 
Seat 3: withnohandlebar ($4.99 in chips) 
Seat 5: Phily14 ($6.11 in chips) 
Seat 6: webmarrr ($5 in chips) 
Seat 7: AGVsmarT ($13.20 in chips) 
Seat 8: Marcel.Esley ($2.23 in chips) 
Phily14: posts small blind $0.02
webmarrr: posts big blind $0.05
*** HOLE CARDS ***
Dealt to Dorex2007 [Th Ks]
AGVsmarT: folds 
Marcel.Esley: raises $0.10 to $0.15
Dorex2007: folds 
withnohandlebar: calls $0.15
Phily14: folds 
webmarrr: folds 
*** FLOP *** [Jh As 6h]
Marcel.Esley: bets $0.35
withnohandlebar: folds 
Uncalled bet ($0.35) returned to Marcel.Esley
Marcel.Esley collected $0.35 from pot
*** SUMMARY ***
Total pot $0.37 | Rake $0.02 
Board [Jh As 6h]
Seat 1: Dorex2007 folded before Flop (didn't bet)
Seat 3: withnohandlebar (button) folded on the Flop
Seat 5: Phily14 (small blind) folded before Flop
Seat 6: webmarrr (big blind) folded before Flop
Seat 7: AGVsmarT folded before Flop (didn't bet)
Seat 8: Marcel.Esley collected ($0.35)



PokerStars Hand #238161100394:  Hold'em No Limit ($0.02/$0.05 USD) - 2022/08/22 20:49:51 PT [2022/08/22 23:49:51 ET]
Table 'Danubia' 9-max Seat #5 is the button
Seat 1: Dorex2007 ($6.46 in chips) 
Seat 3: withnohandlebar ($4.84 in chips) 
Seat 5: Phily14 ($6.09 in chips) 
Seat 6: webmarrr ($5 in chips) 
Seat 7: AGVsmarT ($13.20 in chips) 
Seat 8: Marcel.Esley ($2.43 in chips) 
webmarrr: posts small blind $0.02
AGVsmarT: posts big blind $0.05
*** HOLE CARDS ***
Dealt to Dorex2007 [Kd Tc]
Marcel.Esley: folds 
Dorex2007: calls $0.05
withnohandlebar: folds 
Phily14: folds 
webmarrr: folds 
AGVsmarT: checks 
*** FLOP *** [6h Ad 3h]
AGVsmarT: bets $0.05
Dorex2007: folds 
Uncalled bet ($0.05) returned to AGVsmarT
AGVsmarT collected $0.12 from pot
*** SUMMARY ***
Total pot $0.12 | Rake $0 
Board [6h Ad 3h]
Seat 1: Dorex2007 folded on the Flop
Seat 3: withnohandlebar folded before Flop (didn't bet)
Seat 5: Phily14 (button) folded before Flop (didn't bet)
Seat 6: webmarrr (small blind) folded before Flop
Seat 7: AGVsmarT (big blind) collected ($0.12)
Seat 8: Marcel.Esley folded before Flop (didn't bet)



PokerStars Hand #238161103326:  Hold'em No Limit ($0.02/$0.05 USD) - 2022/08/22 20:50:12 PT [2022/08/22 23:50:12 ET]
Table 'Danubia' 9-max Seat #6 is the button
Seat 1: Dorex2007 ($6.41 in chips) 
Seat 3: withnohandlebar ($4.84 in chips) 
Seat 5: Phily14 ($6.09 in chips) 
Seat 6: webmarrr ($5 in chips) 
Seat 7: AGVsmarT ($13.27 in chips) 
Seat 8: Marcel.Esley ($2.43 in chips) 
AGVsmarT: posts small blind $0.02
Marcel.Esley: posts big blind $0.05
*** HOLE CARDS ***
Dealt to Dorex2007 [4h 8d]
Dorex2007: folds 
withnohandlebar: raises $0.07 to $0.12
Phily14: folds 
webmarrr: folds 
AGVsmarT: calls $0.10
Marcel.Esley: calls $0.07
*** FLOP *** [Kh As 4c]
AGVsmarT: checks 
Marcel.Esley: checks 
withnohandlebar: bets $0.18
AGVsmarT: folds 
Marcel.Esley: folds 
Uncalled bet ($0.18) returned to withnohandlebar
withnohandlebar collected $0.35 from pot
*** SUMMARY ***
Total pot $0.36 | Rake $0.01 
Board [Kh As 4c]
Seat 1: Dorex2007 folded before Flop (didn't bet)
Seat 3: withnohandlebar collected ($0.35)
Seat 5: Phily14 folded before Flop (didn't bet)
Seat 6: webmarrr (button) folded before Flop (didn't bet)
Seat 7: AGVsmarT (small blind) folded on the Flop
Seat 8: Marcel.Esley (big blind) folded on the Flop



PokerStars Hand #238161109524:  Hold'em No Limit ($0.02/$0.05 USD) - 2022/08/22 20:50:56 PT [2022/08/22 23:50:56 ET]
Table 'Danubia' 9-max Seat #7 is the button
Seat 1: Dorex2007 ($6.41 in chips) 
Seat 3: withnohandlebar ($5.07 in chips) 
Seat 5: Phily14 ($6.09 in chips) 
Seat 6: webmarrr ($5 in chips) 
Seat 7: AGVsmarT ($13.15 in chips) 
Seat 8: Marcel.Esley ($2.31 in chips) 
Marcel.Esley: posts small blind $0.02
Dorex2007: posts big blind $0.05
*** HOLE CARDS ***
Dealt to Dorex2007 [7h 5c]
withnohandlebar: folds 
Phily14: folds 
webmarrr: folds 
AGVsmarT: raises $0.12 to $0.17
Marcel.Esley: folds 
Dorex2007: folds 
Uncalled bet ($0.12) returned to AGVsmarT
AGVsmarT collected $0.12 from pot
*** SUMMARY ***
Total pot $0.12 | Rake $0 
Seat 1: Dorex2007 (big blind) folded before Flop
Seat 3: withnohandlebar folded before Flop (didn't bet)
Seat 5: Phily14 folded before Flop (didn't bet)
Seat 6: webmarrr folded before Flop (didn't bet)
Seat 7: AGVsmarT (button) collected ($0.12)
Seat 8: Marcel.Esley (small blind) folded before Flop



PokerStars Hand #238161113107:  Hold'em No Limit ($0.02/$0.05 USD) - 2022/08/22 20:51:21 PT [2022/08/22 23:51:21 ET]
Table 'Danubia' 9-max Seat #8 is the button
Seat 1: Dorex2007 ($6.36 in chips) 
Seat 2: Kallem28 ($8.53 in chips) 
Seat 3: withnohandlebar ($5.07 in chips) 
Seat 5: Phily14 ($6.09 in chips) 
Seat 6: webmarrr ($5 in chips) 
Seat 7: AGVsmarT ($13.22 in chips) 
Seat 8: Marcel.Esley ($2.29 in chips) 
Dorex2007: posts small blind $0.02
Kallem28: posts big blind $0.05
*** HOLE CARDS ***
Dealt to Dorex2007 [8h Ts]
withnohandlebar: folds 
Phily14: folds 
webmarrr: folds 
AGVsmarT: folds 
Marcel.Esley: folds 
Dorex2007: folds 
Uncalled bet ($0.03) returned to Kallem28
Kallem28 collected $0.04 from pot
Kallem28: doesn't show hand 
*** SUMMARY ***
Total pot $0.04 | Rake $0 
Seat 1: Dorex2007 (small blind) folded before Flop
Seat 2: Kallem28 (big blind) collected ($0.04)
Seat 3: withnohandlebar folded before Flop (didn't bet)
Seat 5: Phily14 folded before Flop (didn't bet)
Seat 6: webmarrr folded before Flop (didn't bet)
Seat 7: AGVsmarT folded before Flop (didn't bet)
Seat 8: Marcel.Esley (button) folded before Flop (didn't bet)



PokerStars Hand #238161115199:  Hold'em No Limit ($0.02/$0.05 USD) - 2022/08/22 20:51:35 PT [2022/08/22 23:51:35 ET]
Table 'Danubia' 9-max Seat #1 is the button
Seat 1: Dorex2007 ($6.34 in chips) 
Seat 2: Kallem28 ($8.55 in chips) 
Seat 3: withnohandlebar ($5.07 in chips) 
Seat 5: Phily14 ($6.09 in chips) 
Seat 6: webmarrr ($5 in chips) 
Seat 7: AGVsmarT ($13.22 in chips) 
Seat 8: Marcel.Esley ($2.29 in chips) 
Kallem28: posts small blind $0.02
withnohandlebar: posts big blind $0.05
*** HOLE CARDS ***
Dealt to Dorex2007 [3s 2c]
Phily14 has timed out
Phily14: folds 
webmarrr: folds 
AGVsmarT: folds 
Marcel.Esley: folds 
Dorex2007: folds 
Kallem28: folds 
Uncalled bet ($0.03) returned to withnohandlebar
withnohandlebar collected $0.04 from pot
*** SUMMARY ***
Total pot $0.04 | Rake $0 
Seat 1: Dorex2007 (button) folded before Flop (didn't bet)
Seat 2: Kallem28 (small blind) folded before Flop
Seat 3: withnohandlebar (big blind) collected ($0.04)
Seat 5: Phily14 folded before Flop (didn't bet)
Seat 6: webmarrr folded before Flop (didn't bet)
Seat 7: AGVsmarT folded before Flop (didn't bet)
Seat 8: Marcel.Esley folded before Flop (didn't bet)



PokerStars Hand #238161118116:  Hold'em No Limit ($0.02/$0.05 USD) - 2022/08/22 20:51:55 PT [2022/08/22 23:51:55 ET]
Table 'Danubia' 9-max Seat #2 is the button
Seat 1: Dorex2007 ($6.34 in chips) 
Seat 2: Kallem28 ($8.53 in chips) 
Seat 3: withnohandlebar ($5.09 in chips) 
Seat 7: AGVsmarT ($13.22 in chips) 
Seat 8: Marcel.Esley ($2.29 in chips) 
withnohandlebar: posts small blind $0.02
webmarrr: is sitting out 
AGVsmarT: posts big blind $0.05
*** HOLE CARDS ***
Dealt to Dorex2007 [Td Jh]
Marcel.Esley: raises $0.15 to $0.20
Dorex2007: calls $0.20
Kallem28: folds 
withnohandlebar: calls $0.18
AGVsmarT: folds 
*** FLOP *** [Qc 3s 4s]
withnohandlebar: checks 
Marcel.Esley: bets $0.62
Dorex2007: folds 
withnohandlebar: folds 
Uncalled bet ($0.62) returned to Marcel.Esley
Marcel.Esley collected $0.62 from pot
*** SUMMARY ***
Total pot $0.65 | Rake $0.03 
Board [Qc 3s 4s]
Seat 1: Dorex2007 folded on the Flop
Seat 2: Kallem28 (button) folded before Flop (didn't bet)
Seat 3: withnohandlebar (small blind) folded on the Flop
Seat 7: AGVsmarT (big blind) folded before Flop
Seat 8: Marcel.Esley collected ($0.62)



PokerStars Hand #238161130281:  Hold'em No Limit ($0.02/$0.05 USD) - 2022/08/22 20:53:22 PT [2022/08/22 23:53:22 ET]
Table 'Danubia' 9-max Seat #2 is the button
Seat 1: Dorex2007 ($6.14 in chips) 
Seat 2: Kallem28 ($8.77 in chips) 
Seat 3: withnohandlebar ($4.91 in chips) 
Seat 5: Phily14 ($6.09 in chips) 
Seat 7: AGVsmarT ($12.98 in chips) 
Seat 8: Marcel.Esley ($2.64 in chips) 
withnohandlebar: posts small blind $0.02
Phily14: posts big blind $0.05
webmarrr: sits out 
Dorex2007: posts small & big blinds $0.07
*** HOLE CARDS ***
Dealt to Dorex2007 [Tc Ts]
AGVsmarT has timed out
AGVsmarT: folds 
Marcel.Esley: calls $0.05
Dorex2007: raises $0.20 to $0.25
Kallem28: folds 
withnohandlebar: folds 
Phily14: folds 
Marcel.Esley: calls $0.20
*** FLOP *** [9d 2c 8h]
Marcel.Esley: bets $0.57
Dorex2007: raises $0.86 to $1.43
NatureVince joins the table at seat #9 
Marcel.Esley: raises $0.86 to $2.29
Dorex2007: calls $0.86
*** TURN *** [9d 2c 8h] [Ac]
Marcel.Esley: bets $0.10 and is all-in
Dorex2007: calls $0.10
*** RIVER *** [9d 2c 8h Ac] [Qc]
*** SHOW DOWN ***
Marcel.Esley: shows [2h 2s] (three of a kind, Deuces)
Dorex2007: shows [Tc Ts] (a pair of Tens)
Marcel.Esley collected $5.15 from pot
*** SUMMARY ***
Total pot $5.37 | Rake $0.22 
Board [9d 2c 8h Ac Qc]
Seat 1: Dorex2007 showed [Tc Ts] and lost with a pair of Tens
Seat 2: Kallem28 (button) folded before Flop (didn't bet)
Seat 3: withnohandlebar (small blind) folded before Flop
Seat 5: Phily14 (big blind) folded before Flop
Seat 7: AGVsmarT folded before Flop (didn't bet)
Seat 8: Marcel.Esley showed [2h 2s] and won ($5.15) with three of a kind, Deuces



PokerStars Hand #238161138981:  Hold'em No Limit ($0.02/$0.05 USD) - 2022/08/22 20:54:24 PT [2022/08/22 23:54:24 ET]
Table 'Danubia' 9-max Seat #3 is the button
Seat 1: Dorex2007 ($5 in chips) 
Seat 2: Kallem28 ($8.77 in chips) 
Seat 3: withnohandlebar ($4.89 in chips) 
Seat 5: Phily14 ($6.04 in chips) 
Seat 6: webmarrr ($5 in chips) 
Seat 7: AGVsmarT ($12.98 in chips) 
Seat 8: Marcel.Esley ($5.15 in chips) 
Phily14: posts small blind $0.02
webmarrr: posts big blind $0.05
NatureVince: sits out 
*** HOLE CARDS ***
Dealt to Dorex2007 [Qd 8s]
AGVsmarT: raises $0.12 to $0.17
Marcel.Esley: folds 
Dorex2007: folds 
Kallem28: folds 
withnohandlebar: folds 
Phily14: folds 
webmarrr: folds 
Uncalled bet ($0.12) returned to AGVsmarT
AGVsmarT collected $0.12 from pot
*** SUMMARY ***
Total pot $0.12 | Rake $0 
Seat 1: Dorex2007 folded before Flop (didn't bet)
Seat 2: Kallem28 folded before Flop (didn't bet)
Seat 3: withnohandlebar (button) folded before Flop (didn't bet)
Seat 5: Phily14 (small blind) folded before Flop
Seat 6: webmarrr (big blind) folded before Flop
Seat 7: AGVsmarT collected ($0.12)
Seat 8: Marcel.Esley folded before Flop (didn't bet)



PokerStars Hand #238161142175:  Hold'em No Limit ($0.02/$0.05 USD) - 2022/08/22 20:54:47 PT [2022/08/22 23:54:47 ET]
Table 'Danubia' 9-max Seat #5 is the button
Seat 1: Dorex2007 ($5 in chips) 
Seat 2: Kallem28 ($8.77 in chips) 
Seat 3: withnohandlebar ($4.89 in chips) 
Seat 5: Phily14 ($6.02 in chips) 
Seat 6: webmarrr ($5 in chips) 
Seat 7: AGVsmarT ($13.05 in chips) 
Seat 8: Marcel.Esley ($5.15 in chips) 
webmarrr: posts small blind $0.02
AGVsmarT: posts big blind $0.05
NatureVince: sits out 
*** HOLE CARDS ***
Dealt to Dorex2007 [6c 8c]
Warshinken joins the table at seat #4 
Marcel.Esley: folds 
Dorex2007: folds 
Kallem28: raises $0.15 to $0.20
withnohandlebar: calls $0.20
Phily14: folds 
webmarrr: folds 
AGVsmarT: calls $0.15
*** FLOP *** [As 2c 5h]
AGVsmarT: checks 
Kallem28: bets $0.19
withnohandlebar: calls $0.19
AGVsmarT: folds 
*** TURN *** [As 2c 5h] [7s]
Phily14 leaves the table
Kallem28: bets $0.32
withnohandlebar: calls $0.32
*** RIVER *** [As 2c 5h 7s] [4c]
Kallem28: checks 
withnohandlebar: bets $0.80
Kallem28: calls $0.80
*** SHOW DOWN ***
withnohandlebar: shows [5c 5s] (three of a kind, Fives)
Kallem28: mucks hand 
withnohandlebar collected $3.11 from pot
*** SUMMARY ***
Total pot $3.24 | Rake $0.13 
Board [As 2c 5h 7s 4c]
Seat 1: Dorex2007 folded before Flop (didn't bet)
Seat 2: Kallem28 mucked [Jd Ah]
Seat 3: withnohandlebar showed [5c 5s] and won ($3.11) with three of a kind, Fives
Seat 5: Phily14 (button) folded before Flop (didn't bet)
Seat 6: webmarrr (small blind) folded before Flop
Seat 7: AGVsmarT (big blind) folded on the Flop
Seat 8: Marcel.Esley folded before Flop (didn't bet)



PokerStars Hand #238161150875:  Hold'em No Limit ($0.02/$0.05 USD) - 2022/08/22 20:55:57 PT [2022/08/22 23:55:57 ET]
Table 'Danubia' 9-max Seat #6 is the button
Seat 1: Dorex2007 ($5 in chips) 
Seat 2: Kallem28 ($7.26 in chips) 
Seat 3: withnohandlebar ($6.49 in chips) 
Seat 4: Warshinken ($5 in chips) 
Seat 6: webmarrr ($5 in chips) 
Seat 7: AGVsmarT ($12.85 in chips) 
Seat 8: Marcel.Esley ($5.15 in chips) 
AGVsmarT: posts small blind $0.02
Marcel.Esley: posts big blind $0.05
NatureVince: sits out 
Warshinken: posts big blind $0.05
*** HOLE CARDS ***
Dealt to Dorex2007 [Ks 5h]
Dorex2007: folds 
Kallem28: folds 
Kallem28 leaves the table
withnohandlebar: folds 
Warshinken: raises $0.10 to $0.15
webmarrr: folds 
AGVsmarT: folds 
Marcel.Esley: calls $0.10
*** FLOP *** [Ts 8d 7d]
Marcel.Esley: checks 
Warshinken: checks 
*** TURN *** [Ts 8d 7d] [4s]
Marcel.Esley: checks 
Warshinken: bets $0.10
Marcel.Esley: calls $0.10
*** RIVER *** [Ts 8d 7d 4s] [9s]
Marcel.Esley: bets $0.50
Kallem28 joins the table at seat #2 
Warshinken: folds 
Uncalled bet ($0.50) returned to Marcel.Esley
Marcel.Esley collected $0.50 from pot
*** SUMMARY ***
Total pot $0.52 | Rake $0.02 
Board [Ts 8d 7d 4s 9s]
Seat 1: Dorex2007 folded before Flop (didn't bet)
Seat 2: Kallem28 folded before Flop (didn't bet)
Seat 3: withnohandlebar folded before Flop (didn't bet)
Seat 4: Warshinken folded on the River
Seat 6: webmarrr (button) folded before Flop (didn't bet)
Seat 7: AGVsmarT (small blind) folded before Flop
Seat 8: Marcel.Esley (big blind) collected ($0.50)



PokerStars Hand #238161158845:  Hold'em No Limit ($0.02/$0.05 USD) - 2022/08/22 20:57:04 PT [2022/08/22 23:57:04 ET]
Table 'Danubia' 9-max Seat #7 is the button
Seat 1: Dorex2007 ($5 in chips) 
Seat 2: Kallem28 ($7.26 in chips) 
Seat 3: withnohandlebar ($6.49 in chips) 
Seat 4: Warshinken ($4.75 in chips) 
Seat 6: webmarrr ($5 in chips) 
Seat 7: AGVsmarT ($12.83 in chips) 
Seat 8: Marcel.Esley ($5.40 in chips) 
Seat 9: NatureVince ($5 in chips) 
Marcel.Esley: posts small blind $0.02
NatureVince: posts big blind $0.05
Kallem28: posts big blind $0.05
*** HOLE CARDS ***
Dealt to Dorex2007 [Qs Th]
Dorex2007: calls $0.05
Kallem28: checks 
withnohandlebar: folds 
Warshinken: folds 
webmarrr: folds 
AGVsmarT: calls $0.05
Marcel.Esley: calls $0.03
NatureVince: raises $0.30 to $0.35
Dorex2007: calls $0.30
Kallem28: folds 
AGVsmarT: folds 
Marcel.Esley: calls $0.30
*** FLOP *** [Qd 7s Jc]
Marcel.Esley: checks 
NatureVince: bets $0.83
Dorex2007: calls $0.83
Marcel.Esley: folds 
*** TURN *** [Qd 7s Jc] [3c]
NatureVince: bets $3.82 and is all-in
Dorex2007: folds 
Uncalled bet ($3.82) returned to NatureVince
NatureVince collected $2.69 from pot
NatureVince: doesn't show hand 
*** SUMMARY ***
Total pot $2.81 | Rake $0.12 
Board [Qd 7s Jc 3c]
Seat 1: Dorex2007 folded on the Turn
Seat 2: Kallem28 folded before Flop (didn't bet)
Seat 3: withnohandlebar folded before Flop (didn't bet)
Seat 4: Warshinken folded before Flop (didn't bet)
Seat 6: webmarrr folded before Flop (didn't bet)
Seat 7: AGVsmarT (button) folded before Flop
Seat 8: Marcel.Esley (small blind) folded on the Flop
Seat 9: NatureVince (big blind) collected ($2.69)



PokerStars Hand #238161171088:  Hold'em No Limit ($0.02/$0.05 USD) - 2022/08/22 20:58:47 PT [2022/08/22 23:58:47 ET]
Table 'Danubia' 9-max Seat #8 is the button
Seat 1: Dorex2007 ($5 in chips) 
Seat 2: Kallem28 ($7.21 in chips) 
Seat 3: withnohandlebar ($6.49 in chips) 
Seat 4: Warshinken ($4.75 in chips) 
Seat 6: webmarrr ($5 in chips) 
Seat 7: AGVsmarT ($12.78 in chips) 
Seat 8: Marcel.Esley ($5.05 in chips) 
Seat 9: NatureVince ($6.51 in chips) 
NatureVince: posts small blind $0.02
Dorex2007: posts big blind $0.05
*** HOLE CARDS ***
Dealt to Dorex2007 [2s 7h]
Kallem28: folds 
withnohandlebar: raises $0.07 to $0.12
Warshinken: folds 
webmarrr: calls $0.12
AGVsmarT: folds 
Marcel.Esley: calls $0.12
NatureVince: folds 
Dorex2007: folds 
*** FLOP *** [6s 8c 3h]
withnohandlebar: bets $0.41
webmarrr: folds 
Marcel.Esley: folds 
Uncalled bet ($0.41) returned to withnohandlebar
withnohandlebar collected $0.41 from pot
*** SUMMARY ***
Total pot $0.43 | Rake $0.02 
Board [6s 8c 3h]
Seat 1: Dorex2007 (big blind) folded before Flop
Seat 2: Kallem28 folded before Flop (didn't bet)
Seat 3: withnohandlebar collected ($0.41)
Seat 4: Warshinken folded before Flop (didn't bet)
Seat 6: webmarrr folded on the Flop
Seat 7: AGVsmarT folded before Flop (didn't bet)
Seat 8: Marcel.Esley (button) folded on the Flop
Seat 9: NatureVince (small blind) folded before Flop



PokerStars Hand #238161175021:  Hold'em No Limit ($0.02/$0.05 USD) - 2022/08/22 20:59:20 PT [2022/08/22 23:59:20 ET]
Table 'Danubia' 9-max Seat #9 is the button
Seat 1: Dorex2007 ($5 in chips) 
Seat 2: Kallem28 ($7.21 in chips) 
Seat 3: withnohandlebar ($6.78 in chips) 
Seat 4: Warshinken ($4.75 in chips) 
Seat 6: webmarrr ($5 in chips) 
Seat 7: AGVsmarT ($12.78 in chips) 
Seat 8: Marcel.Esley ($4.93 in chips) 
Seat 9: NatureVince ($6.49 in chips) 
Dorex2007: posts small blind $0.02
Kallem28: posts big blind $0.05
*** HOLE CARDS ***
Dealt to Dorex2007 [3s 2d]
withnohandlebar: folds 
Warshinken: folds 
webmarrr: folds 
AGVsmarT: folds 
Marcel.Esley: raises $0.15 to $0.20
NatureVince: folds 
Dorex2007: folds 
Kallem28: folds 
Uncalled bet ($0.15) returned to Marcel.Esley
Marcel.Esley collected $0.12 from pot
*** SUMMARY ***
Total pot $0.12 | Rake $0 
Seat 1: Dorex2007 (small blind) folded before Flop
Seat 2: Kallem28 (big blind) folded before Flop
Seat 3: withnohandlebar folded before Flop (didn't bet)
Seat 4: Warshinken folded before Flop (didn't bet)
Seat 6: webmarrr folded before Flop (didn't bet)
Seat 7: AGVsmarT folded before Flop (didn't bet)
Seat 8: Marcel.Esley collected ($0.12)
Seat 9: NatureVince (button) folded before Flop (didn't bet)



PokerStars Hand #238161177846:  Hold'em No Limit ($0.02/$0.05 USD) - 2022/08/22 20:59:44 PT [2022/08/22 23:59:44 ET]
Table 'Danubia' 9-max Seat #1 is the button
Seat 1: Dorex2007 ($5 in chips) 
Seat 2: Kallem28 ($7.16 in chips) 
Seat 3: withnohandlebar ($6.78 in chips) 
Seat 4: Warshinken ($4.75 in chips) 
Seat 6: webmarrr ($5 in chips) 
Seat 7: AGVsmarT ($12.78 in chips) 
Seat 8: Marcel.Esley ($5 in chips) 
Seat 9: NatureVince ($6.49 in chips) 
Kallem28: posts small blind $0.02
withnohandlebar: posts big blind $0.05
*** HOLE CARDS ***
Dealt to Dorex2007 [3c 6d]
Warshinken: folds 
webmarrr: folds 
AGVsmarT: folds 
Marcel.Esley: folds 
NatureVince: raises $0.10 to $0.15
Dorex2007: folds 
Kallem28: folds 
withnohandlebar: folds 
Uncalled bet ($0.10) returned to NatureVince
NatureVince collected $0.12 from pot
NatureVince: doesn't show hand 
*** SUMMARY ***
Total pot $0.12 | Rake $0 
Seat 1: Dorex2007 (button) folded before Flop (didn't bet)
Seat 2: Kallem28 (small blind) folded before Flop
Seat 3: withnohandlebar (big blind) folded before Flop
Seat 4: Warshinken folded before Flop (didn't bet)
Seat 6: webmarrr folded before Flop (didn't bet)
Seat 7: AGVsmarT folded before Flop (didn't bet)
Seat 8: Marcel.Esley folded before Flop (didn't bet)
Seat 9: NatureVince collected ($0.12)



