PokerStars Hand #229551123870:  Hold'em No Limit ($0.01/$0.02 USD) - 2021/09/03 0:04:13 PT [2021/09/03 3:04:13 ET]
Table 'Isara II' 9-max Seat #8 is the button
Seat 1: Dorex2007 ($2 in chips) 
Seat 3: skathai68 ($0.74 in chips) 
Seat 4: Thiago_Bravo ($1.07 in chips) 
Seat 5: miKoLawn ($3.15 in chips) 
Seat 6: Doberman6988 ($3.22 in chips) 
Seat 7: qw303 ($2 in chips) 
Seat 8: 222mih@777 ($2.11 in chips) 
Seat 9: GiliBertoni ($0.56 in chips) 
GiliBertoni: posts small blind $0.01
Dorex2007: posts big blind $0.02
hugues118: sits out 
*** HOLE CARDS ***
Dealt to Dorex2007 [2d 3c]
skathai68: folds 
Thiago_Bravo: folds 
miKoLawn: folds 
Doberman6988: folds 
qw303: folds 
222mih@777: raises $0.04 to $0.06
GiliBertoni: calls $0.05
Dorex2007: folds 
*** FLOP *** [3s Th Ah]
GiliBertoni: checks 
222mih@777: checks 
*** TURN *** [3s Th Ah] [7c]
GiliBertoni: checks 
222mih@777: checks 
*** RIVER *** [3s Th Ah 7c] [Jc]
GiliBertoni: checks 
222mih@777: bets $0.05
GiliBertoni: calls $0.05
*** SHOW DOWN ***
222mih@777: shows [8c Jd] (a pair of Jacks)
GiliBertoni: mucks hand 
222mih@777 collected $0.23 from pot
*** SUMMARY ***
Total pot $0.24 | Rake $0.01 
Board [3s Th Ah 7c Jc]
Seat 1: Dorex2007 (big blind) folded before Flop
Seat 3: skathai68 folded before Flop (didn't bet)
Seat 4: Thiago_Bravo folded before Flop (didn't bet)
Seat 5: miKoLawn folded before Flop (didn't bet)
Seat 6: Doberman6988 folded before Flop (didn't bet)
Seat 7: qw303 folded before Flop (didn't bet)
Seat 8: 222mih@777 (button) showed [8c Jd] and won ($0.23) with a pair of Jacks
Seat 9: GiliBertoni (small blind) mucked [4d 4c]



PokerStars Hand #229551131671:  Hold'em No Limit ($0.01/$0.02 USD) - 2021/09/03 0:05:07 PT [2021/09/03 3:05:07 ET]
Table 'Isara II' 9-max Seat #9 is the button
Seat 1: Dorex2007 ($1.98 in chips) 
Seat 2: hugues118 ($2 in chips) 
Seat 3: skathai68 ($0.74 in chips) 
Seat 4: Thiago_Bravo ($1.07 in chips) 
Seat 5: miKoLawn ($3.15 in chips) 
Seat 6: Doberman6988 ($3.22 in chips) 
Seat 7: qw303 ($2 in chips) 
Seat 8: 222mih@777 ($2.23 in chips) 
Seat 9: GiliBertoni ($0.45 in chips) 
Dorex2007: posts small blind $0.01
hugues118: posts big blind $0.02
*** HOLE CARDS ***
Dealt to Dorex2007 [2s 4c]
skathai68: folds 
Thiago_Bravo: folds 
miKoLawn: folds 
Doberman6988: folds 
qw303: folds 
222mih@777: folds 
GiliBertoni: calls $0.02
Dorex2007: folds 
hugues118: checks 
*** FLOP *** [8c 6d 3h]
hugues118: checks 
GiliBertoni: checks 
*** TURN *** [8c 6d 3h] [Jd]
hugues118: bets $0.02
GiliBertoni: folds 
Uncalled bet ($0.02) returned to hugues118
hugues118 collected $0.05 from pot
hugues118: doesn't show hand 
*** SUMMARY ***
Total pot $0.05 | Rake $0 
Board [8c 6d 3h Jd]
Seat 1: Dorex2007 (small blind) folded before Flop
Seat 2: hugues118 (big blind) collected ($0.05)
Seat 3: skathai68 folded before Flop (didn't bet)
Seat 4: Thiago_Bravo folded before Flop (didn't bet)
Seat 5: miKoLawn folded before Flop (didn't bet)
Seat 6: Doberman6988 folded before Flop (didn't bet)
Seat 7: qw303 folded before Flop (didn't bet)
Seat 8: 222mih@777 folded before Flop (didn't bet)
Seat 9: GiliBertoni (button) folded on the Turn



PokerStars Hand #229551142764:  Hold'em No Limit ($0.01/$0.02 USD) - 2021/09/03 0:05:48 PT [2021/09/03 3:05:48 ET]
Table 'Isara II' 9-max Seat #1 is the button
Seat 1: Dorex2007 ($1.97 in chips) 
Seat 2: hugues118 ($2.03 in chips) 
Seat 3: skathai68 ($0.74 in chips) 
Seat 4: Thiago_Bravo ($1.07 in chips) 
Seat 5: miKoLawn ($3.15 in chips) 
Seat 6: Doberman6988 ($3.22 in chips) 
Seat 7: qw303 ($2 in chips) 
Seat 8: 222mih@777 ($2.23 in chips) 
Seat 9: GiliBertoni ($0.43 in chips) 
hugues118: posts small blind $0.01
skathai68: posts big blind $0.02
*** HOLE CARDS ***
Dealt to Dorex2007 [5d Qd]
Thiago_Bravo: calls $0.02
miKoLawn: folds 
Doberman6988: folds 
qw303: raises $0.02 to $0.04
222mih@777: calls $0.04
GiliBertoni: folds 
Dorex2007: folds 
hugues118: folds 
skathai68: folds 
Thiago_Bravo: calls $0.02
*** FLOP *** [8h Qc 7s]
Thiago_Bravo: checks 
qw303: checks 
222mih@777: checks 
*** TURN *** [8h Qc 7s] [2h]
Thiago_Bravo: bets $0.04
qw303: folds 
222mih@777: calls $0.04
*** RIVER *** [8h Qc 7s 2h] [4h]
Thiago_Bravo: checks 
222mih@777: bets $0.11
Thiago_Bravo: calls $0.11
*** SHOW DOWN ***
222mih@777: shows [Kh Th] (a flush, King high)
Thiago_Bravo: mucks hand 
222mih@777 collected $0.43 from pot
*** SUMMARY ***
Total pot $0.45 | Rake $0.02 
Board [8h Qc 7s 2h 4h]
Seat 1: Dorex2007 (button) folded before Flop (didn't bet)
Seat 2: hugues118 (small blind) folded before Flop
Seat 3: skathai68 (big blind) folded before Flop
Seat 4: Thiago_Bravo mucked [Qh Ks]
Seat 5: miKoLawn folded before Flop (didn't bet)
Seat 6: Doberman6988 folded before Flop (didn't bet)
Seat 7: qw303 folded on the Turn
Seat 8: 222mih@777 showed [Kh Th] and won ($0.43) with a flush, King high
Seat 9: GiliBertoni folded before Flop (didn't bet)



PokerStars Hand #229551153342:  Hold'em No Limit ($0.01/$0.02 USD) - 2021/09/03 0:07:00 PT [2021/09/03 3:07:00 ET]
Table 'Isara II' 9-max Seat #2 is the button
Seat 1: Dorex2007 ($1.97 in chips) 
Seat 2: hugues118 ($2.02 in chips) 
Seat 3: skathai68 ($0.72 in chips) 
Seat 5: miKoLawn ($3.15 in chips) 
Seat 6: Doberman6988 ($3.22 in chips) 
Seat 7: qw303 ($2 in chips) 
Seat 8: 222mih@777 ($2.47 in chips) 
Seat 9: GiliBertoni ($0.43 in chips) 
skathai68: posts small blind $0.01
Thiago_Bravo: is sitting out 
miKoLawn: posts big blind $0.02
*** HOLE CARDS ***
Dealt to Dorex2007 [Jh 6d]
Thiago_Bravo leaves the table
Doberman6988: folds 
qw303: folds 
222mih@777: folds 
GiliBertoni: folds 
Dorex2007: folds 
hugues118: raises $0.02 to $0.04
skathai68: folds 
miKoLawn: folds 
Uncalled bet ($0.02) returned to hugues118
hugues118 collected $0.05 from pot
hugues118: doesn't show hand 
*** SUMMARY ***
Total pot $0.05 | Rake $0 
Seat 1: Dorex2007 folded before Flop (didn't bet)
Seat 2: hugues118 (button) collected ($0.05)
Seat 3: skathai68 (small blind) folded before Flop
Seat 5: miKoLawn (big blind) folded before Flop
Seat 6: Doberman6988 folded before Flop (didn't bet)
Seat 7: qw303 folded before Flop (didn't bet)
Seat 8: 222mih@777 folded before Flop (didn't bet)
Seat 9: GiliBertoni folded before Flop (didn't bet)



PokerStars Hand #229551156306:  Hold'em No Limit ($0.01/$0.02 USD) - 2021/09/03 0:07:20 PT [2021/09/03 3:07:20 ET]
Table 'Isara II' 9-max Seat #3 is the button
Seat 1: Dorex2007 ($1.97 in chips) 
Seat 2: hugues118 ($2.05 in chips) 
Seat 3: skathai68 ($0.71 in chips) 
Seat 5: miKoLawn ($3.13 in chips) 
Seat 6: Doberman6988 ($3.22 in chips) 
Seat 7: qw303 ($2 in chips) 
Seat 8: 222mih@777 ($2.47 in chips) 
Seat 9: GiliBertoni ($0.43 in chips) 
miKoLawn: posts small blind $0.01
Doberman6988: posts big blind $0.02
*** HOLE CARDS ***
Dealt to Dorex2007 [5c 5s]
qw303: raises $0.02 to $0.04
222mih@777: folds 
GiliBertoni: folds 
Dorex2007: calls $0.04
f0x.tv joins the table at seat #4 
hugues118: folds 
skathai68: folds 
miKoLawn: folds 
Doberman6988: calls $0.02
*** FLOP *** [Kh 5d 7h]
Doberman6988: checks 
qw303: checks 
Dorex2007: bets $0.09
Doberman6988: folds 
qw303: folds 
Uncalled bet ($0.09) returned to Dorex2007
Dorex2007 collected $0.13 from pot
Dorex2007: doesn't show hand 
*** SUMMARY ***
Total pot $0.13 | Rake $0 
Board [Kh 5d 7h]
Seat 1: Dorex2007 collected ($0.13)
Seat 2: hugues118 folded before Flop (didn't bet)
Seat 3: skathai68 (button) folded before Flop (didn't bet)
Seat 5: miKoLawn (small blind) folded before Flop
Seat 6: Doberman6988 (big blind) folded on the Flop
Seat 7: qw303 folded on the Flop
Seat 8: 222mih@777 folded before Flop (didn't bet)
Seat 9: GiliBertoni folded before Flop (didn't bet)



PokerStars Hand #229551162302:  Hold'em No Limit ($0.01/$0.02 USD) - 2021/09/03 0:08:01 PT [2021/09/03 3:08:01 ET]
Table 'Isara II' 9-max Seat #5 is the button
Seat 1: Dorex2007 ($2.06 in chips) 
Seat 2: hugues118 ($2.05 in chips) 
Seat 3: skathai68 ($0.71 in chips) 
Seat 5: miKoLawn ($3.12 in chips) 
Seat 6: Doberman6988 ($3.18 in chips) 
Seat 7: qw303 ($2 in chips) 
Seat 8: 222mih@777 ($2.47 in chips) 
Seat 9: GiliBertoni ($0.43 in chips) 
Doberman6988: posts small blind $0.01
qw303: posts big blind $0.02
f0x.tv: sits out 
*** HOLE CARDS ***
Dealt to Dorex2007 [Ks Qs]
222mih@777: folds 
GiliBertoni: calls $0.02
Dorex2007: calls $0.02
hugues118: folds 
skathai68: folds 
miKoLawn: folds 
Doberman6988: folds 
qw303: raises $0.07 to $0.09
GiliBertoni: folds 
Dorex2007: calls $0.07
*** FLOP *** [Jh 7c 3h]
qw303: checks 
Dorex2007: bets $0.10
qw303: folds 
Uncalled bet ($0.10) returned to Dorex2007
Dorex2007 collected $0.20 from pot
Dorex2007: doesn't show hand 
*** SUMMARY ***
Total pot $0.21 | Rake $0.01 
Board [Jh 7c 3h]
Seat 1: Dorex2007 collected ($0.20)
Seat 2: hugues118 folded before Flop (didn't bet)
Seat 3: skathai68 folded before Flop (didn't bet)
Seat 5: miKoLawn (button) folded before Flop (didn't bet)
Seat 6: Doberman6988 (small blind) folded before Flop
Seat 7: qw303 (big blind) folded on the Flop
Seat 8: 222mih@777 folded before Flop (didn't bet)
Seat 9: GiliBertoni folded before Flop



PokerStars Hand #229551167808:  Hold'em No Limit ($0.01/$0.02 USD) - 2021/09/03 0:08:39 PT [2021/09/03 3:08:39 ET]
Table 'Isara II' 9-max Seat #6 is the button
Seat 1: Dorex2007 ($2.17 in chips) 
Seat 2: hugues118 ($2.05 in chips) 
Seat 3: skathai68 ($0.71 in chips) 
Seat 5: miKoLawn ($3.12 in chips) 
Seat 6: Doberman6988 ($3.17 in chips) 
Seat 7: qw303 ($2 in chips) 
Seat 8: 222mih@777 ($2.47 in chips) 
Seat 9: GiliBertoni ($0.41 in chips) 
qw303: posts small blind $0.01
222mih@777: posts big blind $0.02
f0x.tv: sits out 
*** HOLE CARDS ***
Dealt to Dorex2007 [5h 6c]
GiliBertoni: calls $0.02
Dorex2007: folds 
hugues118: folds 
skathai68: folds 
miKoLawn: folds 
Doberman6988: folds 
qw303: folds 
222mih@777: checks 
*** FLOP *** [Tc 7d 2c]
222mih@777: checks 
GiliBertoni: checks 
*** TURN *** [Tc 7d 2c] [3s]
222mih@777: bets $0.02
GiliBertoni: calls $0.02
*** RIVER *** [Tc 7d 2c 3s] [7h]
222mih@777: bets $0.02
GiliBertoni: folds 
Uncalled bet ($0.02) returned to 222mih@777
222mih@777 collected $0.09 from pot
222mih@777: doesn't show hand 
*** SUMMARY ***
Total pot $0.09 | Rake $0 
Board [Tc 7d 2c 3s 7h]
Seat 1: Dorex2007 folded before Flop (didn't bet)
Seat 2: hugues118 folded before Flop (didn't bet)
Seat 3: skathai68 folded before Flop (didn't bet)
Seat 5: miKoLawn folded before Flop (didn't bet)
Seat 6: Doberman6988 (button) folded before Flop (didn't bet)
Seat 7: qw303 (small blind) folded before Flop
Seat 8: 222mih@777 (big blind) collected ($0.09)
Seat 9: GiliBertoni folded on the River



PokerStars Hand #229551175644:  Hold'em No Limit ($0.01/$0.02 USD) - 2021/09/03 0:09:33 PT [2021/09/03 3:09:33 ET]
Table 'Isara II' 9-max Seat #7 is the button
Seat 1: Dorex2007 ($2.17 in chips) 
Seat 2: hugues118 ($2.05 in chips) 
Seat 3: skathai68 ($0.71 in chips) 
Seat 5: miKoLawn ($3.12 in chips) 
Seat 6: Doberman6988 ($3.17 in chips) 
Seat 7: qw303 ($2 in chips) 
Seat 8: 222mih@777 ($2.52 in chips) 
Seat 9: GiliBertoni ($0.37 in chips) 
222mih@777: posts small blind $0.01
GiliBertoni: posts big blind $0.02
f0x.tv: sits out 
*** HOLE CARDS ***
Dealt to Dorex2007 [Kd Ah]
Dorex2007: raises $0.04 to $0.06
hugues118: folds 
skathai68: folds 
miKoLawn: calls $0.06
Doberman6988: folds 
qw303: folds 
222mih@777: folds 
GiliBertoni: folds 
*** FLOP *** [6c 4s 2d]
Dorex2007: bets $0.14
miKoLawn: calls $0.14
*** TURN *** [6c 4s 2d] [4c]
Dorex2007: checks 
miKoLawn: bets $0.21
Dorex2007: calls $0.21
*** RIVER *** [6c 4s 2d 4c] [Ks]
Dorex2007: checks 
miKoLawn: checks 
*** SHOW DOWN ***
Dorex2007: shows [Kd Ah] (two pair, Kings and Fours)
miKoLawn: mucks hand 
Dorex2007 collected $0.82 from pot
*** SUMMARY ***
Total pot $0.85 | Rake $0.03 
Board [6c 4s 2d 4c Ks]
Seat 1: Dorex2007 showed [Kd Ah] and won ($0.82) with two pair, Kings and Fours
Seat 2: hugues118 folded before Flop (didn't bet)
Seat 3: skathai68 folded before Flop (didn't bet)
Seat 5: miKoLawn mucked [2s As]
Seat 6: Doberman6988 folded before Flop (didn't bet)
Seat 7: qw303 (button) folded before Flop (didn't bet)
Seat 8: 222mih@777 (small blind) folded before Flop
Seat 9: GiliBertoni (big blind) folded before Flop



PokerStars Hand #229551183777:  Hold'em No Limit ($0.01/$0.02 USD) - 2021/09/03 0:10:28 PT [2021/09/03 3:10:28 ET]
Table 'Isara II' 9-max Seat #8 is the button
Seat 1: Dorex2007 ($2.58 in chips) 
Seat 2: hugues118 ($2.05 in chips) 
Seat 3: skathai68 ($0.71 in chips) 
Seat 5: miKoLawn ($2.71 in chips) 
Seat 6: Doberman6988 ($3.17 in chips) 
Seat 7: qw303 ($2 in chips) 
Seat 8: 222mih@777 ($2.51 in chips) 
Seat 9: GiliBertoni ($0.35 in chips) 
GiliBertoni: posts small blind $0.01
Dorex2007: posts big blind $0.02
f0x.tv: sits out 
*** HOLE CARDS ***
Dealt to Dorex2007 [Qc 8d]
hugues118: folds 
skathai68: folds 
miKoLawn: folds 
Doberman6988: folds 
qw303: folds 
222mih@777: folds 
GiliBertoni: calls $0.01
Dorex2007: checks 
*** FLOP *** [9s Qh 9d]
GiliBertoni: checks 
Dorex2007: bets $0.04
GiliBertoni: folds 
Uncalled bet ($0.04) returned to Dorex2007
Dorex2007 collected $0.04 from pot
Dorex2007: doesn't show hand 
*** SUMMARY ***
Total pot $0.04 | Rake $0 
Board [9s Qh 9d]
Seat 1: Dorex2007 (big blind) collected ($0.04)
Seat 2: hugues118 folded before Flop (didn't bet)
Seat 3: skathai68 folded before Flop (didn't bet)
Seat 5: miKoLawn folded before Flop (didn't bet)
Seat 6: Doberman6988 folded before Flop (didn't bet)
Seat 7: qw303 folded before Flop (didn't bet)
Seat 8: 222mih@777 (button) folded before Flop (didn't bet)
Seat 9: GiliBertoni (small blind) folded on the Flop



PokerStars Hand #229551187833:  Hold'em No Limit ($0.01/$0.02 USD) - 2021/09/03 0:10:54 PT [2021/09/03 3:10:54 ET]
Table 'Isara II' 9-max Seat #9 is the button
Seat 1: Dorex2007 ($2.60 in chips) 
Seat 2: hugues118 ($2.05 in chips) 
Seat 3: skathai68 ($0.71 in chips) 
Seat 5: miKoLawn ($2.71 in chips) 
Seat 6: Doberman6988 ($3.17 in chips) 
Seat 7: qw303 ($2 in chips) 
Seat 8: 222mih@777 ($2.51 in chips) 
Seat 9: GiliBertoni ($0.33 in chips) 
Dorex2007: posts small blind $0.01
hugues118: posts big blind $0.02
f0x.tv: sits out 
*** HOLE CARDS ***
Dealt to Dorex2007 [6s Jh]
skathai68: folds 
miKoLawn: folds 
Doberman6988: folds 
qw303: folds 
222mih@777: folds 
GiliBertoni: folds 
Dorex2007: folds 
Uncalled bet ($0.01) returned to hugues118
hugues118 collected $0.02 from pot
hugues118: doesn't show hand 
*** SUMMARY ***
Total pot $0.02 | Rake $0 
Seat 1: Dorex2007 (small blind) folded before Flop
Seat 2: hugues118 (big blind) collected ($0.02)
Seat 3: skathai68 folded before Flop (didn't bet)
Seat 5: miKoLawn folded before Flop (didn't bet)
Seat 6: Doberman6988 folded before Flop (didn't bet)
Seat 7: qw303 folded before Flop (didn't bet)
Seat 8: 222mih@777 folded before Flop (didn't bet)
Seat 9: GiliBertoni (button) folded before Flop (didn't bet)



PokerStars Hand #229551189525:  Hold'em No Limit ($0.01/$0.02 USD) - 2021/09/03 0:11:06 PT [2021/09/03 3:11:06 ET]
Table 'Isara II' 9-max Seat #1 is the button
Seat 1: Dorex2007 ($2.59 in chips) 
Seat 2: hugues118 ($2.06 in chips) 
Seat 3: skathai68 ($0.71 in chips) 
Seat 5: miKoLawn ($2.71 in chips) 
Seat 6: Doberman6988 ($3.17 in chips) 
Seat 7: qw303 ($2 in chips) 
Seat 8: 222mih@777 ($2.51 in chips) 
Seat 9: GiliBertoni ($0.33 in chips) 
hugues118: posts small blind $0.01
skathai68: posts big blind $0.02
f0x.tv: sits out 
*** HOLE CARDS ***
Dealt to Dorex2007 [Ks Ts]
miKoLawn: folds 
Doberman6988: folds 
qw303: folds 
222mih@777: folds 
GiliBertoni: calls $0.02
Dorex2007: calls $0.02
hugues118: calls $0.01
skathai68: checks 
*** FLOP *** [4c Js 2c]
hugues118: checks 
skathai68: checks 
GiliBertoni: checks 
Dorex2007: checks 
*** TURN *** [4c Js 2c] [Ad]
hugues118: checks 
skathai68: checks 
GiliBertoni: checks 
Dorex2007: checks 
*** RIVER *** [4c Js 2c Ad] [3h]
hugues118: checks 
skathai68: checks 
GiliBertoni: checks 
Dorex2007: bets $0.10
hugues118: folds 
skathai68: folds 
GiliBertoni: folds 
Uncalled bet ($0.10) returned to Dorex2007
Dorex2007 collected $0.08 from pot
Dorex2007: doesn't show hand 
*** SUMMARY ***
Total pot $0.08 | Rake $0 
Board [4c Js 2c Ad 3h]
Seat 1: Dorex2007 (button) collected ($0.08)
Seat 2: hugues118 (small blind) folded on the River
Seat 3: skathai68 (big blind) folded on the River
Seat 5: miKoLawn folded before Flop (didn't bet)
Seat 6: Doberman6988 folded before Flop (didn't bet)
Seat 7: qw303 folded before Flop (didn't bet)
Seat 8: 222mih@777 folded before Flop (didn't bet)
Seat 9: GiliBertoni folded on the River



PokerStars Hand #229551199187:  Hold'em No Limit ($0.01/$0.02 USD) - 2021/09/03 0:12:12 PT [2021/09/03 3:12:12 ET]
Table 'Isara II' 9-max Seat #2 is the button
Seat 1: Dorex2007 ($2.65 in chips) 
Seat 2: hugues118 ($2.04 in chips) 
Seat 3: skathai68 ($0.69 in chips) 
Seat 4: f0x.tv ($2 in chips) 
Seat 5: miKoLawn ($2.71 in chips) 
Seat 6: Doberman6988 ($3.17 in chips) 
Seat 7: qw303 ($2 in chips) 
Seat 8: 222mih@777 ($2.51 in chips) 
Seat 9: GiliBertoni ($0.31 in chips) 
skathai68: posts small blind $0.01
f0x.tv: posts big blind $0.02
*** HOLE CARDS ***
Dealt to Dorex2007 [Ad 7s]
miKoLawn: folds 
Doberman6988: folds 
qw303: folds 
222mih@777: folds 
GiliBertoni: folds 
Dorex2007: folds 
hugues118: folds 
skathai68: folds 
Uncalled bet ($0.01) returned to f0x.tv
f0x.tv collected $0.02 from pot
f0x.tv: doesn't show hand 
*** SUMMARY ***
Total pot $0.02 | Rake $0 
Seat 1: Dorex2007 folded before Flop (didn't bet)
Seat 2: hugues118 (button) folded before Flop (didn't bet)
Seat 3: skathai68 (small blind) folded before Flop
Seat 4: f0x.tv (big blind) collected ($0.02)
Seat 5: miKoLawn folded before Flop (didn't bet)
Seat 6: Doberman6988 folded before Flop (didn't bet)
Seat 7: qw303 folded before Flop (didn't bet)
Seat 8: 222mih@777 folded before Flop (didn't bet)
Seat 9: GiliBertoni folded before Flop (didn't bet)



PokerStars Hand #229551202561:  Hold'em No Limit ($0.01/$0.02 USD) - 2021/09/03 0:12:34 PT [2021/09/03 3:12:34 ET]
Table 'Isara II' 9-max Seat #3 is the button
Seat 1: Dorex2007 ($2.65 in chips) 
Seat 2: hugues118 ($2.04 in chips) 
Seat 3: skathai68 ($0.68 in chips) 
Seat 4: f0x.tv ($2.01 in chips) 
Seat 5: miKoLawn ($2.71 in chips) 
Seat 6: Doberman6988 ($3.17 in chips) 
Seat 7: qw303 ($2 in chips) 
Seat 8: 222mih@777 ($2.51 in chips) 
f0x.tv: posts small blind $0.01
miKoLawn: posts big blind $0.02
*** HOLE CARDS ***
Dealt to Dorex2007 [4d 7d]
GiliBertoni leaves the table
Doberman6988: folds 
qw303: folds 
222mih@777: folds 
Dorex2007: folds 
hugues118: raises $0.02 to $0.04
skathai68: folds 
f0x.tv: folds 
miKoLawn: folds 
Uncalled bet ($0.02) returned to hugues118
hugues118 collected $0.05 from pot
hugues118: doesn't show hand 
*** SUMMARY ***
Total pot $0.05 | Rake $0 
Seat 1: Dorex2007 folded before Flop (didn't bet)
Seat 2: hugues118 collected ($0.05)
Seat 3: skathai68 (button) folded before Flop (didn't bet)
Seat 4: f0x.tv (small blind) folded before Flop
Seat 5: miKoLawn (big blind) folded before Flop
Seat 6: Doberman6988 folded before Flop (didn't bet)
Seat 7: qw303 folded before Flop (didn't bet)
Seat 8: 222mih@777 folded before Flop (didn't bet)



PokerStars Hand #229551204643:  Hold'em No Limit ($0.01/$0.02 USD) - 2021/09/03 0:12:49 PT [2021/09/03 3:12:49 ET]
Table 'Isara II' 9-max Seat #4 is the button
Seat 1: Dorex2007 ($2.65 in chips) 
Seat 2: hugues118 ($2.07 in chips) 
Seat 3: skathai68 ($0.68 in chips) 
Seat 4: f0x.tv ($2 in chips) 
Seat 5: miKoLawn ($2.69 in chips) 
Seat 6: Doberman6988 ($3.17 in chips) 
Seat 7: qw303 ($2 in chips) 
Seat 8: 222mih@777 ($2.51 in chips) 
miKoLawn: posts small blind $0.01
Doberman6988: posts big blind $0.02
*** HOLE CARDS ***
Dealt to Dorex2007 [4c 6c]
qw303: folds 
222mih@777: raises $0.04 to $0.06
Dorex2007: folds 
hugues118: folds 
skathai68: folds 
f0x.tv: folds 
miKoLawn: folds 
Doberman6988: folds 
Uncalled bet ($0.04) returned to 222mih@777
222mih@777 collected $0.05 from pot
222mih@777: doesn't show hand 
*** SUMMARY ***
Total pot $0.05 | Rake $0 
Seat 1: Dorex2007 folded before Flop (didn't bet)
Seat 2: hugues118 folded before Flop (didn't bet)
Seat 3: skathai68 folded before Flop (didn't bet)
Seat 4: f0x.tv (button) folded before Flop (didn't bet)
Seat 5: miKoLawn (small blind) folded before Flop
Seat 6: Doberman6988 (big blind) folded before Flop
Seat 7: qw303 folded before Flop (didn't bet)
Seat 8: 222mih@777 collected ($0.05)



PokerStars Hand #229551206715:  Hold'em No Limit ($0.01/$0.02 USD) - 2021/09/03 0:13:03 PT [2021/09/03 3:13:03 ET]
Table 'Isara II' 9-max Seat #5 is the button
Seat 1: Dorex2007 ($2.65 in chips) 
Seat 2: hugues118 ($2.07 in chips) 
Seat 3: skathai68 ($0.68 in chips) 
Seat 4: f0x.tv ($2 in chips) 
Seat 5: miKoLawn ($2.68 in chips) 
Seat 6: Doberman6988 ($3.15 in chips) 
Seat 7: qw303 ($2 in chips) 
Seat 8: 222mih@777 ($2.54 in chips) 
Doberman6988: posts small blind $0.01
qw303: posts big blind $0.02
*** HOLE CARDS ***
Dealt to Dorex2007 [Kd 3s]
222mih@777: folds 
Dorex2007: folds 
hugues118: raises $0.02 to $0.04
skathai68: folds 
f0x.tv: folds 
miKoLawn: folds 
Doberman6988: raises $0.12 to $0.16
qw303: folds 
hugues118: folds 
Uncalled bet ($0.12) returned to Doberman6988
Doberman6988 collected $0.10 from pot
Doberman6988: doesn't show hand 
*** SUMMARY ***
Total pot $0.10 | Rake $0 
Seat 1: Dorex2007 folded before Flop (didn't bet)
Seat 2: hugues118 folded before Flop
Seat 3: skathai68 folded before Flop (didn't bet)
Seat 4: f0x.tv folded before Flop (didn't bet)
Seat 5: miKoLawn (button) folded before Flop (didn't bet)
Seat 6: Doberman6988 (small blind) collected ($0.10)
Seat 7: qw303 (big blind) folded before Flop
Seat 8: 222mih@777 folded before Flop (didn't bet)



PokerStars Hand #229551208979:  Hold'em No Limit ($0.01/$0.02 USD) - 2021/09/03 0:13:19 PT [2021/09/03 3:13:19 ET]
Table 'Isara II' 9-max Seat #6 is the button
Seat 1: Dorex2007 ($2.65 in chips) 
Seat 2: hugues118 ($2.03 in chips) 
Seat 3: skathai68 ($0.68 in chips) 
Seat 4: f0x.tv ($2 in chips) 
Seat 5: miKoLawn ($2.68 in chips) 
Seat 6: Doberman6988 ($3.21 in chips) 
Seat 8: 222mih@777 ($2.54 in chips) 
222mih@777: posts small blind $0.01
Dorex2007: posts big blind $0.02
*** HOLE CARDS ***
Dealt to Dorex2007 [4s Qd]
starik1965 joins the table at seat #9 
hugues118: calls $0.02
skathai68: folds 
f0x.tv: folds 
miKoLawn: folds 
Doberman6988: folds 
222mih@777: folds 
Dorex2007: checks 
*** FLOP *** [Ah 5h Ks]
Dorex2007: checks 
hugues118: bets $0.04
Dorex2007: folds 
Uncalled bet ($0.04) returned to hugues118
hugues118 collected $0.05 from pot
hugues118: doesn't show hand 
*** SUMMARY ***
Total pot $0.05 | Rake $0 
Board [Ah 5h Ks]
Seat 1: Dorex2007 (big blind) folded on the Flop
Seat 2: hugues118 collected ($0.05)
Seat 3: skathai68 folded before Flop (didn't bet)
Seat 4: f0x.tv folded before Flop (didn't bet)
Seat 5: miKoLawn folded before Flop (didn't bet)
Seat 6: Doberman6988 (button) folded before Flop (didn't bet)
Seat 8: 222mih@777 (small blind) folded before Flop



PokerStars Hand #229551213012:  Hold'em No Limit ($0.01/$0.02 USD) - 2021/09/03 0:13:46 PT [2021/09/03 3:13:46 ET]
Table 'Isara II' 9-max Seat #8 is the button
Seat 1: Dorex2007 ($2.63 in chips) 
Seat 2: hugues118 ($2.06 in chips) 
Seat 3: skathai68 ($0.68 in chips) 
Seat 4: f0x.tv ($2 in chips) 
Seat 5: miKoLawn ($2.68 in chips) 
Seat 6: Doberman6988 ($3.21 in chips) 
Seat 8: 222mih@777 ($2.53 in chips) 
Dorex2007: posts small blind $0.01
hugues118: posts big blind $0.02
*** HOLE CARDS ***
Dealt to Dorex2007 [Qc 8s]
skathai68: folds 
f0x.tv: folds 
miKoLawn has timed out
miKoLawn: folds 
Doberman6988: folds 
222mih@777: folds 
Dorex2007: folds 
Uncalled bet ($0.01) returned to hugues118
hugues118 collected $0.02 from pot
hugues118: doesn't show hand 
*** SUMMARY ***
Total pot $0.02 | Rake $0 
Seat 1: Dorex2007 (small blind) folded before Flop
Seat 2: hugues118 (big blind) collected ($0.02)
Seat 3: skathai68 folded before Flop (didn't bet)
Seat 4: f0x.tv folded before Flop (didn't bet)
Seat 5: miKoLawn folded before Flop (didn't bet)
Seat 6: Doberman6988 folded before Flop (didn't bet)
Seat 8: 222mih@777 (button) folded before Flop (didn't bet)



PokerStars Hand #229551215521:  Hold'em No Limit ($0.01/$0.02 USD) - 2021/09/03 0:14:03 PT [2021/09/03 3:14:03 ET]
Table 'Isara II' 9-max Seat #1 is the button
Seat 1: Dorex2007 ($2.62 in chips) 
Seat 2: hugues118 ($2.07 in chips) 
Seat 3: skathai68 ($0.68 in chips) 
Seat 4: f0x.tv ($2 in chips) 
Seat 6: Doberman6988 ($3.21 in chips) 
Seat 8: 222mih@777 ($2.53 in chips) 
Seat 9: starik1965 ($0.80 in chips) 
hugues118: posts small blind $0.01
skathai68: posts big blind $0.02
starik1965: posts big blind $0.02
*** HOLE CARDS ***
Dealt to Dorex2007 [Ts 3s]
f0x.tv: folds 
f0x.tv leaves the table
Doberman6988: raises $0.06 to $0.08
222mih@777: folds 
starik1965: calls $0.06
Dorex2007: folds 
hugues118: calls $0.07
skathai68: calls $0.06
*** FLOP *** [7d 2c Td]
hugues118: bets $0.02
skathai68: folds 
Doberman6988: calls $0.02
starik1965: calls $0.02
*** TURN *** [7d 2c Td] [7s]
~newelky~ joins the table at seat #4 
hugues118: bets $0.02
Doberman6988: calls $0.02
starik1965: calls $0.02
*** RIVER *** [7d 2c Td 7s] [3c]
hugues118: checks 
Doberman6988: checks 
starik1965: checks 
*** SHOW DOWN ***
hugues118: shows [5h 5s] (two pair, Sevens and Fives)
Doberman6988: mucks hand 
starik1965: mucks hand 
hugues118 collected $0.42 from pot
*** SUMMARY ***
Total pot $0.44 | Rake $0.02 
Board [7d 2c Td 7s 3c]
Seat 1: Dorex2007 (button) folded before Flop (didn't bet)
Seat 2: hugues118 (small blind) showed [5h 5s] and won ($0.42) with two pair, Sevens and Fives
Seat 3: skathai68 (big blind) folded on the Flop
Seat 4: f0x.tv folded before Flop (didn't bet)
Seat 6: Doberman6988 mucked [Kc Ad]
Seat 8: 222mih@777 folded before Flop (didn't bet)
Seat 9: starik1965 mucked [Qc Jd]



PokerStars Hand #229551223687:  Hold'em No Limit ($0.01/$0.02 USD) - 2021/09/03 0:14:58 PT [2021/09/03 3:14:58 ET]
Table 'Isara II' 9-max Seat #2 is the button
Seat 1: Dorex2007 ($2.62 in chips) 
Seat 2: hugues118 ($2.37 in chips) 
Seat 3: skathai68 ($0.60 in chips) 
Seat 4: ~newelky~ ($2 in chips) 
Seat 5: miKoLawn ($2.68 in chips) 
Seat 6: Doberman6988 ($3.09 in chips) 
Seat 8: 222mih@777 ($2.53 in chips) 
Seat 9: starik1965 ($0.68 in chips) 
skathai68: posts small blind $0.01
~newelky~: posts big blind $0.02
*** HOLE CARDS ***
Dealt to Dorex2007 [4d 5d]
miKoLawn has timed out
miKoLawn: folds 
Doberman6988: folds 
222mih@777: raises $0.02 to $0.04
starik1965: folds 
Dorex2007: folds 
hugues118: folds 
skathai68: folds 
~newelky~: calls $0.02
*** FLOP *** [Qh Kh 7c]
~newelky~: checks 
222mih@777: checks 
*** TURN *** [Qh Kh 7c] [9c]
hugues118 said, "canada qc"
skathai68 leaves the table
~newelky~: checks 
222mih@777: bets $0.03
~newelky~: folds 
Uncalled bet ($0.03) returned to 222mih@777
222mih@777 collected $0.09 from pot
222mih@777: doesn't show hand 
*** SUMMARY ***
Total pot $0.09 | Rake $0 
Board [Qh Kh 7c 9c]
Seat 1: Dorex2007 folded before Flop (didn't bet)
Seat 2: hugues118 (button) folded before Flop (didn't bet)
Seat 3: skathai68 (small blind) folded before Flop
Seat 4: ~newelky~ (big blind) folded on the Turn
Seat 5: miKoLawn folded before Flop (didn't bet)
Seat 6: Doberman6988 folded before Flop (didn't bet)
Seat 8: 222mih@777 collected ($0.09)
Seat 9: starik1965 folded before Flop (didn't bet)



PokerStars Hand #229551232823:  Hold'em No Limit ($0.01/$0.02 USD) - 2021/09/03 0:16:00 PT [2021/09/03 3:16:00 ET]
Table 'Isara II' 9-max Seat #4 is the button
Seat 1: Dorex2007 ($2.62 in chips) 
Seat 2: hugues118 ($2.37 in chips) 
Seat 4: ~newelky~ ($1.96 in chips) 
Seat 5: miKoLawn ($2.68 in chips) 
Seat 6: Doberman6988 ($3.09 in chips) 
Seat 8: 222mih@777 ($2.58 in chips) 
Seat 9: starik1965 ($0.68 in chips) 
miKoLawn: posts small blind $0.01
Doberman6988: posts big blind $0.02
*** HOLE CARDS ***
Dealt to Dorex2007 [Ks 6h]
222mih@777: raises $0.04 to $0.06
starik1965: calls $0.06
Dorex2007: folds 
hugues118: folds 
~newelky~: calls $0.06
miKoLawn: folds 
Doberman6988: folds 
*** FLOP *** [4s 4c Ts]
222mih@777: checks 
starik1965: checks 
~newelky~: checks 
*** TURN *** [4s 4c Ts] [7d]
222mih@777: checks 
starik1965: bets $0.10
~newelky~: folds 
222mih@777: calls $0.10
*** RIVER *** [4s 4c Ts 7d] [2h]
222mih@777: checks 
starik1965: bets $0.52 and is all-in
222mih@777: folds 
Uncalled bet ($0.52) returned to starik1965
starik1965 collected $0.40 from pot
*** SUMMARY ***
Total pot $0.41 | Rake $0.01 
Board [4s 4c Ts 7d 2h]
Seat 1: Dorex2007 folded before Flop (didn't bet)
Seat 2: hugues118 folded before Flop (didn't bet)
Seat 4: ~newelky~ (button) folded on the Turn
Seat 5: miKoLawn (small blind) folded before Flop
Seat 6: Doberman6988 (big blind) folded before Flop
Seat 8: 222mih@777 folded on the River
Seat 9: starik1965 collected ($0.40)



PokerStars Hand #229551243615:  Hold'em No Limit ($0.01/$0.02 USD) - 2021/09/03 0:17:13 PT [2021/09/03 3:17:13 ET]
Table 'Isara II' 9-max Seat #5 is the button
Seat 1: Dorex2007 ($2.62 in chips) 
Seat 2: hugues118 ($2.37 in chips) 
Seat 4: ~newelky~ ($1.90 in chips) 
Seat 5: miKoLawn ($2.67 in chips) 
Seat 6: Doberman6988 ($3.07 in chips) 
Seat 7: qw303 ($2 in chips) 
Seat 8: 222mih@777 ($2.42 in chips) 
Seat 9: starik1965 ($0.92 in chips) 
Doberman6988: posts small blind $0.01
qw303: posts big blind $0.02
*** HOLE CARDS ***
Dealt to Dorex2007 [5d Kd]
Dre1807 joins the table at seat #3 
222mih@777: raises $0.04 to $0.06
starik1965: folds 
Dorex2007: folds 
hugues118: folds 
~newelky~: folds 
miKoLawn: folds 
Doberman6988: folds 
qw303: folds 
Uncalled bet ($0.04) returned to 222mih@777
222mih@777 collected $0.05 from pot
222mih@777: doesn't show hand 
*** SUMMARY ***
Total pot $0.05 | Rake $0 
Seat 1: Dorex2007 folded before Flop (didn't bet)
Seat 2: hugues118 folded before Flop (didn't bet)
Seat 4: ~newelky~ folded before Flop (didn't bet)
Seat 5: miKoLawn (button) folded before Flop (didn't bet)
Seat 6: Doberman6988 (small blind) folded before Flop
Seat 7: qw303 (big blind) folded before Flop
Seat 8: 222mih@777 collected ($0.05)
Seat 9: starik1965 folded before Flop (didn't bet)



PokerStars Hand #229551246536:  Hold'em No Limit ($0.01/$0.02 USD) - 2021/09/03 0:17:33 PT [2021/09/03 3:17:33 ET]
Table 'Isara II' 9-max Seat #6 is the button
Seat 1: Dorex2007 ($2.62 in chips) 
Seat 2: hugues118 ($2.37 in chips) 
Seat 4: ~newelky~ ($1.90 in chips) 
Seat 5: miKoLawn ($2.67 in chips) 
Seat 6: Doberman6988 ($3.06 in chips) 
Seat 7: qw303 ($2 in chips) 
Seat 8: 222mih@777 ($2.45 in chips) 
Seat 9: starik1965 ($0.92 in chips) 
qw303: posts small blind $0.01
222mih@777: posts big blind $0.02
Dre1807: sits out 
*** HOLE CARDS ***
Dealt to Dorex2007 [Ts 7s]
starik1965: raises $0.04 to $0.06
Dorex2007: folds 
hugues118 has timed out
hugues118: folds 
~newelky~: folds 
miKoLawn: folds 
Doberman6988: folds 
qw303: folds 
222mih@777: calls $0.04
*** FLOP *** [6s Jh Qd]
222mih@777: checks 
starik1965: checks 
*** TURN *** [6s Jh Qd] [Ad]
222mih@777: checks 
starik1965: checks 
*** RIVER *** [6s Jh Qd Ad] [5c]
222mih@777: bets $0.07
starik1965: folds 
Uncalled bet ($0.07) returned to 222mih@777
222mih@777 collected $0.13 from pot
222mih@777: doesn't show hand 
*** SUMMARY ***
Total pot $0.13 | Rake $0 
Board [6s Jh Qd Ad 5c]
Seat 1: Dorex2007 folded before Flop (didn't bet)
Seat 2: hugues118 folded before Flop (didn't bet)
Seat 4: ~newelky~ folded before Flop (didn't bet)
Seat 5: miKoLawn folded before Flop (didn't bet)
Seat 6: Doberman6988 (button) folded before Flop (didn't bet)
Seat 7: qw303 (small blind) folded before Flop
Seat 8: 222mih@777 (big blind) collected ($0.13)
Seat 9: starik1965 folded on the River



PokerStars Hand #229551255149:  Hold'em No Limit ($0.01/$0.02 USD) - 2021/09/03 0:18:32 PT [2021/09/03 3:18:32 ET]
Table 'Isara II' 9-max Seat #7 is the button
Seat 1: Dorex2007 ($2.62 in chips) 
Seat 2: hugues118 ($2.37 in chips) 
Seat 4: ~newelky~ ($1.90 in chips) 
Seat 5: miKoLawn ($2.67 in chips) 
Seat 6: Doberman6988 ($3.06 in chips) 
Seat 7: qw303 ($2 in chips) 
Seat 8: 222mih@777 ($2.52 in chips) 
Seat 9: starik1965 ($0.86 in chips) 
222mih@777: posts small blind $0.01
starik1965: posts big blind $0.02
Dre1807: sits out 
*** HOLE CARDS ***
Dealt to Dorex2007 [Ks 3c]
Dorex2007: folds 
hugues118: folds 
~newelky~: folds 
miKoLawn: folds 
Doberman6988: folds 
qw303: folds 
222mih@777: folds 
Uncalled bet ($0.01) returned to starik1965
starik1965 collected $0.02 from pot
*** SUMMARY ***
Total pot $0.02 | Rake $0 
Seat 1: Dorex2007 folded before Flop (didn't bet)
Seat 2: hugues118 folded before Flop (didn't bet)
Seat 4: ~newelky~ folded before Flop (didn't bet)
Seat 5: miKoLawn folded before Flop (didn't bet)
Seat 6: Doberman6988 folded before Flop (didn't bet)
Seat 7: qw303 (button) folded before Flop (didn't bet)
Seat 8: 222mih@777 (small blind) folded before Flop
Seat 9: starik1965 (big blind) collected ($0.02)



PokerStars Hand #229551257733:  Hold'em No Limit ($0.01/$0.02 USD) - 2021/09/03 0:18:50 PT [2021/09/03 3:18:50 ET]
Table 'Isara II' 9-max Seat #8 is the button
Seat 1: Dorex2007 ($2.62 in chips) 
Seat 2: hugues118 ($2.37 in chips) 
Seat 4: ~newelky~ ($1.90 in chips) 
Seat 5: miKoLawn ($2.67 in chips) 
Seat 6: Doberman6988 ($3.06 in chips) 
Seat 7: qw303 ($2 in chips) 
Seat 8: 222mih@777 ($2.51 in chips) 
Seat 9: starik1965 ($0.87 in chips) 
starik1965: posts small blind $0.01
Dorex2007: posts big blind $0.02
Dre1807: sits out 
*** HOLE CARDS ***
Dealt to Dorex2007 [2c 4c]
hugues118: folds 
~newelky~: raises $0.02 to $0.04
miKoLawn: folds 
Doberman6988: folds 
qw303: folds 
222mih@777: calls $0.04
starik1965: calls $0.03
Dorex2007: folds 
*** FLOP *** [Qh 4d Kh]
starik1965: checks 
~newelky~: bets $0.09
222mih@777: folds 
starik1965: folds 
Uncalled bet ($0.09) returned to ~newelky~
~newelky~ collected $0.14 from pot
~newelky~: doesn't show hand 
*** SUMMARY ***
Total pot $0.14 | Rake $0 
Board [Qh 4d Kh]
Seat 1: Dorex2007 (big blind) folded before Flop
Seat 2: hugues118 folded before Flop (didn't bet)
Seat 4: ~newelky~ collected ($0.14)
Seat 5: miKoLawn folded before Flop (didn't bet)
Seat 6: Doberman6988 folded before Flop (didn't bet)
Seat 7: qw303 folded before Flop (didn't bet)
Seat 8: 222mih@777 (button) folded on the Flop
Seat 9: starik1965 (small blind) folded on the Flop



PokerStars Hand #229551263172:  Hold'em No Limit ($0.01/$0.02 USD) - 2021/09/03 0:19:27 PT [2021/09/03 3:19:27 ET]
Table 'Isara II' 9-max Seat #9 is the button
Seat 1: Dorex2007 ($2.60 in chips) 
Seat 2: hugues118 ($2.37 in chips) 
Seat 3: Dre1807 ($1.50 in chips) 
Seat 4: ~newelky~ ($2 in chips) 
Seat 5: miKoLawn ($2.67 in chips) 
Seat 6: Doberman6988 ($3.06 in chips) 
Seat 7: qw303 ($2 in chips) 
Seat 8: 222mih@777 ($2.47 in chips) 
Seat 9: starik1965 ($0.83 in chips) 
Dorex2007: posts small blind $0.01
hugues118: posts big blind $0.02
Dre1807: posts big blind $0.02
*** HOLE CARDS ***
Dealt to Dorex2007 [3h Th]
Dre1807: raises $0.02 to $0.04
~newelky~: calls $0.04
miKoLawn: folds 
Doberman6988: folds 
qw303: calls $0.04
222mih@777: folds 
starik1965: folds 
Dorex2007: folds 
hugues118: folds 
*** FLOP *** [Ks Ad 9c]
Dre1807: bets $0.06
~newelky~: folds 
qw303: folds 
Uncalled bet ($0.06) returned to Dre1807
Dre1807 collected $0.14 from pot
Dre1807: doesn't show hand 
*** SUMMARY ***
Total pot $0.15 | Rake $0.01 
Board [Ks Ad 9c]
Seat 1: Dorex2007 (small blind) folded before Flop
Seat 2: hugues118 (big blind) folded before Flop
Seat 3: Dre1807 collected ($0.14)
Seat 4: ~newelky~ folded on the Flop
Seat 5: miKoLawn folded before Flop (didn't bet)
Seat 6: Doberman6988 folded before Flop (didn't bet)
Seat 7: qw303 folded on the Flop
Seat 8: 222mih@777 folded before Flop (didn't bet)
Seat 9: starik1965 (button) folded before Flop (didn't bet)



PokerStars Hand #229551270469:  Hold'em No Limit ($0.01/$0.02 USD) - 2021/09/03 0:20:17 PT [2021/09/03 3:20:17 ET]
Table 'Isara II' 9-max Seat #1 is the button
Seat 1: Dorex2007 ($2.59 in chips) 
Seat 2: hugues118 ($2.35 in chips) 
Seat 3: Dre1807 ($1.60 in chips) 
Seat 4: ~newelky~ ($1.96 in chips) 
Seat 5: miKoLawn ($2.67 in chips) 
Seat 6: Doberman6988 ($3.06 in chips) 
Seat 7: qw303 ($2 in chips) 
Seat 8: 222mih@777 ($2.47 in chips) 
Seat 9: starik1965 ($0.83 in chips) 
hugues118: posts small blind $0.01
Dre1807: posts big blind $0.02
*** HOLE CARDS ***
Dealt to Dorex2007 [4d 2c]
~newelky~: folds 
miKoLawn: folds 
Doberman6988: folds 
qw303: folds 
222mih@777: folds 
starik1965: folds 
Dorex2007: folds 
hugues118: calls $0.01
Dre1807: checks 
*** FLOP *** [7h Jd 5c]
hugues118: checks 
Dre1807: checks 
*** TURN *** [7h Jd 5c] [4s]
hugues118: checks 
Dre1807: bets $0.04
hugues118: calls $0.04
*** RIVER *** [7h Jd 5c 4s] [6s]
hugues118: checks 
Dre1807: bets $0.12
hugues118: folds 
Uncalled bet ($0.12) returned to Dre1807
Dre1807 collected $0.12 from pot
Dre1807: doesn't show hand 
*** SUMMARY ***
Total pot $0.12 | Rake $0 
Board [7h Jd 5c 4s 6s]
Seat 1: Dorex2007 (button) folded before Flop (didn't bet)
Seat 2: hugues118 (small blind) folded on the River
Seat 3: Dre1807 (big blind) collected ($0.12)
Seat 4: ~newelky~ folded before Flop (didn't bet)
Seat 5: miKoLawn folded before Flop (didn't bet)
Seat 6: Doberman6988 folded before Flop (didn't bet)
Seat 7: qw303 folded before Flop (didn't bet)
Seat 8: 222mih@777 folded before Flop (didn't bet)
Seat 9: starik1965 folded before Flop (didn't bet)



PokerStars Hand #229551277095:  Hold'em No Limit ($0.01/$0.02 USD) - 2021/09/03 0:21:02 PT [2021/09/03 3:21:02 ET]
Table 'Isara II' 9-max Seat #2 is the button
Seat 1: Dorex2007 ($2.59 in chips) 
Seat 2: hugues118 ($2.29 in chips) 
Seat 3: Dre1807 ($1.66 in chips) 
Seat 4: ~newelky~ ($1.96 in chips) 
Seat 5: miKoLawn ($2.67 in chips) 
Seat 6: Doberman6988 ($3.06 in chips) 
Seat 7: qw303 ($2 in chips) 
Seat 8: 222mih@777 ($2.47 in chips) 
Seat 9: starik1965 ($0.83 in chips) 
Dre1807: posts small blind $0.01
~newelky~: posts big blind $0.02
*** HOLE CARDS ***
Dealt to Dorex2007 [Ah As]
miKoLawn: folds 
Doberman6988: folds 
qw303: folds 
222mih@777: folds 
starik1965: folds 
Dorex2007: raises $0.04 to $0.06
hugues118: folds 
Dre1807: folds 
~newelky~: folds 
Uncalled bet ($0.04) returned to Dorex2007
Dorex2007 collected $0.05 from pot
Dorex2007: doesn't show hand 
*** SUMMARY ***
Total pot $0.05 | Rake $0 
Seat 1: Dorex2007 collected ($0.05)
Seat 2: hugues118 (button) folded before Flop (didn't bet)
Seat 3: Dre1807 (small blind) folded before Flop
Seat 4: ~newelky~ (big blind) folded before Flop
Seat 5: miKoLawn folded before Flop (didn't bet)
Seat 6: Doberman6988 folded before Flop (didn't bet)
Seat 7: qw303 folded before Flop (didn't bet)
Seat 8: 222mih@777 folded before Flop (didn't bet)
Seat 9: starik1965 folded before Flop (didn't bet)



PokerStars Hand #229551280209:  Hold'em No Limit ($0.01/$0.02 USD) - 2021/09/03 0:21:22 PT [2021/09/03 3:21:22 ET]
Table 'Isara II' 9-max Seat #3 is the button
Seat 1: Dorex2007 ($2.62 in chips) 
Seat 2: hugues118 ($2.29 in chips) 
Seat 3: Dre1807 ($1.65 in chips) 
Seat 4: ~newelky~ ($1.94 in chips) 
Seat 5: miKoLawn ($2.67 in chips) 
Seat 6: Doberman6988 ($3.06 in chips) 
Seat 7: qw303 ($2 in chips) 
Seat 8: 222mih@777 ($2.47 in chips) 
Seat 9: starik1965 ($0.83 in chips) 
~newelky~: posts small blind $0.01
miKoLawn: posts big blind $0.02
*** HOLE CARDS ***
Dealt to Dorex2007 [7c Ts]
Doberman6988: folds 
qw303: folds 
222mih@777: folds 
starik1965: calls $0.02
Dorex2007: folds 
hugues118: raises $0.02 to $0.04
Dre1807: folds 
~newelky~: calls $0.03
miKoLawn: folds 
starik1965: calls $0.02
*** FLOP *** [7h Jc Qc]
~newelky~: checks 
starik1965: checks 
hugues118: checks 
*** TURN *** [7h Jc Qc] [As]
~newelky~: checks 
starik1965: checks 
hugues118: checks 
*** RIVER *** [7h Jc Qc As] [4d]
~newelky~: checks 
starik1965: checks 
hugues118: bets $0.12
~newelky~: folds 
starik1965: folds 
Uncalled bet ($0.12) returned to hugues118
hugues118 collected $0.14 from pot
hugues118: doesn't show hand 
*** SUMMARY ***
Total pot $0.14 | Rake $0 
Board [7h Jc Qc As 4d]
Seat 1: Dorex2007 folded before Flop (didn't bet)
Seat 2: hugues118 collected ($0.14)
Seat 3: Dre1807 (button) folded before Flop (didn't bet)
Seat 4: ~newelky~ (small blind) folded on the River
Seat 5: miKoLawn (big blind) folded before Flop
Seat 6: Doberman6988 folded before Flop (didn't bet)
Seat 7: qw303 folded before Flop (didn't bet)
Seat 8: 222mih@777 folded before Flop (didn't bet)
Seat 9: starik1965 folded on the River



PokerStars Hand #229551294841:  Hold'em No Limit ($0.01/$0.02 USD) - 2021/09/03 0:23:01 PT [2021/09/03 3:23:01 ET]
Table 'Isara II' 9-max Seat #4 is the button
Seat 1: Dorex2007 ($2.62 in chips) 
Seat 2: hugues118 ($2.39 in chips) 
Seat 3: Dre1807 ($1.65 in chips) 
Seat 4: ~newelky~ ($1.90 in chips) 
Seat 5: miKoLawn ($2.65 in chips) 
Seat 6: Doberman6988 ($3.06 in chips) 
Seat 7: qw303 ($2 in chips) 
Seat 8: 222mih@777 ($2.47 in chips) 
Seat 9: starik1965 ($0.79 in chips) 
miKoLawn: posts small blind $0.01
Doberman6988: posts big blind $0.02
*** HOLE CARDS ***
Dealt to Dorex2007 [9s Qd]
qw303: folds 
222mih@777: folds 
starik1965: calls $0.02
Dorex2007: folds 
hugues118: folds 
Dre1807: raises $0.02 to $0.04
~newelky~ has timed out
~newelky~: folds 
miKoLawn: folds 
Doberman6988: folds 
starik1965: calls $0.02
*** FLOP *** [Jd Th 9c]
starik1965: checks 
Dre1807: bets $0.11
~newelky~ leaves the table
starik1965: raises $0.11 to $0.22
Dre1807: raises $0.22 to $0.44
starik1965: raises $0.31 to $0.75 and is all-in
Dre1807: calls $0.31
*** TURN *** [Jd Th 9c] [9d]
*** RIVER *** [Jd Th 9c 9d] [2h]
*** SHOW DOWN ***
starik1965: shows [7d 8d] (a straight, Seven to Jack)
Dre1807: shows [Ks Jh] (two pair, Jacks and Nines)
starik1965 collected $1.55 from pot
*** SUMMARY ***
Total pot $1.61 | Rake $0.06 
Board [Jd Th 9c 9d 2h]
Seat 1: Dorex2007 folded before Flop (didn't bet)
Seat 2: hugues118 folded before Flop (didn't bet)
Seat 3: Dre1807 showed [Ks Jh] and lost with two pair, Jacks and Nines
Seat 4: ~newelky~ (button) folded before Flop (didn't bet)
Seat 5: miKoLawn (small blind) folded before Flop
Seat 6: Doberman6988 (big blind) folded before Flop
Seat 7: qw303 folded before Flop (didn't bet)
Seat 8: 222mih@777 folded before Flop (didn't bet)
Seat 9: starik1965 showed [7d 8d] and won ($1.55) with a straight, Seven to Jack



PokerStars Hand #229551307447:  Hold'em No Limit ($0.01/$0.02 USD) - 2021/09/03 0:24:27 PT [2021/09/03 3:24:27 ET]
Table 'Isara II' 9-max Seat #5 is the button
Seat 1: Dorex2007 ($2.62 in chips) 
Seat 2: hugues118 ($2.39 in chips) 
Seat 3: Dre1807 ($0.86 in chips) 
Seat 5: miKoLawn ($2.64 in chips) 
Seat 6: Doberman6988 ($3.04 in chips) 
Seat 7: qw303 ($2 in chips) 
Seat 8: 222mih@777 ($2.47 in chips) 
Seat 9: starik1965 ($1.55 in chips) 
Doberman6988: posts small blind $0.01
qw303: posts big blind $0.02
*** HOLE CARDS ***
Dealt to Dorex2007 [7d 7h]
222mih@777: folds 
starik1965: folds 
Dorex2007: raises $0.04 to $0.06
Liulfr joins the table at seat #4 
hugues118: folds 
Dre1807: folds 
miKoLawn: folds 
Doberman6988: folds 
qw303: folds 
Uncalled bet ($0.04) returned to Dorex2007
Dorex2007 collected $0.05 from pot
Dorex2007: doesn't show hand 
*** SUMMARY ***
Total pot $0.05 | Rake $0 
Seat 1: Dorex2007 collected ($0.05)
Seat 2: hugues118 folded before Flop (didn't bet)
Seat 3: Dre1807 folded before Flop (didn't bet)
Seat 5: miKoLawn (button) folded before Flop (didn't bet)
Seat 6: Doberman6988 (small blind) folded before Flop
Seat 7: qw303 (big blind) folded before Flop
Seat 8: 222mih@777 folded before Flop (didn't bet)
Seat 9: starik1965 folded before Flop (didn't bet)



PokerStars Hand #229551310304:  Hold'em No Limit ($0.01/$0.02 USD) - 2021/09/03 0:24:46 PT [2021/09/03 3:24:46 ET]
Table 'Isara II' 9-max Seat #6 is the button
Seat 1: Dorex2007 ($2.65 in chips) 
Seat 2: hugues118 ($2.39 in chips) 
Seat 3: Dre1807 ($0.86 in chips) 
Seat 5: miKoLawn ($2.64 in chips) 
Seat 6: Doberman6988 ($3.03 in chips) 
Seat 7: qw303 ($2 in chips) 
Seat 8: 222mih@777 ($2.47 in chips) 
Seat 9: starik1965 ($1.55 in chips) 
qw303: posts small blind $0.01
222mih@777: posts big blind $0.02
Liulfr: sits out 
*** HOLE CARDS ***
Dealt to Dorex2007 [9s 2s]
starik1965: folds 
Dorex2007: folds 
hugues118: folds 
Dre1807: folds 
miKoLawn: folds 
Doberman6988: folds 
qw303: raises $0.02 to $0.04
222mih@777: calls $0.02
*** FLOP *** [Ts 3c Tc]
qw303: bets $0.04
222mih@777: calls $0.04
*** TURN *** [Ts 3c Tc] [4d]
qw303: bets $0.08
222mih@777: calls $0.08
*** RIVER *** [Ts 3c Tc 4d] [9c]
qw303: bets $0.16
222mih@777: folds 
Uncalled bet ($0.16) returned to qw303
qw303 collected $0.31 from pot
qw303: doesn't show hand 
*** SUMMARY ***
Total pot $0.32 | Rake $0.01 
Board [Ts 3c Tc 4d 9c]
Seat 1: Dorex2007 folded before Flop (didn't bet)
Seat 2: hugues118 folded before Flop (didn't bet)
Seat 3: Dre1807 folded before Flop (didn't bet)
Seat 5: miKoLawn folded before Flop (didn't bet)
Seat 6: Doberman6988 (button) folded before Flop (didn't bet)
Seat 7: qw303 (small blind) collected ($0.31)
Seat 8: 222mih@777 (big blind) folded on the River
Seat 9: starik1965 folded before Flop (didn't bet)



PokerStars Hand #229551318903:  Hold'em No Limit ($0.01/$0.02 USD) - 2021/09/03 0:25:44 PT [2021/09/03 3:25:44 ET]
Table 'Isara II' 9-max Seat #7 is the button
Seat 1: Dorex2007 ($2.65 in chips) 
Seat 2: hugues118 ($2.39 in chips) 
Seat 3: Dre1807 ($0.86 in chips) 
Seat 4: Liulfr ($2 in chips) 
Seat 5: miKoLawn ($2.64 in chips) 
Seat 6: Doberman6988 ($3.03 in chips) 
Seat 7: qw303 ($2.15 in chips) 
Seat 8: 222mih@777 ($2.31 in chips) 
Seat 9: starik1965 ($1.55 in chips) 
222mih@777: posts small blind $0.01
starik1965: posts big blind $0.02
Liulfr: posts big blind $0.02
*** HOLE CARDS ***
Dealt to Dorex2007 [2s Qh]
Dorex2007: folds 
hugues118: folds 
Dre1807: folds 
Liulfr: checks 
miKoLawn: folds 
Doberman6988: folds 
qw303: folds 
222mih@777: calls $0.01
starik1965: checks 
*** FLOP *** [3h 5s Qs]
222mih@777: checks 
starik1965: checks 
Liulfr: checks 
*** TURN *** [3h 5s Qs] [As]
222mih@777: checks 
starik1965: checks 
Liulfr: bets $0.04
222mih@777: folds 
starik1965: folds 
Uncalled bet ($0.04) returned to Liulfr
Liulfr collected $0.06 from pot
Liulfr: doesn't show hand 
*** SUMMARY ***
Total pot $0.06 | Rake $0 
Board [3h 5s Qs As]
Seat 1: Dorex2007 folded before Flop (didn't bet)
Seat 2: hugues118 folded before Flop (didn't bet)
Seat 3: Dre1807 folded before Flop (didn't bet)
Seat 4: Liulfr collected ($0.06)
Seat 5: miKoLawn folded before Flop (didn't bet)
Seat 6: Doberman6988 folded before Flop (didn't bet)
Seat 7: qw303 (button) folded before Flop (didn't bet)
Seat 8: 222mih@777 (small blind) folded on the Turn
Seat 9: starik1965 (big blind) folded on the Turn



PokerStars Hand #229551326331:  Hold'em No Limit ($0.01/$0.02 USD) - 2021/09/03 0:26:33 PT [2021/09/03 3:26:33 ET]
Table 'Isara II' 9-max Seat #8 is the button
Seat 1: Dorex2007 ($2.65 in chips) 
Seat 2: hugues118 ($2.39 in chips) 
Seat 3: Dre1807 ($0.86 in chips) 
Seat 4: Liulfr ($2.04 in chips) 
Seat 5: miKoLawn ($2.64 in chips) 
Seat 6: Doberman6988 ($3.03 in chips) 
Seat 7: qw303 ($2.15 in chips) 
Seat 8: 222mih@777 ($2.29 in chips) 
Seat 9: starik1965 ($1.53 in chips) 
starik1965: posts small blind $0.01
Dorex2007: posts big blind $0.02
*** HOLE CARDS ***
Dealt to Dorex2007 [Kd 5h]
hugues118: folds 
Dre1807: folds 
Liulfr: folds 
miKoLawn: folds 
Doberman6988: folds 
qw303: folds 
222mih@777: folds 
starik1965: calls $0.01
Dorex2007: checks 
*** FLOP *** [3c 2d Qh]
starik1965: bets $0.04
Dorex2007: folds 
Uncalled bet ($0.04) returned to starik1965
starik1965 collected $0.04 from pot
*** SUMMARY ***
Total pot $0.04 | Rake $0 
Board [3c 2d Qh]
Seat 1: Dorex2007 (big blind) folded on the Flop
Seat 2: hugues118 folded before Flop (didn't bet)
Seat 3: Dre1807 folded before Flop (didn't bet)
Seat 4: Liulfr folded before Flop (didn't bet)
Seat 5: miKoLawn folded before Flop (didn't bet)
Seat 6: Doberman6988 folded before Flop (didn't bet)
Seat 7: qw303 folded before Flop (didn't bet)
Seat 8: 222mih@777 (button) folded before Flop (didn't bet)
Seat 9: starik1965 (small blind) collected ($0.04)



PokerStars Hand #229551330808:  Hold'em No Limit ($0.01/$0.02 USD) - 2021/09/03 0:27:02 PT [2021/09/03 3:27:02 ET]
Table 'Isara II' 9-max Seat #9 is the button
Seat 1: Dorex2007 ($2.63 in chips) 
Seat 2: hugues118 ($2.39 in chips) 
Seat 3: Dre1807 ($0.86 in chips) 
Seat 4: Liulfr ($2.04 in chips) 
Seat 5: miKoLawn ($2.64 in chips) 
Seat 6: Doberman6988 ($3.03 in chips) 
Seat 7: qw303 ($2.15 in chips) 
Seat 8: 222mih@777 ($2.29 in chips) 
Seat 9: starik1965 ($1.55 in chips) 
Dorex2007: posts small blind $0.01
hugues118: posts big blind $0.02
*** HOLE CARDS ***
Dealt to Dorex2007 [6c 7d]
Dre1807: folds 
Liulfr: folds 
miKoLawn: folds 
Doberman6988: folds 
qw303: folds 
222mih@777: raises $0.04 to $0.06
starik1965: calls $0.06
Dorex2007: folds 
hugues118: folds 
*** FLOP *** [9h 7c 4c]
222mih@777: bets $0.07
starik1965: folds 
Uncalled bet ($0.07) returned to 222mih@777
222mih@777 collected $0.14 from pot
222mih@777: doesn't show hand 
*** SUMMARY ***
Total pot $0.15 | Rake $0.01 
Board [9h 7c 4c]
Seat 1: Dorex2007 (small blind) folded before Flop
Seat 2: hugues118 (big blind) folded before Flop
Seat 3: Dre1807 folded before Flop (didn't bet)
Seat 4: Liulfr folded before Flop (didn't bet)
Seat 5: miKoLawn folded before Flop (didn't bet)
Seat 6: Doberman6988 folded before Flop (didn't bet)
Seat 7: qw303 folded before Flop (didn't bet)
Seat 8: 222mih@777 collected ($0.14)
Seat 9: starik1965 (button) folded on the Flop



PokerStars Hand #229551336992:  Hold'em No Limit ($0.01/$0.02 USD) - 2021/09/03 0:27:43 PT [2021/09/03 3:27:43 ET]
Table 'Isara II' 9-max Seat #1 is the button
Seat 1: Dorex2007 ($2.62 in chips) 
Seat 2: hugues118 ($2.37 in chips) 
Seat 3: Dre1807 ($0.86 in chips) 
Seat 4: Liulfr ($2.04 in chips) 
Seat 5: miKoLawn ($2.64 in chips) 
Seat 6: Doberman6988 ($3.03 in chips) 
Seat 7: qw303 ($2.15 in chips) 
Seat 8: 222mih@777 ($2.37 in chips) 
Seat 9: starik1965 ($1.49 in chips) 
hugues118: posts small blind $0.01
Dre1807: posts big blind $0.02
*** HOLE CARDS ***
Dealt to Dorex2007 [Ks Ts]
Liulfr: raises $0.02 to $0.04
miKoLawn: folds 
Doberman6988: folds 
qw303: folds 
222mih@777: folds 
starik1965: folds 
starik1965 leaves the table
Dorex2007: calls $0.04
SQ_66 joins the table at seat #9 
hugues118: folds 
Dre1807: calls $0.02
*** FLOP *** [6s 6d 3h]
Dre1807: checks 
Liulfr: bets $0.06
Dorex2007: folds 
Dre1807: folds 
Uncalled bet ($0.06) returned to Liulfr
Liulfr collected $0.13 from pot
Liulfr: doesn't show hand 
*** SUMMARY ***
Total pot $0.13 | Rake $0 
Board [6s 6d 3h]
Seat 1: Dorex2007 (button) folded on the Flop
Seat 2: hugues118 (small blind) folded before Flop
Seat 3: Dre1807 (big blind) folded on the Flop
Seat 4: Liulfr collected ($0.13)
Seat 5: miKoLawn folded before Flop (didn't bet)
Seat 6: Doberman6988 folded before Flop (didn't bet)
Seat 7: qw303 folded before Flop (didn't bet)
Seat 8: 222mih@777 folded before Flop (didn't bet)
Seat 9: starik1965 folded before Flop (didn't bet)



PokerStars Hand #229551346585:  Hold'em No Limit ($0.01/$0.02 USD) - 2021/09/03 0:28:46 PT [2021/09/03 3:28:46 ET]
Table 'Isara II' 9-max Seat #2 is the button
Seat 1: Dorex2007 ($2.58 in chips) 
Seat 2: hugues118 ($2.36 in chips) 
Seat 3: Dre1807 ($0.82 in chips) 
Seat 4: Liulfr ($2.13 in chips) 
Seat 5: miKoLawn ($2.64 in chips) 
Seat 6: Doberman6988 ($3.03 in chips) 
Seat 7: qw303 ($2.15 in chips) 
Seat 8: 222mih@777 ($2.37 in chips) 
Dre1807: posts small blind $0.01
Liulfr: posts big blind $0.02
SQ_66: sits out 
*** HOLE CARDS ***
Dealt to Dorex2007 [Jc 8c]
miKoLawn: folds 
Doberman6988: folds 
qw303: folds 
222mih@777: folds 
Dorex2007: folds 
hugues118: raises $0.02 to $0.04
Dre1807: folds 
Liulfr: raises $0.02 to $0.06
hugues118: calls $0.02
*** FLOP *** [Kc Ts 3s]
Liulfr: bets $0.08
hugues118: folds 
Uncalled bet ($0.08) returned to Liulfr
Liulfr collected $0.13 from pot
Liulfr: doesn't show hand 
*** SUMMARY ***
Total pot $0.13 | Rake $0 
Board [Kc Ts 3s]
Seat 1: Dorex2007 folded before Flop (didn't bet)
Seat 2: hugues118 (button) folded on the Flop
Seat 3: Dre1807 (small blind) folded before Flop
Seat 4: Liulfr (big blind) collected ($0.13)
Seat 5: miKoLawn folded before Flop (didn't bet)
Seat 6: Doberman6988 folded before Flop (didn't bet)
Seat 7: qw303 folded before Flop (didn't bet)
Seat 8: 222mih@777 folded before Flop (didn't bet)



PokerStars Hand #229551352803:  Hold'em No Limit ($0.01/$0.02 USD) - 2021/09/03 0:29:27 PT [2021/09/03 3:29:27 ET]
Table 'Isara II' 9-max Seat #3 is the button
Seat 1: Dorex2007 ($2.58 in chips) 
Seat 2: hugues118 ($2.30 in chips) 
Seat 3: Dre1807 ($0.81 in chips) 
Seat 4: Liulfr ($2.20 in chips) 
Seat 5: miKoLawn ($2.64 in chips) 
Seat 6: Doberman6988 ($3.03 in chips) 
Seat 7: qw303 ($2.15 in chips) 
Seat 8: 222mih@777 ($2.37 in chips) 
Liulfr: posts small blind $0.01
miKoLawn: posts big blind $0.02
SQ_66: sits out 
*** HOLE CARDS ***
Dealt to Dorex2007 [Qh Js]
Doberman6988: folds 
qw303: folds 
222mih@777: folds 
Dorex2007: raises $0.04 to $0.06
hugues118: folds 
Dre1807: folds 
Liulfr: folds 
miKoLawn: raises $0.12 to $0.18
Dorex2007: folds 
Uncalled bet ($0.12) returned to miKoLawn
miKoLawn collected $0.13 from pot
miKoLawn: doesn't show hand 
*** SUMMARY ***
Total pot $0.13 | Rake $0 
Seat 1: Dorex2007 folded before Flop
Seat 2: hugues118 folded before Flop (didn't bet)
Seat 3: Dre1807 (button) folded before Flop (didn't bet)
Seat 4: Liulfr (small blind) folded before Flop
Seat 5: miKoLawn (big blind) collected ($0.13)
Seat 6: Doberman6988 folded before Flop (didn't bet)
Seat 7: qw303 folded before Flop (didn't bet)
Seat 8: 222mih@777 folded before Flop (didn't bet)



PokerStars Hand #229551357388:  Hold'em No Limit ($0.01/$0.02 USD) - 2021/09/03 0:29:58 PT [2021/09/03 3:29:58 ET]
Table 'Isara II' 9-max Seat #4 is the button
Seat 1: Dorex2007 ($2.52 in chips) 
Seat 2: hugues118 ($2.30 in chips) 
Seat 3: Dre1807 ($0.81 in chips) 
Seat 4: Liulfr ($2.19 in chips) 
Seat 5: miKoLawn ($2.71 in chips) 
Seat 6: Doberman6988 ($3.03 in chips) 
Seat 7: qw303 ($2.15 in chips) 
Seat 8: 222mih@777 ($2.37 in chips) 
miKoLawn: posts small blind $0.01
Doberman6988: posts big blind $0.02
SQ_66: sits out 
*** HOLE CARDS ***
Dealt to Dorex2007 [7d Qd]
qw303: folds 
222mih@777: raises $0.04 to $0.06
Dorex2007: folds 
hugues118: folds 
Dre1807: folds 
Liulfr: folds 
miKoLawn: folds 
Doberman6988: folds 
Uncalled bet ($0.04) returned to 222mih@777
222mih@777 collected $0.05 from pot
222mih@777: doesn't show hand 
*** SUMMARY ***
Total pot $0.05 | Rake $0 
Seat 1: Dorex2007 folded before Flop (didn't bet)
Seat 2: hugues118 folded before Flop (didn't bet)
Seat 3: Dre1807 folded before Flop (didn't bet)
Seat 4: Liulfr (button) folded before Flop (didn't bet)
Seat 5: miKoLawn (small blind) folded before Flop
Seat 6: Doberman6988 (big blind) folded before Flop
Seat 7: qw303 folded before Flop (didn't bet)
Seat 8: 222mih@777 collected ($0.05)



PokerStars Hand #229551362194:  Hold'em No Limit ($0.01/$0.02 USD) - 2021/09/03 0:30:29 PT [2021/09/03 3:30:29 ET]
Table 'Isara II' 9-max Seat #5 is the button
Seat 1: Dorex2007 ($2.52 in chips) 
Seat 2: hugues118 ($2.30 in chips) 
Seat 3: Dre1807 ($0.81 in chips) 
Seat 4: Liulfr ($2.19 in chips) 
Seat 5: miKoLawn ($2.70 in chips) 
Seat 6: Doberman6988 ($3.01 in chips) 
Seat 7: qw303 ($2.15 in chips) 
Seat 8: 222mih@777 ($2.40 in chips) 
Seat 9: SQ_66 ($2 in chips) 
Doberman6988: posts small blind $0.01
qw303: posts big blind $0.02
SQ_66: posts big blind $0.02
*** HOLE CARDS ***
Dealt to Dorex2007 [4h As]
222mih@777: folds 
SQ_66: checks 
Dorex2007: folds 
hugues118: folds 
Dre1807: folds 
Liulfr: folds 
miKoLawn: folds 
Doberman6988: folds 
qw303: checks 
*** FLOP *** [8d Jc Kh]
qw303: checks 
SQ_66: bets $0.04
qw303: folds 
Uncalled bet ($0.04) returned to SQ_66
SQ_66 collected $0.05 from pot
SQ_66: doesn't show hand 
*** SUMMARY ***
Total pot $0.05 | Rake $0 
Board [8d Jc Kh]
Seat 1: Dorex2007 folded before Flop (didn't bet)
Seat 2: hugues118 folded before Flop (didn't bet)
Seat 3: Dre1807 folded before Flop (didn't bet)
Seat 4: Liulfr folded before Flop (didn't bet)
Seat 5: miKoLawn (button) folded before Flop (didn't bet)
Seat 6: Doberman6988 (small blind) folded before Flop
Seat 7: qw303 (big blind) folded on the Flop
Seat 8: 222mih@777 folded before Flop (didn't bet)
Seat 9: SQ_66 collected ($0.05)



PokerStars Hand #229551367584:  Hold'em No Limit ($0.01/$0.02 USD) - 2021/09/03 0:31:04 PT [2021/09/03 3:31:04 ET]
Table 'Isara II' 9-max Seat #6 is the button
Seat 1: Dorex2007 ($2.52 in chips) 
Seat 2: hugues118 ($2.30 in chips) 
Seat 3: Dre1807 ($0.81 in chips) 
Seat 4: Liulfr ($2.19 in chips) 
Seat 5: miKoLawn ($2.70 in chips) 
Seat 6: Doberman6988 ($3 in chips) 
Seat 7: qw303 ($2.13 in chips) 
Seat 8: 222mih@777 ($2.40 in chips) 
Seat 9: SQ_66 ($2.03 in chips) 
qw303: posts small blind $0.01
222mih@777: posts big blind $0.02
*** HOLE CARDS ***
Dealt to Dorex2007 [Ks 7h]
SQ_66: folds 
Dorex2007: folds 
hugues118: folds 
Dre1807: calls $0.02
Liulfr: calls $0.02
miKoLawn: folds 
Doberman6988: folds 
qw303: raises $0.02 to $0.04
222mih@777: folds 
Dre1807: calls $0.02
Liulfr: raises $0.04 to $0.08
qw303: calls $0.04
Dre1807: calls $0.04
*** FLOP *** [Ts Qs As]
qw303: checks 
Dre1807: bets $0.25
Liulfr: folds 
qw303: folds 
Uncalled bet ($0.25) returned to Dre1807
Dre1807 collected $0.25 from pot
Dre1807: doesn't show hand 
*** SUMMARY ***
Total pot $0.26 | Rake $0.01 
Board [Ts Qs As]
Seat 1: Dorex2007 folded before Flop (didn't bet)
Seat 2: hugues118 folded before Flop (didn't bet)
Seat 3: Dre1807 collected ($0.25)
Seat 4: Liulfr folded on the Flop
Seat 5: miKoLawn folded before Flop (didn't bet)
Seat 6: Doberman6988 (button) folded before Flop (didn't bet)
Seat 7: qw303 (small blind) folded on the Flop
Seat 8: 222mih@777 (big blind) folded before Flop
Seat 9: SQ_66 folded before Flop (didn't bet)



PokerStars Hand #229551375303:  Hold'em No Limit ($0.01/$0.02 USD) - 2021/09/03 0:31:55 PT [2021/09/03 3:31:55 ET]
Table 'Isara II' 9-max Seat #7 is the button
Seat 1: Dorex2007 ($2.52 in chips) 
Seat 2: hugues118 ($2.30 in chips) 
Seat 3: Dre1807 ($0.98 in chips) 
Seat 4: Liulfr ($2.11 in chips) 
Seat 5: miKoLawn ($2.70 in chips) 
Seat 6: Doberman6988 ($3 in chips) 
Seat 7: qw303 ($2.05 in chips) 
Seat 8: 222mih@777 ($2.38 in chips) 
Seat 9: SQ_66 ($2.03 in chips) 
222mih@777: posts small blind $0.01
SQ_66: posts big blind $0.02
*** HOLE CARDS ***
Dealt to Dorex2007 [Kd 4d]
Dorex2007: folds 
hugues118: folds 
Dre1807: folds 
Liulfr: calls $0.02
miKoLawn: folds 
Doberman6988: folds 
qw303: folds 
222mih@777: folds 
SQ_66: checks 
*** FLOP *** [8h Ad 9d]
Dre1807 leaves the table
SQ_66: checks 
Liulfr: bets $0.02
SQ_66: folds 
Uncalled bet ($0.02) returned to Liulfr
Liulfr collected $0.05 from pot
Liulfr: doesn't show hand 
*** SUMMARY ***
Total pot $0.05 | Rake $0 
Board [8h Ad 9d]
Seat 1: Dorex2007 folded before Flop (didn't bet)
Seat 2: hugues118 folded before Flop (didn't bet)
Seat 3: Dre1807 folded before Flop (didn't bet)
Seat 4: Liulfr collected ($0.05)
Seat 5: miKoLawn folded before Flop (didn't bet)
Seat 6: Doberman6988 folded before Flop (didn't bet)
Seat 7: qw303 (button) folded before Flop (didn't bet)
Seat 8: 222mih@777 (small blind) folded before Flop
Seat 9: SQ_66 (big blind) folded on the Flop



PokerStars Hand #229551380064:  Hold'em No Limit ($0.01/$0.02 USD) - 2021/09/03 0:32:26 PT [2021/09/03 3:32:26 ET]
Table 'Isara II' 9-max Seat #8 is the button
Seat 1: Dorex2007 ($2.52 in chips) 
Seat 2: hugues118 ($2.30 in chips) 
Seat 4: Liulfr ($2.14 in chips) 
Seat 5: miKoLawn ($2.70 in chips) 
Seat 6: Doberman6988 ($3 in chips) 
Seat 7: qw303 ($2.05 in chips) 
Seat 8: 222mih@777 ($2.37 in chips) 
Seat 9: SQ_66 ($2.01 in chips) 
SQ_66: posts small blind $0.01
Dorex2007: posts big blind $0.02
*** HOLE CARDS ***
Dealt to Dorex2007 [Ac Kd]
hugues118: folds 
Liulfr: calls $0.02
miKoLawn: folds 
Doberman6988: folds 
qw303: raises $0.02 to $0.04
222mih@777: folds 
SQ_66: calls $0.03
Dorex2007: calls $0.02
Liulfr: calls $0.02
*** FLOP *** [8c 5c 6s]
SQ_66: checks 
mr.frog229 joins the table at seat #3 
Dorex2007: bets $0.08
Liulfr: folds 
qw303: folds 
SQ_66: folds 
Uncalled bet ($0.08) returned to Dorex2007
Dorex2007 collected $0.15 from pot
Dorex2007: doesn't show hand 
*** SUMMARY ***
Total pot $0.16 | Rake $0.01 
Board [8c 5c 6s]
Seat 1: Dorex2007 (big blind) collected ($0.15)
Seat 2: hugues118 folded before Flop (didn't bet)
Seat 4: Liulfr folded on the Flop
Seat 5: miKoLawn folded before Flop (didn't bet)
Seat 6: Doberman6988 folded before Flop (didn't bet)
Seat 7: qw303 folded on the Flop
Seat 8: 222mih@777 (button) folded before Flop (didn't bet)
Seat 9: SQ_66 (small blind) folded on the Flop



PokerStars Hand #229551386951:  Hold'em No Limit ($0.01/$0.02 USD) - 2021/09/03 0:33:11 PT [2021/09/03 3:33:11 ET]
Table 'Isara II' 9-max Seat #9 is the button
Seat 1: Dorex2007 ($2.63 in chips) 
Seat 2: hugues118 ($2.30 in chips) 
Seat 4: Liulfr ($2.10 in chips) 
Seat 5: miKoLawn ($2.70 in chips) 
Seat 6: Doberman6988 ($3 in chips) 
Seat 7: qw303 ($2.01 in chips) 
Seat 8: 222mih@777 ($2.37 in chips) 
Seat 9: SQ_66 ($1.97 in chips) 
Dorex2007: posts small blind $0.01
hugues118: posts big blind $0.02
mr.frog229: sits out 
*** HOLE CARDS ***
Dealt to Dorex2007 [Ad Tc]
Liulfr: folds 
miKoLawn: folds 
Doberman6988: folds 
qw303: raises $0.02 to $0.04
222mih@777: folds 
SQ_66: folds 
Dorex2007: calls $0.03
hugues118: calls $0.02
*** FLOP *** [9c Jh Qh]
Dorex2007: checks 
hugues118: checks 
qw303: checks 
*** TURN *** [9c Jh Qh] [Ah]
Dorex2007: checks 
hugues118: checks 
qw303: checks 
*** RIVER *** [9c Jh Qh Ah] [2d]
Dorex2007: bets $0.12
hugues118: folds 
qw303: folds 
Uncalled bet ($0.12) returned to Dorex2007
Dorex2007 collected $0.12 from pot
Dorex2007: doesn't show hand 
*** SUMMARY ***
Total pot $0.12 | Rake $0 
Board [9c Jh Qh Ah 2d]
Seat 1: Dorex2007 (small blind) collected ($0.12)
Seat 2: hugues118 (big blind) folded on the River
Seat 4: Liulfr folded before Flop (didn't bet)
Seat 5: miKoLawn folded before Flop (didn't bet)
Seat 6: Doberman6988 folded before Flop (didn't bet)
Seat 7: qw303 folded on the River
Seat 8: 222mih@777 folded before Flop (didn't bet)
Seat 9: SQ_66 (button) folded before Flop (didn't bet)



PokerStars Hand #229551393065:  Hold'em No Limit ($0.01/$0.02 USD) - 2021/09/03 0:33:51 PT [2021/09/03 3:33:51 ET]
Table 'Isara II' 9-max Seat #1 is the button
Seat 1: Dorex2007 ($2.71 in chips) 
Seat 2: hugues118 ($2.26 in chips) 
Seat 3: mr.frog229 ($1.60 in chips) 
Seat 4: Liulfr ($2.10 in chips) 
Seat 5: miKoLawn ($2.70 in chips) 
Seat 6: Doberman6988 ($3 in chips) 
Seat 7: qw303 ($2 in chips) 
Seat 8: 222mih@777 ($2.37 in chips) 
Seat 9: SQ_66 ($1.97 in chips) 
hugues118: posts small blind $0.01
mr.frog229: posts big blind $0.02
*** HOLE CARDS ***
Dealt to Dorex2007 [As 8d]
Liulfr: folds 
miKoLawn: folds 
Doberman6988: folds 
qw303: folds 
qw303 leaves the table
222mih@777: folds 
SQ_66: folds 
Dorex2007: folds 
hugues118: folds 
Uncalled bet ($0.01) returned to mr.frog229
mr.frog229 collected $0.02 from pot
mr.frog229: doesn't show hand 
*** SUMMARY ***
Total pot $0.02 | Rake $0 
Seat 1: Dorex2007 (button) folded before Flop (didn't bet)
Seat 2: hugues118 (small blind) folded before Flop
Seat 3: mr.frog229 (big blind) collected ($0.02)
Seat 4: Liulfr folded before Flop (didn't bet)
Seat 5: miKoLawn folded before Flop (didn't bet)
Seat 6: Doberman6988 folded before Flop (didn't bet)
Seat 7: qw303 folded before Flop (didn't bet)
Seat 8: 222mih@777 folded before Flop (didn't bet)
Seat 9: SQ_66 folded before Flop (didn't bet)



PokerStars Hand #229551395355:  Hold'em No Limit ($0.01/$0.02 USD) - 2021/09/03 0:34:06 PT [2021/09/03 3:34:06 ET]
Table 'Isara II' 9-max Seat #2 is the button
Seat 1: Dorex2007 ($2.71 in chips) 
Seat 2: hugues118 ($2.25 in chips) 
Seat 3: mr.frog229 ($1.61 in chips) 
Seat 4: Liulfr ($2.10 in chips) 
Seat 5: miKoLawn ($2.70 in chips) 
Seat 6: Doberman6988 ($3 in chips) 
Seat 8: 222mih@777 ($2.37 in chips) 
Seat 9: SQ_66 ($1.97 in chips) 
mr.frog229: posts small blind $0.01
Liulfr: posts big blind $0.02
*** HOLE CARDS ***
Dealt to Dorex2007 [Jh Ks]
miKoLawn has timed out
miKoLawn: folds 
Doberman6988: folds 
222mih@777: folds 
SQ_66: raises $0.02 to $0.04
Dorex2007: calls $0.04
l33tsteph joins the table at seat #7 
hugues118: calls $0.04
mr.frog229: folds 
Liulfr: folds 
*** FLOP *** [3h 6d Qd]
SQ_66: checks 
Dorex2007: checks 
hugues118: checks 
*** TURN *** [3h 6d Qd] [5d]
SQ_66: checks 
Dorex2007: checks 
hugues118: bets $0.07
SQ_66: folds 
Dorex2007: folds 
Uncalled bet ($0.07) returned to hugues118
hugues118 collected $0.14 from pot
hugues118: doesn't show hand 
*** SUMMARY ***
Total pot $0.15 | Rake $0.01 
Board [3h 6d Qd 5d]
Seat 1: Dorex2007 folded on the Turn
Seat 2: hugues118 (button) collected ($0.14)
Seat 3: mr.frog229 (small blind) folded before Flop
Seat 4: Liulfr (big blind) folded before Flop
Seat 5: miKoLawn folded before Flop (didn't bet)
Seat 6: Doberman6988 folded before Flop (didn't bet)
Seat 8: 222mih@777 folded before Flop (didn't bet)
Seat 9: SQ_66 folded on the Turn



PokerStars Hand #229551403707:  Hold'em No Limit ($0.01/$0.02 USD) - 2021/09/03 0:35:02 PT [2021/09/03 3:35:02 ET]
Table 'Isara II' 9-max Seat #3 is the button
Seat 1: Dorex2007 ($2.67 in chips) 
Seat 2: hugues118 ($2.35 in chips) 
Seat 3: mr.frog229 ($1.60 in chips) 
Seat 4: Liulfr ($2.08 in chips) 
Seat 5: miKoLawn ($2.70 in chips) 
Seat 6: Doberman6988 ($3 in chips) 
Seat 8: 222mih@777 ($2.37 in chips) 
Seat 9: SQ_66 ($1.93 in chips) 
Liulfr: posts small blind $0.01
miKoLawn: posts big blind $0.02
l33tsteph: sits out 
*** HOLE CARDS ***
Dealt to Dorex2007 [3d 6s]
Doberman6988: folds 
222mih@777: calls $0.02
SQ_66: folds 
Dorex2007: folds 
hugues118: folds 
mr.frog229: calls $0.02
Liulfr: folds 
miKoLawn: raises $0.08 to $0.10
222mih@777: folds 
mr.frog229: calls $0.08
*** FLOP *** [Kc Jc 4c]
miKoLawn: bets $0.11
mr.frog229: folds 
Uncalled bet ($0.11) returned to miKoLawn
miKoLawn collected $0.22 from pot
miKoLawn: doesn't show hand 
*** SUMMARY ***
Total pot $0.23 | Rake $0.01 
Board [Kc Jc 4c]
Seat 1: Dorex2007 folded before Flop (didn't bet)
Seat 2: hugues118 folded before Flop (didn't bet)
Seat 3: mr.frog229 (button) folded on the Flop
Seat 4: Liulfr (small blind) folded before Flop
Seat 5: miKoLawn (big blind) collected ($0.22)
Seat 6: Doberman6988 folded before Flop (didn't bet)
Seat 8: 222mih@777 folded before Flop
Seat 9: SQ_66 folded before Flop (didn't bet)



PokerStars Hand #229551410471:  Hold'em No Limit ($0.01/$0.02 USD) - 2021/09/03 0:35:46 PT [2021/09/03 3:35:46 ET]
Table 'Isara II' 9-max Seat #4 is the button
Seat 1: Dorex2007 ($2.67 in chips) 
Seat 2: hugues118 ($2.35 in chips) 
Seat 3: mr.frog229 ($1.50 in chips) 
Seat 4: Liulfr ($2.07 in chips) 
Seat 5: miKoLawn ($2.82 in chips) 
Seat 6: Doberman6988 ($3 in chips) 
Seat 8: 222mih@777 ($2.35 in chips) 
Seat 9: SQ_66 ($1.93 in chips) 
miKoLawn: posts small blind $0.01
Doberman6988: posts big blind $0.02
l33tsteph: sits out 
*** HOLE CARDS ***
Dealt to Dorex2007 [Td Kc]
222mih@777: folds 
SQ_66: raises $0.04 to $0.06
Dorex2007: folds 
hugues118: folds 
mr.frog229: folds 
Liulfr: folds 
miKoLawn: folds 
Doberman6988: folds 
Uncalled bet ($0.04) returned to SQ_66
SQ_66 collected $0.05 from pot
SQ_66: doesn't show hand 
*** SUMMARY ***
Total pot $0.05 | Rake $0 
Seat 1: Dorex2007 folded before Flop (didn't bet)
Seat 2: hugues118 folded before Flop (didn't bet)
Seat 3: mr.frog229 folded before Flop (didn't bet)
Seat 4: Liulfr (button) folded before Flop (didn't bet)
Seat 5: miKoLawn (small blind) folded before Flop
Seat 6: Doberman6988 (big blind) folded before Flop
Seat 8: 222mih@777 folded before Flop (didn't bet)
Seat 9: SQ_66 collected ($0.05)



PokerStars Hand #229551413610:  Hold'em No Limit ($0.01/$0.02 USD) - 2021/09/03 0:36:07 PT [2021/09/03 3:36:07 ET]
Table 'Isara II' 9-max Seat #5 is the button
Seat 1: Dorex2007 ($2.67 in chips) 
Seat 2: hugues118 ($2.35 in chips) 
Seat 3: mr.frog229 ($1.50 in chips) 
Seat 4: Liulfr ($2.07 in chips) 
Seat 5: miKoLawn ($2.81 in chips) 
Seat 6: Doberman6988 ($2.98 in chips) 
Seat 7: l33tsteph ($1.10 in chips) 
Seat 8: 222mih@777 ($2.35 in chips) 
Seat 9: SQ_66 ($1.96 in chips) 
Doberman6988: posts small blind $0.01
l33tsteph: posts big blind $0.02
*** HOLE CARDS ***
Dealt to Dorex2007 [2c As]
222mih@777: folds 
SQ_66: folds 
Dorex2007: folds 
hugues118: raises $0.02 to $0.04
mr.frog229: folds 
Liulfr: folds 
miKoLawn: folds 
Doberman6988: calls $0.03
l33tsteph: folds 
*** FLOP *** [Qh Ts 7c]
Doberman6988: checks 
hugues118: checks 
*** TURN *** [Qh Ts 7c] [5d]
Doberman6988: checks 
hugues118: checks 
*** RIVER *** [Qh Ts 7c 5d] [8c]
Doberman6988: checks 
hugues118: bets $0.10
Doberman6988: folds 
Uncalled bet ($0.10) returned to hugues118
hugues118 collected $0.10 from pot
hugues118: doesn't show hand 
*** SUMMARY ***
Total pot $0.10 | Rake $0 
Board [Qh Ts 7c 5d 8c]
Seat 1: Dorex2007 folded before Flop (didn't bet)
Seat 2: hugues118 collected ($0.10)
Seat 3: mr.frog229 folded before Flop (didn't bet)
Seat 4: Liulfr folded before Flop (didn't bet)
Seat 5: miKoLawn (button) folded before Flop (didn't bet)
Seat 6: Doberman6988 (small blind) folded on the River
Seat 7: l33tsteph (big blind) folded before Flop
Seat 8: 222mih@777 folded before Flop (didn't bet)
Seat 9: SQ_66 folded before Flop (didn't bet)



PokerStars Hand #229551422000:  Hold'em No Limit ($0.01/$0.02 USD) - 2021/09/03 0:37:03 PT [2021/09/03 3:37:03 ET]
Table 'Isara II' 9-max Seat #6 is the button
Seat 1: Dorex2007 ($2.67 in chips) 
Seat 2: hugues118 ($2.41 in chips) 
Seat 3: mr.frog229 ($1.50 in chips) 
Seat 4: Liulfr ($2.07 in chips) 
Seat 5: miKoLawn ($2.81 in chips) 
Seat 6: Doberman6988 ($2.94 in chips) 
Seat 7: l33tsteph ($1.08 in chips) 
Seat 8: 222mih@777 ($2.35 in chips) 
Seat 9: SQ_66 ($1.96 in chips) 
l33tsteph: posts small blind $0.01
222mih@777: posts big blind $0.02
*** HOLE CARDS ***
Dealt to Dorex2007 [9s Qc]
SQ_66: raises $0.02 to $0.04
Dorex2007: folds 
hugues118: folds 
mr.frog229: folds 
Liulfr: folds 
miKoLawn: calls $0.04
Doberman6988: folds 
l33tsteph: folds 
222mih@777: calls $0.02
*** FLOP *** [Tc Qs 2s]
222mih@777: checks 
SQ_66: checks 
miKoLawn: checks 
*** TURN *** [Tc Qs 2s] [5c]
222mih@777: bets $0.04
SQ_66: folds 
miKoLawn: folds 
Uncalled bet ($0.04) returned to 222mih@777
222mih@777 collected $0.13 from pot
222mih@777: doesn't show hand 
*** SUMMARY ***
Total pot $0.13 | Rake $0 
Board [Tc Qs 2s 5c]
Seat 1: Dorex2007 folded before Flop (didn't bet)
Seat 2: hugues118 folded before Flop (didn't bet)
Seat 3: mr.frog229 folded before Flop (didn't bet)
Seat 4: Liulfr folded before Flop (didn't bet)
Seat 5: miKoLawn folded on the Turn
Seat 6: Doberman6988 (button) folded before Flop (didn't bet)
Seat 7: l33tsteph (small blind) folded before Flop
Seat 8: 222mih@777 (big blind) collected ($0.13)
Seat 9: SQ_66 folded on the Turn



PokerStars Hand #229551430744:  Hold'em No Limit ($0.01/$0.02 USD) - 2021/09/03 0:37:59 PT [2021/09/03 3:37:59 ET]
Table 'Isara II' 9-max Seat #7 is the button
Seat 1: Dorex2007 ($2.67 in chips) 
Seat 2: hugues118 ($2.41 in chips) 
Seat 3: mr.frog229 ($1.50 in chips) 
Seat 4: Liulfr ($2.07 in chips) 
Seat 5: miKoLawn ($2.77 in chips) 
Seat 6: Doberman6988 ($2.94 in chips) 
Seat 7: l33tsteph ($1.07 in chips) 
Seat 8: 222mih@777 ($2.44 in chips) 
Seat 9: SQ_66 ($1.92 in chips) 
222mih@777: posts small blind $0.01
SQ_66: posts big blind $0.02
*** HOLE CARDS ***
Dealt to Dorex2007 [9s 3h]
Dorex2007: folds 
hugues118: folds 
mr.frog229: folds 
Liulfr: raises $0.02 to $0.04
miKoLawn: folds 
Doberman6988: folds 
l33tsteph: folds 
222mih@777: folds 
SQ_66: calls $0.02
*** FLOP *** [2h As 5d]
SQ_66: checks 
Liulfr: bets $0.06
SQ_66: raises $0.08 to $0.14
Liulfr: folds 
Uncalled bet ($0.08) returned to SQ_66
SQ_66 collected $0.20 from pot
SQ_66: doesn't show hand 
*** SUMMARY ***
Total pot $0.21 | Rake $0.01 
Board [2h As 5d]
Seat 1: Dorex2007 folded before Flop (didn't bet)
Seat 2: hugues118 folded before Flop (didn't bet)
Seat 3: mr.frog229 folded before Flop (didn't bet)
Seat 4: Liulfr folded on the Flop
Seat 5: miKoLawn folded before Flop (didn't bet)
Seat 6: Doberman6988 folded before Flop (didn't bet)
Seat 7: l33tsteph (button) folded before Flop (didn't bet)
Seat 8: 222mih@777 (small blind) folded before Flop
Seat 9: SQ_66 (big blind) collected ($0.20)



PokerStars Hand #229551437341:  Hold'em No Limit ($0.01/$0.02 USD) - 2021/09/03 0:38:43 PT [2021/09/03 3:38:43 ET]
Table 'Isara II' 9-max Seat #8 is the button
Seat 1: Dorex2007 ($2.67 in chips) 
Seat 2: hugues118 ($2.41 in chips) 
Seat 3: mr.frog229 ($1.50 in chips) 
Seat 4: Liulfr ($1.97 in chips) 
Seat 5: miKoLawn ($2.77 in chips) 
Seat 6: Doberman6988 ($2.94 in chips) 
Seat 7: l33tsteph ($1.07 in chips) 
Seat 8: 222mih@777 ($2.43 in chips) 
Seat 9: SQ_66 ($2.02 in chips) 
SQ_66: posts small blind $0.01
Dorex2007: posts big blind $0.02
*** HOLE CARDS ***
Dealt to Dorex2007 [9s Qs]
hugues118: folds 
mr.frog229: folds 
Liulfr: raises $0.02 to $0.04
miKoLawn: folds 
Doberman6988: folds 
l33tsteph: folds 
222mih@777: calls $0.04
SQ_66: folds 
Dorex2007: calls $0.02
*** FLOP *** [Ks Td 9c]
Dorex2007: checks 
Liulfr: bets $0.06
222mih@777: folds 
Dorex2007: calls $0.06
*** TURN *** [Ks Td 9c] [8d]
Dorex2007: checks 
Liulfr: bets $0.18
Dorex2007: calls $0.18
*** RIVER *** [Ks Td 9c 8d] [4d]
Dorex2007: bets $0.30
Liulfr: calls $0.30
*** SHOW DOWN ***
Dorex2007: shows [9s Qs] (a pair of Nines)
Liulfr: mucks hand 
Dorex2007 collected $1.17 from pot
*** SUMMARY ***
Total pot $1.21 | Rake $0.04 
Board [Ks Td 9c 8d 4d]
Seat 1: Dorex2007 (big blind) showed [9s Qs] and won ($1.17) with a pair of Nines
Seat 2: hugues118 folded before Flop (didn't bet)
Seat 3: mr.frog229 folded before Flop (didn't bet)
Seat 4: Liulfr mucked [Ac 8h]
Seat 5: miKoLawn folded before Flop (didn't bet)
Seat 6: Doberman6988 folded before Flop (didn't bet)
Seat 7: l33tsteph folded before Flop (didn't bet)
Seat 8: 222mih@777 (button) folded on the Flop
Seat 9: SQ_66 (small blind) folded before Flop



PokerStars Hand #229551447344:  Hold'em No Limit ($0.01/$0.02 USD) - 2021/09/03 0:39:47 PT [2021/09/03 3:39:47 ET]
Table 'Isara II' 9-max Seat #9 is the button
Seat 1: Dorex2007 ($3.26 in chips) 
Seat 2: hugues118 ($2.41 in chips) 
Seat 3: mr.frog229 ($1.50 in chips) 
Seat 4: Liulfr ($1.39 in chips) 
Seat 5: miKoLawn ($2.77 in chips) 
Seat 6: Doberman6988 ($2.94 in chips) 
Seat 7: l33tsteph ($1.07 in chips) 
Seat 8: 222mih@777 ($2.39 in chips) 
Seat 9: SQ_66 ($2.01 in chips) 
Dorex2007: posts small blind $0.01
hugues118: posts big blind $0.02
*** HOLE CARDS ***
Dealt to Dorex2007 [6s 6h]
mr.frog229 has timed out
mr.frog229: folds 
Liulfr: folds 
miKoLawn: folds 
Doberman6988: folds 
l33tsteph: folds 
222mih@777: raises $0.04 to $0.06
SQ_66: calls $0.06
Dorex2007: calls $0.05
hugues118: folds 
*** FLOP *** [7h 3s 5s]
Dorex2007: checks 
222mih@777: checks 
SQ_66: bets $0.13
Dorex2007: folds 
222mih@777: folds 
Uncalled bet ($0.13) returned to SQ_66
SQ_66 collected $0.19 from pot
SQ_66: doesn't show hand 
*** SUMMARY ***
Total pot $0.20 | Rake $0.01 
Board [7h 3s 5s]
Seat 1: Dorex2007 (small blind) folded on the Flop
Seat 2: hugues118 (big blind) folded before Flop
Seat 3: mr.frog229 folded before Flop (didn't bet)
Seat 4: Liulfr folded before Flop (didn't bet)
Seat 5: miKoLawn folded before Flop (didn't bet)
Seat 6: Doberman6988 folded before Flop (didn't bet)
Seat 7: l33tsteph folded before Flop (didn't bet)
Seat 8: 222mih@777 folded on the Flop
Seat 9: SQ_66 (button) collected ($0.19)



PokerStars Hand #229551453893:  Hold'em No Limit ($0.01/$0.02 USD) - 2021/09/03 0:40:30 PT [2021/09/03 3:40:30 ET]
Table 'Isara II' 9-max Seat #1 is the button
Seat 1: Dorex2007 ($3.20 in chips) 
Seat 2: hugues118 ($2.39 in chips) 
Seat 3: mr.frog229 ($1.50 in chips) 
Seat 4: Liulfr ($1.39 in chips) 
Seat 5: miKoLawn ($2.77 in chips) 
Seat 6: Doberman6988 ($2.94 in chips) 
Seat 7: l33tsteph ($1.07 in chips) 
Seat 8: 222mih@777 ($2.33 in chips) 
Seat 9: SQ_66 ($2.14 in chips) 
hugues118: posts small blind $0.01
mr.frog229: posts big blind $0.02
*** HOLE CARDS ***
Dealt to Dorex2007 [Jc 4s]
Liulfr: folds 
miKoLawn: folds 
Doberman6988: folds 
l33tsteph: folds 
222mih@777: folds 
SQ_66: raises $0.02 to $0.04
Dorex2007: folds 
hugues118: calls $0.03
mr.frog229: calls $0.02
*** FLOP *** [3c 2d Qc]
hugues118: checks 
mr.frog229: checks 
SQ_66: bets $0.06
hugues118: folds 
mr.frog229: folds 
Uncalled bet ($0.06) returned to SQ_66
SQ_66 collected $0.12 from pot
SQ_66: doesn't show hand 
*** SUMMARY ***
Total pot $0.12 | Rake $0 
Board [3c 2d Qc]
Seat 1: Dorex2007 (button) folded before Flop (didn't bet)
Seat 2: hugues118 (small blind) folded on the Flop
Seat 3: mr.frog229 (big blind) folded on the Flop
Seat 4: Liulfr folded before Flop (didn't bet)
Seat 5: miKoLawn folded before Flop (didn't bet)
Seat 6: Doberman6988 folded before Flop (didn't bet)
Seat 7: l33tsteph folded before Flop (didn't bet)
Seat 8: 222mih@777 folded before Flop (didn't bet)
Seat 9: SQ_66 collected ($0.12)



PokerStars Hand #229551461058:  Hold'em No Limit ($0.01/$0.02 USD) - 2021/09/03 0:41:15 PT [2021/09/03 3:41:15 ET]
Table 'Isara II' 9-max Seat #2 is the button
Seat 1: Dorex2007 ($3.20 in chips) 
Seat 2: hugues118 ($2.35 in chips) 
Seat 3: mr.frog229 ($1.46 in chips) 
Seat 4: Liulfr ($1.39 in chips) 
Seat 5: miKoLawn ($2.77 in chips) 
Seat 6: Doberman6988 ($2.94 in chips) 
Seat 7: l33tsteph ($1.07 in chips) 
Seat 8: 222mih@777 ($2.33 in chips) 
Seat 9: SQ_66 ($2.22 in chips) 
mr.frog229: posts small blind $0.01
Liulfr: posts big blind $0.02
*** HOLE CARDS ***
Dealt to Dorex2007 [9c 3s]
miKoLawn: folds 
Doberman6988: folds 
l33tsteph: folds 
222mih@777: folds 
SQ_66: folds 
Dorex2007: folds 
hugues118: calls $0.02
mr.frog229: calls $0.01
Liulfr: checks 
*** FLOP *** [8s Qc Kh]
mr.frog229: checks 
Liulfr: bets $0.04
hugues118: folds 
mr.frog229: calls $0.04
*** TURN *** [8s Qc Kh] [Ks]
mr.frog229: checks 
Liulfr: checks 
*** RIVER *** [8s Qc Kh Ks] [4s]
mr.frog229: bets $0.10
Liulfr: raises $0.10 to $0.20
mr.frog229: calls $0.10
*** SHOW DOWN ***
Liulfr: shows [5s Js] (a flush, King high)
mr.frog229: mucks hand 
Liulfr collected $0.52 from pot
*** SUMMARY ***
Total pot $0.54 | Rake $0.02 
Board [8s Qc Kh Ks 4s]
Seat 1: Dorex2007 folded before Flop (didn't bet)
Seat 2: hugues118 (button) folded on the Flop
Seat 3: mr.frog229 (small blind) mucked [2c Kc]
Seat 4: Liulfr (big blind) showed [5s Js] and won ($0.52) with a flush, King high
Seat 5: miKoLawn folded before Flop (didn't bet)
Seat 6: Doberman6988 folded before Flop (didn't bet)
Seat 7: l33tsteph folded before Flop (didn't bet)
Seat 8: 222mih@777 folded before Flop (didn't bet)
Seat 9: SQ_66 folded before Flop (didn't bet)



PokerStars Hand #229551469953:  Hold'em No Limit ($0.01/$0.02 USD) - 2021/09/03 0:42:12 PT [2021/09/03 3:42:12 ET]
Table 'Isara II' 9-max Seat #3 is the button
Seat 1: Dorex2007 ($3.20 in chips) 
Seat 2: hugues118 ($2.33 in chips) 
Seat 3: mr.frog229 ($1.20 in chips) 
Seat 4: Liulfr ($1.65 in chips) 
Seat 5: miKoLawn ($2.77 in chips) 
Seat 6: Doberman6988 ($2.94 in chips) 
Seat 7: l33tsteph ($1.07 in chips) 
Seat 8: 222mih@777 ($2.33 in chips) 
Seat 9: SQ_66 ($2.22 in chips) 
Liulfr: posts small blind $0.01
miKoLawn: posts big blind $0.02
*** HOLE CARDS ***
Dealt to Dorex2007 [4h 5d]
Doberman6988: folds 
l33tsteph: calls $0.02
222mih@777: raises $0.04 to $0.06
SQ_66: folds 
Dorex2007: folds 
hugues118: folds 
mr.frog229: folds 
Liulfr: raises $0.04 to $0.10
miKoLawn: folds 
l33tsteph: folds 
222mih@777: raises $0.24 to $0.34
Liulfr: calls $0.24
*** FLOP *** [Ts 4c Jc]
Liulfr: checks 
222mih@777: checks 
*** TURN *** [Ts 4c Jc] [Th]
Liulfr: checks 
222mih@777: checks 
*** RIVER *** [Ts 4c Jc Th] [2c]
Liulfr: bets $0.34
222mih@777: folds 
Uncalled bet ($0.34) returned to Liulfr
Liulfr collected $0.69 from pot
Liulfr: doesn't show hand 
*** SUMMARY ***
Total pot $0.72 | Rake $0.03 
Board [Ts 4c Jc Th 2c]
Seat 1: Dorex2007 folded before Flop (didn't bet)
Seat 2: hugues118 folded before Flop (didn't bet)
Seat 3: mr.frog229 (button) folded before Flop (didn't bet)
Seat 4: Liulfr (small blind) collected ($0.69)
Seat 5: miKoLawn (big blind) folded before Flop
Seat 6: Doberman6988 folded before Flop (didn't bet)
Seat 7: l33tsteph folded before Flop
Seat 8: 222mih@777 folded on the River
Seat 9: SQ_66 folded before Flop (didn't bet)



PokerStars Hand #229551483098:  Hold'em No Limit ($0.01/$0.02 USD) - 2021/09/03 0:43:38 PT [2021/09/03 3:43:38 ET]
Table 'Isara II' 9-max Seat #4 is the button
Seat 1: Dorex2007 ($3.20 in chips) 
Seat 2: hugues118 ($2.33 in chips) 
Seat 3: mr.frog229 ($1.34 in chips) 
Seat 4: Liulfr ($2 in chips) 
Seat 5: miKoLawn ($2.75 in chips) 
Seat 6: Doberman6988 ($2.94 in chips) 
Seat 7: l33tsteph ($1.05 in chips) 
Seat 8: 222mih@777 ($1.99 in chips) 
Seat 9: SQ_66 ($2.22 in chips) 
miKoLawn: posts small blind $0.01
Doberman6988: posts big blind $0.02
*** HOLE CARDS ***
Dealt to Dorex2007 [7c Jd]
l33tsteph: raises $0.02 to $0.04
222mih@777: calls $0.04
SQ_66: calls $0.04
Dorex2007: folds 
hugues118: folds 
mr.frog229: calls $0.04
Liulfr: calls $0.04
miKoLawn: folds 
Doberman6988: folds 
*** FLOP *** [Th 6d Ks]
l33tsteph: checks 
222mih@777: checks 
SQ_66: checks 
mr.frog229: checks 
Liulfr: bets $0.22
l33tsteph: folds 
222mih@777: folds 
SQ_66: folds 
mr.frog229: calls $0.22
*** TURN *** [Th 6d Ks] [7d]
mr.frog229: checks 
Liulfr: checks 
*** RIVER *** [Th 6d Ks 7d] [Ad]
mr.frog229: bets $1.08 and is all-in
Liulfr: folds 
Uncalled bet ($1.08) returned to mr.frog229
mr.frog229 collected $0.65 from pot
mr.frog229: doesn't show hand 
*** SUMMARY ***
Total pot $0.67 | Rake $0.02 
Board [Th 6d Ks 7d Ad]
Seat 1: Dorex2007 folded before Flop (didn't bet)
Seat 2: hugues118 folded before Flop (didn't bet)
Seat 3: mr.frog229 collected ($0.65)
Seat 4: Liulfr (button) folded on the River
Seat 5: miKoLawn (small blind) folded before Flop
Seat 6: Doberman6988 (big blind) folded before Flop
Seat 7: l33tsteph folded on the Flop
Seat 8: 222mih@777 folded on the Flop
Seat 9: SQ_66 folded on the Flop



PokerStars Hand #229551495540:  Hold'em No Limit ($0.01/$0.02 USD) - 2021/09/03 0:45:00 PT [2021/09/03 3:45:00 ET]
Table 'Isara II' 9-max Seat #5 is the button
Seat 1: Dorex2007 ($3.20 in chips) 
Seat 2: hugues118 ($2.33 in chips) 
Seat 3: mr.frog229 ($1.73 in chips) 
Seat 4: Liulfr ($1.74 in chips) 
Seat 5: miKoLawn ($2.74 in chips) 
Seat 6: Doberman6988 ($2.92 in chips) 
Seat 7: l33tsteph ($1.01 in chips) 
Seat 8: 222mih@777 ($1.95 in chips) 
Seat 9: SQ_66 ($2.18 in chips) 
Doberman6988: posts small blind $0.01
l33tsteph: posts big blind $0.02
*** HOLE CARDS ***
Dealt to Dorex2007 [6c 8h]
222mih@777: raises $0.02 to $0.04
SQ_66: folds 
Dorex2007: folds 
hugues118: folds 
mr.frog229: folds 
Liulfr: folds 
miKoLawn: calls $0.04
Doberman6988: folds 
l33tsteph: calls $0.02
*** FLOP *** [4d Th 7d]
l33tsteph: checks 
222mih@777: checks 
miKoLawn: bets $0.07
l33tsteph: raises $0.07 to $0.14
222mih@777: folds 
miKoLawn: calls $0.07
*** TURN *** [4d Th 7d] [5c]
l33tsteph: bets $0.02
miKoLawn: calls $0.02
*** RIVER *** [4d Th 7d 5c] [8s]
l33tsteph: bets $0.02
miKoLawn: raises $0.24 to $0.26
l33tsteph: calls $0.24
*** SHOW DOWN ***
miKoLawn: shows [Ah Td] (a pair of Tens)
l33tsteph: shows [Kc Ks] (a pair of Kings)
l33tsteph collected $0.94 from pot
*** SUMMARY ***
Total pot $0.97 | Rake $0.03 
Board [4d Th 7d 5c 8s]
Seat 1: Dorex2007 folded before Flop (didn't bet)
Seat 2: hugues118 folded before Flop (didn't bet)
Seat 3: mr.frog229 folded before Flop (didn't bet)
Seat 4: Liulfr folded before Flop (didn't bet)
Seat 5: miKoLawn (button) showed [Ah Td] and lost with a pair of Tens
Seat 6: Doberman6988 (small blind) folded before Flop
Seat 7: l33tsteph (big blind) showed [Kc Ks] and won ($0.94) with a pair of Kings
Seat 8: 222mih@777 folded on the Flop
Seat 9: SQ_66 folded before Flop (didn't bet)



PokerStars Hand #229551507683:  Hold'em No Limit ($0.01/$0.02 USD) - 2021/09/03 0:46:18 PT [2021/09/03 3:46:18 ET]
Table 'Isara II' 9-max Seat #6 is the button
Seat 1: Dorex2007 ($3.20 in chips) 
Seat 2: hugues118 ($2.33 in chips) 
Seat 3: mr.frog229 ($1.73 in chips) 
Seat 4: Liulfr ($1.74 in chips) 
Seat 5: miKoLawn ($2.28 in chips) 
Seat 6: Doberman6988 ($2.91 in chips) 
Seat 7: l33tsteph ($1.49 in chips) 
Seat 8: 222mih@777 ($1.91 in chips) 
Seat 9: SQ_66 ($2.18 in chips) 
l33tsteph: posts small blind $0.01
222mih@777: posts big blind $0.02
*** HOLE CARDS ***
Dealt to Dorex2007 [4c 5s]
SQ_66: raises $0.02 to $0.04
Dorex2007: folds 
hugues118: folds 
mr.frog229: folds 
Liulfr: calls $0.04
miKoLawn: folds 
Doberman6988: folds 
l33tsteph: folds 
222mih@777: raises $0.16 to $0.20
SQ_66: calls $0.16
Liulfr: folds 
*** FLOP *** [7h 3h 2d]
222mih@777: bets $0.32
SQ_66: folds 
Uncalled bet ($0.32) returned to 222mih@777
222mih@777 collected $0.43 from pot
222mih@777: doesn't show hand 
*** SUMMARY ***
Total pot $0.45 | Rake $0.02 
Board [7h 3h 2d]
Seat 1: Dorex2007 folded before Flop (didn't bet)
Seat 2: hugues118 folded before Flop (didn't bet)
Seat 3: mr.frog229 folded before Flop (didn't bet)
Seat 4: Liulfr folded before Flop
Seat 5: miKoLawn folded before Flop (didn't bet)
Seat 6: Doberman6988 (button) folded before Flop (didn't bet)
Seat 7: l33tsteph (small blind) folded before Flop
Seat 8: 222mih@777 (big blind) collected ($0.43)
Seat 9: SQ_66 folded on the Flop



PokerStars Hand #229551514532:  Hold'em No Limit ($0.01/$0.02 USD) - 2021/09/03 0:47:02 PT [2021/09/03 3:47:02 ET]
Table 'Isara II' 9-max Seat #7 is the button
Seat 1: Dorex2007 ($3.20 in chips) 
Seat 2: hugues118 ($2.33 in chips) 
Seat 3: mr.frog229 ($1.73 in chips) 
Seat 4: Liulfr ($1.70 in chips) 
Seat 5: miKoLawn ($2.28 in chips) 
Seat 6: Doberman6988 ($2.91 in chips) 
Seat 7: l33tsteph ($1.48 in chips) 
Seat 8: 222mih@777 ($2.14 in chips) 
Seat 9: SQ_66 ($1.98 in chips) 
222mih@777: posts small blind $0.01
SQ_66: posts big blind $0.02
*** HOLE CARDS ***
Dealt to Dorex2007 [Qs 5c]
Dorex2007: folds 
hugues118: folds 
mr.frog229: folds 
Liulfr: folds 
miKoLawn: folds 
Doberman6988: raises $0.03 to $0.05
l33tsteph: folds 
222mih@777: calls $0.04
SQ_66: folds 
*** FLOP *** [6h 8c 7c]
222mih@777: checks 
Doberman6988: checks 
*** TURN *** [6h 8c 7c] [3c]
222mih@777: bets $0.06
Doberman6988: calls $0.06
*** RIVER *** [6h 8c 7c 3c] [4d]
222mih@777: checks 
Doberman6988: checks 
*** SHOW DOWN ***
222mih@777: shows [Ad 7d] (a pair of Sevens)
Doberman6988: mucks hand 
222mih@777 collected $0.23 from pot
*** SUMMARY ***
Total pot $0.24 | Rake $0.01 
Board [6h 8c 7c 3c 4d]
Seat 1: Dorex2007 folded before Flop (didn't bet)
Seat 2: hugues118 folded before Flop (didn't bet)
Seat 3: mr.frog229 folded before Flop (didn't bet)
Seat 4: Liulfr folded before Flop (didn't bet)
Seat 5: miKoLawn folded before Flop (didn't bet)
Seat 6: Doberman6988 mucked [Th Ac]
Seat 7: l33tsteph (button) folded before Flop (didn't bet)
Seat 8: 222mih@777 (small blind) showed [Ad 7d] and won ($0.23) with a pair of Sevens
Seat 9: SQ_66 (big blind) folded before Flop



PokerStars Hand #229551521783:  Hold'em No Limit ($0.01/$0.02 USD) - 2021/09/03 0:47:48 PT [2021/09/03 3:47:48 ET]
Table 'Isara II' 9-max Seat #8 is the button
Seat 1: Dorex2007 ($3.20 in chips) 
Seat 2: hugues118 ($2.33 in chips) 
Seat 3: mr.frog229 ($1.73 in chips) 
Seat 4: Liulfr ($1.70 in chips) 
Seat 5: miKoLawn ($2.28 in chips) 
Seat 6: Doberman6988 ($2.80 in chips) 
Seat 7: l33tsteph ($1.48 in chips) 
Seat 8: 222mih@777 ($2.26 in chips) 
Seat 9: SQ_66 ($1.96 in chips) 
SQ_66: posts small blind $0.01
Dorex2007: posts big blind $0.02
*** HOLE CARDS ***
Dealt to Dorex2007 [Th 4d]
hugues118: folds 
mr.frog229: calls $0.02
Liulfr: folds 
miKoLawn: folds 
Doberman6988: folds 
l33tsteph: calls $0.02
222mih@777: calls $0.02
SQ_66: calls $0.01
Dorex2007: checks 
*** FLOP *** [8h 7s As]
SQ_66: checks 
Dorex2007: checks 
mr.frog229: checks 
l33tsteph: checks 
222mih@777: bets $0.05
SQ_66: folds 
Dorex2007: folds 
mr.frog229: calls $0.05
l33tsteph: folds 
*** TURN *** [8h 7s As] [Qd]
SQ_66 leaves the table
mr.frog229: checks 
222mih@777: bets $0.10
mr.frog229: calls $0.10
*** RIVER *** [8h 7s As Qd] [6h]
mr.frog229: checks 
222mih@777: checks 
*** SHOW DOWN ***
mr.frog229: shows [Jd Jc] (a pair of Jacks)
222mih@777: shows [Ac 5c] (a pair of Aces)
222mih@777 collected $0.39 from pot
*** SUMMARY ***
Total pot $0.40 | Rake $0.01 
Board [8h 7s As Qd 6h]
Seat 1: Dorex2007 (big blind) folded on the Flop
Seat 2: hugues118 folded before Flop (didn't bet)
Seat 3: mr.frog229 showed [Jd Jc] and lost with a pair of Jacks
Seat 4: Liulfr folded before Flop (didn't bet)
Seat 5: miKoLawn folded before Flop (didn't bet)
Seat 6: Doberman6988 folded before Flop (didn't bet)
Seat 7: l33tsteph folded on the Flop
Seat 8: 222mih@777 (button) showed [Ac 5c] and won ($0.39) with a pair of Aces
Seat 9: SQ_66 (small blind) folded on the Flop



PokerStars Hand #229551531899:  Hold'em No Limit ($0.01/$0.02 USD) - 2021/09/03 0:48:51 PT [2021/09/03 3:48:51 ET]
Table 'Isara II' 9-max Seat #1 is the button
Seat 1: Dorex2007 ($3.18 in chips) 
Seat 2: hugues118 ($2.33 in chips) 
Seat 3: mr.frog229 ($1.56 in chips) 
Seat 4: Liulfr ($1.70 in chips) 
Seat 5: miKoLawn ($2.28 in chips) 
Seat 6: Doberman6988 ($2.80 in chips) 
Seat 7: l33tsteph ($1.46 in chips) 
Seat 8: 222mih@777 ($2.48 in chips) 
hugues118: posts small blind $0.01
mr.frog229: posts big blind $0.02
*** HOLE CARDS ***
Dealt to Dorex2007 [Tc 6c]
lobbyhorse joins the table at seat #9 
Liulfr: folds 
miKoLawn: folds 
Doberman6988: folds 
l33tsteph: calls $0.02
222mih@777: folds 
Dorex2007: folds 
hugues118: calls $0.01
mr.frog229: checks 
*** FLOP *** [Qs 5c Kh]
hugues118: checks 
mr.frog229: checks 
l33tsteph: checks 
*** TURN *** [Qs 5c Kh] [9d]
hugues118: bets $0.04
mr.frog229: calls $0.04
l33tsteph: folds 
*** RIVER *** [Qs 5c Kh 9d] [5h]
hugues118: bets $0.06
mr.frog229: calls $0.06
*** SHOW DOWN ***
hugues118: shows [Qh Jh] (two pair, Queens and Fives)
mr.frog229: shows [Ks 3h] (two pair, Kings and Fives)
mr.frog229 collected $0.25 from pot
*** SUMMARY ***
Total pot $0.26 | Rake $0.01 
Board [Qs 5c Kh 9d 5h]
Seat 1: Dorex2007 (button) folded before Flop (didn't bet)
Seat 2: hugues118 (small blind) showed [Qh Jh] and lost with two pair, Queens and Fives
Seat 3: mr.frog229 (big blind) showed [Ks 3h] and won ($0.25) with two pair, Kings and Fives
Seat 4: Liulfr folded before Flop (didn't bet)
Seat 5: miKoLawn folded before Flop (didn't bet)
Seat 6: Doberman6988 folded before Flop (didn't bet)
Seat 7: l33tsteph folded on the Turn
Seat 8: 222mih@777 folded before Flop (didn't bet)



PokerStars Hand #229551540152:  Hold'em No Limit ($0.01/$0.02 USD) - 2021/09/03 0:49:42 PT [2021/09/03 3:49:42 ET]
Table 'Isara II' 9-max Seat #2 is the button
Seat 1: Dorex2007 ($3.18 in chips) 
Seat 2: hugues118 ($2.21 in chips) 
Seat 3: mr.frog229 ($1.69 in chips) 
Seat 4: Liulfr ($1.70 in chips) 
Seat 5: miKoLawn ($2.28 in chips) 
Seat 6: Doberman6988 ($2.80 in chips) 
Seat 7: l33tsteph ($1.44 in chips) 
Seat 8: 222mih@777 ($2.48 in chips) 
Seat 9: lobbyhorse ($1.01 in chips) 
mr.frog229: posts small blind $0.01
Liulfr: posts big blind $0.02
lobbyhorse: posts big blind $0.02
*** HOLE CARDS ***
Dealt to Dorex2007 [Jd 7c]
miKoLawn: folds 
Doberman6988: folds 
l33tsteph: folds 
222mih@777: folds 
lobbyhorse: checks 
Dorex2007: folds 
hugues118: raises $0.02 to $0.04
mr.frog229: calls $0.03
Liulfr: calls $0.02
lobbyhorse: calls $0.02
*** FLOP *** [Qd 4s Ks]
mr.frog229: checks 
Liulfr: checks 
lobbyhorse: checks 
hugues118: bets $0.05
mr.frog229: calls $0.05
Liulfr: folds 
lobbyhorse: folds 
*** TURN *** [Qd 4s Ks] [Qc]
mr.frog229: checks 
hugues118: checks 
*** RIVER *** [Qd 4s Ks Qc] [3d]
mr.frog229: checks 
hugues118: bets $0.16
mr.frog229: folds 
Uncalled bet ($0.16) returned to hugues118
hugues118 collected $0.25 from pot
hugues118: doesn't show hand 
*** SUMMARY ***
Total pot $0.26 | Rake $0.01 
Board [Qd 4s Ks Qc 3d]
Seat 1: Dorex2007 folded before Flop (didn't bet)
Seat 2: hugues118 (button) collected ($0.25)
Seat 3: mr.frog229 (small blind) folded on the River
Seat 4: Liulfr (big blind) folded on the Flop
Seat 5: miKoLawn folded before Flop (didn't bet)
Seat 6: Doberman6988 folded before Flop (didn't bet)
Seat 7: l33tsteph folded before Flop (didn't bet)
Seat 8: 222mih@777 folded before Flop (didn't bet)
Seat 9: lobbyhorse folded on the Flop



PokerStars Hand #229551551496:  Hold'em No Limit ($0.01/$0.02 USD) - 2021/09/03 0:50:53 PT [2021/09/03 3:50:53 ET]
Table 'Isara II' 9-max Seat #3 is the button
Seat 1: Dorex2007 ($3.18 in chips) 
Seat 2: hugues118 ($2.37 in chips) 
Seat 3: mr.frog229 ($1.60 in chips) 
Seat 4: Liulfr ($1.66 in chips) 
Seat 5: miKoLawn ($2.28 in chips) 
Seat 6: Doberman6988 ($2.80 in chips) 
Seat 7: l33tsteph ($1.44 in chips) 
Seat 8: 222mih@777 ($2.48 in chips) 
Seat 9: lobbyhorse ($0.97 in chips) 
Liulfr: posts small blind $0.01
miKoLawn: posts big blind $0.02
*** HOLE CARDS ***
Dealt to Dorex2007 [2c 7c]
Doberman6988: folds 
l33tsteph: folds 
222mih@777: folds 
lobbyhorse: raises $0.07 to $0.09
Dorex2007: folds 
hugues118: folds 
mr.frog229: folds 
Liulfr: folds 
miKoLawn: calls $0.07
*** FLOP *** [7h 9c 6h]
miKoLawn: checks 
lobbyhorse: bets $0.13
miKoLawn: calls $0.13
*** TURN *** [7h 9c 6h] [Qs]
miKoLawn: checks 
lobbyhorse: bets $0.43
miKoLawn: folds 
Uncalled bet ($0.43) returned to lobbyhorse
lobbyhorse collected $0.43 from pot
lobbyhorse: doesn't show hand 
*** SUMMARY ***
Total pot $0.45 | Rake $0.02 
Board [7h 9c 6h Qs]
Seat 1: Dorex2007 folded before Flop (didn't bet)
Seat 2: hugues118 folded before Flop (didn't bet)
Seat 3: mr.frog229 (button) folded before Flop (didn't bet)
Seat 4: Liulfr (small blind) folded before Flop
Seat 5: miKoLawn (big blind) folded on the Turn
Seat 6: Doberman6988 folded before Flop (didn't bet)
Seat 7: l33tsteph folded before Flop (didn't bet)
Seat 8: 222mih@777 folded before Flop (didn't bet)
Seat 9: lobbyhorse collected ($0.43)



PokerStars Hand #229551560001:  Hold'em No Limit ($0.01/$0.02 USD) - 2021/09/03 0:51:46 PT [2021/09/03 3:51:46 ET]
Table 'Isara II' 9-max Seat #4 is the button
Seat 1: Dorex2007 ($3.18 in chips) 
Seat 2: hugues118 ($2.37 in chips) 
Seat 3: mr.frog229 ($1.60 in chips) 
Seat 4: Liulfr ($1.65 in chips) 
Seat 5: miKoLawn ($2.06 in chips) 
Seat 6: Doberman6988 ($2.80 in chips) 
Seat 7: l33tsteph ($1.44 in chips) 
Seat 8: 222mih@777 ($2.48 in chips) 
Seat 9: lobbyhorse ($1.18 in chips) 
miKoLawn: posts small blind $0.01
Doberman6988: posts big blind $0.02
*** HOLE CARDS ***
Dealt to Dorex2007 [8s 5d]
l33tsteph: folds 
222mih@777: folds 
lobbyhorse: calls $0.02
Dorex2007: folds 
hugues118: calls $0.02
mr.frog229: calls $0.02
Liulfr: raises $0.02 to $0.04
miKoLawn: folds 
Doberman6988: folds 
lobbyhorse: calls $0.02
hugues118: calls $0.02
mr.frog229: calls $0.02
*** FLOP *** [8d Jc 3d]
lobbyhorse: checks 
hugues118: checks 
mr.frog229: checks 
Liulfr: checks 
*** TURN *** [8d Jc 3d] [Js]
lobbyhorse: checks 
hugues118: checks 
mr.frog229: checks 
Liulfr: checks 
*** RIVER *** [8d Jc 3d Js] [Qc]
lobbyhorse: checks 
hugues118: checks 
mr.frog229: checks 
Liulfr: bets $0.11
lobbyhorse: calls $0.11
hugues118: folds 
mr.frog229: calls $0.11
*** SHOW DOWN ***
Liulfr: shows [5h Ks] (a pair of Jacks)
lobbyhorse: shows [3h Qh] (two pair, Queens and Jacks)
mr.frog229: shows [As Qs] (two pair, Queens and Jacks - Ace kicker)
mr.frog229 collected $0.50 from pot
*** SUMMARY ***
Total pot $0.52 | Rake $0.02 
Board [8d Jc 3d Js Qc]
Seat 1: Dorex2007 folded before Flop (didn't bet)
Seat 2: hugues118 folded on the River
Seat 3: mr.frog229 showed [As Qs] and won ($0.50) with two pair, Queens and Jacks
Seat 4: Liulfr (button) showed [5h Ks] and lost with a pair of Jacks
Seat 5: miKoLawn (small blind) folded before Flop
Seat 6: Doberman6988 (big blind) folded before Flop
Seat 7: l33tsteph folded before Flop (didn't bet)
Seat 8: 222mih@777 folded before Flop (didn't bet)
Seat 9: lobbyhorse showed [3h Qh] and lost with two pair, Queens and Jacks



PokerStars Hand #229551573668:  Hold'em No Limit ($0.01/$0.02 USD) - 2021/09/03 0:53:11 PT [2021/09/03 3:53:11 ET]
Table 'Isara II' 9-max Seat #5 is the button
Seat 1: Dorex2007 ($3.18 in chips) 
Seat 2: hugues118 ($2.33 in chips) 
Seat 3: mr.frog229 ($1.95 in chips) 
Seat 4: Liulfr ($1.50 in chips) 
Seat 5: miKoLawn ($2.05 in chips) 
Seat 6: Doberman6988 ($2.78 in chips) 
Seat 8: 222mih@777 ($2.48 in chips) 
Seat 9: lobbyhorse ($1.03 in chips) 
Doberman6988: posts small blind $0.01
l33tsteph: is sitting out 
222mih@777: posts big blind $0.02
*** HOLE CARDS ***
Dealt to Dorex2007 [Kd Jd]
l33tsteph leaves the table
lobbyhorse: calls $0.02
Dorex2007: raises $0.04 to $0.06
hugues118: folds 
mr.frog229: folds 
Liulfr: folds 
miKoLawn: folds 
Doberman6988: folds 
CowboyIsHere joins the table at seat #7 
222mih@777: folds 
lobbyhorse: folds 
Uncalled bet ($0.04) returned to Dorex2007
Dorex2007 collected $0.07 from pot
Dorex2007: doesn't show hand 
*** SUMMARY ***
Total pot $0.07 | Rake $0 
Seat 1: Dorex2007 collected ($0.07)
Seat 2: hugues118 folded before Flop (didn't bet)
Seat 3: mr.frog229 folded before Flop (didn't bet)
Seat 4: Liulfr folded before Flop (didn't bet)
Seat 5: miKoLawn (button) folded before Flop (didn't bet)
Seat 6: Doberman6988 (small blind) folded before Flop
Seat 8: 222mih@777 (big blind) folded before Flop
Seat 9: lobbyhorse folded before Flop



PokerStars Hand #229551578376:  Hold'em No Limit ($0.01/$0.02 USD) - 2021/09/03 0:53:40 PT [2021/09/03 3:53:40 ET]
Table 'Isara II' 9-max Seat #6 is the button
Seat 1: Dorex2007 ($3.23 in chips) 
Seat 2: hugues118 ($2.33 in chips) 
Seat 3: mr.frog229 ($1.95 in chips) 
Seat 4: Liulfr ($1.50 in chips) 
Seat 5: miKoLawn ($2.05 in chips) 
Seat 6: Doberman6988 ($2.77 in chips) 
Seat 8: 222mih@777 ($2.46 in chips) 
Seat 9: lobbyhorse ($1.01 in chips) 
222mih@777: posts small blind $0.01
lobbyhorse: posts big blind $0.02
*** HOLE CARDS ***
Dealt to Dorex2007 [4h 9d]
Dorex2007: folds 
hugues118: folds 
mr.frog229: calls $0.02
Liulfr: folds 
miKoLawn: folds 
Doberman6988: folds 
222mih@777: calls $0.01
lobbyhorse: checks 
*** FLOP *** [9c Qs Kh]
222mih@777: checks 
lobbyhorse: checks 
mr.frog229: checks 
*** TURN *** [9c Qs Kh] [Ah]
222mih@777: checks 
lobbyhorse: checks 
mr.frog229: bets $0.02
222mih@777: calls $0.02
lobbyhorse: folds 
*** RIVER *** [9c Qs Kh Ah] [5d]
222mih@777: checks 
mr.frog229: checks 
*** SHOW DOWN ***
222mih@777: shows [4d Kd] (a pair of Kings)
mr.frog229: shows [3c Ac] (a pair of Aces)
mr.frog229 collected $0.10 from pot
*** SUMMARY ***
Total pot $0.10 | Rake $0 
Board [9c Qs Kh Ah 5d]
Seat 1: Dorex2007 folded before Flop (didn't bet)
Seat 2: hugues118 folded before Flop (didn't bet)
Seat 3: mr.frog229 showed [3c Ac] and won ($0.10) with a pair of Aces
Seat 4: Liulfr folded before Flop (didn't bet)
Seat 5: miKoLawn folded before Flop (didn't bet)
Seat 6: Doberman6988 (button) folded before Flop (didn't bet)
Seat 8: 222mih@777 (small blind) showed [4d Kd] and lost with a pair of Kings
Seat 9: lobbyhorse (big blind) folded on the Turn



PokerStars Hand #229551583220:  Hold'em No Limit ($0.01/$0.02 USD) - 2021/09/03 0:54:11 PT [2021/09/03 3:54:11 ET]
Table 'Isara II' 9-max Seat #8 is the button
Seat 1: Dorex2007 ($3.23 in chips) 
Seat 2: hugues118 ($2.33 in chips) 
Seat 3: mr.frog229 ($2.01 in chips) 
Seat 4: Liulfr ($1.50 in chips) 
Seat 5: miKoLawn ($2.05 in chips) 
Seat 6: Doberman6988 ($2.77 in chips) 
Seat 7: CowboyIsHere ($2 in chips) 
Seat 8: 222mih@777 ($2.42 in chips) 
Seat 9: lobbyhorse ($0.99 in chips) 
lobbyhorse: posts small blind $0.01
Dorex2007: posts big blind $0.02
CowboyIsHere: posts big blind $0.02
*** HOLE CARDS ***
Dealt to Dorex2007 [4s 5c]
hugues118: folds 
mr.frog229: folds 
Liulfr: folds 
miKoLawn: folds 
Doberman6988: folds 
CowboyIsHere: checks 
222mih@777: folds 
lobbyhorse: calls $0.01
Dorex2007: checks 
*** FLOP *** [9d Ts 4d]
lobbyhorse: checks 
Dorex2007: bets $0.06
CowboyIsHere: folds 
lobbyhorse: folds 
Uncalled bet ($0.06) returned to Dorex2007
Dorex2007 collected $0.06 from pot
Dorex2007: doesn't show hand 
*** SUMMARY ***
Total pot $0.06 | Rake $0 
Board [9d Ts 4d]
Seat 1: Dorex2007 (big blind) collected ($0.06)
Seat 2: hugues118 folded before Flop (didn't bet)
Seat 3: mr.frog229 folded before Flop (didn't bet)
Seat 4: Liulfr folded before Flop (didn't bet)
Seat 5: miKoLawn folded before Flop (didn't bet)
Seat 6: Doberman6988 folded before Flop (didn't bet)
Seat 7: CowboyIsHere folded on the Flop (didn't bet)
Seat 8: 222mih@777 (button) folded before Flop (didn't bet)
Seat 9: lobbyhorse (small blind) folded on the Flop



PokerStars Hand #229551587604:  Hold'em No Limit ($0.01/$0.02 USD) - 2021/09/03 0:54:38 PT [2021/09/03 3:54:38 ET]
Table 'Isara II' 9-max Seat #9 is the button
Seat 1: Dorex2007 ($3.27 in chips) 
Seat 2: hugues118 ($2.33 in chips) 
Seat 3: mr.frog229 ($2.01 in chips) 
Seat 4: Liulfr ($1.50 in chips) 
Seat 5: miKoLawn ($2.05 in chips) 
Seat 6: Doberman6988 ($2.77 in chips) 
Seat 7: CowboyIsHere ($1.98 in chips) 
Seat 8: 222mih@777 ($2.42 in chips) 
Seat 9: lobbyhorse ($0.97 in chips) 
Dorex2007: posts small blind $0.01
hugues118: posts big blind $0.02
*** HOLE CARDS ***
Dealt to Dorex2007 [Jh Tc]
mr.frog229: folds 
Liulfr: folds 
miKoLawn: folds 
Doberman6988: raises $0.04 to $0.06
CowboyIsHere: folds 
222mih@777: folds 
lobbyhorse: folds 
Dorex2007: folds 
hugues118: folds 
Uncalled bet ($0.04) returned to Doberman6988
Doberman6988 collected $0.05 from pot
Doberman6988: doesn't show hand 
*** SUMMARY ***
Total pot $0.05 | Rake $0 
Seat 1: Dorex2007 (small blind) folded before Flop
Seat 2: hugues118 (big blind) folded before Flop
Seat 3: mr.frog229 folded before Flop (didn't bet)
Seat 4: Liulfr folded before Flop (didn't bet)
Seat 5: miKoLawn folded before Flop (didn't bet)
Seat 6: Doberman6988 collected ($0.05)
Seat 7: CowboyIsHere folded before Flop (didn't bet)
Seat 8: 222mih@777 folded before Flop (didn't bet)
Seat 9: lobbyhorse (button) folded before Flop (didn't bet)



PokerStars Hand #229551591370:  Hold'em No Limit ($0.01/$0.02 USD) - 2021/09/03 0:55:02 PT [2021/09/03 3:55:02 ET]
Table 'Isara II' 9-max Seat #1 is the button
Seat 1: Dorex2007 ($3.26 in chips) 
Seat 2: hugues118 ($2.31 in chips) 
Seat 3: mr.frog229 ($2.01 in chips) 
Seat 4: Liulfr ($1.50 in chips) 
Seat 5: miKoLawn ($2.05 in chips) 
Seat 6: Doberman6988 ($2.80 in chips) 
Seat 7: CowboyIsHere ($2 in chips) 
Seat 8: 222mih@777 ($2.42 in chips) 
Seat 9: lobbyhorse ($0.97 in chips) 
hugues118: posts small blind $0.01
mr.frog229: posts big blind $0.02
*** HOLE CARDS ***
Dealt to Dorex2007 [Td 7c]
CowboyIsHere said, "i need big pot"
Liulfr: raises $0.02 to $0.04
miKoLawn: folds 
Doberman6988: folds 
CowboyIsHere: folds 
222mih@777: raises $0.08 to $0.12
lobbyhorse: folds 
Dorex2007: folds 
hugues118: folds 
mr.frog229: folds 
Liulfr: folds 
Uncalled bet ($0.08) returned to 222mih@777
222mih@777 collected $0.11 from pot
222mih@777: doesn't show hand 
*** SUMMARY ***
Total pot $0.11 | Rake $0 
Seat 1: Dorex2007 (button) folded before Flop (didn't bet)
Seat 2: hugues118 (small blind) folded before Flop
Seat 3: mr.frog229 (big blind) folded before Flop
Seat 4: Liulfr folded before Flop
Seat 5: miKoLawn folded before Flop (didn't bet)
Seat 6: Doberman6988 folded before Flop (didn't bet)
Seat 7: CowboyIsHere folded before Flop (didn't bet)
Seat 8: 222mih@777 collected ($0.11)
Seat 9: lobbyhorse folded before Flop (didn't bet)



PokerStars Hand #229551596889:  Hold'em No Limit ($0.01/$0.02 USD) - 2021/09/03 0:55:42 PT [2021/09/03 3:55:42 ET]
Table 'Isara II' 9-max Seat #2 is the button
Seat 1: Dorex2007 ($3.26 in chips) 
Seat 2: hugues118 ($2.30 in chips) 
Seat 3: mr.frog229 ($1.99 in chips) 
Seat 4: Liulfr ($1.46 in chips) 
Seat 5: miKoLawn ($2.05 in chips) 
Seat 6: Doberman6988 ($2.80 in chips) 
Seat 7: CowboyIsHere ($2 in chips) 
Seat 8: 222mih@777 ($2.49 in chips) 
Seat 9: lobbyhorse ($0.97 in chips) 
mr.frog229: posts small blind $0.01
Liulfr: posts big blind $0.02
*** HOLE CARDS ***
Dealt to Dorex2007 [9c 4d]
miKoLawn: folds 
Doberman6988: folds 
CowboyIsHere: raises $0.02 to $0.04
222mih@777: folds 
lobbyhorse: folds 
Dorex2007: folds 
hugues118: folds 
mr.frog229: calls $0.03
Liulfr: folds 
*** FLOP *** [Th 5c 8h]
mr.frog229: checks 
CowboyIsHere: bets $0.05
mr.frog229: calls $0.05
*** TURN *** [Th 5c 8h] [6c]
mr.frog229: checks 
CowboyIsHere: bets $0.10
mr.frog229: calls $0.10
*** RIVER *** [Th 5c 8h 6c] [8s]
mr.frog229: checks 
CowboyIsHere: bets $0.15
mr.frog229: folds 
Uncalled bet ($0.15) returned to CowboyIsHere
CowboyIsHere collected $0.39 from pot
CowboyIsHere: doesn't show hand 
*** SUMMARY ***
Total pot $0.40 | Rake $0.01 
Board [Th 5c 8h 6c 8s]
Seat 1: Dorex2007 folded before Flop (didn't bet)
Seat 2: hugues118 (button) folded before Flop (didn't bet)
Seat 3: mr.frog229 (small blind) folded on the River
Seat 4: Liulfr (big blind) folded before Flop
Seat 5: miKoLawn folded before Flop (didn't bet)
Seat 6: Doberman6988 folded before Flop (didn't bet)
Seat 7: CowboyIsHere collected ($0.39)
Seat 8: 222mih@777 folded before Flop (didn't bet)
Seat 9: lobbyhorse folded before Flop (didn't bet)



PokerStars Hand #229551603218:  Hold'em No Limit ($0.01/$0.02 USD) - 2021/09/03 0:56:29 PT [2021/09/03 3:56:29 ET]
Table 'Isara II' 9-max Seat #3 is the button
Seat 1: Dorex2007 ($3.26 in chips) 
Seat 2: hugues118 ($2.30 in chips) 
Seat 3: mr.frog229 ($1.80 in chips) 
Seat 4: Liulfr ($1.44 in chips) 
Seat 5: miKoLawn ($2.05 in chips) 
Seat 6: Doberman6988 ($2.80 in chips) 
Seat 7: CowboyIsHere ($2.20 in chips) 
Seat 8: 222mih@777 ($2.49 in chips) 
Seat 9: lobbyhorse ($0.97 in chips) 
Liulfr: posts small blind $0.01
miKoLawn: posts big blind $0.02
*** HOLE CARDS ***
Dealt to Dorex2007 [Jc 3d]
Doberman6988: folds 
CowboyIsHere: folds 
222mih@777: folds 
lobbyhorse: calls $0.02
Dorex2007: folds 
hugues118: raises $0.02 to $0.04
mr.frog229: folds 
Liulfr: folds 
miKoLawn: calls $0.02
lobbyhorse: calls $0.02
*** FLOP *** [5c 8d Ks]
miKoLawn: checks 
lobbyhorse: checks 
mr.frog229 leaves the table
hugues118: bets $0.06
Azznak joins the table at seat #3 
miKoLawn: calls $0.06
lobbyhorse: folds 
*** TURN *** [5c 8d Ks] [2c]
miKoLawn: checks 
hugues118: checks 
*** RIVER *** [5c 8d Ks 2c] [7c]
miKoLawn: bets $0.12
hugues118: folds 
Uncalled bet ($0.12) returned to miKoLawn
miKoLawn collected $0.24 from pot
miKoLawn: doesn't show hand 
*** SUMMARY ***
Total pot $0.25 | Rake $0.01 
Board [5c 8d Ks 2c 7c]
Seat 1: Dorex2007 folded before Flop (didn't bet)
Seat 2: hugues118 folded on the River
Seat 3: mr.frog229 (button) folded before Flop (didn't bet)
Seat 4: Liulfr (small blind) folded before Flop
Seat 5: miKoLawn (big blind) collected ($0.24)
Seat 6: Doberman6988 folded before Flop (didn't bet)
Seat 7: CowboyIsHere folded before Flop (didn't bet)
Seat 8: 222mih@777 folded before Flop (didn't bet)
Seat 9: lobbyhorse folded on the Flop



PokerStars Hand #229551613230:  Hold'em No Limit ($0.01/$0.02 USD) - 2021/09/03 0:57:22 PT [2021/09/03 3:57:22 ET]
Table 'Isara II' 9-max Seat #4 is the button
Seat 1: Dorex2007 ($3.26 in chips) 
Seat 2: hugues118 ($2.20 in chips) 
Seat 4: Liulfr ($1.43 in chips) 
Seat 5: miKoLawn ($2.19 in chips) 
Seat 6: Doberman6988 ($2.80 in chips) 
Seat 7: CowboyIsHere ($2.20 in chips) 
Seat 8: 222mih@777 ($2.49 in chips) 
Seat 9: lobbyhorse ($0.93 in chips) 
miKoLawn: posts small blind $0.01
Doberman6988: posts big blind $0.02
Azznak: sits out 
*** HOLE CARDS ***
Dealt to Dorex2007 [Qh Qs]
CowboyIsHere: folds 
222mih@777: folds 
lobbyhorse: folds 
Dorex2007: raises $0.04 to $0.06
hugues118: folds 
Liulfr: folds 
miKoLawn: raises $0.12 to $0.18
Doberman6988: folds 
Dorex2007: calls $0.12
*** FLOP *** [Jd 8d 5s]
miKoLawn: bets $0.12
Dorex2007: calls $0.12
*** TURN *** [Jd 8d 5s] [6s]
miKoLawn: bets $0.22
Dorex2007: calls $0.22
*** RIVER *** [Jd 8d 5s 6s] [4h]
miKoLawn: bets $1.02
Doberman6988 is disconnected 
Dorex2007: calls $1.02
*** SHOW DOWN ***
miKoLawn: shows [Kd Kc] (a pair of Kings)
Dorex2007: mucks hand 
miKoLawn collected $2.99 from pot
*** SUMMARY ***
Total pot $3.10 | Rake $0.11 
Board [Jd 8d 5s 6s 4h]
Seat 1: Dorex2007 mucked [Qh Qs]
Seat 2: hugues118 folded before Flop (didn't bet)
Seat 4: Liulfr (button) folded before Flop (didn't bet)
Seat 5: miKoLawn (small blind) showed [Kd Kc] and won ($2.99) with a pair of Kings
Seat 6: Doberman6988 (big blind) folded before Flop
Seat 7: CowboyIsHere folded before Flop (didn't bet)
Seat 8: 222mih@777 folded before Flop (didn't bet)
Seat 9: lobbyhorse folded before Flop (didn't bet)



PokerStars Hand #229551620821:  Hold'em No Limit ($0.01/$0.02 USD) - 2021/09/03 0:58:18 PT [2021/09/03 3:58:18 ET]
Table 'Isara II' 9-max Seat #5 is the button
Seat 1: Dorex2007 ($1.72 in chips) 
Seat 2: hugues118 ($2.20 in chips) 
Seat 4: Liulfr ($1.43 in chips) 
Seat 5: miKoLawn ($3.64 in chips) 
Seat 7: CowboyIsHere ($2.20 in chips) 
Seat 8: 222mih@777 ($2.49 in chips) 
Seat 9: lobbyhorse ($0.93 in chips) 
Doberman6988 has timed out while disconnected
Doberman6988: is sitting out 
CowboyIsHere: posts small blind $0.01
222mih@777: posts big blind $0.02
Azznak: sits out 
*** HOLE CARDS ***
Dealt to Dorex2007 [4h 3h]
lobbyhorse: folds 
Dorex2007: folds 
hugues118: raises $0.02 to $0.04
Liulfr: folds 
miKoLawn: folds 
CowboyIsHere: folds 
222mih@777: calls $0.02
*** FLOP *** [Td Jh 4d]
222mih@777: checks 
hugues118: checks 
*** TURN *** [Td Jh 4d] [4c]
222mih@777: checks 
hugues118: checks 
*** RIVER *** [Td Jh 4d 4c] [2h]
222mih@777: bets $0.02
hugues118: folds 
Uncalled bet ($0.02) returned to 222mih@777
222mih@777 collected $0.09 from pot
222mih@777: doesn't show hand 
*** SUMMARY ***
Total pot $0.09 | Rake $0 
Board [Td Jh 4d 4c 2h]
Seat 1: Dorex2007 folded before Flop (didn't bet)
Seat 2: hugues118 folded on the River
Seat 4: Liulfr folded before Flop (didn't bet)
Seat 5: miKoLawn (button) folded before Flop (didn't bet)
Seat 7: CowboyIsHere (small blind) folded before Flop
Seat 8: 222mih@777 (big blind) collected ($0.09)
Seat 9: lobbyhorse folded before Flop (didn't bet)



PokerStars Hand #229551626740:  Hold'em No Limit ($0.01/$0.02 USD) - 2021/09/03 0:59:01 PT [2021/09/03 3:59:01 ET]
Table 'Isara II' 9-max Seat #7 is the button
Seat 1: Dorex2007 ($1.72 in chips) 
Seat 2: hugues118 ($2.16 in chips) 
Seat 4: Liulfr ($1.43 in chips) 
Seat 5: miKoLawn ($3.64 in chips) 
Seat 7: CowboyIsHere ($2.19 in chips) 
Seat 8: 222mih@777 ($2.54 in chips) 
Seat 9: lobbyhorse ($0.93 in chips) 
222mih@777: posts small blind $0.01
lobbyhorse: posts big blind $0.02
Azznak: sits out 
*** HOLE CARDS ***
Dealt to Dorex2007 [Kh 7d]
Dorex2007: folds 
hugues118: folds 
Liulfr: folds 
miKoLawn: folds 
CowboyIsHere: raises $0.02 to $0.04
222mih@777: calls $0.03
lobbyhorse: folds 
*** FLOP *** [4d 3d 9c]
222mih@777: checks 
CowboyIsHere: checks 
*** TURN *** [4d 3d 9c] [Ts]
222mih@777: checks 
CowboyIsHere: checks 
*** RIVER *** [4d 3d 9c Ts] [4h]
222mih@777: bets $0.02
CowboyIsHere: folds 
Uncalled bet ($0.02) returned to 222mih@777
222mih@777 collected $0.10 from pot
222mih@777: doesn't show hand 
*** SUMMARY ***
Total pot $0.10 | Rake $0 
Board [4d 3d 9c Ts 4h]
Seat 1: Dorex2007 folded before Flop (didn't bet)
Seat 2: hugues118 folded before Flop (didn't bet)
Seat 4: Liulfr folded before Flop (didn't bet)
Seat 5: miKoLawn folded before Flop (didn't bet)
Seat 7: CowboyIsHere (button) folded on the River
Seat 8: 222mih@777 (small blind) collected ($0.10)
Seat 9: lobbyhorse (big blind) folded before Flop



PokerStars Hand #229551630549:  Hold'em No Limit ($0.01/$0.02 USD) - 2021/09/03 0:59:29 PT [2021/09/03 3:59:29 ET]
Table 'Isara II' 9-max Seat #8 is the button
Seat 1: Dorex2007 ($1.72 in chips) 
Seat 2: hugues118 ($2.16 in chips) 
Seat 4: Liulfr ($1.43 in chips) 
Seat 5: miKoLawn ($3.64 in chips) 
Seat 7: CowboyIsHere ($2.15 in chips) 
Seat 8: 222mih@777 ($2.60 in chips) 
Seat 9: lobbyhorse ($0.91 in chips) 
lobbyhorse: posts small blind $0.01
Dorex2007: posts big blind $0.02
Azznak: sits out 
*** HOLE CARDS ***
Dealt to Dorex2007 [Jd 9h]
hugues118: folds 
Liulfr: calls $0.02
miKoLawn: folds 
CowboyIsHere: folds 
222mih@777: folds 
lobbyhorse: calls $0.01
Dorex2007: checks 
*** FLOP *** [9c 6c 2d]
lobbyhorse: checks 
Dorex2007: bets $0.10
Liulfr: folds 
lobbyhorse: folds 
Uncalled bet ($0.10) returned to Dorex2007
Dorex2007 collected $0.06 from pot
Dorex2007: doesn't show hand 
*** SUMMARY ***
Total pot $0.06 | Rake $0 
Board [9c 6c 2d]
Seat 1: Dorex2007 (big blind) collected ($0.06)
Seat 2: hugues118 folded before Flop (didn't bet)
Seat 4: Liulfr folded on the Flop
Seat 5: miKoLawn folded before Flop (didn't bet)
Seat 7: CowboyIsHere folded before Flop (didn't bet)
Seat 8: 222mih@777 (button) folded before Flop (didn't bet)
Seat 9: lobbyhorse (small blind) folded on the Flop



PokerStars Hand #229551634212:  Hold'em No Limit ($0.01/$0.02 USD) - 2021/09/03 0:59:56 PT [2021/09/03 3:59:56 ET]
Table 'Isara II' 9-max Seat #9 is the button
Seat 1: Dorex2007 ($1.76 in chips) 
Seat 2: hugues118 ($2.16 in chips) 
Seat 4: Liulfr ($1.41 in chips) 
Seat 5: miKoLawn ($3.64 in chips) 
Seat 7: CowboyIsHere ($2.15 in chips) 
Seat 8: 222mih@777 ($2.60 in chips) 
Seat 9: lobbyhorse ($0.89 in chips) 
Dorex2007: posts small blind $0.01
hugues118: posts big blind $0.02
Azznak: sits out 
*** HOLE CARDS ***
Dealt to Dorex2007 [5h 3d]
Liulfr: folds 
miKoLawn: folds 
CowboyIsHere: folds 
222mih@777: raises $0.04 to $0.06
lobbyhorse: folds 
Dorex2007: folds 
hugues118: calls $0.04
*** FLOP *** [Qd 2h Jd]
hugues118: checks 
222mih@777: bets $0.07
hugues118: calls $0.07
*** TURN *** [Qd 2h Jd] [6d]
hugues118: bets $0.02
222mih@777: calls $0.02
*** RIVER *** [Qd 2h Jd 6d] [8s]
hugues118: checks 
222mih@777: checks 
*** SHOW DOWN ***
hugues118: shows [Ts 8c] (a pair of Eights)
222mih@777: shows [Qh Th] (a pair of Queens)
222mih@777 collected $0.30 from pot
*** SUMMARY ***
Total pot $0.31 | Rake $0.01 
Board [Qd 2h Jd 6d 8s]
Seat 1: Dorex2007 (small blind) folded before Flop
Seat 2: hugues118 (big blind) showed [Ts 8c] and lost with a pair of Eights
Seat 4: Liulfr folded before Flop (didn't bet)
Seat 5: miKoLawn folded before Flop (didn't bet)
Seat 7: CowboyIsHere folded before Flop (didn't bet)
Seat 8: 222mih@777 showed [Qh Th] and won ($0.30) with a pair of Queens
Seat 9: lobbyhorse (button) folded before Flop (didn't bet)



PokerStars Hand #229551640657:  Hold'em No Limit ($0.01/$0.02 USD) - 2021/09/03 1:00:40 PT [2021/09/03 4:00:40 ET]
Table 'Isara II' 9-max Seat #1 is the button
Seat 1: Dorex2007 ($1.75 in chips) 
Seat 2: hugues118 ($2.01 in chips) 
Seat 3: Azznak ($2 in chips) 
Seat 4: Liulfr ($1.41 in chips) 
Seat 5: miKoLawn ($3.64 in chips) 
Seat 7: CowboyIsHere ($2.15 in chips) 
Seat 8: 222mih@777 ($2.75 in chips) 
Seat 9: lobbyhorse ($0.89 in chips) 
hugues118: posts small blind $0.01
Azznak: posts big blind $0.02
*** HOLE CARDS ***
Dealt to Dorex2007 [2h 8c]
Liulfr: calls $0.02
miKoLawn: folds 
CowboyIsHere: folds 
222mih@777: folds 
lobbyhorse: folds 
Dorex2007: folds 
hugues118: calls $0.01
Azznak has timed out
Azznak: checks 
*** FLOP *** [4s Ts 8s]
hugues118: checks 
Azznak has timed out
Azznak: checks 
Liulfr: bets $0.02
hugues118: calls $0.02
Azznak has timed out
Azznak: folds 
*** TURN *** [4s Ts 8s] [4c]
hugues118: checks 
Liulfr: bets $0.02
hugues118: calls $0.02
*** RIVER *** [4s Ts 8s 4c] [6s]
hugues118: checks 
Liulfr: bets $0.04
hugues118: calls $0.04
*** SHOW DOWN ***
Liulfr: shows [4h 4d] (four of a kind, Fours)
hugues118: mucks hand 
Liulfr collected $0.21 from pot
*** SUMMARY ***
Total pot $0.22 | Rake $0.01 
Board [4s Ts 8s 4c 6s]
Seat 1: Dorex2007 (button) folded before Flop (didn't bet)
Seat 2: hugues118 (small blind) mucked [8d Ac]
Seat 3: Azznak (big blind) folded on the Flop
Seat 4: Liulfr showed [4h 4d] and won ($0.21) with four of a kind, Fours
Seat 5: miKoLawn folded before Flop (didn't bet)
Seat 7: CowboyIsHere folded before Flop (didn't bet)
Seat 8: 222mih@777 folded before Flop (didn't bet)
Seat 9: lobbyhorse folded before Flop (didn't bet)



PokerStars Hand #229551662224:  Hold'em No Limit ($0.01/$0.02 USD) - 2021/09/03 1:02:55 PT [2021/09/03 4:02:55 ET]
Table 'Isara II' 9-max Seat #2 is the button
Seat 1: Dorex2007 ($1.75 in chips) 
Seat 2: hugues118 ($1.91 in chips) 
Seat 4: Liulfr ($1.52 in chips) 
Seat 5: miKoLawn ($3.64 in chips) 
Seat 7: CowboyIsHere ($2.15 in chips) 
Seat 8: 222mih@777 ($2.75 in chips) 
Seat 9: lobbyhorse ($0.89 in chips) 
Liulfr: posts small blind $0.01
miKoLawn: posts big blind $0.02
*** HOLE CARDS ***
Dealt to Dorex2007 [3s 3h]
CowboyIsHere: folds 
222mih@777: folds 
lobbyhorse: folds 
Dorex2007: raises $0.02 to $0.04
hugues118: calls $0.04
Liulfr: calls $0.03
miKoLawn: calls $0.02
*** FLOP *** [2s Ad 8d]
Liulfr: checks 
miKoLawn: checks 
Dorex2007: bets $0.15
hugues118: calls $0.15
Liulfr: folds 
miKoLawn: folds 
*** TURN *** [2s Ad 8d] [Ts]
Dorex2007: checks 
hugues118: bets $0.12
Dorex2007: folds 
Uncalled bet ($0.12) returned to hugues118
hugues118 collected $0.44 from pot
hugues118: doesn't show hand 
*** SUMMARY ***
Total pot $0.46 | Rake $0.02 
Board [2s Ad 8d Ts]
Seat 1: Dorex2007 folded on the Turn
Seat 2: hugues118 (button) collected ($0.44)
Seat 4: Liulfr (small blind) folded on the Flop
Seat 5: miKoLawn (big blind) folded on the Flop
Seat 7: CowboyIsHere folded before Flop (didn't bet)
Seat 8: 222mih@777 folded before Flop (didn't bet)
Seat 9: lobbyhorse folded before Flop (didn't bet)



PokerStars Hand #229551668712:  Hold'em No Limit ($0.01/$0.02 USD) - 2021/09/03 1:03:35 PT [2021/09/03 4:03:35 ET]
Table 'Isara II' 9-max Seat #4 is the button
Seat 1: Dorex2007 ($1.56 in chips) 
Seat 2: hugues118 ($2.16 in chips) 
Seat 4: Liulfr ($1.48 in chips) 
Seat 5: miKoLawn ($3.60 in chips) 
Seat 7: CowboyIsHere ($2.15 in chips) 
Seat 8: 222mih@777 ($2.75 in chips) 
Seat 9: lobbyhorse ($0.89 in chips) 
miKoLawn: posts small blind $0.01
CowboyIsHere: posts big blind $0.02
*** HOLE CARDS ***
Dealt to Dorex2007 [4s 2h]
222mih@777: raises $0.04 to $0.06
lobbyhorse: folds 
Dorex2007: folds 
hugues118: folds 
Liulfr: folds 
miKoLawn: folds 
CowboyIsHere: folds 
Uncalled bet ($0.04) returned to 222mih@777
222mih@777 collected $0.05 from pot
222mih@777: doesn't show hand 
*** SUMMARY ***
Total pot $0.05 | Rake $0 
Seat 1: Dorex2007 folded before Flop (didn't bet)
Seat 2: hugues118 folded before Flop (didn't bet)
Seat 4: Liulfr (button) folded before Flop (didn't bet)
Seat 5: miKoLawn (small blind) folded before Flop
Seat 7: CowboyIsHere (big blind) folded before Flop
Seat 8: 222mih@777 collected ($0.05)
Seat 9: lobbyhorse folded before Flop (didn't bet)



PokerStars Hand #229551672486:  Hold'em No Limit ($0.01/$0.02 USD) - 2021/09/03 1:03:58 PT [2021/09/03 4:03:58 ET]
Table 'Isara II' 9-max Seat #5 is the button
Seat 1: Dorex2007 ($2 in chips) 
Seat 2: hugues118 ($2.16 in chips) 
Seat 4: Liulfr ($1.48 in chips) 
Seat 5: miKoLawn ($3.59 in chips) 
Seat 7: CowboyIsHere ($2.13 in chips) 
Seat 8: 222mih@777 ($2.78 in chips) 
Seat 9: lobbyhorse ($0.89 in chips) 
CowboyIsHere: posts small blind $0.01
222mih@777: posts big blind $0.02
*** HOLE CARDS ***
Dealt to Dorex2007 [2d 3d]
lobbyhorse: folds 
Dorex2007: folds 
hugues118: folds 
Liulfr: calls $0.02
miKoLawn: folds 
CowboyIsHere: folds 
222mih@777: checks 
*** FLOP *** [Ks 9c 2s]
222mih@777: checks 
Liulfr: bets $0.02
222mih@777: raises $0.04 to $0.06
Liulfr: calls $0.04
*** TURN *** [Ks 9c 2s] [8s]
222mih@777: checks 
Liulfr: bets $0.16
222mih@777: calls $0.16
*** RIVER *** [Ks 9c 2s 8s] [6c]
222mih@777: checks 
Liulfr: checks 
*** SHOW DOWN ***
222mih@777: shows [2c 9s] (two pair, Nines and Deuces)
Liulfr: mucks hand 
222mih@777 collected $0.47 from pot
*** SUMMARY ***
Total pot $0.49 | Rake $0.02 
Board [Ks 9c 2s 8s 6c]
Seat 1: Dorex2007 folded before Flop (didn't bet)
Seat 2: hugues118 folded before Flop (didn't bet)
Seat 4: Liulfr mucked [Tc Ad]
Seat 5: miKoLawn (button) folded before Flop (didn't bet)
Seat 7: CowboyIsHere (small blind) folded before Flop
Seat 8: 222mih@777 (big blind) showed [2c 9s] and won ($0.47) with two pair, Nines and Deuces
Seat 9: lobbyhorse folded before Flop (didn't bet)



PokerStars Hand #229551682755:  Hold'em No Limit ($0.01/$0.02 USD) - 2021/09/03 1:05:01 PT [2021/09/03 4:05:01 ET]
Table 'Isara II' 9-max Seat #7 is the button
Seat 1: Dorex2007 ($2 in chips) 
Seat 2: hugues118 ($2.16 in chips) 
Seat 4: Liulfr ($1.24 in chips) 
Seat 5: miKoLawn ($3.59 in chips) 
Seat 7: CowboyIsHere ($2.12 in chips) 
Seat 8: 222mih@777 ($3.01 in chips) 
Seat 9: lobbyhorse ($0.89 in chips) 
222mih@777: posts small blind $0.01
lobbyhorse: posts big blind $0.02
Azznak: sits out 
*** HOLE CARDS ***
Dealt to Dorex2007 [Jd 3d]
Dorex2007: folds 
hugues118: raises $0.02 to $0.04
Liulfr: calls $0.04
miKoLawn: calls $0.04
CowboyIsHere: folds 
222mih@777: folds 
lobbyhorse: calls $0.02
*** FLOP *** [3h 9c 2d]
lobbyhorse: checks 
hugues118: checks 
Liulfr: bets $0.02
miKoLawn: calls $0.02
lobbyhorse: folds 
hugues118: calls $0.02
*** TURN *** [3h 9c 2d] [5s]
hugues118: checks 
Liulfr: bets $0.06
miKoLawn: folds 
hugues118: folds 
Uncalled bet ($0.06) returned to Liulfr
Liulfr collected $0.22 from pot
Liulfr: doesn't show hand 
*** SUMMARY ***
Total pot $0.23 | Rake $0.01 
Board [3h 9c 2d 5s]
Seat 1: Dorex2007 folded before Flop (didn't bet)
Seat 2: hugues118 folded on the Turn
Seat 4: Liulfr collected ($0.22)
Seat 5: miKoLawn folded on the Turn
Seat 7: CowboyIsHere (button) folded before Flop (didn't bet)
Seat 8: 222mih@777 (small blind) folded before Flop
Seat 9: lobbyhorse (big blind) folded on the Flop



PokerStars Hand #229551692330:  Hold'em No Limit ($0.01/$0.02 USD) - 2021/09/03 1:06:00 PT [2021/09/03 4:06:00 ET]
Table 'Isara II' 9-max Seat #8 is the button
Seat 1: Dorex2007 ($2 in chips) 
Seat 2: hugues118 ($2.10 in chips) 
Seat 4: Liulfr ($1.40 in chips) 
Seat 5: miKoLawn ($3.53 in chips) 
Seat 7: CowboyIsHere ($2.12 in chips) 
Seat 8: 222mih@777 ($3 in chips) 
Seat 9: lobbyhorse ($0.85 in chips) 
lobbyhorse: posts small blind $0.01
Dorex2007: posts big blind $0.02
Azznak: sits out 
*** HOLE CARDS ***
Dealt to Dorex2007 [Jh Kh]
hugues118: folds 
Liulfr: folds 
miKoLawn: folds 
CowboyIsHere: folds 
222mih@777: raises $0.04 to $0.06
lobbyhorse: folds 
Dorex2007: raises $0.12 to $0.18
222mih@777: calls $0.12
*** FLOP *** [Qh 2d Ts]
Dorex2007: bets $0.36
222mih@777: folds 
Uncalled bet ($0.36) returned to Dorex2007
Dorex2007 collected $0.36 from pot
Dorex2007: doesn't show hand 
*** SUMMARY ***
Total pot $0.37 | Rake $0.01 
Board [Qh 2d Ts]
Seat 1: Dorex2007 (big blind) collected ($0.36)
Seat 2: hugues118 folded before Flop (didn't bet)
Seat 4: Liulfr folded before Flop (didn't bet)
Seat 5: miKoLawn folded before Flop (didn't bet)
Seat 7: CowboyIsHere folded before Flop (didn't bet)
Seat 8: 222mih@777 (button) folded on the Flop
Seat 9: lobbyhorse (small blind) folded before Flop



PokerStars Hand #229551699576:  Hold'em No Limit ($0.01/$0.02 USD) - 2021/09/03 1:06:44 PT [2021/09/03 4:06:44 ET]
Table 'Isara II' 9-max Seat #9 is the button
Seat 1: Dorex2007 ($2.18 in chips) 
Seat 2: hugues118 ($2.10 in chips) 
Seat 4: Liulfr ($1.40 in chips) 
Seat 5: miKoLawn ($3.53 in chips) 
Seat 7: CowboyIsHere ($2.12 in chips) 
Seat 8: 222mih@777 ($2.82 in chips) 
Seat 9: lobbyhorse ($0.84 in chips) 
Dorex2007: posts small blind $0.01
hugues118: posts big blind $0.02
Azznak: sits out 
*** HOLE CARDS ***
Dealt to Dorex2007 [9s Jh]
Liulfr: calls $0.02
miKoLawn: folds 
CowboyIsHere: folds 
222mih@777: folds 
lobbyhorse: folds 
Dorex2007: folds 
hugues118: checks 
*** FLOP *** [5h 3h 6h]
hugues118: checks 
Liulfr: bets $0.02
hugues118: folds 
Uncalled bet ($0.02) returned to Liulfr
Liulfr collected $0.05 from pot
Liulfr: doesn't show hand 
*** SUMMARY ***
Total pot $0.05 | Rake $0 
Board [5h 3h 6h]
Seat 1: Dorex2007 (small blind) folded before Flop
Seat 2: hugues118 (big blind) folded on the Flop
Seat 4: Liulfr collected ($0.05)
Seat 5: miKoLawn folded before Flop (didn't bet)
Seat 7: CowboyIsHere folded before Flop (didn't bet)
Seat 8: 222mih@777 folded before Flop (didn't bet)
Seat 9: lobbyhorse (button) folded before Flop (didn't bet)



PokerStars Hand #229551702474:  Hold'em No Limit ($0.01/$0.02 USD) - 2021/09/03 1:07:01 PT [2021/09/03 4:07:01 ET]
Table 'Isara II' 9-max Seat #1 is the button
Seat 1: Dorex2007 ($2.17 in chips) 
Seat 2: hugues118 ($2.08 in chips) 
Seat 3: Azznak ($1.98 in chips) 
Seat 4: Liulfr ($1.43 in chips) 
Seat 5: miKoLawn ($3.53 in chips) 
Seat 7: CowboyIsHere ($2.12 in chips) 
Seat 8: 222mih@777 ($2.82 in chips) 
Seat 9: lobbyhorse ($0.84 in chips) 
hugues118: posts small blind $0.01
Azznak: posts big blind $0.02
*** HOLE CARDS ***
Dealt to Dorex2007 [3c Kc]
Liulfr: calls $0.02
miKoLawn: folds 
CowboyIsHere: folds 
222mih@777: folds 
lobbyhorse: folds 
Dorex2007: folds 
hugues118: calls $0.01
Azznak: checks 
*** FLOP *** [Qc Ah 2d]
hugues118: checks 
Azznak: checks 
Liulfr: bets $0.04
hugues118: raises $0.04 to $0.08
Azznak: folds 
Liulfr: folds 
Uncalled bet ($0.04) returned to hugues118
hugues118 collected $0.14 from pot
hugues118: doesn't show hand 
*** SUMMARY ***
Total pot $0.14 | Rake $0 
Board [Qc Ah 2d]
Seat 1: Dorex2007 (button) folded before Flop (didn't bet)
Seat 2: hugues118 (small blind) collected ($0.14)
Seat 3: Azznak (big blind) folded on the Flop
Seat 4: Liulfr folded on the Flop
Seat 5: miKoLawn folded before Flop (didn't bet)
Seat 7: CowboyIsHere folded before Flop (didn't bet)
Seat 8: 222mih@777 folded before Flop (didn't bet)
Seat 9: lobbyhorse folded before Flop (didn't bet)



PokerStars Hand #229551708474:  Hold'em No Limit ($0.01/$0.02 USD) - 2021/09/03 1:07:38 PT [2021/09/03 4:07:38 ET]
Table 'Isara II' 9-max Seat #2 is the button
Seat 1: Dorex2007 ($2.17 in chips) 
Seat 2: hugues118 ($2.16 in chips) 
Seat 3: Azznak ($1.96 in chips) 
Seat 4: Liulfr ($1.37 in chips) 
Seat 5: miKoLawn ($3.53 in chips) 
Seat 7: CowboyIsHere ($2.12 in chips) 
Seat 8: 222mih@777 ($2.82 in chips) 
Seat 9: lobbyhorse ($0.84 in chips) 
Azznak: posts small blind $0.01
Liulfr: posts big blind $0.02
*** HOLE CARDS ***
Dealt to Dorex2007 [2s 5c]
miKoLawn: folds 
CowboyIsHere: folds 
222mih@777: folds 
lobbyhorse: folds 
Dorex2007: folds 
CowboyIsHere leaves the table
hugues118: raises $0.02 to $0.04
Azznak: folds 
M4m1nk4 joins the table at seat #7 
Liulfr: calls $0.02
*** FLOP *** [Qs As 6c]
Liulfr: bets $0.04
hugues118: folds 
Uncalled bet ($0.04) returned to Liulfr
Liulfr collected $0.09 from pot
Liulfr: doesn't show hand 
*** SUMMARY ***
Total pot $0.09 | Rake $0 
Board [Qs As 6c]
Seat 1: Dorex2007 folded before Flop (didn't bet)
Seat 2: hugues118 (button) folded on the Flop
Seat 3: Azznak (small blind) folded before Flop
Seat 4: Liulfr (big blind) collected ($0.09)
Seat 5: miKoLawn folded before Flop (didn't bet)
Seat 7: CowboyIsHere folded before Flop (didn't bet)
Seat 8: 222mih@777 folded before Flop (didn't bet)
Seat 9: lobbyhorse folded before Flop (didn't bet)



PokerStars Hand #229551713431:  Hold'em No Limit ($0.01/$0.02 USD) - 2021/09/03 1:08:08 PT [2021/09/03 4:08:08 ET]
Table 'Isara II' 9-max Seat #3 is the button
Seat 1: Dorex2007 ($2.17 in chips) 
Seat 2: hugues118 ($2.12 in chips) 
Seat 3: Azznak ($1.95 in chips) 
Seat 4: Liulfr ($1.42 in chips) 
Seat 7: M4m1nk4 ($1.60 in chips) 
Seat 8: 222mih@777 ($2.82 in chips) 
Seat 9: lobbyhorse ($0.84 in chips) 
Liulfr: posts small blind $0.01
M4m1nk4: posts big blind $0.02
*** HOLE CARDS ***
Dealt to Dorex2007 [4s 3h]
222mih@777: folds 
miKoLawn leaves the table
lobbyhorse: folds 
Dorex2007: folds 
Doberman6988 leaves the table
hugues118: calls $0.02
Azznak: calls $0.02
Liulfr: folds 
M4m1nk4: checks 
*** FLOP *** [Jd 6h 8s]
M4m1nk4: checks 
hugues118: bets $0.02
Azznak: folds 
M4m1nk4: folds 
Uncalled bet ($0.02) returned to hugues118
hugues118 collected $0.07 from pot
hugues118: doesn't show hand 
*** SUMMARY ***
Total pot $0.07 | Rake $0 
Board [Jd 6h 8s]
Seat 1: Dorex2007 folded before Flop (didn't bet)
Seat 2: hugues118 collected ($0.07)
Seat 3: Azznak (button) folded on the Flop
Seat 4: Liulfr (small blind) folded before Flop
Seat 7: M4m1nk4 (big blind) folded on the Flop
Seat 8: 222mih@777 folded before Flop (didn't bet)
Seat 9: lobbyhorse folded before Flop (didn't bet)



PokerStars Hand #229551717237:  Hold'em No Limit ($0.01/$0.02 USD) - 2021/09/03 1:08:32 PT [2021/09/03 4:08:32 ET]
Table 'Isara II' 9-max Seat #4 is the button
Seat 1: Dorex2007 ($2.17 in chips) 
Seat 2: hugues118 ($2.17 in chips) 
Seat 3: Azznak ($1.93 in chips) 
Seat 4: Liulfr ($1.41 in chips) 
Seat 7: M4m1nk4 ($1.58 in chips) 
Seat 8: 222mih@777 ($2.82 in chips) 
Seat 9: lobbyhorse ($0.84 in chips) 
M4m1nk4: posts small blind $0.01
222mih@777: posts big blind $0.02
*** HOLE CARDS ***
Dealt to Dorex2007 [8d Th]
lobbyhorse: folds 
Dorex2007: folds 
hugues118: folds 
Azznak: folds 
Liulfr: calls $0.02
M4m1nk4: folds 
222mih@777: checks 
*** FLOP *** [Jc 9c Qh]
222mih@777: checks 
Liulfr: checks 
*** TURN *** [Jc 9c Qh] [3h]
222mih@777: checks 
Liulfr: bets $0.04
222mih@777: folds 
Uncalled bet ($0.04) returned to Liulfr
Liulfr collected $0.05 from pot
Liulfr: doesn't show hand 
*** SUMMARY ***
Total pot $0.05 | Rake $0 
Board [Jc 9c Qh 3h]
Seat 1: Dorex2007 folded before Flop (didn't bet)
Seat 2: hugues118 folded before Flop (didn't bet)
Seat 3: Azznak folded before Flop (didn't bet)
Seat 4: Liulfr (button) collected ($0.05)
Seat 7: M4m1nk4 (small blind) folded before Flop
Seat 8: 222mih@777 (big blind) folded on the Turn
Seat 9: lobbyhorse folded before Flop (didn't bet)



PokerStars Hand #229551722198:  Hold'em No Limit ($0.01/$0.02 USD) - 2021/09/03 1:09:02 PT [2021/09/03 4:09:02 ET]
Table 'Isara II' 9-max Seat #7 is the button
Seat 1: Dorex2007 ($2.17 in chips) 
Seat 2: hugues118 ($2.17 in chips) 
Seat 3: Azznak ($1.93 in chips) 
Seat 4: Liulfr ($1.44 in chips) 
Seat 7: M4m1nk4 ($1.57 in chips) 
Seat 8: 222mih@777 ($2.80 in chips) 
Seat 9: lobbyhorse ($0.84 in chips) 
222mih@777: posts small blind $0.01
lobbyhorse: posts big blind $0.02
*** HOLE CARDS ***
Dealt to Dorex2007 [4d Th]
Dorex2007: folds 
hugues118: folds 
Azznak: folds 
Liulfr: calls $0.02
M4m1nk4: folds 
222mih@777: folds 
lobbyhorse: checks 
*** FLOP *** [Jd Kd As]
lobbyhorse: checks 
Liulfr: checks 
*** TURN *** [Jd Kd As] [3s]
lobbyhorse: checks 
Liulfr: bets $0.02
lobbyhorse: folds 
Uncalled bet ($0.02) returned to Liulfr
Liulfr collected $0.05 from pot
Liulfr: doesn't show hand 
*** SUMMARY ***
Total pot $0.05 | Rake $0 
Board [Jd Kd As 3s]
Seat 1: Dorex2007 folded before Flop (didn't bet)
Seat 2: hugues118 folded before Flop (didn't bet)
Seat 3: Azznak folded before Flop (didn't bet)
Seat 4: Liulfr collected ($0.05)
Seat 7: M4m1nk4 (button) folded before Flop (didn't bet)
Seat 8: 222mih@777 (small blind) folded before Flop
Seat 9: lobbyhorse (big blind) folded on the Turn



PokerStars Hand #229551726971:  Hold'em No Limit ($0.01/$0.02 USD) - 2021/09/03 1:09:31 PT [2021/09/03 4:09:31 ET]
Table 'Isara II' 9-max Seat #8 is the button
Seat 1: Dorex2007 ($2.17 in chips) 
Seat 2: hugues118 ($2.17 in chips) 
Seat 3: Azznak ($1.93 in chips) 
Seat 4: Liulfr ($1.47 in chips) 
Seat 7: M4m1nk4 ($1.57 in chips) 
Seat 8: 222mih@777 ($2.79 in chips) 
Seat 9: lobbyhorse ($0.82 in chips) 
lobbyhorse: posts small blind $0.01
Dorex2007: posts big blind $0.02
*** HOLE CARDS ***
Dealt to Dorex2007 [8s 8h]
3287858 joins the table at seat #5 
hugues118: raises $0.02 to $0.04
Azznak: folds 
Liulfr: folds 
M4m1nk4: folds 
222mih@777: calls $0.04
lobbyhorse: folds 
Dorex2007: calls $0.02
*** FLOP *** [4d 6d Qh]
SANIK06 joins the table at seat #6 
Dorex2007: checks 
hugues118: checks 
222mih@777: checks 
*** TURN *** [4d 6d Qh] [Td]
Dorex2007: bets $0.09
hugues118: folds 
222mih@777: calls $0.09
*** RIVER *** [4d 6d Qh Td] [Ac]
Dorex2007: checks 
222mih@777: bets $0.10
Dorex2007: folds 
Uncalled bet ($0.10) returned to 222mih@777
222mih@777 collected $0.30 from pot
222mih@777: doesn't show hand 
*** SUMMARY ***
Total pot $0.31 | Rake $0.01 
Board [4d 6d Qh Td Ac]
Seat 1: Dorex2007 (big blind) folded on the River
Seat 2: hugues118 folded on the Turn
Seat 3: Azznak folded before Flop (didn't bet)
Seat 4: Liulfr folded before Flop (didn't bet)
Seat 7: M4m1nk4 folded before Flop (didn't bet)
Seat 8: 222mih@777 (button) collected ($0.30)
Seat 9: lobbyhorse (small blind) folded before Flop



PokerStars Hand #229551733013:  Hold'em No Limit ($0.01/$0.02 USD) - 2021/09/03 1:10:07 PT [2021/09/03 4:10:07 ET]
Table 'Isara II' 9-max Seat #9 is the button
Seat 1: Dorex2007 ($2.04 in chips) 
Seat 2: hugues118 ($2.13 in chips) 
Seat 3: Azznak ($1.93 in chips) 
Seat 4: Liulfr ($1.47 in chips) 
Seat 5: 3287858 ($0.80 in chips) 
Seat 6: SANIK06 ($1.60 in chips) 
Seat 7: M4m1nk4 ($1.57 in chips) 
Seat 8: 222mih@777 ($2.96 in chips) 
Seat 9: lobbyhorse ($0.81 in chips) 
Dorex2007: posts small blind $0.01
hugues118: posts big blind $0.02
3287858: posts big blind $0.02
SANIK06: posts big blind $0.02
*** HOLE CARDS ***
Dealt to Dorex2007 [2h Ks]
Azznak: folds 
Liulfr: calls $0.02
3287858: raises $0.02 to $0.04
SANIK06: calls $0.02
M4m1nk4: folds 
222mih@777: calls $0.04
lobbyhorse: folds 
Dorex2007: folds 
hugues118: calls $0.02
Liulfr: calls $0.02
*** FLOP *** [8h Ts Jh]
hugues118: checks 
Liulfr: bets $0.02
3287858: calls $0.02
SANIK06: calls $0.02
222mih@777: calls $0.02
hugues118: folds 
*** TURN *** [8h Ts Jh] [7d]
Liulfr: bets $0.04
3287858: folds 
SANIK06: calls $0.04
222mih@777: calls $0.04
*** RIVER *** [8h Ts Jh 7d] [2d]
Liulfr: bets $0.10
SANIK06: folds 
222mih@777: folds 
Uncalled bet ($0.10) returned to Liulfr
Liulfr collected $0.40 from pot
Liulfr: doesn't show hand 
*** SUMMARY ***
Total pot $0.41 | Rake $0.01 
Board [8h Ts Jh 7d 2d]
Seat 1: Dorex2007 (small blind) folded before Flop
Seat 2: hugues118 (big blind) folded on the Flop
Seat 3: Azznak folded before Flop (didn't bet)
Seat 4: Liulfr collected ($0.40)
Seat 5: 3287858 folded on the Turn
Seat 6: SANIK06 folded on the River
Seat 7: M4m1nk4 folded before Flop (didn't bet)
Seat 8: 222mih@777 folded on the River
Seat 9: lobbyhorse (button) folded before Flop (didn't bet)



PokerStars Hand #229551745734:  Hold'em No Limit ($0.01/$0.02 USD) - 2021/09/03 1:11:24 PT [2021/09/03 4:11:24 ET]
Table 'Isara II' 9-max Seat #1 is the button
Seat 1: Dorex2007 ($2.03 in chips) 
Seat 2: hugues118 ($2.09 in chips) 
Seat 3: Azznak ($1.93 in chips) 
Seat 4: Liulfr ($1.77 in chips) 
Seat 5: 3287858 ($0.74 in chips) 
Seat 6: SANIK06 ($1.50 in chips) 
Seat 7: M4m1nk4 ($1.57 in chips) 
Seat 8: 222mih@777 ($2.86 in chips) 
Seat 9: lobbyhorse ($0.81 in chips) 
hugues118: posts small blind $0.01
Azznak: posts big blind $0.02
*** HOLE CARDS ***
Dealt to Dorex2007 [8d 4s]
Liulfr: folds 
Liulfr leaves the table
3287858: calls $0.02
SANIK06: calls $0.02
M4m1nk4: folds 
222mih@777: folds 
lobbyhorse: folds 
Dorex2007: folds 
hugues118: calls $0.01
Azznak: checks 
*** FLOP *** [7s Kc 7d]
ZIBI1989 joins the table at seat #4 
hugues118: checks 
Azznak: checks 
3287858: checks 
SANIK06: checks 
*** TURN *** [7s Kc 7d] [6s]
hugues118: checks 
Azznak: checks 
3287858: checks 
SANIK06: checks 
*** RIVER *** [7s Kc 7d 6s] [4c]
hugues118: checks 
Azznak: checks 
3287858: checks 
SANIK06: checks 
*** SHOW DOWN ***
hugues118: shows [Ts 8c] (a pair of Sevens)
Azznak: shows [6d 9d] (two pair, Sevens and Sixes)
3287858: mucks hand 
SANIK06: mucks hand 
Azznak collected $0.08 from pot
*** SUMMARY ***
Total pot $0.08 | Rake $0 
Board [7s Kc 7d 6s 4c]
Seat 1: Dorex2007 (button) folded before Flop (didn't bet)
Seat 2: hugues118 (small blind) showed [Ts 8c] and lost with a pair of Sevens
Seat 3: Azznak (big blind) showed [6d 9d] and won ($0.08) with two pair, Sevens and Sixes
Seat 4: Liulfr folded before Flop (didn't bet)
Seat 5: 3287858 mucked [5d Td]
Seat 6: SANIK06 mucked [4d 2d]
Seat 7: M4m1nk4 folded before Flop (didn't bet)
Seat 8: 222mih@777 folded before Flop (didn't bet)
Seat 9: lobbyhorse folded before Flop (didn't bet)



PokerStars Hand #229551758646:  Hold'em No Limit ($0.01/$0.02 USD) - 2021/09/03 1:12:42 PT [2021/09/03 4:12:42 ET]
Table 'Isara II' 9-max Seat #2 is the button
Seat 1: Dorex2007 ($2.03 in chips) 
Seat 2: hugues118 ($2.07 in chips) 
Seat 5: 3287858 ($0.72 in chips) 
Seat 6: SANIK06 ($1.48 in chips) 
Seat 7: M4m1nk4 ($1.57 in chips) 
Seat 8: 222mih@777 ($2.86 in chips) 
Seat 9: lobbyhorse ($0.81 in chips) 
3287858: posts small blind $0.01
SANIK06: posts big blind $0.02
*** HOLE CARDS ***
Dealt to Dorex2007 [8d 3d]
M4m1nk4: folds 
222mih@777: folds 
lobbyhorse: folds 
Dorex2007: folds 
hugues118: folds 
3287858: raises $0.02 to $0.04
SANIK06: calls $0.02
*** FLOP *** [Ad Kh Th]
3287858: bets $0.08
SANIK06: calls $0.08
*** TURN *** [Ad Kh Th] [7s]
3287858: bets $0.23
SANIK06: folds 
Uncalled bet ($0.23) returned to 3287858
3287858 collected $0.23 from pot
3287858: doesn't show hand 
*** SUMMARY ***
Total pot $0.24 | Rake $0.01 
Board [Ad Kh Th 7s]
Seat 1: Dorex2007 folded before Flop (didn't bet)
Seat 2: hugues118 (button) folded before Flop (didn't bet)
Seat 5: 3287858 (small blind) collected ($0.23)
Seat 6: SANIK06 (big blind) folded on the Turn
Seat 7: M4m1nk4 folded before Flop (didn't bet)
Seat 8: 222mih@777 folded before Flop (didn't bet)
Seat 9: lobbyhorse folded before Flop (didn't bet)



PokerStars Hand #229551763482:  Hold'em No Limit ($0.01/$0.02 USD) - 2021/09/03 1:13:11 PT [2021/09/03 4:13:11 ET]
Table 'Isara II' 9-max Seat #5 is the button
Seat 1: Dorex2007 ($2.03 in chips) 
Seat 2: hugues118 ($2.07 in chips) 
Seat 5: 3287858 ($0.83 in chips) 
Seat 6: SANIK06 ($1.36 in chips) 
Seat 7: M4m1nk4 ($1.57 in chips) 
Seat 8: 222mih@777 ($2.86 in chips) 
Seat 9: lobbyhorse ($0.81 in chips) 
SANIK06: posts small blind $0.01
M4m1nk4: posts big blind $0.02
ZIBI1989: sits out 
*** HOLE CARDS ***
Dealt to Dorex2007 [4c Ac]
222mih@777: folds 
lobbyhorse: folds 
Dorex2007: raises $0.02 to $0.04
hugues118: folds 
3287858: calls $0.04
SANIK06: folds 
M4m1nk4: folds 
*** FLOP *** [3d 8h 6c]
Dorex2007: checks 
3287858: bets $0.02
Dorex2007: folds 
Uncalled bet ($0.02) returned to 3287858
3287858 collected $0.11 from pot
*** SUMMARY ***
Total pot $0.11 | Rake $0 
Board [3d 8h 6c]
Seat 1: Dorex2007 folded on the Flop
Seat 2: hugues118 folded before Flop (didn't bet)
Seat 5: 3287858 (button) collected ($0.11)
Seat 6: SANIK06 (small blind) folded before Flop
Seat 7: M4m1nk4 (big blind) folded before Flop
Seat 8: 222mih@777 folded before Flop (didn't bet)
Seat 9: lobbyhorse folded before Flop (didn't bet)



PokerStars Hand #229551769656:  Hold'em No Limit ($0.01/$0.02 USD) - 2021/09/03 1:13:48 PT [2021/09/03 4:13:48 ET]
Table 'Isara II' 9-max Seat #6 is the button
Seat 1: Dorex2007 ($1.99 in chips) 
Seat 2: hugues118 ($2.07 in chips) 
Seat 4: ZIBI1989 ($0.80 in chips) 
Seat 5: 3287858 ($0.90 in chips) 
Seat 6: SANIK06 ($1.35 in chips) 
Seat 7: M4m1nk4 ($1.55 in chips) 
Seat 8: 222mih@777 ($2.86 in chips) 
Seat 9: lobbyhorse ($0.81 in chips) 
M4m1nk4: posts small blind $0.01
222mih@777: posts big blind $0.02
ZIBI1989: posts big blind $0.02
*** HOLE CARDS ***
Dealt to Dorex2007 [3s Qh]
lobbyhorse: calls $0.02
Dorex2007: folds 
hugues118: folds 
ZIBI1989: checks 
3287858: calls $0.02
SANIK06: raises $0.02 to $0.04
M4m1nk4: folds 
222mih@777: folds 
lobbyhorse: calls $0.02
ZIBI1989: calls $0.02
3287858: calls $0.02
*** FLOP *** [4s 7h 5h]
lobbyhorse: bets $0.18
ZIBI1989: folds 
3287858: folds 
SANIK06: calls $0.18
*** TURN *** [4s 7h 5h] [3c]
lobbyhorse: bets $0.59 and is all-in
SANIK06: folds 
Uncalled bet ($0.59) returned to lobbyhorse
lobbyhorse collected $0.53 from pot
lobbyhorse: doesn't show hand 
*** SUMMARY ***
Total pot $0.55 | Rake $0.02 
Board [4s 7h 5h 3c]
Seat 1: Dorex2007 folded before Flop (didn't bet)
Seat 2: hugues118 folded before Flop (didn't bet)
Seat 4: ZIBI1989 folded on the Flop
Seat 5: 3287858 folded on the Flop
Seat 6: SANIK06 (button) folded on the Turn
Seat 7: M4m1nk4 (small blind) folded before Flop
Seat 8: 222mih@777 (big blind) folded before Flop
Seat 9: lobbyhorse collected ($0.53)



PokerStars Hand #229551786557:  Hold'em No Limit ($0.01/$0.02 USD) - 2021/09/03 1:15:29 PT [2021/09/03 4:15:29 ET]
Table 'Isara II' 9-max Seat #7 is the button
Seat 1: Dorex2007 ($1.99 in chips) 
Seat 2: hugues118 ($2.07 in chips) 
Seat 4: ZIBI1989 ($0.76 in chips) 
Seat 5: 3287858 ($0.86 in chips) 
Seat 6: SANIK06 ($1.13 in chips) 
Seat 7: M4m1nk4 ($1.54 in chips) 
Seat 8: 222mih@777 ($2.84 in chips) 
Seat 9: lobbyhorse ($1.12 in chips) 
222mih@777: posts small blind $0.01
lobbyhorse: posts big blind $0.02
Azznak: sits out 
*** HOLE CARDS ***
Dealt to Dorex2007 [Jd Kc]
Dorex2007: folds 
hugues118: folds 
ZIBI1989: folds 
3287858: calls $0.02
SANIK06 has timed out
SANIK06: folds 
M4m1nk4: raises $0.02 to $0.04
222mih@777: folds 
lobbyhorse: folds 
3287858: calls $0.02
*** FLOP *** [8s Ah 4h]
3287858: checks 
M4m1nk4: checks 
*** TURN *** [8s Ah 4h] [Ac]
3287858: checks 
M4m1nk4: checks 
*** RIVER *** [8s Ah 4h Ac] [2d]
3287858: checks 
M4m1nk4: checks 
*** SHOW DOWN ***
3287858: shows [Qc 6s] (a pair of Aces)
M4m1nk4: mucks hand 
3287858 collected $0.11 from pot
*** SUMMARY ***
Total pot $0.11 | Rake $0 
Board [8s Ah 4h Ac 2d]
Seat 1: Dorex2007 folded before Flop (didn't bet)
Seat 2: hugues118 folded before Flop (didn't bet)
Seat 4: ZIBI1989 folded before Flop (didn't bet)
Seat 5: 3287858 showed [Qc 6s] and won ($0.11) with a pair of Aces
Seat 6: SANIK06 folded before Flop (didn't bet)
Seat 7: M4m1nk4 (button) mucked [9d Tc]
Seat 8: 222mih@777 (small blind) folded before Flop
Seat 9: lobbyhorse (big blind) folded before Flop



PokerStars Hand #229551795974:  Hold'em No Limit ($0.01/$0.02 USD) - 2021/09/03 1:16:26 PT [2021/09/03 4:16:26 ET]
Table 'Isara II' 9-max Seat #8 is the button
Seat 1: Dorex2007 ($1.99 in chips) 
Seat 2: hugues118 ($2.07 in chips) 
Seat 4: ZIBI1989 ($0.76 in chips) 
Seat 5: 3287858 ($0.93 in chips) 
Seat 7: M4m1nk4 ($1.50 in chips) 
Seat 8: 222mih@777 ($2.83 in chips) 
Seat 9: lobbyhorse ($1.10 in chips) 
lobbyhorse: posts small blind $0.01
Dorex2007: posts big blind $0.02
Azznak: sits out 
*** HOLE CARDS ***
Dealt to Dorex2007 [2s 7h]
hugues118: folds 
ZIBI1989: calls $0.02
3287858 has timed out
3287858: folds 
M4m1nk4: folds 
222mih@777: folds 
lobbyhorse: calls $0.01
Dorex2007: checks 
*** FLOP *** [Kd 9d 9s]
lobbyhorse: checks 
Dorex2007: checks 
ZIBI1989: checks 
*** TURN *** [Kd 9d 9s] [2d]
lobbyhorse: checks 
Dorex2007: checks 
ZIBI1989: bets $0.04
lobbyhorse: calls $0.04
Dorex2007: folds 
*** RIVER *** [Kd 9d 9s 2d] [Ac]
lobbyhorse: checks 
ZIBI1989: bets $0.06
lobbyhorse: folds 
Uncalled bet ($0.06) returned to ZIBI1989
ZIBI1989 collected $0.14 from pot
ZIBI1989: doesn't show hand 
*** SUMMARY ***
Total pot $0.14 | Rake $0 
Board [Kd 9d 9s 2d Ac]
Seat 1: Dorex2007 (big blind) folded on the Turn
Seat 2: hugues118 folded before Flop (didn't bet)
Seat 4: ZIBI1989 collected ($0.14)
Seat 5: 3287858 folded before Flop (didn't bet)
Seat 7: M4m1nk4 folded before Flop (didn't bet)
Seat 8: 222mih@777 (button) folded before Flop (didn't bet)
Seat 9: lobbyhorse (small blind) folded on the River



PokerStars Hand #229551807373:  Hold'em No Limit ($0.01/$0.02 USD) - 2021/09/03 1:17:33 PT [2021/09/03 4:17:33 ET]
Table 'Isara II' 9-max Seat #9 is the button
Seat 1: Dorex2007 ($1.97 in chips) 
Seat 2: hugues118 ($2.07 in chips) 
Seat 4: ZIBI1989 ($0.84 in chips) 
Seat 5: 3287858 ($0.93 in chips) 
Seat 7: M4m1nk4 ($1.50 in chips) 
Seat 8: 222mih@777 ($2.83 in chips) 
Seat 9: lobbyhorse ($1.04 in chips) 
Dorex2007: posts small blind $0.01
hugues118: posts big blind $0.02
Azznak: sits out 
*** HOLE CARDS ***
Dealt to Dorex2007 [7d 9h]
ZIBI1989: calls $0.02
3287858: folds 
M4m1nk4: folds 
222mih@777: folds 
lobbyhorse: folds 
Dorex2007: folds 
hugues118: checks 
*** FLOP *** [7s 7c 2c]
hugues118: checks 
ZIBI1989: checks 
*** TURN *** [7s 7c 2c] [Ks]
hugues118: checks 
ZIBI1989: bets $0.02
hugues118: folds 
Uncalled bet ($0.02) returned to ZIBI1989
ZIBI1989 collected $0.05 from pot
ZIBI1989: doesn't show hand 
*** SUMMARY ***
Total pot $0.05 | Rake $0 
Board [7s 7c 2c Ks]
Seat 1: Dorex2007 (small blind) folded before Flop
Seat 2: hugues118 (big blind) folded on the Turn
Seat 4: ZIBI1989 collected ($0.05)
Seat 5: 3287858 folded before Flop (didn't bet)
Seat 7: M4m1nk4 folded before Flop (didn't bet)
Seat 8: 222mih@777 folded before Flop (didn't bet)
Seat 9: lobbyhorse (button) folded before Flop (didn't bet)



PokerStars Hand #229551812111:  Hold'em No Limit ($0.01/$0.02 USD) - 2021/09/03 1:18:01 PT [2021/09/03 4:18:01 ET]
Table 'Isara II' 9-max Seat #1 is the button
Seat 1: Dorex2007 ($1.96 in chips) 
Seat 2: hugues118 ($2.05 in chips) 
Seat 3: Azznak ($1.99 in chips) 
Seat 4: ZIBI1989 ($0.87 in chips) 
Seat 5: 3287858 ($0.93 in chips) 
Seat 7: M4m1nk4 ($1.50 in chips) 
Seat 8: 222mih@777 ($2.83 in chips) 
Seat 9: lobbyhorse ($1.04 in chips) 
hugues118: posts small blind $0.01
Azznak: posts big blind $0.02
*** HOLE CARDS ***
Dealt to Dorex2007 [4s 7c]
ZIBI1989: folds 
3287858: folds 
M4m1nk4: folds 
222mih@777: folds 
lobbyhorse: folds 
Dorex2007: folds 
hugues118: raises $0.02 to $0.04
Azznak: folds 
Uncalled bet ($0.02) returned to hugues118
hugues118 collected $0.04 from pot
hugues118: doesn't show hand 
*** SUMMARY ***
Total pot $0.04 | Rake $0 
Seat 1: Dorex2007 (button) folded before Flop (didn't bet)
Seat 2: hugues118 (small blind) collected ($0.04)
Seat 3: Azznak (big blind) folded before Flop
Seat 4: ZIBI1989 folded before Flop (didn't bet)
Seat 5: 3287858 folded before Flop (didn't bet)
Seat 7: M4m1nk4 folded before Flop (didn't bet)
Seat 8: 222mih@777 folded before Flop (didn't bet)
Seat 9: lobbyhorse folded before Flop (didn't bet)



PokerStars Hand #229551815089:  Hold'em No Limit ($0.01/$0.02 USD) - 2021/09/03 1:18:20 PT [2021/09/03 4:18:20 ET]
Table 'Isara II' 9-max Seat #2 is the button
Seat 1: Dorex2007 ($1.96 in chips) 
Seat 2: hugues118 ($2.07 in chips) 
Seat 3: Azznak ($1.97 in chips) 
Seat 4: ZIBI1989 ($0.87 in chips) 
Seat 5: 3287858 ($0.93 in chips) 
Seat 7: M4m1nk4 ($1.50 in chips) 
Seat 8: 222mih@777 ($2.83 in chips) 
Seat 9: lobbyhorse ($1.04 in chips) 
Azznak: posts small blind $0.01
ZIBI1989: posts big blind $0.02
*** HOLE CARDS ***
Dealt to Dorex2007 [2c As]
3287858 has timed out
3287858: folds 
M4m1nk4: folds 
222mih@777: folds 
lobbyhorse: folds 
Dorex2007: folds 
hugues118: folds 
Azznak: folds 
Uncalled bet ($0.01) returned to ZIBI1989
ZIBI1989 collected $0.02 from pot
ZIBI1989: doesn't show hand 
*** SUMMARY ***
Total pot $0.02 | Rake $0 
Seat 1: Dorex2007 folded before Flop (didn't bet)
Seat 2: hugues118 (button) folded before Flop (didn't bet)
Seat 3: Azznak (small blind) folded before Flop
Seat 4: ZIBI1989 (big blind) collected ($0.02)
Seat 5: 3287858 folded before Flop (didn't bet)
Seat 7: M4m1nk4 folded before Flop (didn't bet)
Seat 8: 222mih@777 folded before Flop (didn't bet)
Seat 9: lobbyhorse folded before Flop (didn't bet)



PokerStars Hand #229551818471:  Hold'em No Limit ($0.01/$0.02 USD) - 2021/09/03 1:18:40 PT [2021/09/03 4:18:40 ET]
Table 'Isara II' 9-max Seat #3 is the button
Seat 1: Dorex2007 ($1.96 in chips) 
Seat 2: hugues118 ($2.07 in chips) 
Seat 3: Azznak ($1.96 in chips) 
Seat 4: ZIBI1989 ($0.88 in chips) 
Seat 5: 3287858 ($0.93 in chips) 
Seat 6: SANIK06 ($1.13 in chips) 
Seat 7: M4m1nk4 ($1.50 in chips) 
Seat 8: 222mih@777 ($2.83 in chips) 
Seat 9: lobbyhorse ($1.04 in chips) 
ZIBI1989: posts small blind $0.01
3287858: posts big blind $0.02
*** HOLE CARDS ***
Dealt to Dorex2007 [4h 5c]
SANIK06: calls $0.02
M4m1nk4: raises $0.02 to $0.04
222mih@777: calls $0.04
lobbyhorse: folds 
Dorex2007: folds 
hugues118: raises $0.20 to $0.24
Azznak: folds 
ZIBI1989: folds 
3287858: folds 
SANIK06: folds 
M4m1nk4: folds 
222mih@777: calls $0.20
*** FLOP *** [Qs 4c Tc]
222mih@777: checks 
hugues118: bets $0.33
222mih@777: folds 
Uncalled bet ($0.33) returned to hugues118
hugues118 collected $0.55 from pot
hugues118: doesn't show hand 
*** SUMMARY ***
Total pot $0.57 | Rake $0.02 
Board [Qs 4c Tc]
Seat 1: Dorex2007 folded before Flop (didn't bet)
Seat 2: hugues118 collected ($0.55)
Seat 3: Azznak (button) folded before Flop (didn't bet)
Seat 4: ZIBI1989 (small blind) folded before Flop
Seat 5: 3287858 (big blind) folded before Flop
Seat 6: SANIK06 folded before Flop
Seat 7: M4m1nk4 folded before Flop
Seat 8: 222mih@777 folded on the Flop
Seat 9: lobbyhorse folded before Flop (didn't bet)



PokerStars Hand #229551828501:  Hold'em No Limit ($0.01/$0.02 USD) - 2021/09/03 1:19:40 PT [2021/09/03 4:19:40 ET]
Table 'Isara II' 9-max Seat #4 is the button
Seat 1: Dorex2007 ($1.96 in chips) 
Seat 2: hugues118 ($2.38 in chips) 
Seat 3: Azznak ($1.96 in chips) 
Seat 4: ZIBI1989 ($0.87 in chips) 
Seat 5: 3287858 ($0.91 in chips) 
Seat 6: SANIK06 ($1.11 in chips) 
Seat 7: M4m1nk4 ($1.46 in chips) 
Seat 8: 222mih@777 ($2.59 in chips) 
Seat 9: lobbyhorse ($1.04 in chips) 
3287858: posts small blind $0.01
SANIK06: posts big blind $0.02
*** HOLE CARDS ***
Dealt to Dorex2007 [4h 8c]
M4m1nk4: folds 
222mih@777: folds 
lobbyhorse: folds 
M4m1nk4 leaves the table
Dorex2007: folds 
hugues118: folds 
Azznak: folds 
ZIBI1989: folds 
miropro joins the table at seat #7 
3287858: calls $0.01
SANIK06: checks 
*** FLOP *** [Qd Ks 5h]
3287858: checks 
SANIK06: checks 
*** TURN *** [Qd Ks 5h] [Th]
3287858: checks 
SANIK06: checks 
*** RIVER *** [Qd Ks 5h Th] [Ah]
3287858: checks 
SANIK06: checks 
*** SHOW DOWN ***
3287858: shows [7h 3s] (high card Ace)
SANIK06: shows [7d 8d] (high card Ace - King+Queen+Ten+Eight kicker)
SANIK06 collected $0.04 from pot
*** SUMMARY ***
Total pot $0.04 | Rake $0 
Board [Qd Ks 5h Th Ah]
Seat 1: Dorex2007 folded before Flop (didn't bet)
Seat 2: hugues118 folded before Flop (didn't bet)
Seat 3: Azznak folded before Flop (didn't bet)
Seat 4: ZIBI1989 (button) folded before Flop (didn't bet)
Seat 5: 3287858 (small blind) showed [7h 3s] and lost with high card Ace
Seat 6: SANIK06 (big blind) showed [7d 8d] and won ($0.04) with high card Ace
Seat 7: M4m1nk4 folded before Flop (didn't bet)
Seat 8: 222mih@777 folded before Flop (didn't bet)
Seat 9: lobbyhorse folded before Flop (didn't bet)



PokerStars Hand #229551844442:  Hold'em No Limit ($0.01/$0.02 USD) - 2021/09/03 1:20:33 PT [2021/09/03 4:20:33 ET]
Table 'Isara II' 9-max Seat #5 is the button
Seat 1: Dorex2007 ($1.96 in chips) 
Seat 2: hugues118 ($2.38 in chips) 
Seat 3: Azznak ($1.96 in chips) 
Seat 4: ZIBI1989 ($0.87 in chips) 
Seat 5: 3287858 ($0.89 in chips) 
Seat 6: SANIK06 ($1.13 in chips) 
Seat 7: miropro ($2 in chips) 
Seat 8: 222mih@777 ($2.59 in chips) 
Seat 9: lobbyhorse ($1.04 in chips) 
SANIK06: posts small blind $0.01
miropro: posts big blind $0.02
*** HOLE CARDS ***
Dealt to Dorex2007 [Ad Jd]
222mih@777: folds 
lobbyhorse: folds 
Dorex2007: raises $0.04 to $0.06
hugues118: folds 
Azznak: calls $0.06
ZIBI1989: folds 
3287858: folds 
SANIK06: folds 
miropro: folds 
*** FLOP *** [3h 4s Js]
Dorex2007: bets $0.14
Azznak: folds 
Uncalled bet ($0.14) returned to Dorex2007
Dorex2007 collected $0.14 from pot
Dorex2007: doesn't show hand 
*** SUMMARY ***
Total pot $0.15 | Rake $0.01 
Board [3h 4s Js]
Seat 1: Dorex2007 collected ($0.14)
Seat 2: hugues118 folded before Flop (didn't bet)
Seat 3: Azznak folded on the Flop
Seat 4: ZIBI1989 folded before Flop (didn't bet)
Seat 5: 3287858 (button) folded before Flop (didn't bet)
Seat 6: SANIK06 (small blind) folded before Flop
Seat 7: miropro (big blind) folded before Flop
Seat 8: 222mih@777 folded before Flop (didn't bet)
Seat 9: lobbyhorse folded before Flop (didn't bet)



PokerStars Hand #229551851998:  Hold'em No Limit ($0.01/$0.02 USD) - 2021/09/03 1:21:18 PT [2021/09/03 4:21:18 ET]
Table 'Isara II' 9-max Seat #6 is the button
Seat 1: Dorex2007 ($2.04 in chips) 
Seat 2: hugues118 ($2.38 in chips) 
Seat 3: Azznak ($1.90 in chips) 
Seat 4: ZIBI1989 ($0.87 in chips) 
Seat 5: 3287858 ($0.89 in chips) 
Seat 6: SANIK06 ($1.12 in chips) 
Seat 7: miropro ($2 in chips) 
Seat 9: lobbyhorse ($1.04 in chips) 
miropro: posts small blind $0.01
222mih@777: is sitting out 
lobbyhorse: posts big blind $0.02
*** HOLE CARDS ***
Dealt to Dorex2007 [Kh 5s]
222mih@777 leaves the table
Dorex2007: folds 
hugues118: raises $0.02 to $0.04
ProChess41 joins the table at seat #8 
Azznak: folds 
ZIBI1989: folds 
3287858: folds 
SANIK06: calls $0.04
miropro: folds 
lobbyhorse: folds 
*** FLOP *** [Ad 5c 6s]
hugues118: checks 
SANIK06: checks 
*** TURN *** [Ad 5c 6s] [Jc]
hugues118: bets $0.04
SANIK06: calls $0.04
*** RIVER *** [Ad 5c 6s Jc] [Kc]
hugues118: checks 
SANIK06: bets $0.02
hugues118: calls $0.02
*** SHOW DOWN ***
SANIK06: shows [Jh Ts] (a pair of Jacks)
hugues118: mucks hand 
SANIK06 collected $0.22 from pot
*** SUMMARY ***
Total pot $0.23 | Rake $0.01 
Board [Ad 5c 6s Jc Kc]
Seat 1: Dorex2007 folded before Flop (didn't bet)
Seat 2: hugues118 mucked [Qh 9h]
Seat 3: Azznak folded before Flop (didn't bet)
Seat 4: ZIBI1989 folded before Flop (didn't bet)
Seat 5: 3287858 folded before Flop (didn't bet)
Seat 6: SANIK06 (button) showed [Jh Ts] and won ($0.22) with a pair of Jacks
Seat 7: miropro (small blind) folded before Flop
Seat 9: lobbyhorse (big blind) folded before Flop



PokerStars Hand #229551860524:  Hold'em No Limit ($0.01/$0.02 USD) - 2021/09/03 1:22:09 PT [2021/09/03 4:22:09 ET]
Table 'Isara II' 9-max Seat #7 is the button
Seat 1: Dorex2007 ($2.04 in chips) 
Seat 2: hugues118 ($2.28 in chips) 
Seat 3: Azznak ($1.90 in chips) 
Seat 4: ZIBI1989 ($0.87 in chips) 
Seat 5: 3287858 ($0.89 in chips) 
Seat 6: SANIK06 ($1.24 in chips) 
Seat 7: miropro ($2 in chips) 
Seat 9: lobbyhorse ($1.02 in chips) 
lobbyhorse: posts small blind $0.01
Dorex2007: posts big blind $0.02
*** HOLE CARDS ***
Dealt to Dorex2007 [6h 7d]
hugues118: calls $0.02
Azznak: folds 
ZIBI1989: calls $0.02
3287858: calls $0.02
SANIK06: calls $0.02
miropro: folds 
lobbyhorse: calls $0.01
Dorex2007: checks 
*** FLOP *** [Jd 9s 8d]
lobbyhorse: checks 
Dorex2007: bets $0.12
hugues118: calls $0.12
ZIBI1989: folds 
3287858: folds 
SANIK06: calls $0.12
lobbyhorse: folds 
*** TURN *** [Jd 9s 8d] [8s]
Dorex2007: bets $0.46
hugues118: folds 
SANIK06: calls $0.46
*** RIVER *** [Jd 9s 8d 8s] [9c]
Dorex2007: bets $1.35
SANIK06: calls $0.64 and is all-in
Uncalled bet ($0.71) returned to Dorex2007
*** SHOW DOWN ***
Dorex2007: shows [6h 7d] (two pair, Nines and Eights)
SANIK06: shows [Jc 2h] (two pair, Jacks and Nines)
SANIK06 collected $2.59 from pot
*** SUMMARY ***
Total pot $2.68 | Rake $0.09 
Board [Jd 9s 8d 8s 9c]
Seat 1: Dorex2007 (big blind) showed [6h 7d] and lost with two pair, Nines and Eights
Seat 2: hugues118 folded on the Turn
Seat 3: Azznak folded before Flop (didn't bet)
Seat 4: ZIBI1989 folded on the Flop
Seat 5: 3287858 folded on the Flop
Seat 6: SANIK06 showed [Jc 2h] and won ($2.59) with two pair, Jacks and Nines
Seat 7: miropro (button) folded before Flop (didn't bet)
Seat 9: lobbyhorse (small blind) folded on the Flop



PokerStars Hand #229551872045:  Hold'em No Limit ($0.01/$0.02 USD) - 2021/09/03 1:23:17 PT [2021/09/03 4:23:17 ET]
Table 'Isara II' 9-max Seat #9 is the button
Seat 1: Dorex2007 ($0.80 in chips) 
Seat 2: hugues118 ($2.14 in chips) 
Seat 4: ZIBI1989 ($0.85 in chips) 
Seat 5: 3287858 ($0.87 in chips) 
Seat 6: SANIK06 ($2.59 in chips) 
Seat 7: miropro ($2 in chips) 
Seat 8: ProChess41 ($2 in chips) 
Seat 9: lobbyhorse ($1 in chips) 
Dorex2007: posts small blind $0.01
hugues118: posts big blind $0.02
ProChess41: posts big blind $0.02
*** HOLE CARDS ***
Dealt to Dorex2007 [Jd Qd]
ZIBI1989: calls $0.02
3287858: raises $0.02 to $0.04
SANIK06: calls $0.04
miropro: folds 
ProChess41: folds 
lobbyhorse: folds 
Dorex2007: calls $0.03
hugues118: calls $0.02
ZIBI1989: calls $0.02
*** FLOP *** [Th Kh 6c]
Dorex2007: checks 
hugues118: checks 
ZIBI1989: checks 
3287858: checks 
SANIK06: checks 
*** TURN *** [Th Kh 6c] [8d]
Dorex2007: checks 
hugues118: checks 
ZIBI1989: bets $0.21
3287858: folds 
SANIK06: folds 
Dorex2007: folds 
hugues118: folds 
Uncalled bet ($0.21) returned to ZIBI1989
ZIBI1989 collected $0.21 from pot
ZIBI1989: doesn't show hand 
*** SUMMARY ***
Total pot $0.22 | Rake $0.01 
Board [Th Kh 6c 8d]
Seat 1: Dorex2007 (small blind) folded on the Turn
Seat 2: hugues118 (big blind) folded on the Turn
Seat 4: ZIBI1989 collected ($0.21)
Seat 5: 3287858 folded on the Turn
Seat 6: SANIK06 folded on the Turn
Seat 7: miropro folded before Flop (didn't bet)
Seat 8: ProChess41 folded before Flop (didn't bet)
Seat 9: lobbyhorse (button) folded before Flop (didn't bet)



