PokerStars Hand #229317708565:  Hold'em No Limit ($0.01/$0.02 USD) - 2021/08/24 22:45:05 PT [2021/08/25 1:45:05 ET]
Table 'Charis' 9-max Seat #3 is the button
Seat 1: Ytara754 ($1.01 in chips) 
Seat 3: JugEars88 ($1.44 in chips) 
Seat 4: h1_tech_1mba ($2.06 in chips) 
Seat 5: Dorex2007 ($2 in chips) 
h1_tech_1mba: posts small blind $0.01
Dorex2007: posts big blind $0.02
Igor49570: sits out 
ARSENY2: sits out 
Jimpenter: sits out 
*** HOLE CARDS ***
Dealt to Dorex2007 [4h Qd]
Ytara754 has timed out
Ytara754: folds 
JugEars88: folds 
h1_tech_1mba: folds 
Uncalled bet ($0.01) returned to Dorex2007
Dorex2007 collected $0.02 from pot
Dorex2007: doesn't show hand 
*** SUMMARY ***
Total pot $0.02 | Rake $0 
Seat 1: Ytara754 folded before Flop (didn't bet)
Seat 3: JugEars88 (button) folded before Flop (didn't bet)
Seat 4: h1_tech_1mba (small blind) folded before Flop
Seat 5: Dorex2007 (big blind) collected ($0.02)



PokerStars Hand #229317711170:  Hold'em No Limit ($0.01/$0.02 USD) - 2021/08/24 22:45:25 PT [2021/08/25 1:45:25 ET]
Table 'Charis' 9-max Seat #4 is the button
Seat 1: Ytara754 ($1.01 in chips) 
Seat 3: JugEars88 ($1.44 in chips) 
Seat 4: h1_tech_1mba ($2.05 in chips) 
Seat 5: Dorex2007 ($2.01 in chips) 
Seat 6: Igor49570 ($1.60 in chips) 
Dorex2007: posts small blind $0.01
Igor49570: posts big blind $0.02
ARSENY2: sits out 
Jimpenter: sits out 
*** HOLE CARDS ***
Dealt to Dorex2007 [Ac 3d]
Ytara754: folds 
JugEars88: folds 
h1_tech_1mba: raises $0.03 to $0.05
PayInSek joins the table at seat #8 
Dorex2007: calls $0.04
Igor49570: folds 
*** FLOP *** [7h 9c 8c]
Dorex2007: checks 
h1_tech_1mba: checks 
*** TURN *** [7h 9c 8c] [3h]
Dorex2007: bets $0.12
h1_tech_1mba: folds 
Uncalled bet ($0.12) returned to Dorex2007
Dorex2007 collected $0.12 from pot
Dorex2007: doesn't show hand 
*** SUMMARY ***
Total pot $0.12 | Rake $0 
Board [7h 9c 8c 3h]
Seat 1: Ytara754 folded before Flop (didn't bet)
Seat 3: JugEars88 folded before Flop (didn't bet)
Seat 4: h1_tech_1mba (button) folded on the Turn
Seat 5: Dorex2007 (small blind) collected ($0.12)
Seat 6: Igor49570 (big blind) folded before Flop



PokerStars Hand #229317718168:  Hold'em No Limit ($0.01/$0.02 USD) - 2021/08/24 22:46:16 PT [2021/08/25 1:46:16 ET]
Table 'Charis' 9-max Seat #5 is the button
Seat 1: Ytara754 ($1.01 in chips) 
Seat 3: JugEars88 ($1.44 in chips) 
Seat 4: h1_tech_1mba ($2 in chips) 
Seat 5: Dorex2007 ($2.08 in chips) 
Seat 6: Igor49570 ($1.58 in chips) 
Seat 7: ARSENY2 ($2 in chips) 
Igor49570: posts small blind $0.01
ARSENY2: posts big blind $0.02
PayInSek: sits out 
Jimpenter: sits out 
*** HOLE CARDS ***
Dealt to Dorex2007 [Jh 7d]
Ytara754: calls $0.02
JugEars88: folds 
h1_tech_1mba: raises $0.06 to $0.08
Dorex2007: folds 
Igor49570: folds 
ARSENY2: folds 
Ytara754: calls $0.06
*** FLOP *** [As 4h Qc]
Ytara754: checks 
h1_tech_1mba: bets $0.09
Ytara754: calls $0.09
*** TURN *** [As 4h Qc] [Ad]
Ytara754: checks 
h1_tech_1mba: bets $0.20
Ytara754: calls $0.20
*** RIVER *** [As 4h Qc Ad] [Qs]
Ytara754: checks 
h1_tech_1mba: bets $0.67
Ytara754: folds 
Uncalled bet ($0.67) returned to h1_tech_1mba
h1_tech_1mba collected $0.74 from pot
h1_tech_1mba: doesn't show hand 
*** SUMMARY ***
Total pot $0.77 | Rake $0.03 
Board [As 4h Qc Ad Qs]
Seat 1: Ytara754 folded on the River
Seat 3: JugEars88 folded before Flop (didn't bet)
Seat 4: h1_tech_1mba collected ($0.74)
Seat 5: Dorex2007 (button) folded before Flop (didn't bet)
Seat 6: Igor49570 (small blind) folded before Flop
Seat 7: ARSENY2 (big blind) folded before Flop



PokerStars Hand #229317730939:  Hold'em No Limit ($0.01/$0.02 USD) - 2021/08/24 22:47:50 PT [2021/08/25 1:47:50 ET]
Table 'Charis' 9-max Seat #6 is the button
Seat 1: Ytara754 ($0.64 in chips) 
Seat 3: JugEars88 ($1.44 in chips) 
Seat 4: h1_tech_1mba ($2.37 in chips) 
Seat 5: Dorex2007 ($2.08 in chips) 
Seat 6: Igor49570 ($1.57 in chips) 
Seat 7: ARSENY2 ($2 in chips) 
Seat 8: PayInSek ($2 in chips) 
ARSENY2: posts small blind $0.01
PayInSek: posts big blind $0.02
Jimpenter: sits out 
*** HOLE CARDS ***
Dealt to Dorex2007 [7c 4s]
Ytara754: folds 
JugEars88: folds 
h1_tech_1mba: folds 
Dorex2007: folds 
Igor49570: folds 
ARSENY2: folds 
Uncalled bet ($0.01) returned to PayInSek
PayInSek collected $0.02 from pot
PayInSek: doesn't show hand 
*** SUMMARY ***
Total pot $0.02 | Rake $0 
Seat 1: Ytara754 folded before Flop (didn't bet)
Seat 3: JugEars88 folded before Flop (didn't bet)
Seat 4: h1_tech_1mba folded before Flop (didn't bet)
Seat 5: Dorex2007 folded before Flop (didn't bet)
Seat 6: Igor49570 (button) folded before Flop (didn't bet)
Seat 7: ARSENY2 (small blind) folded before Flop
Seat 8: PayInSek (big blind) collected ($0.02)



PokerStars Hand #229317734786:  Hold'em No Limit ($0.01/$0.02 USD) - 2021/08/24 22:48:18 PT [2021/08/25 1:48:18 ET]
Table 'Charis' 9-max Seat #7 is the button
Seat 1: Ytara754 ($0.64 in chips) 
Seat 3: JugEars88 ($1.44 in chips) 
Seat 4: h1_tech_1mba ($2.37 in chips) 
Seat 5: Dorex2007 ($2.08 in chips) 
Seat 6: Igor49570 ($1.57 in chips) 
Seat 7: ARSENY2 ($2 in chips) 
Seat 8: PayInSek ($2.01 in chips) 
Seat 9: Jimpenter ($2 in chips) 
PayInSek: posts small blind $0.01
Jimpenter: posts big blind $0.02
*** HOLE CARDS ***
Dealt to Dorex2007 [4h Th]
Ytara754: folds 
JugEars88: folds 
h1_tech_1mba: raises $0.04 to $0.06
Dorex2007: folds 
Igor49570: folds 
ARSENY2: folds 
PayInSek: folds 
Jimpenter: calls $0.04
*** FLOP *** [9s 5d Js]
Jimpenter: checks 
h1_tech_1mba: bets $0.08
Jimpenter: calls $0.08
*** TURN *** [9s 5d Js] [Ts]
Jimpenter: checks 
h1_tech_1mba: bets $0.18
Jimpenter: calls $0.18
*** RIVER *** [9s 5d Js Ts] [7s]
Jimpenter: checks 
h1_tech_1mba: checks 
*** SHOW DOWN ***
Jimpenter: shows [5c 9c] (two pair, Nines and Fives)
h1_tech_1mba: shows [Qs Kh] (a flush, Queen high)
h1_tech_1mba collected $0.63 from pot
*** SUMMARY ***
Total pot $0.65 | Rake $0.02 
Board [9s 5d Js Ts 7s]
Seat 1: Ytara754 folded before Flop (didn't bet)
Seat 3: JugEars88 folded before Flop (didn't bet)
Seat 4: h1_tech_1mba showed [Qs Kh] and won ($0.63) with a flush, Queen high
Seat 5: Dorex2007 folded before Flop (didn't bet)
Seat 6: Igor49570 folded before Flop (didn't bet)
Seat 7: ARSENY2 (button) folded before Flop (didn't bet)
Seat 8: PayInSek (small blind) folded before Flop
Seat 9: Jimpenter (big blind) showed [5c 9c] and lost with two pair, Nines and Fives



PokerStars Hand #229317744618:  Hold'em No Limit ($0.01/$0.02 USD) - 2021/08/24 22:49:29 PT [2021/08/25 1:49:29 ET]
Table 'Charis' 9-max Seat #8 is the button
Seat 1: Ytara754 ($0.64 in chips) 
Seat 3: JugEars88 ($1.44 in chips) 
Seat 4: h1_tech_1mba ($2.68 in chips) 
Seat 5: Dorex2007 ($2.08 in chips) 
Seat 6: Igor49570 ($1.57 in chips) 
Seat 7: ARSENY2 ($2 in chips) 
Seat 8: PayInSek ($2 in chips) 
Seat 9: Jimpenter ($2 in chips) 
Jimpenter: posts small blind $0.01
Ytara754: posts big blind $0.02
*** HOLE CARDS ***
Dealt to Dorex2007 [7d 7c]
JugEars88: folds 
h1_tech_1mba: raises $0.04 to $0.06
Dorex2007: calls $0.06
Igor49570: folds 
ARSENY2: folds 
PayInSek: folds 
Jimpenter: calls $0.05
Ytara754: folds 
*** FLOP *** [Ac 9h 8d]
Jimpenter: checks 
h1_tech_1mba: checks 
Dorex2007: checks 
*** TURN *** [Ac 9h 8d] [8s]
ARSENY2 is disconnected 
Jimpenter: bets $0.08
h1_tech_1mba: calls $0.08
Dorex2007: folds 
*** RIVER *** [Ac 9h 8d 8s] [Jd]
Jimpenter: bets $0.16
h1_tech_1mba: folds 
Uncalled bet ($0.16) returned to Jimpenter
Jimpenter collected $0.35 from pot
*** SUMMARY ***
Total pot $0.36 | Rake $0.01 
Board [Ac 9h 8d 8s Jd]
Seat 1: Ytara754 (big blind) folded before Flop
Seat 3: JugEars88 folded before Flop (didn't bet)
Seat 4: h1_tech_1mba folded on the River
Seat 5: Dorex2007 folded on the Turn
Seat 6: Igor49570 folded before Flop (didn't bet)
Seat 7: ARSENY2 folded before Flop (didn't bet)
Seat 8: PayInSek (button) folded before Flop (didn't bet)
Seat 9: Jimpenter (small blind) collected ($0.35)



PokerStars Hand #229317756194:  Hold'em No Limit ($0.01/$0.02 USD) - 2021/08/24 22:50:55 PT [2021/08/25 1:50:55 ET]
Table 'Charis' 9-max Seat #9 is the button
Seat 1: Ytara754 ($0.62 in chips) 
Seat 3: JugEars88 ($1.44 in chips) 
Seat 4: h1_tech_1mba ($2.54 in chips) 
Seat 5: Dorex2007 ($2.02 in chips) 
Seat 6: Igor49570 ($1.57 in chips) 
Seat 7: ARSENY2 ($2 in chips) 
Seat 8: PayInSek ($2 in chips) 
Seat 9: Jimpenter ($2.21 in chips) 
Ytara754: posts small blind $0.01
JugEars88: posts big blind $0.02
*** HOLE CARDS ***
Dealt to Dorex2007 [7s 4c]
h1_tech_1mba: calls $0.02
Dorex2007: folds 
Igor49570: folds 
ARSENY2: folds 
PayInSek: folds 
Jimpenter: raises $0.04 to $0.06
Ytara754: calls $0.05
JugEars88: calls $0.04
h1_tech_1mba: raises $0.25 to $0.31
Jimpenter: folds 
Ytara754: raises $0.31 to $0.62 and is all-in
JugEars88: folds 
h1_tech_1mba: calls $0.31
*** FLOP *** [Th 6c 6d]
*** TURN *** [Th 6c 6d] [3d]
*** RIVER *** [Th 6c 6d 3d] [Ad]
*** SHOW DOWN ***
Ytara754: shows [Qh Kd] (a pair of Sixes)
h1_tech_1mba: shows [Ks As] (two pair, Aces and Sixes)
h1_tech_1mba cashed out the hand for $0.98 | Cash Out Fee $0.01
*** SUMMARY ***
Total pot $1.36 | Rake $0.05 
Board [Th 6c 6d 3d Ad]
Seat 1: Ytara754 (small blind) showed [Qh Kd] and lost with a pair of Sixes
Seat 3: JugEars88 (big blind) folded before Flop
Seat 4: h1_tech_1mba showed [Ks As] and won ($1.31) with two pair, Aces and Sixes (pot not awarded as player cashed out)
Seat 5: Dorex2007 folded before Flop (didn't bet)
Seat 6: Igor49570 folded before Flop (didn't bet)
Seat 7: ARSENY2 folded before Flop (didn't bet)
Seat 8: PayInSek folded before Flop (didn't bet)
Seat 9: Jimpenter (button) folded before Flop



PokerStars Hand #229317766007:  Hold'em No Limit ($0.01/$0.02 USD) - 2021/08/24 22:52:08 PT [2021/08/25 1:52:08 ET]
Table 'Charis' 9-max Seat #3 is the button
Seat 3: JugEars88 ($1.38 in chips) 
Seat 4: h1_tech_1mba ($2.90 in chips) 
Seat 5: Dorex2007 ($2.02 in chips) 
Seat 6: Igor49570 ($1.57 in chips) 
Seat 7: ARSENY2 ($2 in chips) 
Seat 8: PayInSek ($2 in chips) 
Seat 9: Jimpenter ($2.15 in chips) 
h1_tech_1mba: posts small blind $0.01
Dorex2007: posts big blind $0.02
*** HOLE CARDS ***
Dealt to Dorex2007 [Qs Jh]
Igor49570: folds 
ARSENY2: folds 
PayInSek: folds 
Jimpenter: raises $0.04 to $0.06
JugEars88: folds 
h1_tech_1mba: folds 
Dorex2007: calls $0.04
*** FLOP *** [5c 6h Th]
Dorex2007: checks 
Jimpenter: bets $0.07
Dorex2007: calls $0.07
*** TURN *** [5c 6h Th] [9s]
Dorex2007: bets $0.13
Jimpenter: folds 
Uncalled bet ($0.13) returned to Dorex2007
Dorex2007 collected $0.26 from pot
Dorex2007: doesn't show hand 
*** SUMMARY ***
Total pot $0.27 | Rake $0.01 
Board [5c 6h Th 9s]
Seat 3: JugEars88 (button) folded before Flop (didn't bet)
Seat 4: h1_tech_1mba (small blind) folded before Flop
Seat 5: Dorex2007 (big blind) collected ($0.26)
Seat 6: Igor49570 folded before Flop (didn't bet)
Seat 7: ARSENY2 folded before Flop (didn't bet)
Seat 8: PayInSek folded before Flop (didn't bet)
Seat 9: Jimpenter folded on the Turn



PokerStars Hand #229317774642:  Hold'em No Limit ($0.01/$0.02 USD) - 2021/08/24 22:52:52 PT [2021/08/25 1:52:52 ET]
Table 'Charis' 9-max Seat #4 is the button
Seat 3: JugEars88 ($1.38 in chips) 
Seat 4: h1_tech_1mba ($2.89 in chips) 
Seat 5: Dorex2007 ($2.15 in chips) 
Seat 6: Igor49570 ($1.57 in chips) 
Seat 7: ARSENY2 ($2 in chips) 
Seat 8: PayInSek ($2 in chips) 
Seat 9: Jimpenter ($2.02 in chips) 
Dorex2007: posts small blind $0.01
Igor49570: posts big blind $0.02
*** HOLE CARDS ***
Dealt to Dorex2007 [Kd Kh]
ARSENY2: folds 
PayInSek: folds 
Jimpenter: calls $0.02
JugEars88: folds 
h1_tech_1mba: folds 
Dorex2007: raises $0.04 to $0.06
Igor49570: calls $0.04
Jimpenter: calls $0.04
*** FLOP *** [6s 2h Jh]
Dorex2007: bets $0.11
Igor49570: folds 
Jimpenter: folds 
Uncalled bet ($0.11) returned to Dorex2007
Dorex2007 collected $0.17 from pot
Dorex2007: doesn't show hand 
*** SUMMARY ***
Total pot $0.18 | Rake $0.01 
Board [6s 2h Jh]
Seat 3: JugEars88 folded before Flop (didn't bet)
Seat 4: h1_tech_1mba (button) folded before Flop (didn't bet)
Seat 5: Dorex2007 (small blind) collected ($0.17)
Seat 6: Igor49570 (big blind) folded on the Flop
Seat 7: ARSENY2 folded before Flop (didn't bet)
Seat 8: PayInSek folded before Flop (didn't bet)
Seat 9: Jimpenter folded on the Flop



PokerStars Hand #229317778588:  Hold'em No Limit ($0.01/$0.02 USD) - 2021/08/24 22:53:21 PT [2021/08/25 1:53:21 ET]
Table 'Charis' 9-max Seat #5 is the button
Seat 3: JugEars88 ($1.38 in chips) 
Seat 4: h1_tech_1mba ($2.89 in chips) 
Seat 5: Dorex2007 ($2.26 in chips) 
Seat 6: Igor49570 ($1.51 in chips) 
Seat 7: ARSENY2 ($2 in chips) 
Seat 8: PayInSek ($2 in chips) 
Seat 9: Jimpenter ($2 in chips) 
Igor49570: posts small blind $0.01
ARSENY2: posts big blind $0.02
*** HOLE CARDS ***
Dealt to Dorex2007 [5s Ts]
PayInSek: folds 
Jimpenter: raises $0.04 to $0.06
JugEars88: folds 
h1_tech_1mba: folds 
Dorex2007: folds 
Igor49570: folds 
ARSENY2: folds 
Uncalled bet ($0.04) returned to Jimpenter
Jimpenter collected $0.05 from pot
*** SUMMARY ***
Total pot $0.05 | Rake $0 
Seat 3: JugEars88 folded before Flop (didn't bet)
Seat 4: h1_tech_1mba folded before Flop (didn't bet)
Seat 5: Dorex2007 (button) folded before Flop (didn't bet)
Seat 6: Igor49570 (small blind) folded before Flop
Seat 7: ARSENY2 (big blind) folded before Flop
Seat 8: PayInSek folded before Flop (didn't bet)
Seat 9: Jimpenter collected ($0.05)



PokerStars Hand #229317781041:  Hold'em No Limit ($0.01/$0.02 USD) - 2021/08/24 22:53:40 PT [2021/08/25 1:53:40 ET]
Table 'Charis' 9-max Seat #6 is the button
Seat 3: JugEars88 ($1.38 in chips) 
Seat 4: h1_tech_1mba ($2.89 in chips) 
Seat 5: Dorex2007 ($2.26 in chips) 
Seat 6: Igor49570 ($1.50 in chips) 
Seat 7: ARSENY2 ($2 in chips) 
Seat 8: PayInSek ($2 in chips) 
Seat 9: Jimpenter ($2.03 in chips) 
ARSENY2: posts small blind $0.01
PayInSek: posts big blind $0.02
*** HOLE CARDS ***
Dealt to Dorex2007 [6c 3s]
Jimpenter: calls $0.02
JugEars88: folds 
h1_tech_1mba: calls $0.02
Dorex2007: folds 
Igor49570: folds 
ARSENY2: folds 
PayInSek: checks 
*** FLOP *** [7c Qh 3d]
PayInSek: checks 
Jimpenter: bets $0.02
h1_tech_1mba: folds 
PayInSek: folds 
Uncalled bet ($0.02) returned to Jimpenter
Jimpenter collected $0.07 from pot
*** SUMMARY ***
Total pot $0.07 | Rake $0 
Board [7c Qh 3d]
Seat 3: JugEars88 folded before Flop (didn't bet)
Seat 4: h1_tech_1mba folded on the Flop
Seat 5: Dorex2007 folded before Flop (didn't bet)
Seat 6: Igor49570 (button) folded before Flop (didn't bet)
Seat 7: ARSENY2 (small blind) folded before Flop
Seat 8: PayInSek (big blind) folded on the Flop
Seat 9: Jimpenter collected ($0.07)



PokerStars Hand #229317785419:  Hold'em No Limit ($0.01/$0.02 USD) - 2021/08/24 22:54:12 PT [2021/08/25 1:54:12 ET]
Table 'Charis' 9-max Seat #7 is the button
Seat 3: JugEars88 ($1.38 in chips) 
Seat 4: h1_tech_1mba ($2.87 in chips) 
Seat 5: Dorex2007 ($2.26 in chips) 
Seat 6: Igor49570 ($1.50 in chips) 
Seat 7: ARSENY2 ($2 in chips) 
Seat 8: PayInSek ($1.98 in chips) 
PayInSek: posts small blind $0.01
Jimpenter: is sitting out 
JugEars88: posts big blind $0.02
*** HOLE CARDS ***
Dealt to Dorex2007 [Jd Js]
h1_tech_1mba: folds 
Dorex2007: raises $0.04 to $0.06
Igor49570: folds 
ARSENY2: folds 
Jimpenter leaves the table
PayInSek: folds 
JugEars88: calls $0.04
*** FLOP *** [Tc 6d 7d]
JugEars88: checks 
Dorex2007: bets $0.09
JugEars88: folds 
Uncalled bet ($0.09) returned to Dorex2007
Dorex2007 collected $0.13 from pot
Dorex2007: doesn't show hand 
*** SUMMARY ***
Total pot $0.13 | Rake $0 
Board [Tc 6d 7d]
Seat 3: JugEars88 (big blind) folded on the Flop
Seat 4: h1_tech_1mba folded before Flop (didn't bet)
Seat 5: Dorex2007 collected ($0.13)
Seat 6: Igor49570 folded before Flop (didn't bet)
Seat 7: ARSENY2 (button) folded before Flop (didn't bet)
Seat 8: PayInSek (small blind) folded before Flop



PokerStars Hand #229317790772:  Hold'em No Limit ($0.01/$0.02 USD) - 2021/08/24 22:54:52 PT [2021/08/25 1:54:52 ET]
Table 'Charis' 9-max Seat #8 is the button
Seat 3: JugEars88 ($1.32 in chips) 
Seat 4: h1_tech_1mba ($2.87 in chips) 
Seat 5: Dorex2007 ($2.33 in chips) 
Seat 6: Igor49570 ($1.50 in chips) 
Seat 7: ARSENY2 ($2 in chips) 
Seat 8: PayInSek ($1.97 in chips) 
JugEars88: posts small blind $0.01
h1_tech_1mba: posts big blind $0.02
*** HOLE CARDS ***
Dealt to Dorex2007 [Ks 3s]
winterf351 joins the table at seat #9 
Dorex2007: folds 
Igor49570: folds 
ARSENY2: raises $0.04 to $0.06
PayInSek: raises $0.04 to $0.10
JugEars88: folds 
h1_tech_1mba: folds 
ARSENY2 is disconnected 
ARSENY2 has timed out while disconnected
ARSENY2: folds 
Uncalled bet ($0.04) returned to PayInSek
PayInSek collected $0.15 from pot
PayInSek: doesn't show hand 
*** SUMMARY ***
Total pot $0.15 | Rake $0 
Seat 3: JugEars88 (small blind) folded before Flop
Seat 4: h1_tech_1mba (big blind) folded before Flop
Seat 5: Dorex2007 folded before Flop (didn't bet)
Seat 6: Igor49570 folded before Flop (didn't bet)
Seat 7: ARSENY2 folded before Flop
Seat 8: PayInSek (button) collected ($0.15)



PokerStars Hand #229317799846:  Hold'em No Limit ($0.01/$0.02 USD) - 2021/08/24 22:56:07 PT [2021/08/25 1:56:07 ET]
Table 'Charis' 9-max Seat #3 is the button
Seat 3: JugEars88 ($1.31 in chips) 
Seat 4: h1_tech_1mba ($2.85 in chips) 
Seat 5: Dorex2007 ($2.33 in chips) 
Seat 6: Igor49570 ($1.50 in chips) 
Seat 8: PayInSek ($2.06 in chips) 
h1_tech_1mba: posts small blind $0.01
Dorex2007: posts big blind $0.02
winterf351: sits out 
*** HOLE CARDS ***
Dealt to Dorex2007 [Tc 7h]
Igor49570: folds 
PayInSek: folds 
JugEars88: folds 
h1_tech_1mba: folds 
Uncalled bet ($0.01) returned to Dorex2007
Dorex2007 collected $0.02 from pot
Dorex2007: doesn't show hand 
*** SUMMARY ***
Total pot $0.02 | Rake $0 
Seat 3: JugEars88 (button) folded before Flop (didn't bet)
Seat 4: h1_tech_1mba (small blind) folded before Flop
Seat 5: Dorex2007 (big blind) collected ($0.02)
Seat 6: Igor49570 folded before Flop (didn't bet)
Seat 8: PayInSek folded before Flop (didn't bet)



PokerStars Hand #229317802725:  Hold'em No Limit ($0.01/$0.02 USD) - 2021/08/24 22:56:32 PT [2021/08/25 1:56:32 ET]
Table 'Charis' 9-max Seat #4 is the button
Seat 3: JugEars88 ($1.31 in chips) 
Seat 4: h1_tech_1mba ($2.84 in chips) 
Seat 5: Dorex2007 ($2.34 in chips) 
Seat 6: Igor49570 ($1.50 in chips) 
Seat 8: PayInSek ($2.06 in chips) 
Dorex2007: posts small blind $0.01
Igor49570: posts big blind $0.02
winterf351: sits out 
*** HOLE CARDS ***
Dealt to Dorex2007 [5h Ad]
PayInSek has timed out
PayInSek: folds 
JugEars88: folds 
h1_tech_1mba: raises $0.03 to $0.05
Dorex2007: folds 
Igor49570: calls $0.03
*** FLOP *** [6c 7s Tc]
Igor49570: bets $0.08
h1_tech_1mba: calls $0.08
*** TURN *** [6c 7s Tc] [4h]
Igor49570: checks 
h1_tech_1mba: checks 
*** RIVER *** [6c 7s Tc 4h] [Kd]
Igor49570: checks 
h1_tech_1mba: checks 
*** SHOW DOWN ***
Igor49570: shows [8c Ac] (high card Ace)
h1_tech_1mba: shows [9c 9h] (a pair of Nines)
h1_tech_1mba collected $0.26 from pot
*** SUMMARY ***
Total pot $0.27 | Rake $0.01 
Board [6c 7s Tc 4h Kd]
Seat 3: JugEars88 folded before Flop (didn't bet)
Seat 4: h1_tech_1mba (button) showed [9c 9h] and won ($0.26) with a pair of Nines
Seat 5: Dorex2007 (small blind) folded before Flop
Seat 6: Igor49570 (big blind) showed [8c Ac] and lost with high card Ace
Seat 8: PayInSek folded before Flop (didn't bet)



PokerStars Hand #229317809769:  Hold'em No Limit ($0.01/$0.02 USD) - 2021/08/24 22:57:31 PT [2021/08/25 1:57:31 ET]
Table 'Charis' 9-max Seat #5 is the button
Seat 3: JugEars88 ($1.31 in chips) 
Seat 4: h1_tech_1mba ($2.97 in chips) 
Seat 5: Dorex2007 ($2.33 in chips) 
Seat 6: Igor49570 ($1.37 in chips) 
Seat 7: ARSENY2 ($2 in chips) 
Seat 8: PayInSek ($2.06 in chips) 
Igor49570: posts small blind $0.01
ARSENY2: posts big blind $0.02
winterf351: sits out 
*** HOLE CARDS ***
Dealt to Dorex2007 [5h 7c]
PayInSek has timed out
PayInSek: folds 
JugEars88: folds 
h1_tech_1mba: folds 
Dorex2007: folds 
Igor49570: raises $0.04 to $0.06
ARSENY2: folds 
Uncalled bet ($0.04) returned to Igor49570
Igor49570 collected $0.04 from pot
*** SUMMARY ***
Total pot $0.04 | Rake $0 
Seat 3: JugEars88 folded before Flop (didn't bet)
Seat 4: h1_tech_1mba folded before Flop (didn't bet)
Seat 5: Dorex2007 (button) folded before Flop (didn't bet)
Seat 6: Igor49570 (small blind) collected ($0.04)
Seat 7: ARSENY2 (big blind) folded before Flop
Seat 8: PayInSek folded before Flop (didn't bet)



PokerStars Hand #229317812228:  Hold'em No Limit ($0.01/$0.02 USD) - 2021/08/24 22:57:52 PT [2021/08/25 1:57:52 ET]
Table 'Charis' 9-max Seat #6 is the button
Seat 3: JugEars88 ($1.31 in chips) 
Seat 4: h1_tech_1mba ($2.97 in chips) 
Seat 5: Dorex2007 ($2.33 in chips) 
Seat 6: Igor49570 ($1.39 in chips) 
Seat 7: ARSENY2 ($2 in chips) 
Seat 9: winterf351 ($0.80 in chips) 
ARSENY2: posts small blind $0.01
winterf351: posts big blind $0.02
*** HOLE CARDS ***
Dealt to Dorex2007 [2c Td]
JugEars88: folds 
h1_tech_1mba: raises $0.04 to $0.06
Dorex2007: folds 
Igor49570: folds 
ARSENY2: folds 
winterf351: folds 
Uncalled bet ($0.04) returned to h1_tech_1mba
h1_tech_1mba collected $0.05 from pot
h1_tech_1mba: doesn't show hand 
*** SUMMARY ***
Total pot $0.05 | Rake $0 
Seat 3: JugEars88 folded before Flop (didn't bet)
Seat 4: h1_tech_1mba collected ($0.05)
Seat 5: Dorex2007 folded before Flop (didn't bet)
Seat 6: Igor49570 (button) folded before Flop (didn't bet)
Seat 7: ARSENY2 (small blind) folded before Flop
Seat 9: winterf351 (big blind) folded before Flop



PokerStars Hand #229317813960:  Hold'em No Limit ($0.01/$0.02 USD) - 2021/08/24 22:58:06 PT [2021/08/25 1:58:06 ET]
Table 'Charis' 9-max Seat #7 is the button
Seat 3: JugEars88 ($1.31 in chips) 
Seat 4: h1_tech_1mba ($3 in chips) 
Seat 5: Dorex2007 ($2.33 in chips) 
Seat 6: Igor49570 ($1.39 in chips) 
Seat 7: ARSENY2 ($2 in chips) 
Seat 9: winterf351 ($0.78 in chips) 
winterf351: posts small blind $0.01
JugEars88: posts big blind $0.02
*** HOLE CARDS ***
Dealt to Dorex2007 [4c 3c]
h1_tech_1mba: raises $0.04 to $0.06
Dorex2007: folds 
Igor49570: folds 
ARSENY2: folds 
winterf351: calls $0.05
JugEars88: folds 
*** FLOP *** [8c 9h 8d]
winterf351: checks 
h1_tech_1mba: bets $0.08
winterf351: folds 
Uncalled bet ($0.08) returned to h1_tech_1mba
h1_tech_1mba collected $0.14 from pot
h1_tech_1mba: doesn't show hand 
*** SUMMARY ***
Total pot $0.14 | Rake $0 
Board [8c 9h 8d]
Seat 3: JugEars88 (big blind) folded before Flop
Seat 4: h1_tech_1mba collected ($0.14)
Seat 5: Dorex2007 folded before Flop (didn't bet)
Seat 6: Igor49570 folded before Flop (didn't bet)
Seat 7: ARSENY2 (button) folded before Flop (didn't bet)
Seat 9: winterf351 (small blind) folded on the Flop



PokerStars Hand #229317818278:  Hold'em No Limit ($0.01/$0.02 USD) - 2021/08/24 22:58:43 PT [2021/08/25 1:58:43 ET]
Table 'Charis' 9-max Seat #9 is the button
Seat 3: JugEars88 ($1.29 in chips) 
Seat 4: h1_tech_1mba ($3.08 in chips) 
Seat 5: Dorex2007 ($2.33 in chips) 
Seat 6: Igor49570 ($1.39 in chips) 
Seat 7: ARSENY2 ($2 in chips) 
Seat 8: PayInSek ($2.06 in chips) 
Seat 9: winterf351 ($0.72 in chips) 
JugEars88: posts small blind $0.01
h1_tech_1mba: posts big blind $0.02
PayInSek: posts small & big blinds $0.03
*** HOLE CARDS ***
Dealt to Dorex2007 [Ad 4h]
Dorex2007: folds 
Igor49570: folds 
ARSENY2: raises $0.06 to $0.08
PayInSek: calls $0.06
winterf351: folds 
JugEars88: calls $0.07
h1_tech_1mba: folds 
*** FLOP *** [6c 4s 3d]
JugEars88: checks 
ARSENY2: checks 
PayInSek: checks 
*** TURN *** [6c 4s 3d] [7h]
JugEars88: checks 
ARSENY2: checks 
PayInSek: checks 
*** RIVER *** [6c 4s 3d 7h] [7c]
JugEars88: bets $0.13
ARSENY2: folds 
PayInSek: folds 
Uncalled bet ($0.13) returned to JugEars88
JugEars88 collected $0.26 from pot
JugEars88: doesn't show hand 
*** SUMMARY ***
Total pot $0.27 | Rake $0.01 
Board [6c 4s 3d 7h 7c]
Seat 3: JugEars88 (small blind) collected ($0.26)
Seat 4: h1_tech_1mba (big blind) folded before Flop
Seat 5: Dorex2007 folded before Flop (didn't bet)
Seat 6: Igor49570 folded before Flop (didn't bet)
Seat 7: ARSENY2 folded on the River
Seat 8: PayInSek folded on the River
Seat 9: winterf351 (button) folded before Flop (didn't bet)



PokerStars Hand #229317823700:  Hold'em No Limit ($0.01/$0.02 USD) - 2021/08/24 22:59:28 PT [2021/08/25 1:59:28 ET]
Table 'Charis' 9-max Seat #3 is the button
Seat 3: JugEars88 ($1.47 in chips) 
Seat 4: h1_tech_1mba ($3.06 in chips) 
Seat 5: Dorex2007 ($2.33 in chips) 
Seat 6: Igor49570 ($1.39 in chips) 
Seat 7: ARSENY2 ($2 in chips) 
Seat 8: PayInSek ($1.97 in chips) 
Seat 9: winterf351 ($0.72 in chips) 
h1_tech_1mba: posts small blind $0.01
Dorex2007: posts big blind $0.02
*** HOLE CARDS ***
Dealt to Dorex2007 [Qh 7d]
Igor49570: folds 
ARSENY2: raises $0.06 to $0.08
PayInSek: folds 
winterf351: folds 
JugEars88: folds 
h1_tech_1mba: folds 
Dorex2007: folds 
Uncalled bet ($0.06) returned to ARSENY2
ARSENY2 collected $0.05 from pot
ARSENY2: doesn't show hand 
*** SUMMARY ***
Total pot $0.05 | Rake $0 
Seat 3: JugEars88 (button) folded before Flop (didn't bet)
Seat 4: h1_tech_1mba (small blind) folded before Flop
Seat 5: Dorex2007 (big blind) folded before Flop
Seat 6: Igor49570 folded before Flop (didn't bet)
Seat 7: ARSENY2 collected ($0.05)
Seat 8: PayInSek folded before Flop (didn't bet)
Seat 9: winterf351 folded before Flop (didn't bet)



PokerStars Hand #229317825928:  Hold'em No Limit ($0.01/$0.02 USD) - 2021/08/24 22:59:46 PT [2021/08/25 1:59:46 ET]
Table 'Charis' 9-max Seat #4 is the button
Seat 3: JugEars88 ($1.47 in chips) 
Seat 4: h1_tech_1mba ($3.05 in chips) 
Seat 5: Dorex2007 ($2.31 in chips) 
Seat 6: Igor49570 ($1.39 in chips) 
Seat 7: ARSENY2 ($2.03 in chips) 
Seat 8: PayInSek ($1.97 in chips) 
Seat 9: winterf351 ($0.72 in chips) 
Dorex2007: posts small blind $0.01
Igor49570: posts big blind $0.02
*** HOLE CARDS ***
Dealt to Dorex2007 [7s 8d]
ARSENY2: folds 
PayInSek: folds 
winterf351: folds 
JugEars88: folds 
h1_tech_1mba: raises $0.03 to $0.05
Dorex2007: folds 
Igor49570: calls $0.03
*** FLOP *** [8h 8s 4d]
Igor49570: checks 
h1_tech_1mba: bets $0.05
Igor49570: calls $0.05
*** TURN *** [8h 8s 4d] [9h]
Igor49570: checks 
h1_tech_1mba: bets $0.14
Igor49570: calls $0.14
*** RIVER *** [8h 8s 4d 9h] [2s]
Igor49570: checks 
h1_tech_1mba: checks 
*** SHOW DOWN ***
Igor49570: shows [Ah 7h] (a pair of Eights)
h1_tech_1mba: shows [Qh 9s] (two pair, Nines and Eights)
h1_tech_1mba collected $0.47 from pot
*** SUMMARY ***
Total pot $0.49 | Rake $0.02 
Board [8h 8s 4d 9h 2s]
Seat 3: JugEars88 folded before Flop (didn't bet)
Seat 4: h1_tech_1mba (button) showed [Qh 9s] and won ($0.47) with two pair, Nines and Eights
Seat 5: Dorex2007 (small blind) folded before Flop
Seat 6: Igor49570 (big blind) showed [Ah 7h] and lost with a pair of Eights
Seat 7: ARSENY2 folded before Flop (didn't bet)
Seat 8: PayInSek folded before Flop (didn't bet)
Seat 9: winterf351 folded before Flop (didn't bet)



PokerStars Hand #229317830705:  Hold'em No Limit ($0.01/$0.02 USD) - 2021/08/24 23:00:25 PT [2021/08/25 2:00:25 ET]
Table 'Charis' 9-max Seat #5 is the button
Seat 3: JugEars88 ($1.47 in chips) 
Seat 4: h1_tech_1mba ($3.28 in chips) 
Seat 5: Dorex2007 ($2.30 in chips) 
Seat 6: Igor49570 ($1.15 in chips) 
Seat 7: ARSENY2 ($2.03 in chips) 
Seat 8: PayInSek ($1.97 in chips) 
Seat 9: winterf351 ($0.72 in chips) 
Igor49570: posts small blind $0.01
ARSENY2: posts big blind $0.02
*** HOLE CARDS ***
Dealt to Dorex2007 [8d 3h]
PayInSek: raises $0.04 to $0.06
winterf351: folds 
JugEars88: folds 
h1_tech_1mba: folds 
Dorex2007: folds 
Igor49570: calls $0.05
ARSENY2: folds 
*** FLOP *** [5c 5d Th]
Igor49570: checks 
PayInSek: bets $0.07
Igor49570: folds 
Uncalled bet ($0.07) returned to PayInSek
PayInSek collected $0.14 from pot
PayInSek: doesn't show hand 
*** SUMMARY ***
Total pot $0.14 | Rake $0 
Board [5c 5d Th]
Seat 3: JugEars88 folded before Flop (didn't bet)
Seat 4: h1_tech_1mba folded before Flop (didn't bet)
Seat 5: Dorex2007 (button) folded before Flop (didn't bet)
Seat 6: Igor49570 (small blind) folded on the Flop
Seat 7: ARSENY2 (big blind) folded before Flop
Seat 8: PayInSek collected ($0.14)
Seat 9: winterf351 folded before Flop (didn't bet)



PokerStars Hand #229317835423:  Hold'em No Limit ($0.01/$0.02 USD) - 2021/08/24 23:01:01 PT [2021/08/25 2:01:01 ET]
Table 'Charis' 9-max Seat #6 is the button
Seat 3: JugEars88 ($1.47 in chips) 
Seat 4: h1_tech_1mba ($3.28 in chips) 
Seat 5: Dorex2007 ($2.30 in chips) 
Seat 6: Igor49570 ($1.09 in chips) 
Seat 7: ARSENY2 ($2.01 in chips) 
Seat 8: PayInSek ($2.05 in chips) 
Seat 9: winterf351 ($0.72 in chips) 
ARSENY2: posts small blind $0.01
PayInSek: posts big blind $0.02
*** HOLE CARDS ***
Dealt to Dorex2007 [Qd 8h]
winterf351: folds 
JugEars88: folds 
h1_tech_1mba: folds 
Dorex2007: folds 
Igor49570: folds 
ARSENY2: folds 
Uncalled bet ($0.01) returned to PayInSek
PayInSek collected $0.02 from pot
PayInSek: doesn't show hand 
*** SUMMARY ***
Total pot $0.02 | Rake $0 
Seat 3: JugEars88 folded before Flop (didn't bet)
Seat 4: h1_tech_1mba folded before Flop (didn't bet)
Seat 5: Dorex2007 folded before Flop (didn't bet)
Seat 6: Igor49570 (button) folded before Flop (didn't bet)
Seat 7: ARSENY2 (small blind) folded before Flop
Seat 8: PayInSek (big blind) collected ($0.02)
Seat 9: winterf351 folded before Flop (didn't bet)



PokerStars Hand #229317838604:  Hold'em No Limit ($0.01/$0.02 USD) - 2021/08/24 23:01:24 PT [2021/08/25 2:01:24 ET]
Table 'Charis' 9-max Seat #7 is the button
Seat 3: JugEars88 ($1.47 in chips) 
Seat 4: h1_tech_1mba ($3.28 in chips) 
Seat 5: Dorex2007 ($2.30 in chips) 
Seat 6: Igor49570 ($1.09 in chips) 
Seat 7: ARSENY2 ($2 in chips) 
Seat 8: PayInSek ($2.06 in chips) 
Seat 9: winterf351 ($0.72 in chips) 
PayInSek: posts small blind $0.01
winterf351: posts big blind $0.02
*** HOLE CARDS ***
Dealt to Dorex2007 [9h Tc]
JugEars88: folds 
h1_tech_1mba: folds 
Dorex2007: folds 
Igor49570: raises $0.04 to $0.06
ARSENY2: folds 
PayInSek: folds 
winterf351: folds 
Uncalled bet ($0.04) returned to Igor49570
Igor49570 collected $0.05 from pot
Igor49570: doesn't show hand 
*** SUMMARY ***
Total pot $0.05 | Rake $0 
Seat 3: JugEars88 folded before Flop (didn't bet)
Seat 4: h1_tech_1mba folded before Flop (didn't bet)
Seat 5: Dorex2007 folded before Flop (didn't bet)
Seat 6: Igor49570 collected ($0.05)
Seat 7: ARSENY2 (button) folded before Flop (didn't bet)
Seat 8: PayInSek (small blind) folded before Flop
Seat 9: winterf351 (big blind) folded before Flop



PokerStars Hand #229317841411:  Hold'em No Limit ($0.01/$0.02 USD) - 2021/08/24 23:01:45 PT [2021/08/25 2:01:45 ET]
Table 'Charis' 9-max Seat #8 is the button
Seat 4: h1_tech_1mba ($3.28 in chips) 
Seat 5: Dorex2007 ($2.30 in chips) 
Seat 6: Igor49570 ($1.12 in chips) 
Seat 7: ARSENY2 ($2 in chips) 
Seat 8: PayInSek ($2.05 in chips) 
Seat 9: winterf351 ($0.70 in chips) 
winterf351: posts small blind $0.01
h1_tech_1mba: posts big blind $0.02
*** HOLE CARDS ***
Dealt to Dorex2007 [Kh Qh]
Dorex2007: raises $0.02 to $0.04
Igor49570: folds 
ARSENY2: folds 
PayInSek: calls $0.04
winterf351: calls $0.03
h1_tech_1mba: folds 
*** FLOP *** [7h Kc Qc]
winterf351: checks 
Dorex2007: checks 
PayInSek: checks 
*** TURN *** [7h Kc Qc] [Qs]
winterf351: checks 
Dorex2007: bets $0.09
PayInSek: folds 
winterf351: folds 
Uncalled bet ($0.09) returned to Dorex2007
Dorex2007 collected $0.14 from pot
Cornel Mihai leaves the table
Dorex2007: doesn't show hand 
*** SUMMARY ***
Total pot $0.14 | Rake $0 
Board [7h Kc Qc Qs]
Seat 4: h1_tech_1mba (big blind) folded before Flop
Seat 5: Dorex2007 collected ($0.14)
Seat 6: Igor49570 folded before Flop (didn't bet)
Seat 7: ARSENY2 folded before Flop (didn't bet)
Seat 8: PayInSek (button) folded on the Turn
Seat 9: winterf351 (small blind) folded on the Turn



PokerStars Hand #229317847157:  Hold'em No Limit ($0.01/$0.02 USD) - 2021/08/24 23:02:27 PT [2021/08/25 2:02:27 ET]
Table 'Charis' 9-max Seat #9 is the button
Seat 4: h1_tech_1mba ($3.26 in chips) 
Seat 5: Dorex2007 ($2.40 in chips) 
Seat 6: Igor49570 ($1.12 in chips) 
Seat 7: ARSENY2 ($2 in chips) 
Seat 8: PayInSek ($2.01 in chips) 
Seat 9: winterf351 ($0.66 in chips) 
h1_tech_1mba: posts small blind $0.01
Dorex2007: posts big blind $0.02
*** HOLE CARDS ***
Dealt to Dorex2007 [5s 5c]
Igor49570: folds 
ARSENY2: folds 
PayInSek: folds 
winterf351: folds 
h1_tech_1mba: raises $0.04 to $0.06
Dorex2007: folds 
Uncalled bet ($0.04) returned to h1_tech_1mba
h1_tech_1mba collected $0.04 from pot
h1_tech_1mba: doesn't show hand 
*** SUMMARY ***
Total pot $0.04 | Rake $0 
Seat 4: h1_tech_1mba (small blind) collected ($0.04)
Seat 5: Dorex2007 (big blind) folded before Flop
Seat 6: Igor49570 folded before Flop (didn't bet)
Seat 7: ARSENY2 folded before Flop (didn't bet)
Seat 8: PayInSek folded before Flop (didn't bet)
Seat 9: winterf351 (button) folded before Flop (didn't bet)



PokerStars Hand #229317849004:  Hold'em No Limit ($0.01/$0.02 USD) - 2021/08/24 23:02:41 PT [2021/08/25 2:02:41 ET]
Table 'Charis' 9-max Seat #4 is the button
Seat 4: h1_tech_1mba ($3.28 in chips) 
Seat 5: Dorex2007 ($2.38 in chips) 
Seat 6: Igor49570 ($1.12 in chips) 
Seat 7: ARSENY2 ($2 in chips) 
Seat 8: PayInSek ($2.01 in chips) 
Seat 9: winterf351 ($0.66 in chips) 
Dorex2007: posts small blind $0.01
Igor49570: posts big blind $0.02
*** HOLE CARDS ***
Dealt to Dorex2007 [6d Qh]
ARSENY2: folds 
PayInSek: folds 
winterf351: folds 
h1_tech_1mba: raises $0.03 to $0.05
igor6316 joins the table at seat #2 
Dorex2007: folds 
Igor49570: folds 
Uncalled bet ($0.03) returned to h1_tech_1mba
h1_tech_1mba collected $0.05 from pot
h1_tech_1mba: doesn't show hand 
*** SUMMARY ***
Total pot $0.05 | Rake $0 
Seat 4: h1_tech_1mba (button) collected ($0.05)
Seat 5: Dorex2007 (small blind) folded before Flop
Seat 6: Igor49570 (big blind) folded before Flop
Seat 7: ARSENY2 folded before Flop (didn't bet)
Seat 8: PayInSek folded before Flop (didn't bet)
Seat 9: winterf351 folded before Flop (didn't bet)



PokerStars Hand #229317851475:  Hold'em No Limit ($0.01/$0.02 USD) - 2021/08/24 23:02:59 PT [2021/08/25 2:02:59 ET]
Table 'Charis' 9-max Seat #5 is the button
Seat 4: h1_tech_1mba ($3.31 in chips) 
Seat 5: Dorex2007 ($2.37 in chips) 
Seat 6: Igor49570 ($1.10 in chips) 
Seat 7: ARSENY2 ($2 in chips) 
Seat 8: PayInSek ($2.01 in chips) 
Seat 9: winterf351 ($0.66 in chips) 
Igor49570: posts small blind $0.01
ARSENY2: posts big blind $0.02
igor6316: sits out 
*** HOLE CARDS ***
Dealt to Dorex2007 [Ts 6d]
PayInSek: folds 
winterf351: calls $0.02
h1_tech_1mba: folds 
Dorex2007: folds 
Igor49570: calls $0.01
ARSENY2: checks 
*** FLOP *** [5h 6h 3s]
Igor49570: checks 
ARSENY2: checks 
winterf351: bets $0.03
Igor49570: folds 
ARSENY2: calls $0.03
*** TURN *** [5h 6h 3s] [Jc]
ARSENY2: checks 
winterf351: checks 
*** RIVER *** [5h 6h 3s Jc] [4d]
ARSENY2: checks 
winterf351: bets $0.06
ARSENY2: folds 
Uncalled bet ($0.06) returned to winterf351
winterf351 collected $0.12 from pot
*** SUMMARY ***
Total pot $0.12 | Rake $0 
Board [5h 6h 3s Jc 4d]
Seat 4: h1_tech_1mba folded before Flop (didn't bet)
Seat 5: Dorex2007 (button) folded before Flop (didn't bet)
Seat 6: Igor49570 (small blind) folded on the Flop
Seat 7: ARSENY2 (big blind) folded on the River
Seat 8: PayInSek folded before Flop (didn't bet)
Seat 9: winterf351 collected ($0.12)



PokerStars Hand #229317859569:  Hold'em No Limit ($0.01/$0.02 USD) - 2021/08/24 23:03:58 PT [2021/08/25 2:03:58 ET]
Table 'Charis' 9-max Seat #6 is the button
Seat 4: h1_tech_1mba ($3.31 in chips) 
Seat 5: Dorex2007 ($2.37 in chips) 
Seat 6: Igor49570 ($1.08 in chips) 
Seat 7: ARSENY2 ($2 in chips) 
Seat 8: PayInSek ($2.01 in chips) 
Seat 9: winterf351 ($0.73 in chips) 
ARSENY2: posts small blind $0.01
PayInSek: posts big blind $0.02
igor6316: sits out 
*** HOLE CARDS ***
Dealt to Dorex2007 [Kd Ks]
winterf351: folds 
h1_tech_1mba: folds 
Dorex2007: raises $0.04 to $0.06
Igor49570: folds 
ARSENY2: folds 
PayInSek: folds 
Uncalled bet ($0.04) returned to Dorex2007
Dorex2007 collected $0.05 from pot
Dorex2007: doesn't show hand 
*** SUMMARY ***
Total pot $0.05 | Rake $0 
Seat 4: h1_tech_1mba folded before Flop (didn't bet)
Seat 5: Dorex2007 collected ($0.05)
Seat 6: Igor49570 (button) folded before Flop (didn't bet)
Seat 7: ARSENY2 (small blind) folded before Flop
Seat 8: PayInSek (big blind) folded before Flop
Seat 9: winterf351 folded before Flop (didn't bet)



PokerStars Hand #229317863916:  Hold'em No Limit ($0.01/$0.02 USD) - 2021/08/24 23:04:30 PT [2021/08/25 2:04:30 ET]
Table 'Charis' 9-max Seat #7 is the button
Seat 4: h1_tech_1mba ($3.31 in chips) 
Seat 5: Dorex2007 ($2.40 in chips) 
Seat 6: Igor49570 ($1.08 in chips) 
Seat 7: ARSENY2 ($2 in chips) 
Seat 8: PayInSek ($1.99 in chips) 
Seat 9: winterf351 ($0.73 in chips) 
PayInSek: posts small blind $0.01
winterf351: posts big blind $0.02
igor6316: sits out 
*** HOLE CARDS ***
Dealt to Dorex2007 [Th Kc]
h1_tech_1mba: folds 
Dorex2007: folds 
Igor49570: folds 
ARSENY2: raises $0.04 to $0.06
PayInSek: folds 
winterf351: folds 
Uncalled bet ($0.04) returned to ARSENY2
ARSENY2 collected $0.05 from pot
ARSENY2: doesn't show hand 
*** SUMMARY ***
Total pot $0.05 | Rake $0 
Seat 4: h1_tech_1mba folded before Flop (didn't bet)
Seat 5: Dorex2007 folded before Flop (didn't bet)
Seat 6: Igor49570 folded before Flop (didn't bet)
Seat 7: ARSENY2 (button) collected ($0.05)
Seat 8: PayInSek (small blind) folded before Flop
Seat 9: winterf351 (big blind) folded before Flop



PokerStars Hand #229317866024:  Hold'em No Limit ($0.01/$0.02 USD) - 2021/08/24 23:04:46 PT [2021/08/25 2:04:46 ET]
Table 'Charis' 9-max Seat #8 is the button
Seat 2: igor6316 ($0.80 in chips) 
Seat 4: h1_tech_1mba ($3.31 in chips) 
Seat 5: Dorex2007 ($2.40 in chips) 
Seat 6: Igor49570 ($1.08 in chips) 
Seat 7: ARSENY2 ($2.03 in chips) 
Seat 8: PayInSek ($1.98 in chips) 
Seat 9: winterf351 ($0.71 in chips) 
winterf351: posts small blind $0.01
igor6316: posts big blind $0.02
*** HOLE CARDS ***
Dealt to Dorex2007 [Kh 6s]
h1_tech_1mba: raises $0.04 to $0.06
Dorex2007: folds 
Igor49570: folds 
ARSENY2: folds 
PayInSek: folds 
winterf351: folds 
igor6316: folds 
Uncalled bet ($0.04) returned to h1_tech_1mba
h1_tech_1mba collected $0.05 from pot
Ytara754 leaves the table
h1_tech_1mba: doesn't show hand 
*** SUMMARY ***
Total pot $0.05 | Rake $0 
Seat 2: igor6316 (big blind) folded before Flop
Seat 4: h1_tech_1mba collected ($0.05)
Seat 5: Dorex2007 folded before Flop (didn't bet)
Seat 6: Igor49570 folded before Flop (didn't bet)
Seat 7: ARSENY2 folded before Flop (didn't bet)
Seat 8: PayInSek (button) folded before Flop (didn't bet)
Seat 9: winterf351 (small blind) folded before Flop



PokerStars Hand #229317870196:  Hold'em No Limit ($0.01/$0.02 USD) - 2021/08/24 23:05:16 PT [2021/08/25 2:05:16 ET]
Table 'Charis' 9-max Seat #9 is the button
Seat 2: igor6316 ($0.78 in chips) 
Seat 4: h1_tech_1mba ($3.34 in chips) 
Seat 5: Dorex2007 ($2.40 in chips) 
Seat 6: Igor49570 ($1.08 in chips) 
Seat 7: ARSENY2 ($2.03 in chips) 
Seat 8: PayInSek ($1.98 in chips) 
Seat 9: winterf351 ($0.70 in chips) 
igor6316: posts small blind $0.01
h1_tech_1mba: posts big blind $0.02
*** HOLE CARDS ***
Dealt to Dorex2007 [Qc 6s]
Dorex2007: folds 
andrij777 joins the table at seat #1 
Igor49570: folds 
ARSENY2: folds 
PayInSek: folds 
winterf351: folds 
igor6316: folds 
Uncalled bet ($0.01) returned to h1_tech_1mba
h1_tech_1mba collected $0.02 from pot
h1_tech_1mba: doesn't show hand 
*** SUMMARY ***
Total pot $0.02 | Rake $0 
Seat 2: igor6316 (small blind) folded before Flop
Seat 4: h1_tech_1mba (big blind) collected ($0.02)
Seat 5: Dorex2007 folded before Flop (didn't bet)
Seat 6: Igor49570 folded before Flop (didn't bet)
Seat 7: ARSENY2 folded before Flop (didn't bet)
Seat 8: PayInSek folded before Flop (didn't bet)
Seat 9: winterf351 (button) folded before Flop (didn't bet)



PokerStars Hand #229317873003:  Hold'em No Limit ($0.01/$0.02 USD) - 2021/08/24 23:05:37 PT [2021/08/25 2:05:37 ET]
Table 'Charis' 9-max Seat #2 is the button
Seat 1: andrij777 ($0.80 in chips) 
Seat 2: igor6316 ($0.77 in chips) 
Seat 4: h1_tech_1mba ($3.35 in chips) 
Seat 5: Dorex2007 ($2.40 in chips) 
Seat 6: Igor49570 ($1.08 in chips) 
Seat 7: ARSENY2 ($2.03 in chips) 
Seat 8: PayInSek ($1.98 in chips) 
Seat 9: winterf351 ($0.70 in chips) 
h1_tech_1mba: posts small blind $0.01
Dorex2007: posts big blind $0.02
andrij777: posts big blind $0.02
*** HOLE CARDS ***
Dealt to Dorex2007 [4d 7h]
Igor49570: folds 
ARSENY2: folds 
PayInSek: folds 
winterf351: folds 
andrij777: checks 
igor6316: raises $0.75 to $0.77 and is all-in
h1_tech_1mba: folds 
Dorex2007: folds 
andrij777: folds 
Uncalled bet ($0.75) returned to igor6316
igor6316 collected $0.07 from pot
*** SUMMARY ***
Total pot $0.07 | Rake $0 
Seat 1: andrij777 folded before Flop (didn't bet)
Seat 2: igor6316 (button) collected ($0.07)
Seat 4: h1_tech_1mba (small blind) folded before Flop
Seat 5: Dorex2007 (big blind) folded before Flop
Seat 6: Igor49570 folded before Flop (didn't bet)
Seat 7: ARSENY2 folded before Flop (didn't bet)
Seat 8: PayInSek folded before Flop (didn't bet)
Seat 9: winterf351 folded before Flop (didn't bet)



PokerStars Hand #229317877222:  Hold'em No Limit ($0.01/$0.02 USD) - 2021/08/24 23:06:07 PT [2021/08/25 2:06:07 ET]
Table 'Charis' 9-max Seat #4 is the button
Seat 1: andrij777 ($0.78 in chips) 
Seat 2: igor6316 ($0.82 in chips) 
Seat 4: h1_tech_1mba ($3.34 in chips) 
Seat 5: Dorex2007 ($2.38 in chips) 
Seat 6: Igor49570 ($1.08 in chips) 
Seat 7: ARSENY2 ($2.03 in chips) 
Seat 8: PayInSek ($1.98 in chips) 
Seat 9: winterf351 ($0.70 in chips) 
Dorex2007: posts small blind $0.01
Igor49570: posts big blind $0.02
*** HOLE CARDS ***
Dealt to Dorex2007 [As 9c]
ARSENY2: folds 
PayInSek: folds 
winterf351: folds 
andrij777: calls $0.02
igor6316: folds 
h1_tech_1mba: folds 
Dorex2007: calls $0.01
Igor49570: checks 
*** FLOP *** [9d Jd Ts]
Dorex2007: checks 
Igor49570: checks 
andrij777: checks 
*** TURN *** [9d Jd Ts] [Td]
Dorex2007: bets $0.04
Igor49570: folds 
andrij777: calls $0.04
*** RIVER *** [9d Jd Ts Td] [2s]
Dorex2007: checks 
andrij777: checks 
*** SHOW DOWN ***
Dorex2007: shows [As 9c] (two pair, Tens and Nines)
andrij777: mucks hand 
Dorex2007 collected $0.14 from pot
*** SUMMARY ***
Total pot $0.14 | Rake $0 
Board [9d Jd Ts Td 2s]
Seat 1: andrij777 mucked [9h Ks]
Seat 2: igor6316 folded before Flop (didn't bet)
Seat 4: h1_tech_1mba (button) folded before Flop (didn't bet)
Seat 5: Dorex2007 (small blind) showed [As 9c] and won ($0.14) with two pair, Tens and Nines
Seat 6: Igor49570 (big blind) folded on the Turn
Seat 7: ARSENY2 folded before Flop (didn't bet)
Seat 8: PayInSek folded before Flop (didn't bet)
Seat 9: winterf351 folded before Flop (didn't bet)



PokerStars Hand #229317883929:  Hold'em No Limit ($0.01/$0.02 USD) - 2021/08/24 23:06:56 PT [2021/08/25 2:06:56 ET]
Table 'Charis' 9-max Seat #5 is the button
Seat 1: andrij777 ($0.72 in chips) 
Seat 2: igor6316 ($0.82 in chips) 
Seat 3: JugEars88 ($1.47 in chips) 
Seat 4: h1_tech_1mba ($3.34 in chips) 
Seat 5: Dorex2007 ($2.46 in chips) 
Seat 6: Igor49570 ($1.06 in chips) 
Seat 7: ARSENY2 ($2.03 in chips) 
Seat 8: PayInSek ($1.98 in chips) 
Seat 9: winterf351 ($0.70 in chips) 
Igor49570: posts small blind $0.01
ARSENY2: posts big blind $0.02
JugEars88: posts small & big blinds $0.03
*** HOLE CARDS ***
Dealt to Dorex2007 [7c Ac]
PayInSek has timed out
PayInSek: folds 
winterf351: calls $0.02
andrij777: calls $0.02
igor6316: folds 
JugEars88: checks 
h1_tech_1mba: calls $0.02
Dorex2007: calls $0.02
Igor49570: folds 
ARSENY2: raises $0.20 to $0.22
winterf351: folds 
andrij777: folds 
JugEars88: folds 
h1_tech_1mba: folds 
Dorex2007: folds 
Uncalled bet ($0.20) returned to ARSENY2
ARSENY2 collected $0.14 from pot
ARSENY2: doesn't show hand 
*** SUMMARY ***
Total pot $0.14 | Rake $0 
Seat 1: andrij777 folded before Flop
Seat 2: igor6316 folded before Flop (didn't bet)
Seat 3: JugEars88 folded before Flop (didn't bet)
Seat 4: h1_tech_1mba folded before Flop
Seat 5: Dorex2007 (button) folded before Flop
Seat 6: Igor49570 (small blind) folded before Flop
Seat 7: ARSENY2 (big blind) collected ($0.14)
Seat 8: PayInSek folded before Flop (didn't bet)
Seat 9: winterf351 folded before Flop



PokerStars Hand #229317890135:  Hold'em No Limit ($0.01/$0.02 USD) - 2021/08/24 23:07:41 PT [2021/08/25 2:07:41 ET]
Table 'Charis' 9-max Seat #6 is the button
Seat 1: andrij777 ($0.70 in chips) 
Seat 2: igor6316 ($0.82 in chips) 
Seat 3: JugEars88 ($1.44 in chips) 
Seat 4: h1_tech_1mba ($3.32 in chips) 
Seat 5: Dorex2007 ($2.44 in chips) 
Seat 6: Igor49570 ($1.05 in chips) 
Seat 7: ARSENY2 ($2.15 in chips) 
Seat 8: PayInSek ($1.98 in chips) 
Seat 9: winterf351 ($0.68 in chips) 
ARSENY2: posts small blind $0.01
PayInSek: posts big blind $0.02
*** HOLE CARDS ***
Dealt to Dorex2007 [Jd 9h]
winterf351: folds 
andrij777: folds 
igor6316: folds 
JugEars88: folds 
h1_tech_1mba: folds 
Dorex2007: folds 
Igor49570: folds 
ARSENY2: folds 
Uncalled bet ($0.01) returned to PayInSek
PayInSek collected $0.02 from pot
PayInSek: doesn't show hand 
*** SUMMARY ***
Total pot $0.02 | Rake $0 
Seat 1: andrij777 folded before Flop (didn't bet)
Seat 2: igor6316 folded before Flop (didn't bet)
Seat 3: JugEars88 folded before Flop (didn't bet)
Seat 4: h1_tech_1mba folded before Flop (didn't bet)
Seat 5: Dorex2007 folded before Flop (didn't bet)
Seat 6: Igor49570 (button) folded before Flop (didn't bet)
Seat 7: ARSENY2 (small blind) folded before Flop
Seat 8: PayInSek (big blind) collected ($0.02)
Seat 9: winterf351 folded before Flop (didn't bet)



PokerStars Hand #229317893633:  Hold'em No Limit ($0.01/$0.02 USD) - 2021/08/24 23:08:07 PT [2021/08/25 2:08:07 ET]
Table 'Charis' 9-max Seat #7 is the button
Seat 1: andrij777 ($0.70 in chips) 
Seat 2: igor6316 ($0.82 in chips) 
Seat 3: JugEars88 ($1.44 in chips) 
Seat 4: h1_tech_1mba ($3.32 in chips) 
Seat 5: Dorex2007 ($2.44 in chips) 
Seat 6: Igor49570 ($1.05 in chips) 
Seat 7: ARSENY2 ($2.14 in chips) 
Seat 8: PayInSek ($1.99 in chips) 
Seat 9: winterf351 ($0.68 in chips) 
PayInSek: posts small blind $0.01
winterf351: posts big blind $0.02
*** HOLE CARDS ***
Dealt to Dorex2007 [Kh 5c]
andrij777: folds 
igor6316: folds 
JugEars88: folds 
h1_tech_1mba: folds 
Dorex2007: folds 
Igor49570: folds 
ARSENY2: raises $0.04 to $0.06
PayInSek: folds 
winterf351: folds 
Uncalled bet ($0.04) returned to ARSENY2
ARSENY2 collected $0.05 from pot
ARSENY2: doesn't show hand 
*** SUMMARY ***
Total pot $0.05 | Rake $0 
Seat 1: andrij777 folded before Flop (didn't bet)
Seat 2: igor6316 folded before Flop (didn't bet)
Seat 3: JugEars88 folded before Flop (didn't bet)
Seat 4: h1_tech_1mba folded before Flop (didn't bet)
Seat 5: Dorex2007 folded before Flop (didn't bet)
Seat 6: Igor49570 folded before Flop (didn't bet)
Seat 7: ARSENY2 (button) collected ($0.05)
Seat 8: PayInSek (small blind) folded before Flop
Seat 9: winterf351 (big blind) folded before Flop



PokerStars Hand #229317895922:  Hold'em No Limit ($0.01/$0.02 USD) - 2021/08/24 23:08:24 PT [2021/08/25 2:08:24 ET]
Table 'Charis' 9-max Seat #8 is the button
Seat 1: andrij777 ($0.70 in chips) 
Seat 2: igor6316 ($0.82 in chips) 
Seat 3: JugEars88 ($1.44 in chips) 
Seat 4: h1_tech_1mba ($3.32 in chips) 
Seat 5: Dorex2007 ($2.44 in chips) 
Seat 6: Igor49570 ($1.05 in chips) 
Seat 7: ARSENY2 ($2.17 in chips) 
Seat 8: PayInSek ($1.98 in chips) 
Seat 9: winterf351 ($0.66 in chips) 
winterf351: posts small blind $0.01
andrij777: posts big blind $0.02
*** HOLE CARDS ***
Dealt to Dorex2007 [Ts 6s]
igor6316: folds 
JugEars88: folds 
h1_tech_1mba: folds 
Dorex2007: folds 
Igor49570: raises $0.04 to $0.06
ARSENY2: folds 
PayInSek: folds 
winterf351: calls $0.05
andrij777: folds 
*** FLOP *** [9s Ac Qc]
winterf351: bets $0.14
Igor49570: calls $0.14
*** TURN *** [9s Ac Qc] [6d]
winterf351: bets $0.46 and is all-in
Igor49570: folds 
Uncalled bet ($0.46) returned to winterf351
winterf351 collected $0.41 from pot
*** SUMMARY ***
Total pot $0.42 | Rake $0.01 
Board [9s Ac Qc 6d]
Seat 1: andrij777 (big blind) folded before Flop
Seat 2: igor6316 folded before Flop (didn't bet)
Seat 3: JugEars88 folded before Flop (didn't bet)
Seat 4: h1_tech_1mba folded before Flop (didn't bet)
Seat 5: Dorex2007 folded before Flop (didn't bet)
Seat 6: Igor49570 folded on the Turn
Seat 7: ARSENY2 folded before Flop (didn't bet)
Seat 8: PayInSek (button) folded before Flop (didn't bet)
Seat 9: winterf351 (small blind) collected ($0.41)



PokerStars Hand #229317901906:  Hold'em No Limit ($0.01/$0.02 USD) - 2021/08/24 23:09:07 PT [2021/08/25 2:09:07 ET]
Table 'Charis' 9-max Seat #9 is the button
Seat 1: andrij777 ($0.68 in chips) 
Seat 2: igor6316 ($0.82 in chips) 
Seat 3: JugEars88 ($1.44 in chips) 
Seat 4: h1_tech_1mba ($3.32 in chips) 
Seat 5: Dorex2007 ($2.44 in chips) 
Seat 6: Igor49570 ($0.85 in chips) 
Seat 7: ARSENY2 ($2.17 in chips) 
Seat 8: PayInSek ($1.98 in chips) 
Seat 9: winterf351 ($0.87 in chips) 
andrij777: posts small blind $0.01
igor6316: posts big blind $0.02
*** HOLE CARDS ***
Dealt to Dorex2007 [6c 3h]
JugEars88: raises $0.06 to $0.08
h1_tech_1mba: folds 
Dorex2007: folds 
Igor49570: folds 
ARSENY2: folds 
PayInSek: calls $0.08
winterf351: calls $0.08
andrij777: calls $0.07
igor6316: folds 
*** FLOP *** [4d 8s Ts]
andrij777: checks 
JugEars88: bets $0.33
PayInSek: folds 
winterf351: folds 
andrij777: folds 
Uncalled bet ($0.33) returned to JugEars88
JugEars88 collected $0.33 from pot
JugEars88: doesn't show hand 
*** SUMMARY ***
Total pot $0.34 | Rake $0.01 
Board [4d 8s Ts]
Seat 1: andrij777 (small blind) folded on the Flop
Seat 2: igor6316 (big blind) folded before Flop
Seat 3: JugEars88 collected ($0.33)
Seat 4: h1_tech_1mba folded before Flop (didn't bet)
Seat 5: Dorex2007 folded before Flop (didn't bet)
Seat 6: Igor49570 folded before Flop (didn't bet)
Seat 7: ARSENY2 folded before Flop (didn't bet)
Seat 8: PayInSek folded on the Flop
Seat 9: winterf351 (button) folded on the Flop



PokerStars Hand #229317907762:  Hold'em No Limit ($0.01/$0.02 USD) - 2021/08/24 23:09:50 PT [2021/08/25 2:09:50 ET]
Table 'Charis' 9-max Seat #1 is the button
Seat 1: andrij777 ($0.60 in chips) 
Seat 2: igor6316 ($0.80 in chips) 
Seat 3: JugEars88 ($1.69 in chips) 
Seat 4: h1_tech_1mba ($3.32 in chips) 
Seat 5: Dorex2007 ($2.44 in chips) 
Seat 6: Igor49570 ($0.85 in chips) 
Seat 7: ARSENY2 ($2.17 in chips) 
Seat 8: PayInSek ($1.90 in chips) 
Seat 9: winterf351 ($0.79 in chips) 
igor6316: posts small blind $0.01
JugEars88: posts big blind $0.02
*** HOLE CARDS ***
Dealt to Dorex2007 [5d 4h]
h1_tech_1mba: folds 
Dorex2007: folds 
Igor49570: folds 
ARSENY2: folds 
PayInSek: folds 
winterf351: folds 
andrij777: folds 
igor6316: calls $0.01
JugEars88: checks 
*** FLOP *** [2h 2d 9c]
igor6316: checks 
JugEars88: bets $0.04
igor6316: folds 
Uncalled bet ($0.04) returned to JugEars88
JugEars88 collected $0.04 from pot
JugEars88: doesn't show hand 
*** SUMMARY ***
Total pot $0.04 | Rake $0 
Board [2h 2d 9c]
Seat 1: andrij777 (button) folded before Flop (didn't bet)
Seat 2: igor6316 (small blind) folded on the Flop
Seat 3: JugEars88 (big blind) collected ($0.04)
Seat 4: h1_tech_1mba folded before Flop (didn't bet)
Seat 5: Dorex2007 folded before Flop (didn't bet)
Seat 6: Igor49570 folded before Flop (didn't bet)
Seat 7: ARSENY2 folded before Flop (didn't bet)
Seat 8: PayInSek folded before Flop (didn't bet)
Seat 9: winterf351 folded before Flop (didn't bet)



PokerStars Hand #229317912694:  Hold'em No Limit ($0.01/$0.02 USD) - 2021/08/24 23:10:26 PT [2021/08/25 2:10:26 ET]
Table 'Charis' 9-max Seat #2 is the button
Seat 1: andrij777 ($0.60 in chips) 
Seat 2: igor6316 ($0.78 in chips) 
Seat 3: JugEars88 ($1.71 in chips) 
Seat 4: h1_tech_1mba ($3.32 in chips) 
Seat 5: Dorex2007 ($2.44 in chips) 
Seat 6: Igor49570 ($0.85 in chips) 
Seat 7: ARSENY2 ($2.17 in chips) 
Seat 8: PayInSek ($1.90 in chips) 
Seat 9: winterf351 ($0.79 in chips) 
JugEars88: posts small blind $0.01
h1_tech_1mba: posts big blind $0.02
*** HOLE CARDS ***
Dealt to Dorex2007 [7d Tc]
Dorex2007: folds 
Igor49570: folds 
ARSENY2: raises $0.06 to $0.08
PayInSek: folds 
winterf351: folds 
andrij777: folds 
igor6316: folds 
JugEars88: folds 
h1_tech_1mba: folds 
Uncalled bet ($0.06) returned to ARSENY2
ARSENY2 collected $0.05 from pot
ARSENY2: doesn't show hand 
*** SUMMARY ***
Total pot $0.05 | Rake $0 
Seat 1: andrij777 folded before Flop (didn't bet)
Seat 2: igor6316 (button) folded before Flop (didn't bet)
Seat 3: JugEars88 (small blind) folded before Flop
Seat 4: h1_tech_1mba (big blind) folded before Flop
Seat 5: Dorex2007 folded before Flop (didn't bet)
Seat 6: Igor49570 folded before Flop (didn't bet)
Seat 7: ARSENY2 collected ($0.05)
Seat 8: PayInSek folded before Flop (didn't bet)
Seat 9: winterf351 folded before Flop (didn't bet)



PokerStars Hand #229317916131:  Hold'em No Limit ($0.01/$0.02 USD) - 2021/08/24 23:10:50 PT [2021/08/25 2:10:50 ET]
Table 'Charis' 9-max Seat #3 is the button
Seat 1: andrij777 ($0.60 in chips) 
Seat 2: igor6316 ($0.78 in chips) 
Seat 3: JugEars88 ($1.70 in chips) 
Seat 4: h1_tech_1mba ($3.30 in chips) 
Seat 5: Dorex2007 ($2.44 in chips) 
Seat 6: Igor49570 ($0.85 in chips) 
Seat 7: ARSENY2 ($2.20 in chips) 
Seat 8: PayInSek ($1.90 in chips) 
Seat 9: winterf351 ($0.79 in chips) 
h1_tech_1mba: posts small blind $0.01
Dorex2007: posts big blind $0.02
*** HOLE CARDS ***
Dealt to Dorex2007 [Ad Jd]
Igor49570: folds 
ARSENY2: folds 
PayInSek: folds 
winterf351: calls $0.02
andrij777: folds 
igor6316: folds 
JugEars88 has timed out
JugEars88: folds 
h1_tech_1mba: calls $0.01
Dorex2007: raises $0.08 to $0.10
winterf351: folds 
h1_tech_1mba: folds 
Uncalled bet ($0.08) returned to Dorex2007
Dorex2007 collected $0.06 from pot
Dorex2007: doesn't show hand 
*** SUMMARY ***
Total pot $0.06 | Rake $0 
Seat 1: andrij777 folded before Flop (didn't bet)
Seat 2: igor6316 folded before Flop (didn't bet)
Seat 3: JugEars88 (button) folded before Flop (didn't bet)
Seat 4: h1_tech_1mba (small blind) folded before Flop
Seat 5: Dorex2007 (big blind) collected ($0.06)
Seat 6: Igor49570 folded before Flop (didn't bet)
Seat 7: ARSENY2 folded before Flop (didn't bet)
Seat 8: PayInSek folded before Flop (didn't bet)
Seat 9: winterf351 folded before Flop



PokerStars Hand #229317920872:  Hold'em No Limit ($0.01/$0.02 USD) - 2021/08/24 23:11:25 PT [2021/08/25 2:11:25 ET]
Table 'Charis' 9-max Seat #4 is the button
Seat 1: andrij777 ($0.60 in chips) 
Seat 2: igor6316 ($0.78 in chips) 
Seat 3: JugEars88 ($1.70 in chips) 
Seat 4: h1_tech_1mba ($3.28 in chips) 
Seat 5: Dorex2007 ($2.48 in chips) 
Seat 6: Igor49570 ($0.85 in chips) 
Seat 7: ARSENY2 ($2.20 in chips) 
Seat 8: PayInSek ($1.90 in chips) 
Seat 9: winterf351 ($0.77 in chips) 
Dorex2007: posts small blind $0.01
Igor49570: posts big blind $0.02
*** HOLE CARDS ***
Dealt to Dorex2007 [7c 4c]
ARSENY2: folds 
PayInSek: folds 
winterf351: folds 
andrij777: folds 
igor6316: folds 
JugEars88: folds 
h1_tech_1mba: raises $0.03 to $0.05
Dorex2007: folds 
Igor49570: calls $0.03
*** FLOP *** [Js 3c Jc]
Igor49570: checks 
h1_tech_1mba: checks 
*** TURN *** [Js 3c Jc] [5s]
Igor49570: checks 
h1_tech_1mba: bets $0.07
Igor49570: calls $0.07
*** RIVER *** [Js 3c Jc 5s] [Ac]
Igor49570: checks 
ARSENY2 leaves the table
h1_tech_1mba: bets $0.16
Igor49570: raises $0.42 to $0.58
h1_tech_1mba: folds 
Uncalled bet ($0.42) returned to Igor49570
Igor49570 collected $0.55 from pot
Igor49570: doesn't show hand 
*** SUMMARY ***
Total pot $0.57 | Rake $0.02 
Board [Js 3c Jc 5s Ac]
Seat 1: andrij777 folded before Flop (didn't bet)
Seat 2: igor6316 folded before Flop (didn't bet)
Seat 3: JugEars88 folded before Flop (didn't bet)
Seat 4: h1_tech_1mba (button) folded on the River
Seat 5: Dorex2007 (small blind) folded before Flop
Seat 6: Igor49570 (big blind) collected ($0.55)
Seat 7: ARSENY2 folded before Flop (didn't bet)
Seat 8: PayInSek folded before Flop (didn't bet)
Seat 9: winterf351 folded before Flop (didn't bet)



PokerStars Hand #229317933181:  Hold'em No Limit ($0.01/$0.02 USD) - 2021/08/24 23:12:54 PT [2021/08/25 2:12:54 ET]
Table 'Charis' 9-max Seat #5 is the button
Seat 1: andrij777 ($0.60 in chips) 
Seat 2: igor6316 ($0.78 in chips) 
Seat 3: JugEars88 ($1.70 in chips) 
Seat 4: h1_tech_1mba ($3 in chips) 
Seat 5: Dorex2007 ($2.47 in chips) 
Seat 6: Igor49570 ($1.12 in chips) 
Seat 8: PayInSek ($1.90 in chips) 
Seat 9: winterf351 ($0.77 in chips) 
Igor49570: posts small blind $0.01
PayInSek: posts big blind $0.02
*** HOLE CARDS ***
Dealt to Dorex2007 [Ts 6h]
winterf351: calls $0.02
andrij777: folds 
igor6316: folds 
JugEars88: folds 
h1_tech_1mba: folds 
Dorex2007: calls $0.02
Igor49570: folds 
PayInSek: checks 
*** FLOP *** [2d 9d Tc]
PayInSek: checks 
winterf351: checks 
Dorex2007: bets $0.07
PayInSek: folds 
winterf351: calls $0.07
*** TURN *** [2d 9d Tc] [As]
winterf351: checks 
Dorex2007: checks 
*** RIVER *** [2d 9d Tc As] [4h]
winterf351: checks 
Dorex2007: checks 
*** SHOW DOWN ***
winterf351: shows [Kc Jd] (high card Ace)
Dorex2007: shows [Ts 6h] (a pair of Tens)
Dorex2007 collected $0.20 from pot
*** SUMMARY ***
Total pot $0.21 | Rake $0.01 
Board [2d 9d Tc As 4h]
Seat 1: andrij777 folded before Flop (didn't bet)
Seat 2: igor6316 folded before Flop (didn't bet)
Seat 3: JugEars88 folded before Flop (didn't bet)
Seat 4: h1_tech_1mba folded before Flop (didn't bet)
Seat 5: Dorex2007 (button) showed [Ts 6h] and won ($0.20) with a pair of Tens
Seat 6: Igor49570 (small blind) folded before Flop
Seat 8: PayInSek (big blind) folded on the Flop
Seat 9: winterf351 showed [Kc Jd] and lost with high card Ace



PokerStars Hand #229317940116:  Hold'em No Limit ($0.01/$0.02 USD) - 2021/08/24 23:13:45 PT [2021/08/25 2:13:45 ET]
Table 'Charis' 9-max Seat #6 is the button
Seat 1: andrij777 ($0.60 in chips) 
Seat 2: igor6316 ($0.78 in chips) 
Seat 3: JugEars88 ($1.70 in chips) 
Seat 4: h1_tech_1mba ($3 in chips) 
Seat 5: Dorex2007 ($2.58 in chips) 
Seat 6: Igor49570 ($1.11 in chips) 
Seat 8: PayInSek ($1.88 in chips) 
Seat 9: winterf351 ($0.68 in chips) 
PayInSek: posts small blind $0.01
winterf351: posts big blind $0.02
*** HOLE CARDS ***
Dealt to Dorex2007 [Td Qc]
andrij777: calls $0.02
igor6316: folds 
JugEars88: folds 
h1_tech_1mba: folds 
Dorex2007: folds 
Igor49570: folds 
PayInSek: folds 
winterf351: checks 
*** FLOP *** [Js 2h 3s]
winterf351: bets $0.02
andrij777: calls $0.02
*** TURN *** [Js 2h 3s] [2d]
winterf351: bets $0.02
andrij777: calls $0.02
*** RIVER *** [Js 2h 3s 2d] [7h]
winterf351: bets $0.02
andrij777: folds 
Uncalled bet ($0.02) returned to winterf351
winterf351 collected $0.13 from pot
*** SUMMARY ***
Total pot $0.13 | Rake $0 
Board [Js 2h 3s 2d 7h]
Seat 1: andrij777 folded on the River
Seat 2: igor6316 folded before Flop (didn't bet)
Seat 3: JugEars88 folded before Flop (didn't bet)
Seat 4: h1_tech_1mba folded before Flop (didn't bet)
Seat 5: Dorex2007 folded before Flop (didn't bet)
Seat 6: Igor49570 (button) folded before Flop (didn't bet)
Seat 8: PayInSek (small blind) folded before Flop
Seat 9: winterf351 (big blind) collected ($0.13)



PokerStars Hand #229317944485:  Hold'em No Limit ($0.01/$0.02 USD) - 2021/08/24 23:14:17 PT [2021/08/25 2:14:17 ET]
Table 'Charis' 9-max Seat #8 is the button
Seat 1: andrij777 ($0.54 in chips) 
Seat 2: igor6316 ($0.78 in chips) 
Seat 3: JugEars88 ($1.70 in chips) 
Seat 4: h1_tech_1mba ($3 in chips) 
Seat 5: Dorex2007 ($2.58 in chips) 
Seat 6: Igor49570 ($1.11 in chips) 
Seat 8: PayInSek ($1.87 in chips) 
Seat 9: winterf351 ($0.75 in chips) 
winterf351: posts small blind $0.01
andrij777: posts big blind $0.02
*** HOLE CARDS ***
Dealt to Dorex2007 [3s 5h]
igor6316 has timed out
igor6316: folds 
JugEars88: raises $0.02 to $0.04
TAPAKAH159 joins the table at seat #7 
h1_tech_1mba: calls $0.04
Dorex2007: folds 
Igor49570: folds 
PayInSek: folds 
winterf351: folds 
andrij777: calls $0.02
*** FLOP *** [9s 9c Th]
andrij777: checks 
JugEars88: checks 
h1_tech_1mba: bets $0.08
andrij777: folds 
JugEars88: calls $0.08
*** TURN *** [9s 9c Th] [3d]
JugEars88: checks 
h1_tech_1mba: bets $0.18
JugEars88: folds 
Uncalled bet ($0.18) returned to h1_tech_1mba
h1_tech_1mba collected $0.28 from pot
h1_tech_1mba: doesn't show hand 
*** SUMMARY ***
Total pot $0.29 | Rake $0.01 
Board [9s 9c Th 3d]
Seat 1: andrij777 (big blind) folded on the Flop
Seat 2: igor6316 folded before Flop (didn't bet)
Seat 3: JugEars88 folded on the Turn
Seat 4: h1_tech_1mba collected ($0.28)
Seat 5: Dorex2007 folded before Flop (didn't bet)
Seat 6: Igor49570 folded before Flop (didn't bet)
Seat 8: PayInSek (button) folded before Flop (didn't bet)
Seat 9: winterf351 (small blind) folded before Flop



PokerStars Hand #229317954347:  Hold'em No Limit ($0.01/$0.02 USD) - 2021/08/24 23:15:10 PT [2021/08/25 2:15:10 ET]
Table 'Charis' 9-max Seat #9 is the button
Seat 1: andrij777 ($0.50 in chips) 
Seat 2: igor6316 ($0.78 in chips) 
Seat 3: JugEars88 ($1.58 in chips) 
Seat 4: h1_tech_1mba ($3.16 in chips) 
Seat 5: Dorex2007 ($2.58 in chips) 
Seat 6: Igor49570 ($1.11 in chips) 
Seat 8: PayInSek ($1.87 in chips) 
Seat 9: winterf351 ($0.74 in chips) 
andrij777: posts small blind $0.01
igor6316: posts big blind $0.02
TAPAKAH159: sits out 
*** HOLE CARDS ***
Dealt to Dorex2007 [Qh Ah]
JugEars88: raises $0.06 to $0.08
h1_tech_1mba: folds 
Dorex2007: calls $0.08
Igor49570: folds 
PayInSek: folds 
winterf351: folds 
andrij777: folds 
igor6316: folds 
*** FLOP *** [Ac Kc Kh]
JugEars88: checks 
Dorex2007: bets $0.12
JugEars88: calls $0.12
*** TURN *** [Ac Kc Kh] [Qd]
JugEars88: checks 
Dorex2007: checks 
*** RIVER *** [Ac Kc Kh Qd] [Js]
JugEars88: checks 
Dorex2007: checks 
*** SHOW DOWN ***
JugEars88: shows [Qc As] (two pair, Aces and Kings)
Dorex2007: shows [Qh Ah] (two pair, Aces and Kings)
JugEars88 collected $0.21 from pot
Dorex2007 collected $0.20 from pot
*** SUMMARY ***
Total pot $0.43 | Rake $0.02 
Board [Ac Kc Kh Qd Js]
Seat 1: andrij777 (small blind) folded before Flop
Seat 2: igor6316 (big blind) folded before Flop
Seat 3: JugEars88 showed [Qc As] and won ($0.21) with two pair, Aces and Kings
Seat 4: h1_tech_1mba folded before Flop (didn't bet)
Seat 5: Dorex2007 showed [Qh Ah] and won ($0.20) with two pair, Aces and Kings
Seat 6: Igor49570 folded before Flop (didn't bet)
Seat 8: PayInSek folded before Flop (didn't bet)
Seat 9: winterf351 (button) folded before Flop (didn't bet)



PokerStars Hand #229317960489:  Hold'em No Limit ($0.01/$0.02 USD) - 2021/08/24 23:15:55 PT [2021/08/25 2:15:55 ET]
Table 'Charis' 9-max Seat #1 is the button
Seat 1: andrij777 ($0.49 in chips) 
Seat 2: igor6316 ($0.76 in chips) 
Seat 3: JugEars88 ($1.59 in chips) 
Seat 4: h1_tech_1mba ($3.16 in chips) 
Seat 5: Dorex2007 ($2.58 in chips) 
Seat 6: Igor49570 ($1.11 in chips) 
Seat 8: PayInSek ($1.87 in chips) 
Seat 9: winterf351 ($0.74 in chips) 
igor6316: posts small blind $0.01
JugEars88: posts big blind $0.02
TAPAKAH159: sits out 
*** HOLE CARDS ***
Dealt to Dorex2007 [Tc Td]
h1_tech_1mba: folds 
Dorex2007: calls $0.02
Igor49570: folds 
PayInSek: folds 
winterf351: folds 
andrij777: folds 
igor6316: raises $0.74 to $0.76 and is all-in
JugEars88: folds 
Dorex2007: folds 
Uncalled bet ($0.74) returned to igor6316
igor6316 collected $0.06 from pot
*** SUMMARY ***
Total pot $0.06 | Rake $0 
Seat 1: andrij777 (button) folded before Flop (didn't bet)
Seat 2: igor6316 (small blind) collected ($0.06)
Seat 3: JugEars88 (big blind) folded before Flop
Seat 4: h1_tech_1mba folded before Flop (didn't bet)
Seat 5: Dorex2007 folded before Flop
Seat 6: Igor49570 folded before Flop (didn't bet)
Seat 8: PayInSek folded before Flop (didn't bet)
Seat 9: winterf351 folded before Flop (didn't bet)



PokerStars Hand #229317964640:  Hold'em No Limit ($0.01/$0.02 USD) - 2021/08/24 23:16:25 PT [2021/08/25 2:16:25 ET]
Table 'Charis' 9-max Seat #2 is the button
Seat 1: andrij777 ($0.49 in chips) 
Seat 2: igor6316 ($0.80 in chips) 
Seat 3: JugEars88 ($1.57 in chips) 
Seat 4: h1_tech_1mba ($3.16 in chips) 
Seat 5: Dorex2007 ($2.56 in chips) 
Seat 6: Igor49570 ($1.11 in chips) 
Seat 8: PayInSek ($1.87 in chips) 
Seat 9: winterf351 ($0.74 in chips) 
JugEars88: posts small blind $0.01
h1_tech_1mba: posts big blind $0.02
TAPAKAH159: sits out 
*** HOLE CARDS ***
Dealt to Dorex2007 [6s Qs]
Dorex2007: folds 
Igor49570: folds 
PayInSek: folds 
winterf351: folds 
andrij777: folds 
igor6316: folds 
JugEars88: calls $0.01
h1_tech_1mba: checks 
*** FLOP *** [2s Ks Jc]
JugEars88: checks 
h1_tech_1mba: bets $0.04
JugEars88: folds 
Uncalled bet ($0.04) returned to h1_tech_1mba
h1_tech_1mba collected $0.04 from pot
h1_tech_1mba: doesn't show hand 
*** SUMMARY ***
Total pot $0.04 | Rake $0 
Board [2s Ks Jc]
Seat 1: andrij777 folded before Flop (didn't bet)
Seat 2: igor6316 (button) folded before Flop (didn't bet)
Seat 3: JugEars88 (small blind) folded on the Flop
Seat 4: h1_tech_1mba (big blind) collected ($0.04)
Seat 5: Dorex2007 folded before Flop (didn't bet)
Seat 6: Igor49570 folded before Flop (didn't bet)
Seat 8: PayInSek folded before Flop (didn't bet)
Seat 9: winterf351 folded before Flop (didn't bet)



PokerStars Hand #229317968074:  Hold'em No Limit ($0.01/$0.02 USD) - 2021/08/24 23:16:50 PT [2021/08/25 2:16:50 ET]
Table 'Charis' 9-max Seat #3 is the button
Seat 1: andrij777 ($0.49 in chips) 
Seat 2: igor6316 ($0.80 in chips) 
Seat 3: JugEars88 ($1.55 in chips) 
Seat 4: h1_tech_1mba ($3.18 in chips) 
Seat 5: Dorex2007 ($2.56 in chips) 
Seat 6: Igor49570 ($1.11 in chips) 
Seat 8: PayInSek ($1.87 in chips) 
Seat 9: winterf351 ($0.74 in chips) 
h1_tech_1mba: posts small blind $0.01
Dorex2007: posts big blind $0.02
TAPAKAH159: sits out 
*** HOLE CARDS ***
Dealt to Dorex2007 [9h 7d]
Igor49570: folds 
PayInSek: folds 
winterf351: calls $0.02
andrij777: calls $0.02
igor6316: folds 
JugEars88: folds 
h1_tech_1mba: folds 
Dorex2007: checks 
*** FLOP *** [9d 3c Kc]
Dorex2007: checks 
winterf351: checks 
andrij777: bets $0.02
Dorex2007: calls $0.02
winterf351: folds 
*** TURN *** [9d 3c Kc] [8d]
Dorex2007: checks 
andrij777: checks 
*** RIVER *** [9d 3c Kc 8d] [Th]
Dorex2007: bets $0.07
andrij777: calls $0.07
*** SHOW DOWN ***
Dorex2007: shows [9h 7d] (a pair of Nines)
andrij777: shows [9c 6c] (a pair of Nines)
Dorex2007 collected $0.12 from pot
andrij777 collected $0.12 from pot
*** SUMMARY ***
Total pot $0.25 | Rake $0.01 
Board [9d 3c Kc 8d Th]
Seat 1: andrij777 showed [9c 6c] and won ($0.12) with a pair of Nines
Seat 2: igor6316 folded before Flop (didn't bet)
Seat 3: JugEars88 (button) folded before Flop (didn't bet)
Seat 4: h1_tech_1mba (small blind) folded before Flop
Seat 5: Dorex2007 (big blind) showed [9h 7d] and won ($0.12) with a pair of Nines
Seat 6: Igor49570 folded before Flop (didn't bet)
Seat 8: PayInSek folded before Flop (didn't bet)
Seat 9: winterf351 folded on the Flop



PokerStars Hand #229317973625:  Hold'em No Limit ($0.01/$0.02 USD) - 2021/08/24 23:17:30 PT [2021/08/25 2:17:30 ET]
Table 'Charis' 9-max Seat #4 is the button
Seat 1: andrij777 ($0.50 in chips) 
Seat 2: igor6316 ($0.80 in chips) 
Seat 3: JugEars88 ($1.55 in chips) 
Seat 4: h1_tech_1mba ($3.17 in chips) 
Seat 5: Dorex2007 ($2.57 in chips) 
Seat 6: Igor49570 ($1.11 in chips) 
Seat 8: PayInSek ($1.87 in chips) 
Seat 9: winterf351 ($0.72 in chips) 
Dorex2007: posts small blind $0.01
Igor49570: posts big blind $0.02
TAPAKAH159: sits out 
*** HOLE CARDS ***
Dealt to Dorex2007 [7d 3s]
PayInSek: raises $0.04 to $0.06
winterf351: folds 
andrij777: folds 
igor6316: folds 
JugEars88: folds 
h1_tech_1mba: folds 
Dorex2007: folds 
Igor49570: folds 
Uncalled bet ($0.04) returned to PayInSek
PayInSek collected $0.05 from pot
PayInSek: doesn't show hand 
*** SUMMARY ***
Total pot $0.05 | Rake $0 
Seat 1: andrij777 folded before Flop (didn't bet)
Seat 2: igor6316 folded before Flop (didn't bet)
Seat 3: JugEars88 folded before Flop (didn't bet)
Seat 4: h1_tech_1mba (button) folded before Flop (didn't bet)
Seat 5: Dorex2007 (small blind) folded before Flop
Seat 6: Igor49570 (big blind) folded before Flop
Seat 8: PayInSek collected ($0.05)
Seat 9: winterf351 folded before Flop (didn't bet)



PokerStars Hand #229317976973:  Hold'em No Limit ($0.01/$0.02 USD) - 2021/08/24 23:17:55 PT [2021/08/25 2:17:55 ET]
Table 'Charis' 9-max Seat #5 is the button
Seat 1: andrij777 ($0.50 in chips) 
Seat 2: igor6316 ($0.80 in chips) 
Seat 3: JugEars88 ($1.55 in chips) 
Seat 4: h1_tech_1mba ($3.17 in chips) 
Seat 5: Dorex2007 ($2.56 in chips) 
Seat 6: Igor49570 ($1.09 in chips) 
Seat 7: TAPAKAH159 ($1 in chips) 
Seat 8: PayInSek ($1.90 in chips) 
Seat 9: winterf351 ($0.72 in chips) 
Igor49570: posts small blind $0.01
TAPAKAH159: posts big blind $0.02
*** HOLE CARDS ***
Dealt to Dorex2007 [8c Ad]
PayInSek: folds 
winterf351: folds 
andrij777: calls $0.02
igor6316: folds 
JugEars88: raises $0.08 to $0.10
h1_tech_1mba: folds 
Dorex2007: folds 
Igor49570: folds 
TAPAKAH159: folds 
andrij777: folds 
Uncalled bet ($0.08) returned to JugEars88
JugEars88 collected $0.07 from pot
JugEars88: doesn't show hand 
*** SUMMARY ***
Total pot $0.07 | Rake $0 
Seat 1: andrij777 folded before Flop
Seat 2: igor6316 folded before Flop (didn't bet)
Seat 3: JugEars88 collected ($0.07)
Seat 4: h1_tech_1mba folded before Flop (didn't bet)
Seat 5: Dorex2007 (button) folded before Flop (didn't bet)
Seat 6: Igor49570 (small blind) folded before Flop
Seat 7: TAPAKAH159 (big blind) folded before Flop
Seat 8: PayInSek folded before Flop (didn't bet)
Seat 9: winterf351 folded before Flop (didn't bet)



PokerStars Hand #229317981182:  Hold'em No Limit ($0.01/$0.02 USD) - 2021/08/24 23:18:26 PT [2021/08/25 2:18:26 ET]
Table 'Charis' 9-max Seat #6 is the button
Seat 1: andrij777 ($0.48 in chips) 
Seat 2: igor6316 ($0.80 in chips) 
Seat 3: JugEars88 ($1.60 in chips) 
Seat 4: h1_tech_1mba ($3.17 in chips) 
Seat 5: Dorex2007 ($2.56 in chips) 
Seat 6: Igor49570 ($1.08 in chips) 
Seat 7: TAPAKAH159 ($0.98 in chips) 
Seat 9: winterf351 ($0.72 in chips) 
TAPAKAH159: posts small blind $0.01
PayInSek: is sitting out 
winterf351: posts big blind $0.02
*** HOLE CARDS ***
Dealt to Dorex2007 [Tc Ah]
andrij777: calls $0.02
igor6316: folds 
JugEars88: calls $0.02
h1_tech_1mba: folds 
Dorex2007: raises $0.04 to $0.06
Igor49570: folds 
TAPAKAH159: folds 
winterf351: folds 
andrij777: calls $0.04
JugEars88: calls $0.04
*** FLOP *** [Jd 2d 7c]
andrij777: bets $0.42 and is all-in
JugEars88: folds 
Dorex2007: folds 
Uncalled bet ($0.42) returned to andrij777
andrij777 collected $0.20 from pot
andrij777: doesn't show hand 
*** SUMMARY ***
Total pot $0.21 | Rake $0.01 
Board [Jd 2d 7c]
Seat 1: andrij777 collected ($0.20)
Seat 2: igor6316 folded before Flop (didn't bet)
Seat 3: JugEars88 folded on the Flop
Seat 4: h1_tech_1mba folded before Flop (didn't bet)
Seat 5: Dorex2007 folded on the Flop
Seat 6: Igor49570 (button) folded before Flop (didn't bet)
Seat 7: TAPAKAH159 (small blind) folded before Flop
Seat 9: winterf351 (big blind) folded before Flop



PokerStars Hand #229317986046:  Hold'em No Limit ($0.01/$0.02 USD) - 2021/08/24 23:19:01 PT [2021/08/25 2:19:01 ET]
Table 'Charis' 9-max Seat #7 is the button
Seat 1: andrij777 ($0.62 in chips) 
Seat 2: igor6316 ($0.80 in chips) 
Seat 3: JugEars88 ($1.54 in chips) 
Seat 4: h1_tech_1mba ($3.17 in chips) 
Seat 5: Dorex2007 ($2.50 in chips) 
Seat 6: Igor49570 ($1.08 in chips) 
Seat 7: TAPAKAH159 ($0.97 in chips) 
Seat 9: winterf351 ($0.70 in chips) 
winterf351: posts small blind $0.01
andrij777: posts big blind $0.02
*** HOLE CARDS ***
Dealt to Dorex2007 [4d 5s]
igor6316: folds 
JugEars88: raises $0.06 to $0.08
h1_tech_1mba: calls $0.08
Dorex2007: folds 
Igor49570: folds 
TAPAKAH159: folds 
winterf351: folds 
andrij777: folds 
*** FLOP *** [6s 2c Ts]
JugEars88: checks 
h1_tech_1mba: checks 
*** TURN *** [6s 2c Ts] [5h]
JugEars88: bets $0.09
h1_tech_1mba: folds 
Uncalled bet ($0.09) returned to JugEars88
JugEars88 collected $0.18 from pot
JugEars88: doesn't show hand 
*** SUMMARY ***
Total pot $0.19 | Rake $0.01 
Board [6s 2c Ts 5h]
Seat 1: andrij777 (big blind) folded before Flop
Seat 2: igor6316 folded before Flop (didn't bet)
Seat 3: JugEars88 collected ($0.18)
Seat 4: h1_tech_1mba folded on the Turn
Seat 5: Dorex2007 folded before Flop (didn't bet)
Seat 6: Igor49570 folded before Flop (didn't bet)
Seat 7: TAPAKAH159 (button) folded before Flop (didn't bet)
Seat 9: winterf351 (small blind) folded before Flop



PokerStars Hand #229317994595:  Hold'em No Limit ($0.01/$0.02 USD) - 2021/08/24 23:20:04 PT [2021/08/25 2:20:04 ET]
Table 'Charis' 9-max Seat #9 is the button
Seat 1: andrij777 ($0.60 in chips) 
Seat 2: igor6316 ($0.80 in chips) 
Seat 3: JugEars88 ($1.64 in chips) 
Seat 4: h1_tech_1mba ($3.09 in chips) 
Seat 5: Dorex2007 ($2.50 in chips) 
Seat 6: Igor49570 ($1.08 in chips) 
Seat 7: TAPAKAH159 ($0.97 in chips) 
Seat 8: PayInSek ($1.90 in chips) 
Seat 9: winterf351 ($0.69 in chips) 
andrij777: posts small blind $0.01
igor6316: posts big blind $0.02
PayInSek: posts small & big blinds $0.03
*** HOLE CARDS ***
Dealt to Dorex2007 [Qs 2h]
JugEars88: folds 
h1_tech_1mba: folds 
Dorex2007: folds 
Igor49570: folds 
TAPAKAH159: raises $0.04 to $0.06
PayInSek: folds 
winterf351: folds 
andrij777: folds 
igor6316: folds 
Uncalled bet ($0.04) returned to TAPAKAH159
TAPAKAH159 collected $0.08 from pot
TAPAKAH159: doesn't show hand 
*** SUMMARY ***
Total pot $0.08 | Rake $0 
Seat 1: andrij777 (small blind) folded before Flop
Seat 2: igor6316 (big blind) folded before Flop
Seat 3: JugEars88 folded before Flop (didn't bet)
Seat 4: h1_tech_1mba folded before Flop (didn't bet)
Seat 5: Dorex2007 folded before Flop (didn't bet)
Seat 6: Igor49570 folded before Flop (didn't bet)
Seat 7: TAPAKAH159 collected ($0.08)
Seat 8: PayInSek folded before Flop (didn't bet)
Seat 9: winterf351 (button) folded before Flop (didn't bet)



PokerStars Hand #229317997973:  Hold'em No Limit ($0.01/$0.02 USD) - 2021/08/24 23:20:28 PT [2021/08/25 2:20:28 ET]
Table 'Charis' 9-max Seat #1 is the button
Seat 1: andrij777 ($0.59 in chips) 
Seat 2: igor6316 ($0.78 in chips) 
Seat 3: JugEars88 ($1.64 in chips) 
Seat 4: h1_tech_1mba ($3.09 in chips) 
Seat 5: Dorex2007 ($2.50 in chips) 
Seat 6: Igor49570 ($1.08 in chips) 
Seat 7: TAPAKAH159 ($1.03 in chips) 
Seat 8: PayInSek ($1.87 in chips) 
Seat 9: winterf351 ($0.69 in chips) 
igor6316: posts small blind $0.01
JugEars88: posts big blind $0.02
*** HOLE CARDS ***
Dealt to Dorex2007 [Ah 4d]
h1_tech_1mba: folds 
Dorex2007: folds 
Igor49570: folds 
TAPAKAH159: folds 
PayInSek: folds 
winterf351: folds 
andrij777: folds 
igor6316: calls $0.01
JugEars88: checks 
*** FLOP *** [Kd 6h As]
igor6316: bets $0.02
JugEars88: folds 
Uncalled bet ($0.02) returned to igor6316
igor6316 collected $0.04 from pot
*** SUMMARY ***
Total pot $0.04 | Rake $0 
Board [Kd 6h As]
Seat 1: andrij777 (button) folded before Flop (didn't bet)
Seat 2: igor6316 (small blind) collected ($0.04)
Seat 3: JugEars88 (big blind) folded on the Flop
Seat 4: h1_tech_1mba folded before Flop (didn't bet)
Seat 5: Dorex2007 folded before Flop (didn't bet)
Seat 6: Igor49570 folded before Flop (didn't bet)
Seat 7: TAPAKAH159 folded before Flop (didn't bet)
Seat 8: PayInSek folded before Flop (didn't bet)
Seat 9: winterf351 folded before Flop (didn't bet)



PokerStars Hand #229318001419:  Hold'em No Limit ($0.01/$0.02 USD) - 2021/08/24 23:20:54 PT [2021/08/25 2:20:54 ET]
Table 'Charis' 9-max Seat #2 is the button
Seat 1: andrij777 ($0.59 in chips) 
Seat 2: igor6316 ($0.80 in chips) 
Seat 3: JugEars88 ($1.62 in chips) 
Seat 4: h1_tech_1mba ($3.09 in chips) 
Seat 5: Dorex2007 ($2.50 in chips) 
Seat 6: Igor49570 ($1.08 in chips) 
Seat 7: TAPAKAH159 ($1.03 in chips) 
Seat 8: PayInSek ($1.87 in chips) 
Seat 9: winterf351 ($0.69 in chips) 
JugEars88: posts small blind $0.01
h1_tech_1mba: posts big blind $0.02
*** HOLE CARDS ***
Dealt to Dorex2007 [As Qc]
Dorex2007: raises $0.04 to $0.06
Igor49570: folds 
TAPAKAH159: folds 
PayInSek: folds 
winterf351: calls $0.06
andrij777: calls $0.06
igor6316: folds 
JugEars88: folds 
h1_tech_1mba: folds 
*** FLOP *** [7h 5c Th]
Dorex2007: checks 
winterf351: bets $0.20
andrij777: folds 
Dorex2007: folds 
Uncalled bet ($0.20) returned to winterf351
winterf351 collected $0.20 from pot
*** SUMMARY ***
Total pot $0.21 | Rake $0.01 
Board [7h 5c Th]
Seat 1: andrij777 folded on the Flop
Seat 2: igor6316 (button) folded before Flop (didn't bet)
Seat 3: JugEars88 (small blind) folded before Flop
Seat 4: h1_tech_1mba (big blind) folded before Flop
Seat 5: Dorex2007 folded on the Flop
Seat 6: Igor49570 folded before Flop (didn't bet)
Seat 7: TAPAKAH159 folded before Flop (didn't bet)
Seat 8: PayInSek folded before Flop (didn't bet)
Seat 9: winterf351 collected ($0.20)



PokerStars Hand #229318006548:  Hold'em No Limit ($0.01/$0.02 USD) - 2021/08/24 23:21:31 PT [2021/08/25 2:21:31 ET]
Table 'Charis' 9-max Seat #3 is the button
Seat 1: andrij777 ($0.53 in chips) 
Seat 2: igor6316 ($0.80 in chips) 
Seat 3: JugEars88 ($1.61 in chips) 
Seat 4: h1_tech_1mba ($3.07 in chips) 
Seat 5: Dorex2007 ($2.44 in chips) 
Seat 6: Igor49570 ($1.08 in chips) 
Seat 7: TAPAKAH159 ($1.03 in chips) 
Seat 8: PayInSek ($1.87 in chips) 
Seat 9: winterf351 ($0.83 in chips) 
h1_tech_1mba: posts small blind $0.01
Dorex2007: posts big blind $0.02
*** HOLE CARDS ***
Dealt to Dorex2007 [4d 6c]
Igor49570: folds 
TAPAKAH159: folds 
PayInSek: folds 
winterf351: folds 
andrij777: folds 
igor6316: folds 
JugEars88: folds 
h1_tech_1mba: raises $0.04 to $0.06
Dorex2007: folds 
Uncalled bet ($0.04) returned to h1_tech_1mba
h1_tech_1mba collected $0.04 from pot
h1_tech_1mba: doesn't show hand 
*** SUMMARY ***
Total pot $0.04 | Rake $0 
Seat 1: andrij777 folded before Flop (didn't bet)
Seat 2: igor6316 folded before Flop (didn't bet)
Seat 3: JugEars88 (button) folded before Flop (didn't bet)
Seat 4: h1_tech_1mba (small blind) collected ($0.04)
Seat 5: Dorex2007 (big blind) folded before Flop
Seat 6: Igor49570 folded before Flop (didn't bet)
Seat 7: TAPAKAH159 folded before Flop (didn't bet)
Seat 8: PayInSek folded before Flop (didn't bet)
Seat 9: winterf351 folded before Flop (didn't bet)



PokerStars Hand #229318011393:  Hold'em No Limit ($0.01/$0.02 USD) - 2021/08/24 23:22:06 PT [2021/08/25 2:22:06 ET]
Table 'Charis' 9-max Seat #4 is the button
Seat 1: andrij777 ($0.53 in chips) 
Seat 2: igor6316 ($0.80 in chips) 
Seat 3: JugEars88 ($1.61 in chips) 
Seat 4: h1_tech_1mba ($3.09 in chips) 
Seat 5: Dorex2007 ($2.42 in chips) 
Seat 6: Igor49570 ($1.08 in chips) 
Seat 7: TAPAKAH159 ($1.03 in chips) 
Seat 8: PayInSek ($1.87 in chips) 
Seat 9: winterf351 ($0.83 in chips) 
Dorex2007: posts small blind $0.01
Igor49570: posts big blind $0.02
*** HOLE CARDS ***
Dealt to Dorex2007 [9s 7h]
TAPAKAH159: folds 
PayInSek: folds 
winterf351: folds 
andrij777: folds 
igor6316: folds 
JugEars88: folds 
h1_tech_1mba: raises $0.03 to $0.05
Dorex2007: folds 
Igor49570: calls $0.03
*** FLOP *** [2s 9d Ks]
Igor49570: checks 
h1_tech_1mba: bets $0.05
Igor49570: folds 
Uncalled bet ($0.05) returned to h1_tech_1mba
h1_tech_1mba collected $0.11 from pot
h1_tech_1mba: doesn't show hand 
*** SUMMARY ***
Total pot $0.11 | Rake $0 
Board [2s 9d Ks]
Seat 1: andrij777 folded before Flop (didn't bet)
Seat 2: igor6316 folded before Flop (didn't bet)
Seat 3: JugEars88 folded before Flop (didn't bet)
Seat 4: h1_tech_1mba (button) collected ($0.11)
Seat 5: Dorex2007 (small blind) folded before Flop
Seat 6: Igor49570 (big blind) folded on the Flop
Seat 7: TAPAKAH159 folded before Flop (didn't bet)
Seat 8: PayInSek folded before Flop (didn't bet)
Seat 9: winterf351 folded before Flop (didn't bet)



PokerStars Hand #229318016391:  Hold'em No Limit ($0.01/$0.02 USD) - 2021/08/24 23:22:43 PT [2021/08/25 2:22:43 ET]
Table 'Charis' 9-max Seat #5 is the button
Seat 1: andrij777 ($0.53 in chips) 
Seat 2: igor6316 ($0.80 in chips) 
Seat 3: JugEars88 ($1.61 in chips) 
Seat 4: h1_tech_1mba ($3.15 in chips) 
Seat 5: Dorex2007 ($2.41 in chips) 
Seat 6: Igor49570 ($1.03 in chips) 
Seat 8: PayInSek ($1.87 in chips) 
Seat 9: winterf351 ($0.83 in chips) 
Igor49570: posts small blind $0.01
TAPAKAH159: is sitting out 
PayInSek: posts big blind $0.02
*** HOLE CARDS ***
Dealt to Dorex2007 [Qc 2d]
winterf351: folds 
andrij777: folds 
igor6316: folds 
JugEars88: folds 
h1_tech_1mba: folds 
Dorex2007: folds 
Igor49570: raises $0.04 to $0.06
PayInSek: folds 
Uncalled bet ($0.04) returned to Igor49570
Igor49570 collected $0.04 from pot
Igor49570: doesn't show hand 
*** SUMMARY ***
Total pot $0.04 | Rake $0 
Seat 1: andrij777 folded before Flop (didn't bet)
Seat 2: igor6316 folded before Flop (didn't bet)
Seat 3: JugEars88 folded before Flop (didn't bet)
Seat 4: h1_tech_1mba folded before Flop (didn't bet)
Seat 5: Dorex2007 (button) folded before Flop (didn't bet)
Seat 6: Igor49570 (small blind) collected ($0.04)
Seat 8: PayInSek (big blind) folded before Flop
Seat 9: winterf351 folded before Flop (didn't bet)



PokerStars Hand #229318019859:  Hold'em No Limit ($0.01/$0.02 USD) - 2021/08/24 23:23:09 PT [2021/08/25 2:23:09 ET]
Table 'Charis' 9-max Seat #6 is the button
Seat 1: andrij777 ($0.53 in chips) 
Seat 2: igor6316 ($0.80 in chips) 
Seat 3: JugEars88 ($1.61 in chips) 
Seat 4: h1_tech_1mba ($3.15 in chips) 
Seat 5: Dorex2007 ($2.41 in chips) 
Seat 6: Igor49570 ($1.05 in chips) 
Seat 8: PayInSek ($1.85 in chips) 
Seat 9: winterf351 ($0.83 in chips) 
PayInSek: posts small blind $0.01
winterf351: posts big blind $0.02
*** HOLE CARDS ***
Dealt to Dorex2007 [5d Ks]
andrij777: folds 
igor6316: folds 
JugEars88: raises $0.04 to $0.06
h1_tech_1mba: folds 
Dorex2007: folds 
Igor49570: folds 
PayInSek: folds 
winterf351: folds 
Uncalled bet ($0.04) returned to JugEars88
JugEars88 collected $0.05 from pot
JugEars88: doesn't show hand 
*** SUMMARY ***
Total pot $0.05 | Rake $0 
Seat 1: andrij777 folded before Flop (didn't bet)
Seat 2: igor6316 folded before Flop (didn't bet)
Seat 3: JugEars88 collected ($0.05)
Seat 4: h1_tech_1mba folded before Flop (didn't bet)
Seat 5: Dorex2007 folded before Flop (didn't bet)
Seat 6: Igor49570 (button) folded before Flop (didn't bet)
Seat 8: PayInSek (small blind) folded before Flop
Seat 9: winterf351 (big blind) folded before Flop



PokerStars Hand #229318022826:  Hold'em No Limit ($0.01/$0.02 USD) - 2021/08/24 23:23:30 PT [2021/08/25 2:23:30 ET]
Table 'Charis' 9-max Seat #8 is the button
Seat 1: andrij777 ($0.53 in chips) 
Seat 2: igor6316 ($0.80 in chips) 
Seat 3: JugEars88 ($1.64 in chips) 
Seat 4: h1_tech_1mba ($3.15 in chips) 
Seat 5: Dorex2007 ($2.41 in chips) 
Seat 6: Igor49570 ($1.05 in chips) 
Seat 7: TAPAKAH159 ($1.03 in chips) 
Seat 8: PayInSek ($1.84 in chips) 
Seat 9: winterf351 ($0.81 in chips) 
winterf351: posts small blind $0.01
andrij777: posts big blind $0.02
TAPAKAH159: posts small & big blinds $0.03
*** HOLE CARDS ***
Dealt to Dorex2007 [2h Ah]
igor6316: folds 
JugEars88: folds 
h1_tech_1mba: folds 
Dorex2007: raises $0.04 to $0.06
Igor49570: folds 
TAPAKAH159: folds 
PayInSek: folds 
winterf351: folds 
andrij777: folds 
Uncalled bet ($0.04) returned to Dorex2007
Dorex2007 collected $0.08 from pot
Dorex2007: doesn't show hand 
*** SUMMARY ***
Total pot $0.08 | Rake $0 
Seat 1: andrij777 (big blind) folded before Flop
Seat 2: igor6316 folded before Flop (didn't bet)
Seat 3: JugEars88 folded before Flop (didn't bet)
Seat 4: h1_tech_1mba folded before Flop (didn't bet)
Seat 5: Dorex2007 collected ($0.08)
Seat 6: Igor49570 folded before Flop (didn't bet)
Seat 7: TAPAKAH159 folded before Flop (didn't bet)
Seat 8: PayInSek (button) folded before Flop (didn't bet)
Seat 9: winterf351 (small blind) folded before Flop



PokerStars Hand #229318025483:  Hold'em No Limit ($0.01/$0.02 USD) - 2021/08/24 23:23:50 PT [2021/08/25 2:23:50 ET]
Table 'Charis' 9-max Seat #9 is the button
Seat 1: andrij777 ($0.51 in chips) 
Seat 2: igor6316 ($0.80 in chips) 
Seat 3: JugEars88 ($1.64 in chips) 
Seat 4: h1_tech_1mba ($3.15 in chips) 
Seat 5: Dorex2007 ($2.47 in chips) 
Seat 6: Igor49570 ($1.05 in chips) 
Seat 7: TAPAKAH159 ($1 in chips) 
Seat 8: PayInSek ($1.84 in chips) 
Seat 9: winterf351 ($0.80 in chips) 
andrij777: posts small blind $0.01
igor6316: posts big blind $0.02
*** HOLE CARDS ***
Dealt to Dorex2007 [3d 4c]
JugEars88: folds 
h1_tech_1mba: folds 
Dorex2007: folds 
Igor49570: raises $0.04 to $0.06
TAPAKAH159: folds 
PayInSek: folds 
winterf351: folds 
andrij777: calls $0.05
igor6316: folds 
*** FLOP *** [Ks 2c Qh]
andrij777: checks 
Igor49570: bets $0.11
andrij777: folds 
Uncalled bet ($0.11) returned to Igor49570
Igor49570 collected $0.14 from pot
Igor49570: doesn't show hand 
*** SUMMARY ***
Total pot $0.14 | Rake $0 
Board [Ks 2c Qh]
Seat 1: andrij777 (small blind) folded on the Flop
Seat 2: igor6316 (big blind) folded before Flop
Seat 3: JugEars88 folded before Flop (didn't bet)
Seat 4: h1_tech_1mba folded before Flop (didn't bet)
Seat 5: Dorex2007 folded before Flop (didn't bet)
Seat 6: Igor49570 collected ($0.14)
Seat 7: TAPAKAH159 folded before Flop (didn't bet)
Seat 8: PayInSek folded before Flop (didn't bet)
Seat 9: winterf351 (button) folded before Flop (didn't bet)



PokerStars Hand #229318029734:  Hold'em No Limit ($0.01/$0.02 USD) - 2021/08/24 23:24:21 PT [2021/08/25 2:24:21 ET]
Table 'Charis' 9-max Seat #1 is the button
Seat 1: andrij777 ($0.45 in chips) 
Seat 2: igor6316 ($0.78 in chips) 
Seat 4: h1_tech_1mba ($3.15 in chips) 
Seat 5: Dorex2007 ($2.47 in chips) 
Seat 6: Igor49570 ($1.13 in chips) 
Seat 7: TAPAKAH159 ($1 in chips) 
Seat 8: PayInSek ($1.84 in chips) 
Seat 9: winterf351 ($0.80 in chips) 
igor6316: posts small blind $0.01
JugEars88: is sitting out 
h1_tech_1mba: posts big blind $0.02
*** HOLE CARDS ***
Dealt to Dorex2007 [Ad 5s]
Dorex2007: folds 
Igor49570: folds 
TAPAKAH159: folds 
PayInSek: folds 
winterf351: folds 
andrij777: folds 
igor6316: calls $0.01
h1_tech_1mba: checks 
*** FLOP *** [4c 7h 5d]
JugEars88 leaves the table
igor6316: checks 
h1_tech_1mba: bets $0.04
vagoneta16 joins the table at seat #3 
igor6316: folds 
Uncalled bet ($0.04) returned to h1_tech_1mba
h1_tech_1mba collected $0.04 from pot
h1_tech_1mba: doesn't show hand 
*** SUMMARY ***
Total pot $0.04 | Rake $0 
Board [4c 7h 5d]
Seat 1: andrij777 (button) folded before Flop (didn't bet)
Seat 2: igor6316 (small blind) folded on the Flop
Seat 4: h1_tech_1mba (big blind) collected ($0.04)
Seat 5: Dorex2007 folded before Flop (didn't bet)
Seat 6: Igor49570 folded before Flop (didn't bet)
Seat 7: TAPAKAH159 folded before Flop (didn't bet)
Seat 8: PayInSek folded before Flop (didn't bet)
Seat 9: winterf351 folded before Flop (didn't bet)



PokerStars Hand #229318033879:  Hold'em No Limit ($0.01/$0.02 USD) - 2021/08/24 23:24:51 PT [2021/08/25 2:24:51 ET]
Table 'Charis' 9-max Seat #2 is the button
Seat 1: andrij777 ($0.45 in chips) 
Seat 2: igor6316 ($0.76 in chips) 
Seat 4: h1_tech_1mba ($3.17 in chips) 
Seat 5: Dorex2007 ($2.47 in chips) 
Seat 6: Igor49570 ($1.13 in chips) 
Seat 7: TAPAKAH159 ($1 in chips) 
Seat 8: PayInSek ($1.84 in chips) 
Seat 9: winterf351 ($0.80 in chips) 
h1_tech_1mba: posts small blind $0.01
Dorex2007: posts big blind $0.02
*** HOLE CARDS ***
Dealt to Dorex2007 [9d 2c]
Igor49570: folds 
TAPAKAH159: raises $0.04 to $0.06
PayInSek: folds 
winterf351: folds 
andrij777: folds 
igor6316: folds 
h1_tech_1mba: folds 
Dorex2007: folds 
Uncalled bet ($0.04) returned to TAPAKAH159
TAPAKAH159 collected $0.05 from pot
TAPAKAH159: doesn't show hand 
*** SUMMARY ***
Total pot $0.05 | Rake $0 
Seat 1: andrij777 folded before Flop (didn't bet)
Seat 2: igor6316 (button) folded before Flop (didn't bet)
Seat 4: h1_tech_1mba (small blind) folded before Flop
Seat 5: Dorex2007 (big blind) folded before Flop
Seat 6: Igor49570 folded before Flop (didn't bet)
Seat 7: TAPAKAH159 collected ($0.05)
Seat 8: PayInSek folded before Flop (didn't bet)
Seat 9: winterf351 folded before Flop (didn't bet)



PokerStars Hand #229318036159:  Hold'em No Limit ($0.01/$0.02 USD) - 2021/08/24 23:25:08 PT [2021/08/25 2:25:08 ET]
Table 'Charis' 9-max Seat #4 is the button
Seat 1: andrij777 ($0.45 in chips) 
Seat 2: igor6316 ($0.76 in chips) 
Seat 4: h1_tech_1mba ($3.16 in chips) 
Seat 5: Dorex2007 ($2.45 in chips) 
Seat 6: Igor49570 ($1.13 in chips) 
Seat 7: TAPAKAH159 ($1.03 in chips) 
Seat 8: PayInSek ($1.84 in chips) 
Seat 9: winterf351 ($0.80 in chips) 
Dorex2007: posts small blind $0.01
Igor49570: posts big blind $0.02
vagoneta16: sits out 
*** HOLE CARDS ***
Dealt to Dorex2007 [Th Js]
TAPAKAH159: folds 
PayInSek: folds 
winterf351: raises $0.04 to $0.06
andrij777: folds 
igor6316: folds 
h1_tech_1mba: folds 
Dorex2007: folds 
Igor49570: calls $0.04
*** FLOP *** [8d 6c 4c]
Igor49570: checks 
winterf351: bets $0.08
Igor49570: folds 
Uncalled bet ($0.08) returned to winterf351
winterf351 collected $0.13 from pot
*** SUMMARY ***
Total pot $0.13 | Rake $0 
Board [8d 6c 4c]
Seat 1: andrij777 folded before Flop (didn't bet)
Seat 2: igor6316 folded before Flop (didn't bet)
Seat 4: h1_tech_1mba (button) folded before Flop (didn't bet)
Seat 5: Dorex2007 (small blind) folded before Flop
Seat 6: Igor49570 (big blind) folded on the Flop
Seat 7: TAPAKAH159 folded before Flop (didn't bet)
Seat 8: PayInSek folded before Flop (didn't bet)
Seat 9: winterf351 collected ($0.13)



PokerStars Hand #229318040408:  Hold'em No Limit ($0.01/$0.02 USD) - 2021/08/24 23:25:39 PT [2021/08/25 2:25:39 ET]
Table 'Charis' 9-max Seat #5 is the button
Seat 1: andrij777 ($0.45 in chips) 
Seat 2: igor6316 ($0.76 in chips) 
Seat 4: h1_tech_1mba ($3.16 in chips) 
Seat 5: Dorex2007 ($2.44 in chips) 
Seat 6: Igor49570 ($1.07 in chips) 
Seat 8: PayInSek ($1.84 in chips) 
Seat 9: winterf351 ($0.87 in chips) 
Igor49570: posts small blind $0.01
TAPAKAH159: is sitting out 
PayInSek: posts big blind $0.02
vagoneta16: sits out 
*** HOLE CARDS ***
Dealt to Dorex2007 [2h 3d]
winterf351: calls $0.02
andrij777: folds 
igor6316: folds 
h1_tech_1mba: folds 
Dorex2007: folds 
Igor49570: folds 
PayInSek: checks 
*** FLOP *** [7h 8d 5d]
PayInSek: checks 
winterf351: checks 
*** TURN *** [7h 8d 5d] [6c]
PayInSek: bets $0.02
winterf351: folds 
Uncalled bet ($0.02) returned to PayInSek
PayInSek collected $0.05 from pot
PayInSek: doesn't show hand 
*** SUMMARY ***
Total pot $0.05 | Rake $0 
Board [7h 8d 5d 6c]
Seat 1: andrij777 folded before Flop (didn't bet)
Seat 2: igor6316 folded before Flop (didn't bet)
Seat 4: h1_tech_1mba folded before Flop (didn't bet)
Seat 5: Dorex2007 (button) folded before Flop (didn't bet)
Seat 6: Igor49570 (small blind) folded before Flop
Seat 8: PayInSek (big blind) collected ($0.05)
Seat 9: winterf351 folded on the Turn



PokerStars Hand #229318045062:  Hold'em No Limit ($0.01/$0.02 USD) - 2021/08/24 23:26:13 PT [2021/08/25 2:26:13 ET]
Table 'Charis' 9-max Seat #6 is the button
Seat 1: andrij777 ($0.45 in chips) 
Seat 2: igor6316 ($0.76 in chips) 
Seat 4: h1_tech_1mba ($3.16 in chips) 
Seat 5: Dorex2007 ($2.44 in chips) 
Seat 6: Igor49570 ($1.06 in chips) 
Seat 8: PayInSek ($1.87 in chips) 
Seat 9: winterf351 ($0.85 in chips) 
PayInSek: posts small blind $0.01
winterf351: posts big blind $0.02
vagoneta16: sits out 
*** HOLE CARDS ***
Dealt to Dorex2007 [4s Kc]
andrij777: folds 
igor6316: folds 
h1_tech_1mba: folds 
Dorex2007: folds 
Igor49570: raises $0.04 to $0.06
PayInSek: folds 
winterf351: folds 
Uncalled bet ($0.04) returned to Igor49570
Igor49570 collected $0.05 from pot
Igor49570: doesn't show hand 
*** SUMMARY ***
Total pot $0.05 | Rake $0 
Seat 1: andrij777 folded before Flop (didn't bet)
Seat 2: igor6316 folded before Flop (didn't bet)
Seat 4: h1_tech_1mba folded before Flop (didn't bet)
Seat 5: Dorex2007 folded before Flop (didn't bet)
Seat 6: Igor49570 (button) collected ($0.05)
Seat 8: PayInSek (small blind) folded before Flop
Seat 9: winterf351 (big blind) folded before Flop



PokerStars Hand #229318047372:  Hold'em No Limit ($0.01/$0.02 USD) - 2021/08/24 23:26:31 PT [2021/08/25 2:26:31 ET]
Table 'Charis' 9-max Seat #8 is the button
Seat 1: andrij777 ($0.45 in chips) 
Seat 2: igor6316 ($0.76 in chips) 
Seat 4: h1_tech_1mba ($3.16 in chips) 
Seat 5: Dorex2007 ($2.44 in chips) 
Seat 6: Igor49570 ($1.09 in chips) 
Seat 7: TAPAKAH159 ($1.03 in chips) 
Seat 8: PayInSek ($1.86 in chips) 
Seat 9: winterf351 ($0.83 in chips) 
winterf351: posts small blind $0.01
andrij777: posts big blind $0.02
vagoneta16: sits out 
TAPAKAH159: posts small & big blinds $0.03
*** HOLE CARDS ***
Dealt to Dorex2007 [7d 2h]
igor6316: folds 
h1_tech_1mba: folds 
Dorex2007: folds 
Igor49570: raises $0.06 to $0.08
TAPAKAH159: folds 
PayInSek: folds 
winterf351: folds 
andrij777: folds 
Uncalled bet ($0.06) returned to Igor49570
Igor49570 collected $0.08 from pot
Igor49570: doesn't show hand 
*** SUMMARY ***
Total pot $0.08 | Rake $0 
Seat 1: andrij777 (big blind) folded before Flop
Seat 2: igor6316 folded before Flop (didn't bet)
Seat 4: h1_tech_1mba folded before Flop (didn't bet)
Seat 5: Dorex2007 folded before Flop (didn't bet)
Seat 6: Igor49570 collected ($0.08)
Seat 7: TAPAKAH159 folded before Flop (didn't bet)
Seat 8: PayInSek (button) folded before Flop (didn't bet)
Seat 9: winterf351 (small blind) folded before Flop



PokerStars Hand #229318050052:  Hold'em No Limit ($0.01/$0.02 USD) - 2021/08/24 23:26:51 PT [2021/08/25 2:26:51 ET]
Table 'Charis' 9-max Seat #9 is the button
Seat 1: andrij777 ($0.43 in chips) 
Seat 2: igor6316 ($0.76 in chips) 
Seat 4: h1_tech_1mba ($3.16 in chips) 
Seat 5: Dorex2007 ($2.44 in chips) 
Seat 6: Igor49570 ($1.15 in chips) 
Seat 7: TAPAKAH159 ($1 in chips) 
Seat 8: PayInSek ($1.86 in chips) 
Seat 9: winterf351 ($0.82 in chips) 
andrij777: posts small blind $0.01
igor6316: posts big blind $0.02
vagoneta16: sits out 
*** HOLE CARDS ***
Dealt to Dorex2007 [7c 3d]
h1_tech_1mba: folds 
Dorex2007: folds 
Igor49570: folds 
h1_tech_1mba leaves the table
TAPAKAH159: folds 
PayInSek: raises $0.04 to $0.06
winterf351: folds 
andrij777: calls $0.05
igor6316: folds 
*** FLOP *** [6d Kc 9h]
andrij777: bets $0.02
PayInSek: folds 
Uncalled bet ($0.02) returned to andrij777
andrij777 collected $0.14 from pot
andrij777: doesn't show hand 
*** SUMMARY ***
Total pot $0.14 | Rake $0 
Board [6d Kc 9h]
Seat 1: andrij777 (small blind) collected ($0.14)
Seat 2: igor6316 (big blind) folded before Flop
Seat 4: h1_tech_1mba folded before Flop (didn't bet)
Seat 5: Dorex2007 folded before Flop (didn't bet)
Seat 6: Igor49570 folded before Flop (didn't bet)
Seat 7: TAPAKAH159 folded before Flop (didn't bet)
Seat 8: PayInSek folded on the Flop
Seat 9: winterf351 (button) folded before Flop (didn't bet)



PokerStars Hand #229318053827:  Hold'em No Limit ($0.01/$0.02 USD) - 2021/08/24 23:27:19 PT [2021/08/25 2:27:19 ET]
Table 'Charis' 9-max Seat #1 is the button
Seat 1: andrij777 ($0.51 in chips) 
Seat 2: igor6316 ($0.74 in chips) 
Seat 3: vagoneta16 ($2 in chips) 
Seat 5: Dorex2007 ($2.44 in chips) 
Seat 6: Igor49570 ($1.15 in chips) 
Seat 7: TAPAKAH159 ($1 in chips) 
Seat 8: PayInSek ($1.80 in chips) 
Seat 9: winterf351 ($0.82 in chips) 
igor6316: posts small blind $0.01
vagoneta16: posts big blind $0.02
*** HOLE CARDS ***
Dealt to Dorex2007 [Jh 3h]
Dorex2007: folds 
Igor49570: folds 
TAPAKAH159: folds 
PayInSek: folds 
winterf351: folds 
andrij777: calls $0.02
igor6316: calls $0.01
vagoneta16: checks 
*** FLOP *** [5s 9c 8c]
ivs888 joins the table at seat #4 
igor6316: bets $0.02
vagoneta16: raises $0.05 to $0.07
andrij777: folds 
igor6316: folds 
Uncalled bet ($0.05) returned to vagoneta16
vagoneta16 collected $0.10 from pot
vagoneta16: doesn't show hand 
*** SUMMARY ***
Total pot $0.10 | Rake $0 
Board [5s 9c 8c]
Seat 1: andrij777 (button) folded on the Flop
Seat 2: igor6316 (small blind) folded on the Flop
Seat 3: vagoneta16 (big blind) collected ($0.10)
Seat 5: Dorex2007 folded before Flop (didn't bet)
Seat 6: Igor49570 folded before Flop (didn't bet)
Seat 7: TAPAKAH159 folded before Flop (didn't bet)
Seat 8: PayInSek folded before Flop (didn't bet)
Seat 9: winterf351 folded before Flop (didn't bet)



PokerStars Hand #229318058519:  Hold'em No Limit ($0.01/$0.02 USD) - 2021/08/24 23:27:54 PT [2021/08/25 2:27:54 ET]
Table 'Charis' 9-max Seat #2 is the button
Seat 1: andrij777 ($0.49 in chips) 
Seat 2: igor6316 ($0.70 in chips) 
Seat 3: vagoneta16 ($2.06 in chips) 
Seat 4: ivs888 ($2 in chips) 
Seat 5: Dorex2007 ($2.44 in chips) 
Seat 6: Igor49570 ($1.15 in chips) 
Seat 7: TAPAKAH159 ($1 in chips) 
Seat 8: PayInSek ($1.80 in chips) 
Seat 9: winterf351 ($0.82 in chips) 
vagoneta16: posts small blind $0.01
ivs888: posts big blind $0.02
*** HOLE CARDS ***
Dealt to Dorex2007 [Ac Ah]
Dorex2007: raises $0.02 to $0.04
Igor49570: folds 
TAPAKAH159: folds 
PayInSek: folds 
winterf351: folds 
andrij777: folds 
igor6316: folds 
vagoneta16: calls $0.03
ivs888: folds 
*** FLOP *** [As 2h 4d]
vagoneta16: checks 
Dorex2007: checks 
*** TURN *** [As 2h 4d] [5h]
vagoneta16: bets $0.05
Dorex2007: calls $0.05
*** RIVER *** [As 2h 4d 5h] [9h]
vagoneta16: checks 
Dorex2007: bets $0.13
vagoneta16: folds 
Uncalled bet ($0.13) returned to Dorex2007
Dorex2007 collected $0.19 from pot
Dorex2007: doesn't show hand 
*** SUMMARY ***
Total pot $0.20 | Rake $0.01 
Board [As 2h 4d 5h 9h]
Seat 1: andrij777 folded before Flop (didn't bet)
Seat 2: igor6316 (button) folded before Flop (didn't bet)
Seat 3: vagoneta16 (small blind) folded on the River
Seat 4: ivs888 (big blind) folded before Flop
Seat 5: Dorex2007 collected ($0.19)
Seat 6: Igor49570 folded before Flop (didn't bet)
Seat 7: TAPAKAH159 folded before Flop (didn't bet)
Seat 8: PayInSek folded before Flop (didn't bet)
Seat 9: winterf351 folded before Flop (didn't bet)



PokerStars Hand #229318064712:  Hold'em No Limit ($0.01/$0.02 USD) - 2021/08/24 23:28:39 PT [2021/08/25 2:28:39 ET]
Table 'Charis' 9-max Seat #3 is the button
Seat 1: andrij777 ($0.49 in chips) 
Seat 2: igor6316 ($0.70 in chips) 
Seat 3: vagoneta16 ($2 in chips) 
Seat 4: ivs888 ($2 in chips) 
Seat 5: Dorex2007 ($2.54 in chips) 
Seat 6: Igor49570 ($1.15 in chips) 
Seat 7: TAPAKAH159 ($1 in chips) 
Seat 8: PayInSek ($1.80 in chips) 
Seat 9: winterf351 ($0.82 in chips) 
ivs888: posts small blind $0.01
Dorex2007: posts big blind $0.02
*** HOLE CARDS ***
Dealt to Dorex2007 [5s 5d]
Igor49570: folds 
TAPAKAH159: folds 
PayInSek: folds 
winterf351: folds 
andrij777: calls $0.02
igor6316: folds 
vagoneta16: raises $0.04 to $0.06
ivs888: folds 
Dorex2007: calls $0.04
andrij777: folds 
*** FLOP *** [8d Tc Qs]
Dorex2007: checks 
vagoneta16: bets $0.07
Dorex2007: folds 
Uncalled bet ($0.07) returned to vagoneta16
vagoneta16 collected $0.14 from pot
vagoneta16: doesn't show hand 
*** SUMMARY ***
Total pot $0.15 | Rake $0.01 
Board [8d Tc Qs]
Seat 1: andrij777 folded before Flop
Seat 2: igor6316 folded before Flop (didn't bet)
Seat 3: vagoneta16 (button) collected ($0.14)
Seat 4: ivs888 (small blind) folded before Flop
Seat 5: Dorex2007 (big blind) folded on the Flop
Seat 6: Igor49570 folded before Flop (didn't bet)
Seat 7: TAPAKAH159 folded before Flop (didn't bet)
Seat 8: PayInSek folded before Flop (didn't bet)
Seat 9: winterf351 folded before Flop (didn't bet)



PokerStars Hand #229318068707:  Hold'em No Limit ($0.01/$0.02 USD) - 2021/08/24 23:29:08 PT [2021/08/25 2:29:08 ET]
Table 'Charis' 9-max Seat #4 is the button
Seat 1: andrij777 ($0.47 in chips) 
Seat 2: igor6316 ($0.70 in chips) 
Seat 3: vagoneta16 ($2.08 in chips) 
Seat 4: ivs888 ($2 in chips) 
Seat 5: Dorex2007 ($2.48 in chips) 
Seat 8: PayInSek ($1.80 in chips) 
Seat 9: winterf351 ($0.82 in chips) 
Dorex2007: posts small blind $0.01
Igor49570: is sitting out 
TAPAKAH159: is sitting out 
PayInSek: posts big blind $0.02
*** HOLE CARDS ***
Dealt to Dorex2007 [Qc Qd]
winterf351: folds 
andrij777: calls $0.02
igor6316: folds 
TAPAKAH159 leaves the table
vagoneta16: calls $0.02
ivs888: folds 
Dorex2007: raises $0.08 to $0.10
PayInSek: folds 
andrij777: folds 
vagoneta16: calls $0.08
*** FLOP *** [4h 5c 3h]
Dorex2007: bets $0.23
vagoneta16: folds 
Uncalled bet ($0.23) returned to Dorex2007
sansisbai joins the table at seat #7 
Dorex2007 collected $0.23 from pot
Dorex2007: doesn't show hand 
*** SUMMARY ***
Total pot $0.24 | Rake $0.01 
Board [4h 5c 3h]
Seat 1: andrij777 folded before Flop
Seat 2: igor6316 folded before Flop (didn't bet)
Seat 3: vagoneta16 folded on the Flop
Seat 4: ivs888 (button) folded before Flop (didn't bet)
Seat 5: Dorex2007 (small blind) collected ($0.23)
Seat 8: PayInSek (big blind) folded before Flop
Seat 9: winterf351 folded before Flop (didn't bet)



PokerStars Hand #229318080808:  Hold'em No Limit ($0.01/$0.02 USD) - 2021/08/24 23:29:42 PT [2021/08/25 2:29:42 ET]
Table 'Charis' 9-max Seat #5 is the button
Seat 1: andrij777 ($0.45 in chips) 
Seat 2: igor6316 ($0.70 in chips) 
Seat 3: vagoneta16 ($2 in chips) 
Seat 4: ivs888 ($2 in chips) 
Seat 5: Dorex2007 ($2.61 in chips) 
Seat 8: PayInSek ($1.78 in chips) 
Seat 9: winterf351 ($0.82 in chips) 
PayInSek: posts small blind $0.01
winterf351: posts big blind $0.02
*** HOLE CARDS ***
Dealt to Dorex2007 [7s Ts]
andrij777: folds 
igor6316: folds 
vagoneta16: folds 
ivs888: folds 
Dorex2007: folds 
PayInSek: calls $0.01
winterf351: checks 
*** FLOP *** [Qs 7h 6c]
PayInSek: checks 
winterf351: checks 
*** TURN *** [Qs 7h 6c] [4h]
PayInSek: checks 
winterf351: bets $0.04
PayInSek: folds 
Uncalled bet ($0.04) returned to winterf351
winterf351 collected $0.04 from pot
*** SUMMARY ***
Total pot $0.04 | Rake $0 
Board [Qs 7h 6c 4h]
Seat 1: andrij777 folded before Flop (didn't bet)
Seat 2: igor6316 folded before Flop (didn't bet)
Seat 3: vagoneta16 folded before Flop (didn't bet)
Seat 4: ivs888 folded before Flop (didn't bet)
Seat 5: Dorex2007 (button) folded before Flop (didn't bet)
Seat 8: PayInSek (small blind) folded on the Turn
Seat 9: winterf351 (big blind) collected ($0.04)



PokerStars Hand #229318084931:  Hold'em No Limit ($0.01/$0.02 USD) - 2021/08/24 23:30:12 PT [2021/08/25 2:30:12 ET]
Table 'Charis' 9-max Seat #8 is the button
Seat 1: andrij777 ($0.45 in chips) 
Seat 2: igor6316 ($0.70 in chips) 
Seat 3: vagoneta16 ($2 in chips) 
Seat 4: ivs888 ($2 in chips) 
Seat 5: Dorex2007 ($2.61 in chips) 
Seat 7: sansisbai ($2 in chips) 
Seat 8: PayInSek ($1.76 in chips) 
Seat 9: winterf351 ($0.84 in chips) 
winterf351: posts small blind $0.01
andrij777: posts big blind $0.02
sansisbai: posts big blind $0.02
*** HOLE CARDS ***
Dealt to Dorex2007 [4s Kh]
igor6316: folds 
vagoneta16: folds 
ivs888: folds 
Dorex2007: folds 
sansisbai: checks 
PayInSek: folds 
winterf351: folds 
andrij777: checks 
*** FLOP *** [9s 3s Qd]
andrij777: checks 
sansisbai: checks 
*** TURN *** [9s 3s Qd] [Ac]
andrij777: checks 
sansisbai: bets $0.05
andrij777: folds 
Uncalled bet ($0.05) returned to sansisbai
sansisbai collected $0.05 from pot
sansisbai: doesn't show hand 
*** SUMMARY ***
Total pot $0.05 | Rake $0 
Board [9s 3s Qd Ac]
Seat 1: andrij777 (big blind) folded on the Turn
Seat 2: igor6316 folded before Flop (didn't bet)
Seat 3: vagoneta16 folded before Flop (didn't bet)
Seat 4: ivs888 folded before Flop (didn't bet)
Seat 5: Dorex2007 folded before Flop (didn't bet)
Seat 7: sansisbai collected ($0.05)
Seat 8: PayInSek (button) folded before Flop (didn't bet)
Seat 9: winterf351 (small blind) folded before Flop



PokerStars Hand #229318089156:  Hold'em No Limit ($0.01/$0.02 USD) - 2021/08/24 23:30:43 PT [2021/08/25 2:30:43 ET]
Table 'Charis' 9-max Seat #9 is the button
Seat 1: andrij777 ($0.43 in chips) 
Seat 3: vagoneta16 ($2 in chips) 
Seat 4: ivs888 ($2 in chips) 
Seat 5: Dorex2007 ($2.61 in chips) 
Seat 7: sansisbai ($2.03 in chips) 
Seat 8: PayInSek ($1.76 in chips) 
Seat 9: winterf351 ($0.83 in chips) 
andrij777: posts small blind $0.01
igor6316: is sitting out 
igor6316 leaves the table
vagoneta16: posts big blind $0.02
*** HOLE CARDS ***
Dealt to Dorex2007 [Js 3c]
ivs888: folds 
Dorex2007: folds 
sansisbai: raises $0.04 to $0.06
PayInSek: folds 
winterf351: folds 
andrij777: folds 
vagoneta16: folds 
Uncalled bet ($0.04) returned to sansisbai
sansisbai collected $0.05 from pot
sansisbai: doesn't show hand 
*** SUMMARY ***
Total pot $0.05 | Rake $0 
Seat 1: andrij777 (small blind) folded before Flop
Seat 3: vagoneta16 (big blind) folded before Flop
Seat 4: ivs888 folded before Flop (didn't bet)
Seat 5: Dorex2007 folded before Flop (didn't bet)
Seat 7: sansisbai collected ($0.05)
Seat 8: PayInSek folded before Flop (didn't bet)
Seat 9: winterf351 (button) folded before Flop (didn't bet)



PokerStars Hand #229318091331:  Hold'em No Limit ($0.01/$0.02 USD) - 2021/08/24 23:30:59 PT [2021/08/25 2:30:59 ET]
Table 'Charis' 9-max Seat #1 is the button
Seat 1: andrij777 ($0.42 in chips) 
Seat 3: vagoneta16 ($2 in chips) 
Seat 4: ivs888 ($2 in chips) 
Seat 5: Dorex2007 ($2.61 in chips) 
Seat 7: sansisbai ($2.06 in chips) 
Seat 8: PayInSek ($1.76 in chips) 
Seat 9: winterf351 ($0.83 in chips) 
vagoneta16: posts small blind $0.01
ivs888: posts big blind $0.02
*** HOLE CARDS ***
Dealt to Dorex2007 [Kc 9c]
Dorex2007: raises $0.04 to $0.06
sansisbai: folds 
PayInSek: folds 
winterf351: folds 
andrij777: calls $0.06
vagoneta16: folds 
ivs888: folds 
*** FLOP *** [9s Kh Jc]
Dorex2007: bets $0.09
Greet2014 joins the table at seat #2 
andrij777: folds 
Uncalled bet ($0.09) returned to Dorex2007
Dorex2007 collected $0.14 from pot
Dorex2007: doesn't show hand 
*** SUMMARY ***
Total pot $0.15 | Rake $0.01 
Board [9s Kh Jc]
Seat 1: andrij777 (button) folded on the Flop
Seat 3: vagoneta16 (small blind) folded before Flop
Seat 4: ivs888 (big blind) folded before Flop
Seat 5: Dorex2007 collected ($0.14)
Seat 7: sansisbai folded before Flop (didn't bet)
Seat 8: PayInSek folded before Flop (didn't bet)
Seat 9: winterf351 folded before Flop (didn't bet)



PokerStars Hand #229318094679:  Hold'em No Limit ($0.01/$0.02 USD) - 2021/08/24 23:31:23 PT [2021/08/25 2:31:23 ET]
Table 'Charis' 9-max Seat #3 is the button
Seat 1: andrij777 ($0.36 in chips) 
Seat 3: vagoneta16 ($2 in chips) 
Seat 4: ivs888 ($2 in chips) 
Seat 5: Dorex2007 ($2.69 in chips) 
Seat 7: sansisbai ($2.06 in chips) 
Seat 8: PayInSek ($1.76 in chips) 
Seat 9: winterf351 ($0.83 in chips) 
ivs888: posts small blind $0.01
Dorex2007: posts big blind $0.02
Greet2014: sits out 
*** HOLE CARDS ***
Dealt to Dorex2007 [Kd 9h]
sansisbai: folds 
PayInSek: folds 
winterf351: raises $0.81 to $0.83 and is all-in
andrij777: folds 
vagoneta16: folds 
ivs888: folds 
Dorex2007: folds 
Uncalled bet ($0.81) returned to winterf351
winterf351 collected $0.05 from pot
*** SUMMARY ***
Total pot $0.05 | Rake $0 
Seat 1: andrij777 folded before Flop (didn't bet)
Seat 3: vagoneta16 (button) folded before Flop (didn't bet)
Seat 4: ivs888 (small blind) folded before Flop
Seat 5: Dorex2007 (big blind) folded before Flop
Seat 7: sansisbai folded before Flop (didn't bet)
Seat 8: PayInSek folded before Flop (didn't bet)
Seat 9: winterf351 collected ($0.05)



PokerStars Hand #229318097024:  Hold'em No Limit ($0.01/$0.02 USD) - 2021/08/24 23:31:41 PT [2021/08/25 2:31:41 ET]
Table 'Charis' 9-max Seat #4 is the button
Seat 1: andrij777 ($0.36 in chips) 
Seat 3: vagoneta16 ($2 in chips) 
Seat 4: ivs888 ($2 in chips) 
Seat 5: Dorex2007 ($2.67 in chips) 
Seat 7: sansisbai ($2.06 in chips) 
Seat 8: PayInSek ($1.76 in chips) 
Seat 9: winterf351 ($0.86 in chips) 
Dorex2007: posts small blind $0.01
sansisbai: posts big blind $0.02
Greet2014: sits out 
*** HOLE CARDS ***
Dealt to Dorex2007 [5s 8h]
PayInSek: folds 
winterf351: folds 
andrij777: folds 
vagoneta16: folds 
ivs888: raises $0.04 to $0.06
Dorex2007: folds 
sansisbai: folds 
Uncalled bet ($0.04) returned to ivs888
ivs888 collected $0.05 from pot
ivs888: doesn't show hand 
*** SUMMARY ***
Total pot $0.05 | Rake $0 
Seat 1: andrij777 folded before Flop (didn't bet)
Seat 3: vagoneta16 folded before Flop (didn't bet)
Seat 4: ivs888 (button) collected ($0.05)
Seat 5: Dorex2007 (small blind) folded before Flop
Seat 7: sansisbai (big blind) folded before Flop
Seat 8: PayInSek folded before Flop (didn't bet)
Seat 9: winterf351 folded before Flop (didn't bet)



PokerStars Hand #229318098782:  Hold'em No Limit ($0.01/$0.02 USD) - 2021/08/24 23:31:53 PT [2021/08/25 2:31:53 ET]
Table 'Charis' 9-max Seat #5 is the button
Seat 1: andrij777 ($0.36 in chips) 
Seat 3: vagoneta16 ($2 in chips) 
Seat 4: ivs888 ($2.03 in chips) 
Seat 5: Dorex2007 ($2.66 in chips) 
Seat 7: sansisbai ($2.04 in chips) 
Seat 8: PayInSek ($1.76 in chips) 
Seat 9: winterf351 ($0.86 in chips) 
sansisbai: posts small blind $0.01
PayInSek: posts big blind $0.02
Greet2014: sits out 
*** HOLE CARDS ***
Dealt to Dorex2007 [6d 9h]
winterf351: folds 
andrij777: folds 
vagoneta16: raises $0.04 to $0.06
ivs888: folds 
Dorex2007: folds 
sansisbai: folds 
PayInSek: folds 
Uncalled bet ($0.04) returned to vagoneta16
vagoneta16 collected $0.05 from pot
vagoneta16: doesn't show hand 
*** SUMMARY ***
Total pot $0.05 | Rake $0 
Seat 1: andrij777 folded before Flop (didn't bet)
Seat 3: vagoneta16 collected ($0.05)
Seat 4: ivs888 folded before Flop (didn't bet)
Seat 5: Dorex2007 (button) folded before Flop (didn't bet)
Seat 7: sansisbai (small blind) folded before Flop
Seat 8: PayInSek (big blind) folded before Flop
Seat 9: winterf351 folded before Flop (didn't bet)



PokerStars Hand #229318101075:  Hold'em No Limit ($0.01/$0.02 USD) - 2021/08/24 23:32:10 PT [2021/08/25 2:32:10 ET]
Table 'Charis' 9-max Seat #7 is the button
Seat 1: andrij777 ($0.36 in chips) 
Seat 3: vagoneta16 ($2.03 in chips) 
Seat 4: ivs888 ($2.03 in chips) 
Seat 5: Dorex2007 ($2.66 in chips) 
Seat 7: sansisbai ($2.03 in chips) 
Seat 8: PayInSek ($1.74 in chips) 
Seat 9: winterf351 ($0.86 in chips) 
PayInSek: posts small blind $0.01
winterf351: posts big blind $0.02
Greet2014: sits out 
*** HOLE CARDS ***
Dealt to Dorex2007 [Ah Kd]
andrij777: folds 
vagoneta16: folds 
ivs888: folds 
Dorex2007: raises $0.04 to $0.06
sansisbai: folds 
PayInSek: folds 
winterf351: folds 
Uncalled bet ($0.04) returned to Dorex2007
Dorex2007 collected $0.05 from pot
Dorex2007: doesn't show hand 
*** SUMMARY ***
Total pot $0.05 | Rake $0 
Seat 1: andrij777 folded before Flop (didn't bet)
Seat 3: vagoneta16 folded before Flop (didn't bet)
Seat 4: ivs888 folded before Flop (didn't bet)
Seat 5: Dorex2007 collected ($0.05)
Seat 7: sansisbai (button) folded before Flop (didn't bet)
Seat 8: PayInSek (small blind) folded before Flop
Seat 9: winterf351 (big blind) folded before Flop



PokerStars Hand #229318103606:  Hold'em No Limit ($0.01/$0.02 USD) - 2021/08/24 23:32:28 PT [2021/08/25 2:32:28 ET]
Table 'Charis' 9-max Seat #8 is the button
Seat 1: andrij777 ($0.36 in chips) 
Seat 3: vagoneta16 ($2.03 in chips) 
Seat 4: ivs888 ($2.03 in chips) 
Seat 5: Dorex2007 ($2.69 in chips) 
Seat 7: sansisbai ($2.03 in chips) 
Seat 8: PayInSek ($1.73 in chips) 
Seat 9: winterf351 ($0.84 in chips) 
winterf351: posts small blind $0.01
andrij777: posts big blind $0.02
Greet2014: sits out 
*** HOLE CARDS ***
Dealt to Dorex2007 [5s 9s]
vagoneta16: folds 
ivs888: folds 
Dorex2007: folds 
sansisbai: folds 
PayInSek has timed out
PayInSek: folds 
winterf351: folds 
Uncalled bet ($0.01) returned to andrij777
andrij777 collected $0.02 from pot
andrij777: doesn't show hand 
*** SUMMARY ***
Total pot $0.02 | Rake $0 
Seat 1: andrij777 (big blind) collected ($0.02)
Seat 3: vagoneta16 folded before Flop (didn't bet)
Seat 4: ivs888 folded before Flop (didn't bet)
Seat 5: Dorex2007 folded before Flop (didn't bet)
Seat 7: sansisbai folded before Flop (didn't bet)
Seat 8: PayInSek (button) folded before Flop (didn't bet)
Seat 9: winterf351 (small blind) folded before Flop



PokerStars Hand #229318106382:  Hold'em No Limit ($0.01/$0.02 USD) - 2021/08/24 23:32:49 PT [2021/08/25 2:32:49 ET]
Table 'Charis' 9-max Seat #9 is the button
Seat 1: andrij777 ($0.37 in chips) 
Seat 2: Greet2014 ($1.60 in chips) 
Seat 3: vagoneta16 ($2.03 in chips) 
Seat 4: ivs888 ($2.03 in chips) 
Seat 5: Dorex2007 ($2.69 in chips) 
Seat 7: sansisbai ($2.03 in chips) 
Seat 8: PayInSek ($1.73 in chips) 
Seat 9: winterf351 ($0.83 in chips) 
andrij777: posts small blind $0.01
Greet2014: posts big blind $0.02
*** HOLE CARDS ***
Dealt to Dorex2007 [Kh Jd]
vagoneta16: raises $0.04 to $0.06
ivs888: folds 
Dorex2007: folds 
sansisbai: folds 
PayInSek: folds 
winterf351: folds 
andrij777: folds 
Greet2014: calls $0.04
*** FLOP *** [2c Ac 7s]
Greet2014: checks 
vagoneta16: checks 
*** TURN *** [2c Ac 7s] [9h]
Greet2014: bets $0.04
vagoneta16: calls $0.04
*** RIVER *** [2c Ac 7s 9h] [Qd]
Greet2014: bets $0.04
vagoneta16: calls $0.04
*** SHOW DOWN ***
Greet2014: shows [5d 5c] (a pair of Fives)
vagoneta16: shows [Kc Qh] (a pair of Queens)
vagoneta16 collected $0.28 from pot
*** SUMMARY ***
Total pot $0.29 | Rake $0.01 
Board [2c Ac 7s 9h Qd]
Seat 1: andrij777 (small blind) folded before Flop
Seat 2: Greet2014 (big blind) showed [5d 5c] and lost with a pair of Fives
Seat 3: vagoneta16 showed [Kc Qh] and won ($0.28) with a pair of Queens
Seat 4: ivs888 folded before Flop (didn't bet)
Seat 5: Dorex2007 folded before Flop (didn't bet)
Seat 7: sansisbai folded before Flop (didn't bet)
Seat 8: PayInSek folded before Flop (didn't bet)
Seat 9: winterf351 (button) folded before Flop (didn't bet)



PokerStars Hand #229318110336:  Hold'em No Limit ($0.01/$0.02 USD) - 2021/08/24 23:33:18 PT [2021/08/25 2:33:18 ET]
Table 'Charis' 9-max Seat #1 is the button
Seat 1: andrij777 ($0.36 in chips) 
Seat 2: Greet2014 ($1.46 in chips) 
Seat 3: vagoneta16 ($2.17 in chips) 
Seat 4: ivs888 ($2.03 in chips) 
Seat 5: Dorex2007 ($2.69 in chips) 
Seat 7: sansisbai ($2.03 in chips) 
Seat 8: PayInSek ($1.73 in chips) 
Seat 9: winterf351 ($0.83 in chips) 
Greet2014: posts small blind $0.01
vagoneta16: posts big blind $0.02
*** HOLE CARDS ***
Dealt to Dorex2007 [As 6d]
ivs888: raises $0.04 to $0.06
Dorex2007: folds 
sansisbai: calls $0.06
PayInSek: folds 
winterf351: folds 
andrij777: calls $0.06
Greet2014: folds 
vagoneta16: folds 
*** FLOP *** [4s 5c Jh]
ivs888: bets $0.14
sansisbai: folds 
andrij777: folds 
Uncalled bet ($0.14) returned to ivs888
ivs888 collected $0.20 from pot
ivs888: doesn't show hand 
*** SUMMARY ***
Total pot $0.21 | Rake $0.01 
Board [4s 5c Jh]
Seat 1: andrij777 (button) folded on the Flop
Seat 2: Greet2014 (small blind) folded before Flop
Seat 3: vagoneta16 (big blind) folded before Flop
Seat 4: ivs888 collected ($0.20)
Seat 5: Dorex2007 folded before Flop (didn't bet)
Seat 7: sansisbai folded on the Flop
Seat 8: PayInSek folded before Flop (didn't bet)
Seat 9: winterf351 folded before Flop (didn't bet)



PokerStars Hand #229318113101:  Hold'em No Limit ($0.01/$0.02 USD) - 2021/08/24 23:33:38 PT [2021/08/25 2:33:38 ET]
Table 'Charis' 9-max Seat #2 is the button
Seat 1: andrij777 ($0.30 in chips) 
Seat 2: Greet2014 ($1.45 in chips) 
Seat 3: vagoneta16 ($2.15 in chips) 
Seat 4: ivs888 ($2.17 in chips) 
Seat 5: Dorex2007 ($2.69 in chips) 
Seat 7: sansisbai ($1.97 in chips) 
Seat 8: PayInSek ($1.73 in chips) 
Seat 9: winterf351 ($0.83 in chips) 
vagoneta16: posts small blind $0.01
ivs888: posts big blind $0.02
*** HOLE CARDS ***
Dealt to Dorex2007 [Tc Qc]
Dorex2007: folds 
sansisbai: folds 
PayInSek: raises $0.04 to $0.06
winterf351: calls $0.06
andrij777: folds 
Greet2014: folds 
vagoneta16: folds 
ivs888: folds 
*** FLOP *** [5h 4h 5c]
PayInSek: bets $0.07
winterf351: calls $0.07
*** TURN *** [5h 4h 5c] [2h]
PayInSek: checks 
winterf351: bets $0.70 and is all-in
PayInSek: folds 
Uncalled bet ($0.70) returned to winterf351
winterf351 collected $0.28 from pot
*** SUMMARY ***
Total pot $0.29 | Rake $0.01 
Board [5h 4h 5c 2h]
Seat 1: andrij777 folded before Flop (didn't bet)
Seat 2: Greet2014 (button) folded before Flop (didn't bet)
Seat 3: vagoneta16 (small blind) folded before Flop
Seat 4: ivs888 (big blind) folded before Flop
Seat 5: Dorex2007 folded before Flop (didn't bet)
Seat 7: sansisbai folded before Flop (didn't bet)
Seat 8: PayInSek folded on the Turn
Seat 9: winterf351 collected ($0.28)



PokerStars Hand #229318118260:  Hold'em No Limit ($0.01/$0.02 USD) - 2021/08/24 23:34:16 PT [2021/08/25 2:34:16 ET]
Table 'Charis' 9-max Seat #3 is the button
Seat 1: andrij777 ($0.30 in chips) 
Seat 2: Greet2014 ($1.45 in chips) 
Seat 3: vagoneta16 ($2.14 in chips) 
Seat 4: ivs888 ($2.15 in chips) 
Seat 5: Dorex2007 ($2.69 in chips) 
Seat 7: sansisbai ($1.97 in chips) 
Seat 8: PayInSek ($1.60 in chips) 
Seat 9: winterf351 ($0.98 in chips) 
ivs888: posts small blind $0.01
Dorex2007: posts big blind $0.02
*** HOLE CARDS ***
Dealt to Dorex2007 [9d Qc]
sansisbai: folds 
PayInSek: folds 
winterf351: folds 
andrij777: folds 
Greet2014: folds 
vagoneta16: folds 
ivs888: raises $0.04 to $0.06
Dorex2007: folds 
Uncalled bet ($0.04) returned to ivs888
ivs888 collected $0.04 from pot
ivs888: doesn't show hand 
*** SUMMARY ***
Total pot $0.04 | Rake $0 
Seat 1: andrij777 folded before Flop (didn't bet)
Seat 2: Greet2014 folded before Flop (didn't bet)
Seat 3: vagoneta16 (button) folded before Flop (didn't bet)
Seat 4: ivs888 (small blind) collected ($0.04)
Seat 5: Dorex2007 (big blind) folded before Flop
Seat 7: sansisbai folded before Flop (didn't bet)
Seat 8: PayInSek folded before Flop (didn't bet)
Seat 9: winterf351 folded before Flop (didn't bet)



PokerStars Hand #229318120003:  Hold'em No Limit ($0.01/$0.02 USD) - 2021/08/24 23:34:29 PT [2021/08/25 2:34:29 ET]
Table 'Charis' 9-max Seat #4 is the button
Seat 1: andrij777 ($0.30 in chips) 
Seat 2: Greet2014 ($1.45 in chips) 
Seat 3: vagoneta16 ($2.14 in chips) 
Seat 4: ivs888 ($2.17 in chips) 
Seat 5: Dorex2007 ($2.67 in chips) 
Seat 7: sansisbai ($1.97 in chips) 
Seat 8: PayInSek ($1.60 in chips) 
Seat 9: winterf351 ($0.98 in chips) 
Dorex2007: posts small blind $0.01
sansisbai: posts big blind $0.02
*** HOLE CARDS ***
Dealt to Dorex2007 [Td 7d]
PayInSek: folds 
winterf351: folds 
andrij777: folds 
Greet2014: calls $0.02
vagoneta16: folds 
ivs888: folds 
Dorex2007: folds 
sansisbai: checks 
*** FLOP *** [Qh Jd 9s]
winterf351 leaves the table
sansisbai: checks 
Greet2014: bets $0.04
sansisbai: folds 
Uncalled bet ($0.04) returned to Greet2014
Greet2014 collected $0.05 from pot
Greet2014: doesn't show hand 
*** SUMMARY ***
Total pot $0.05 | Rake $0 
Board [Qh Jd 9s]
Seat 1: andrij777 folded before Flop (didn't bet)
Seat 2: Greet2014 collected ($0.05)
Seat 3: vagoneta16 folded before Flop (didn't bet)
Seat 4: ivs888 (button) folded before Flop (didn't bet)
Seat 5: Dorex2007 (small blind) folded before Flop
Seat 7: sansisbai (big blind) folded on the Flop
Seat 8: PayInSek folded before Flop (didn't bet)
Seat 9: winterf351 folded before Flop (didn't bet)



PokerStars Hand #229318122462:  Hold'em No Limit ($0.01/$0.02 USD) - 2021/08/24 23:34:47 PT [2021/08/25 2:34:47 ET]
Table 'Charis' 9-max Seat #5 is the button
Seat 1: andrij777 ($0.30 in chips) 
Seat 2: Greet2014 ($1.48 in chips) 
Seat 3: vagoneta16 ($2.14 in chips) 
Seat 4: ivs888 ($2.17 in chips) 
Seat 5: Dorex2007 ($2.66 in chips) 
Seat 7: sansisbai ($1.95 in chips) 
Seat 8: PayInSek ($1.60 in chips) 
sansisbai: posts small blind $0.01
PayInSek: posts big blind $0.02
*** HOLE CARDS ***
Dealt to Dorex2007 [4c 5s]
andrij777: folds 
Greet2014: folds 
vagoneta16: raises $0.04 to $0.06
ivs888: folds 
Dorex2007: folds 
sansisbai: folds 
PayInSek: folds 
Uncalled bet ($0.04) returned to vagoneta16
vagoneta16 collected $0.05 from pot
vagoneta16: doesn't show hand 
*** SUMMARY ***
Total pot $0.05 | Rake $0 
Seat 1: andrij777 folded before Flop (didn't bet)
Seat 2: Greet2014 folded before Flop (didn't bet)
Seat 3: vagoneta16 collected ($0.05)
Seat 4: ivs888 folded before Flop (didn't bet)
Seat 5: Dorex2007 (button) folded before Flop (didn't bet)
Seat 7: sansisbai (small blind) folded before Flop
Seat 8: PayInSek (big blind) folded before Flop



PokerStars Hand #229318131026:  Hold'em No Limit ($0.01/$0.02 USD) - 2021/08/24 23:34:58 PT [2021/08/25 2:34:58 ET]
Table 'Charis' 9-max Seat #7 is the button
Seat 1: andrij777 ($0.30 in chips) 
Seat 2: Greet2014 ($1.48 in chips) 
Seat 3: vagoneta16 ($2.17 in chips) 
Seat 4: ivs888 ($2.17 in chips) 
Seat 5: Dorex2007 ($2.66 in chips) 
Seat 7: sansisbai ($1.94 in chips) 
Seat 8: PayInSek ($1.58 in chips) 
PayInSek: posts small blind $0.01
andrij777: posts big blind $0.02
*** HOLE CARDS ***
Dealt to Dorex2007 [Ts 8s]
Greet2014: calls $0.02
vagoneta16: folds 
ivs888: folds 
Dorex2007: folds 
sansisbai: folds 
PayInSek: raises $0.04 to $0.06
andrij777: folds 
Greet2014: calls $0.04
*** FLOP *** [Jh Ac 4s]
PayInSek: checks 
Greet2014: bets $0.04
PayInSek: folds 
Uncalled bet ($0.04) returned to Greet2014
Greet2014 collected $0.14 from pot
Greet2014: doesn't show hand 
*** SUMMARY ***
Total pot $0.14 | Rake $0 
Board [Jh Ac 4s]
Seat 1: andrij777 (big blind) folded before Flop
Seat 2: Greet2014 collected ($0.14)
Seat 3: vagoneta16 folded before Flop (didn't bet)
Seat 4: ivs888 folded before Flop (didn't bet)
Seat 5: Dorex2007 folded before Flop (didn't bet)
Seat 7: sansisbai (button) folded before Flop (didn't bet)
Seat 8: PayInSek (small blind) folded on the Flop



PokerStars Hand #229318134405:  Hold'em No Limit ($0.01/$0.02 USD) - 2021/08/24 23:35:23 PT [2021/08/25 2:35:23 ET]
Table 'Charis' 9-max Seat #8 is the button
Seat 1: andrij777 ($0.28 in chips) 
Seat 2: Greet2014 ($1.56 in chips) 
Seat 3: vagoneta16 ($2.17 in chips) 
Seat 4: ivs888 ($2.17 in chips) 
Seat 5: Dorex2007 ($2.66 in chips) 
Seat 7: sansisbai ($1.94 in chips) 
Seat 8: PayInSek ($1.52 in chips) 
andrij777: posts small blind $0.01
Greet2014: posts big blind $0.02
*** HOLE CARDS ***
Dealt to Dorex2007 [2c Qh]
vagoneta16: folds 
ivs888: folds 
Dorex2007: folds 
sansisbai: folds 
vagoneta16 leaves the table
PayInSek: folds 
andrij777: calls $0.01
Greet2014: raises $0.02 to $0.04
andrij777: calls $0.02
*** FLOP *** [Kh 4s 5c]
andrij777: bets $0.24 and is all-in
Greet2014: calls $0.24
*** TURN *** [Kh 4s 5c] [Qd]
*** RIVER *** [Kh 4s 5c Qd] [Ad]
*** SHOW DOWN ***
andrij777: shows [Ks 9s] (a pair of Kings)
Greet2014: shows [5h Kd] (two pair, Kings and Fives)
Greet2014 collected $0.54 from pot
andrij777 cashed out the hand for $0.12
*** SUMMARY ***
Total pot $0.56 | Rake $0.02 
Board [Kh 4s 5c Qd Ad]
Seat 1: andrij777 (small blind) showed [Ks 9s] and lost with a pair of Kings (cashed out).
Seat 2: Greet2014 (big blind) showed [5h Kd] and won ($0.54) with two pair, Kings and Fives
Seat 3: vagoneta16 folded before Flop (didn't bet)
Seat 4: ivs888 folded before Flop (didn't bet)
Seat 5: Dorex2007 folded before Flop (didn't bet)
Seat 7: sansisbai folded before Flop (didn't bet)
Seat 8: PayInSek (button) folded before Flop (didn't bet)



PokerStars Hand #229318139077:  Hold'em No Limit ($0.01/$0.02 USD) - 2021/08/24 23:35:57 PT [2021/08/25 2:35:57 ET]
Table 'Charis' 9-max Seat #1 is the button
Seat 1: andrij777 ($0.12 in chips) 
Seat 2: Greet2014 ($1.82 in chips) 
Seat 4: ivs888 ($2.17 in chips) 
Seat 5: Dorex2007 ($2.66 in chips) 
Seat 7: sansisbai ($1.94 in chips) 
Seat 8: PayInSek ($1.52 in chips) 
Greet2014: posts small blind $0.01
ivs888: posts big blind $0.02
*** HOLE CARDS ***
Dealt to Dorex2007 [Ah Qd]
Dorex2007: raises $0.04 to $0.06
sansisbai: folds 
PayInSek: folds 
andrij777: folds 
Greet2014: calls $0.05
ivs888: folds 
*** FLOP *** [9d Th Kh]
Greet2014: checks 
Dorex2007: bets $0.14
Greet2014: calls $0.14
*** TURN *** [9d Th Kh] [3c]
Greet2014: checks 
Dorex2007: bets $0.27
Greet2014: folds 
Uncalled bet ($0.27) returned to Dorex2007
Dorex2007 collected $0.41 from pot
Dorex2007: doesn't show hand 
*** SUMMARY ***
Total pot $0.42 | Rake $0.01 
Board [9d Th Kh 3c]
Seat 1: andrij777 (button) folded before Flop (didn't bet)
Seat 2: Greet2014 (small blind) folded on the Turn
Seat 4: ivs888 (big blind) folded before Flop
Seat 5: Dorex2007 collected ($0.41)
Seat 7: sansisbai folded before Flop (didn't bet)
Seat 8: PayInSek folded before Flop (didn't bet)



PokerStars Hand #229318142238:  Hold'em No Limit ($0.01/$0.02 USD) - 2021/08/24 23:36:21 PT [2021/08/25 2:36:21 ET]
Table 'Charis' 9-max Seat #2 is the button
Seat 1: andrij777 ($0.12 in chips) 
Seat 2: Greet2014 ($1.62 in chips) 
Seat 4: ivs888 ($2.15 in chips) 
Seat 5: Dorex2007 ($2.87 in chips) 
Seat 7: sansisbai ($1.94 in chips) 
Seat 8: PayInSek ($1.52 in chips) 
ivs888: posts small blind $0.01
Dorex2007: posts big blind $0.02
*** HOLE CARDS ***
Dealt to Dorex2007 [7c Ah]
sansisbai: folds 
PayInSek: folds 
andrij777: raises $0.10 to $0.12 and is all-in
Greet2014: folds 
ivs888: folds 
Dorex2007: folds 
Uncalled bet ($0.10) returned to andrij777
andrij777 collected $0.05 from pot
andrij777: doesn't show hand 
*** SUMMARY ***
Total pot $0.05 | Rake $0 
Seat 1: andrij777 collected ($0.05)
Seat 2: Greet2014 (button) folded before Flop (didn't bet)
Seat 4: ivs888 (small blind) folded before Flop
Seat 5: Dorex2007 (big blind) folded before Flop
Seat 7: sansisbai folded before Flop (didn't bet)
Seat 8: PayInSek folded before Flop (didn't bet)



PokerStars Hand #229318144092:  Hold'em No Limit ($0.01/$0.02 USD) - 2021/08/24 23:36:35 PT [2021/08/25 2:36:35 ET]
Table 'Charis' 9-max Seat #4 is the button
Seat 1: andrij777 ($0.15 in chips) 
Seat 2: Greet2014 ($1.62 in chips) 
Seat 4: ivs888 ($2.14 in chips) 
Seat 5: Dorex2007 ($2.85 in chips) 
Seat 7: sansisbai ($1.94 in chips) 
Seat 8: PayInSek ($1.52 in chips) 
Dorex2007: posts small blind $0.01
sansisbai: posts big blind $0.02
*** HOLE CARDS ***
Dealt to Dorex2007 [5d 7d]
PayInSek: calls $0.02
andrij777: folds 
Greet2014: raises $0.02 to $0.04
ivs888: folds 
Dorex2007: folds 
sansisbai: calls $0.02
PayInSek: calls $0.02
*** FLOP *** [9d 5s Kc]
sansisbai: checks 
PayInSek: checks 
Greet2014: bets $0.06
sansisbai: folds 
PayInSek: folds 
Uncalled bet ($0.06) returned to Greet2014
Greet2014 collected $0.13 from pot
Igor49570 leaves the table
Greet2014: doesn't show hand 
*** SUMMARY ***
Total pot $0.13 | Rake $0 
Board [9d 5s Kc]
Seat 1: andrij777 folded before Flop (didn't bet)
Seat 2: Greet2014 collected ($0.13)
Seat 4: ivs888 (button) folded before Flop (didn't bet)
Seat 5: Dorex2007 (small blind) folded before Flop
Seat 7: sansisbai (big blind) folded on the Flop
Seat 8: PayInSek folded on the Flop



PokerStars Hand #229318149914:  Hold'em No Limit ($0.01/$0.02 USD) - 2021/08/24 23:37:17 PT [2021/08/25 2:37:17 ET]
Table 'Charis' 9-max Seat #5 is the button
Seat 1: andrij777 ($0.15 in chips) 
Seat 2: Greet2014 ($1.71 in chips) 
Seat 4: ivs888 ($2.14 in chips) 
Seat 5: Dorex2007 ($2.84 in chips) 
Seat 7: sansisbai ($1.90 in chips) 
Seat 8: PayInSek ($1.48 in chips) 
sansisbai: posts small blind $0.01
PayInSek: posts big blind $0.02
*** HOLE CARDS ***
Dealt to Dorex2007 [Qd 5h]
andrij777: raises $0.13 to $0.15 and is all-in
Greet2014: folds 
ivs888: folds 
Dorex2007: folds 
sansisbai: folds 
PayInSek: folds 
Uncalled bet ($0.13) returned to andrij777
andrij777 collected $0.05 from pot
andrij777: doesn't show hand 
*** SUMMARY ***
Total pot $0.05 | Rake $0 
Seat 1: andrij777 collected ($0.05)
Seat 2: Greet2014 folded before Flop (didn't bet)
Seat 4: ivs888 folded before Flop (didn't bet)
Seat 5: Dorex2007 (button) folded before Flop (didn't bet)
Seat 7: sansisbai (small blind) folded before Flop
Seat 8: PayInSek (big blind) folded before Flop



PokerStars Hand #229318151910:  Hold'em No Limit ($0.01/$0.02 USD) - 2021/08/24 23:37:31 PT [2021/08/25 2:37:31 ET]
Table 'Charis' 9-max Seat #7 is the button
Seat 1: andrij777 ($0.18 in chips) 
Seat 2: Greet2014 ($1.71 in chips) 
Seat 4: ivs888 ($2.14 in chips) 
Seat 5: Dorex2007 ($2.84 in chips) 
Seat 7: sansisbai ($1.89 in chips) 
Seat 8: PayInSek ($1.46 in chips) 
PayInSek: posts small blind $0.01
andrij777: posts big blind $0.02
*** HOLE CARDS ***
Dealt to Dorex2007 [5c Jd]
Greet2014: folds 
ivs888: folds 
Dorex2007: folds 
sansisbai: folds 
PayInSek: folds 
Uncalled bet ($0.01) returned to andrij777
andrij777 collected $0.02 from pot
andrij777: doesn't show hand 
*** SUMMARY ***
Total pot $0.02 | Rake $0 
Seat 1: andrij777 (big blind) collected ($0.02)
Seat 2: Greet2014 folded before Flop (didn't bet)
Seat 4: ivs888 folded before Flop (didn't bet)
Seat 5: Dorex2007 folded before Flop (didn't bet)
Seat 7: sansisbai (button) folded before Flop (didn't bet)
Seat 8: PayInSek (small blind) folded before Flop



PokerStars Hand #229318153345:  Hold'em No Limit ($0.01/$0.02 USD) - 2021/08/24 23:37:42 PT [2021/08/25 2:37:42 ET]
Table 'Charis' 9-max Seat #8 is the button
Seat 1: andrij777 ($0.19 in chips) 
Seat 2: Greet2014 ($1.71 in chips) 
Seat 4: ivs888 ($2.14 in chips) 
Seat 5: Dorex2007 ($2.84 in chips) 
Seat 7: sansisbai ($1.89 in chips) 
Seat 8: PayInSek ($1.45 in chips) 
andrij777: posts small blind $0.01
Greet2014: posts big blind $0.02
*** HOLE CARDS ***
Dealt to Dorex2007 [Ad 7d]
ivs888: folds 
Dorex2007: raises $0.04 to $0.06
sansisbai: calls $0.06
PayInSek: folds 
andrij777: calls $0.05
Greet2014: folds 
*** FLOP *** [2h Kh 6d]
andrij777: bets $0.13 and is all-in
Dorex2007: folds 
sansisbai: calls $0.13
*** TURN *** [2h Kh 6d] [Jh]
*** RIVER *** [2h Kh 6d Jh] [9d]
*** SHOW DOWN ***
andrij777: shows [5h 7h] (a flush, King high)
sansisbai: shows [Qs Ks] (a pair of Kings)
andrij777 collected $0.44 from pot
*** SUMMARY ***
Total pot $0.46 | Rake $0.02 
Board [2h Kh 6d Jh 9d]
Seat 1: andrij777 (small blind) showed [5h 7h] and won ($0.44) with a flush, King high
Seat 2: Greet2014 (big blind) folded before Flop
Seat 4: ivs888 folded before Flop (didn't bet)
Seat 5: Dorex2007 folded on the Flop
Seat 7: sansisbai showed [Qs Ks] and lost with a pair of Kings
Seat 8: PayInSek (button) folded before Flop (didn't bet)



PokerStars Hand #229318162114:  Hold'em No Limit ($0.01/$0.02 USD) - 2021/08/24 23:38:07 PT [2021/08/25 2:38:07 ET]
Table 'Charis' 9-max Seat #1 is the button
Seat 1: andrij777 ($0.44 in chips) 
Seat 2: Greet2014 ($1.69 in chips) 
Seat 4: ivs888 ($2.14 in chips) 
Seat 5: Dorex2007 ($2.78 in chips) 
Seat 7: sansisbai ($1.70 in chips) 
Seat 8: PayInSek ($1.45 in chips) 
Greet2014: posts small blind $0.01
ivs888: posts big blind $0.02
*** HOLE CARDS ***
Dealt to Dorex2007 [3c 9d]
Dorex2007: folds 
sansisbai: folds 
PayInSek: folds 
andrij777: raises $0.42 to $0.44 and is all-in
Greet2014: folds 
ivs888: folds 
Uncalled bet ($0.42) returned to andrij777
andrij777 collected $0.05 from pot
andrij777: doesn't show hand 
*** SUMMARY ***
Total pot $0.05 | Rake $0 
Seat 1: andrij777 (button) collected ($0.05)
Seat 2: Greet2014 (small blind) folded before Flop
Seat 4: ivs888 (big blind) folded before Flop
Seat 5: Dorex2007 folded before Flop (didn't bet)
Seat 7: sansisbai folded before Flop (didn't bet)
Seat 8: PayInSek folded before Flop (didn't bet)



