PokerStars Hand #237469173062:  Hold'em No Limit ($0.02/$0.05 USD) - 2022/07/19 20:19:46 PT [2022/07/19 23:19:46 ET]
Table 'Elara IV' 9-max Seat #6 is the button
Seat 1: geniuss ($5 in chips) 
Seat 2: Almanza63 ($10.70 in chips) 
Seat 3: boliman21 ($4.90 in chips) 
Seat 4: massaki71 ($8.37 in chips) 
Seat 5: Dorex2007 ($5 in chips) 
Seat 6: renansuguino1 ($5 in chips) 
Seat 7: crystiles ($12.41 in chips) 
Seat 8: Maria1995587 ($4.41 in chips) 
Seat 9: pablito2609 ($7.99 in chips) 
crystiles: posts small blind $0.02
Maria1995587: posts big blind $0.05
Dorex2007: posts big blind $0.05
*** HOLE CARDS ***
Dealt to Dorex2007 [Td Kh]
pablito2609: folds 
geniuss: folds 
Almanza63: folds 
boliman21: folds 
massaki71: folds 
Dorex2007: checks 
renansuguino1: folds 
crystiles: calls $0.03
Maria1995587: raises $0.15 to $0.20
Dorex2007: folds 
crystiles: folds 
Uncalled bet ($0.15) returned to Maria1995587
Maria1995587 collected $0.15 from pot
*** SUMMARY ***
Total pot $0.15 | Rake $0 
Seat 1: geniuss folded before Flop (didn't bet)
Seat 2: Almanza63 folded before Flop (didn't bet)
Seat 3: boliman21 folded before Flop (didn't bet)
Seat 4: massaki71 folded before Flop (didn't bet)
Seat 5: Dorex2007 folded before Flop (didn't bet)
Seat 6: renansuguino1 (button) folded before Flop (didn't bet)
Seat 7: crystiles (small blind) folded before Flop
Seat 8: Maria1995587 (big blind) collected ($0.15)
Seat 9: pablito2609 folded before Flop (didn't bet)



PokerStars Hand #237469177648:  Hold'em No Limit ($0.02/$0.05 USD) - 2022/07/19 20:20:16 PT [2022/07/19 23:20:16 ET]
Table 'Elara IV' 9-max Seat #7 is the button
Seat 1: geniuss ($5 in chips) 
Seat 2: Almanza63 ($10.70 in chips) 
Seat 3: boliman21 ($4.90 in chips) 
Seat 4: massaki71 ($8.37 in chips) 
Seat 5: Dorex2007 ($5 in chips) 
Seat 6: renansuguino1 ($5 in chips) 
Seat 7: crystiles ($12.36 in chips) 
Seat 8: Maria1995587 ($4.51 in chips) 
Seat 9: pablito2609 ($7.99 in chips) 
Maria1995587: posts small blind $0.02
pablito2609: posts big blind $0.05
*** HOLE CARDS ***
Dealt to Dorex2007 [3c 4h]
geniuss: raises $0.07 to $0.12
Almanza63: folds 
boliman21: folds 
massaki71: folds 
Dorex2007: folds 
renansuguino1: calls $0.12
crystiles: calls $0.12
Maria1995587: folds 
pablito2609: folds 
*** FLOP *** [8h 9s 8s]
geniuss: checks 
renansuguino1: bets $0.35
crystiles: calls $0.35
geniuss: folds 
*** TURN *** [8h 9s 8s] [8c]
renansuguino1: checks 
crystiles: checks 
*** RIVER *** [8h 9s 8s 8c] [2s]
renansuguino1: checks 
crystiles: bets $0.30
renansuguino1: calls $0.30
*** SHOW DOWN ***
crystiles: shows [9d Qc] (a full house, Eights full of Nines)
renansuguino1: mucks hand 
crystiles collected $1.66 from pot
*** SUMMARY ***
Total pot $1.73 | Rake $0.07 
Board [8h 9s 8s 8c 2s]
Seat 1: geniuss folded on the Flop
Seat 2: Almanza63 folded before Flop (didn't bet)
Seat 3: boliman21 folded before Flop (didn't bet)
Seat 4: massaki71 folded before Flop (didn't bet)
Seat 5: Dorex2007 folded before Flop (didn't bet)
Seat 6: renansuguino1 mucked [Ac 7h]
Seat 7: crystiles (button) showed [9d Qc] and won ($1.66) with a full house, Eights full of Nines
Seat 8: Maria1995587 (small blind) folded before Flop
Seat 9: pablito2609 (big blind) folded before Flop



PokerStars Hand #237469189324:  Hold'em No Limit ($0.02/$0.05 USD) - 2022/07/19 20:21:33 PT [2022/07/19 23:21:33 ET]
Table 'Elara IV' 9-max Seat #8 is the button
Seat 1: geniuss ($5 in chips) 
Seat 2: Almanza63 ($10.70 in chips) 
Seat 3: boliman21 ($4.90 in chips) 
Seat 4: massaki71 ($8.37 in chips) 
Seat 5: Dorex2007 ($5 in chips) 
Seat 6: renansuguino1 ($5 in chips) 
Seat 7: crystiles ($13.25 in chips) 
Seat 8: Maria1995587 ($4.49 in chips) 
Seat 9: pablito2609 ($7.94 in chips) 
pablito2609: posts small blind $0.02
geniuss: posts big blind $0.05
*** HOLE CARDS ***
Dealt to Dorex2007 [6h Qc]
Almanza63: folds 
boliman21: raises $0.10 to $0.15
massaki71: folds 
Dorex2007: folds 
renansuguino1: folds 
crystiles: calls $0.15
Maria1995587: folds 
Maria1995587 leaves the table
Luigiams joins the table at seat #8 
pablito2609: folds 
geniuss: folds 
*** FLOP *** [3s As 3d]
boliman21: bets $0.20
crystiles: folds 
Uncalled bet ($0.20) returned to boliman21
boliman21 collected $0.35 from pot
*** SUMMARY ***
Total pot $0.37 | Rake $0.02 
Board [3s As 3d]
Seat 1: geniuss (big blind) folded before Flop
Seat 2: Almanza63 folded before Flop (didn't bet)
Seat 3: boliman21 collected ($0.35)
Seat 4: massaki71 folded before Flop (didn't bet)
Seat 5: Dorex2007 folded before Flop (didn't bet)
Seat 6: renansuguino1 folded before Flop (didn't bet)
Seat 7: crystiles folded on the Flop
Seat 8: Maria1995587 (button) folded before Flop (didn't bet)
Seat 9: pablito2609 (small blind) folded before Flop



PokerStars Hand #237469202986:  Hold'em No Limit ($0.02/$0.05 USD) - 2022/07/19 20:22:18 PT [2022/07/19 23:22:18 ET]
Table 'Elara IV' 9-max Seat #9 is the button
Seat 1: geniuss ($5 in chips) 
Seat 2: Almanza63 ($10.70 in chips) 
Seat 3: boliman21 ($5.10 in chips) 
Seat 4: massaki71 ($8.37 in chips) 
Seat 5: Dorex2007 ($5 in chips) 
Seat 6: renansuguino1 ($5 in chips) 
Seat 7: crystiles ($13.10 in chips) 
Seat 9: pablito2609 ($7.92 in chips) 
geniuss: posts small blind $0.02
Almanza63: posts big blind $0.05
Luigiams: sits out 
*** HOLE CARDS ***
Dealt to Dorex2007 [Kh Js]
boliman21: folds 
massaki71: raises $0.05 to $0.10
Dorex2007: calls $0.10
renansuguino1: folds 
crystiles: folds 
pablito2609: folds 
geniuss: folds 
Almanza63: calls $0.05
*** FLOP *** [Qh Ks As]
Almanza63: checks 
massaki71: checks 
Dorex2007: bets $0.15
Almanza63: calls $0.15
massaki71: calls $0.15
*** TURN *** [Qh Ks As] [4d]
Almanza63: checks 
massaki71: checks 
Dorex2007: checks 
*** RIVER *** [Qh Ks As 4d] [8s]
Almanza63: bets $0.37
massaki71: folds 
Dorex2007: folds 
Uncalled bet ($0.37) returned to Almanza63
Almanza63 collected $0.74 from pot
*** SUMMARY ***
Total pot $0.77 | Rake $0.03 
Board [Qh Ks As 4d 8s]
Seat 1: geniuss (small blind) folded before Flop
Seat 2: Almanza63 (big blind) collected ($0.74)
Seat 3: boliman21 folded before Flop (didn't bet)
Seat 4: massaki71 folded on the River
Seat 5: Dorex2007 folded on the River
Seat 6: renansuguino1 folded before Flop (didn't bet)
Seat 7: crystiles folded before Flop (didn't bet)
Seat 9: pablito2609 (button) folded before Flop (didn't bet)



PokerStars Hand #237469215837:  Hold'em No Limit ($0.02/$0.05 USD) - 2022/07/19 20:23:42 PT [2022/07/19 23:23:42 ET]
Table 'Elara IV' 9-max Seat #1 is the button
Seat 1: geniuss ($5 in chips) 
Seat 2: Almanza63 ($11.19 in chips) 
Seat 3: boliman21 ($5.10 in chips) 
Seat 4: massaki71 ($8.12 in chips) 
Seat 5: Dorex2007 ($5 in chips) 
Seat 6: renansuguino1 ($5 in chips) 
Seat 7: crystiles ($13.10 in chips) 
Seat 9: pablito2609 ($7.92 in chips) 
Almanza63: posts small blind $0.02
boliman21: posts big blind $0.05
Luigiams: sits out 
*** HOLE CARDS ***
Dealt to Dorex2007 [As 6d]
massaki71: folds 
Dorex2007: folds 
renansuguino1: folds 
crystiles: folds 
pablito2609: folds 
geniuss: raises $0.07 to $0.12
Almanza63: calls $0.10
boliman21: calls $0.07
*** FLOP *** [Tc 6h Ts]
Almanza63: checks 
boliman21: checks 
geniuss: checks 
*** TURN *** [Tc 6h Ts] [9h]
Almanza63: bets $0.15
boliman21: calls $0.15
geniuss: calls $0.15
*** RIVER *** [Tc 6h Ts 9h] [Td]
Almanza63: checks 
boliman21: checks 
geniuss: checks 
*** SHOW DOWN ***
Almanza63: shows [Ah 7d] (three of a kind, Tens)
boliman21: shows [8c 8s] (a full house, Tens full of Eights)
geniuss: mucks hand 
boliman21 collected $0.78 from pot
*** SUMMARY ***
Total pot $0.81 | Rake $0.03 
Board [Tc 6h Ts 9h Td]
Seat 1: geniuss (button) mucked [Qh Jd]
Seat 2: Almanza63 (small blind) showed [Ah 7d] and lost with three of a kind, Tens
Seat 3: boliman21 (big blind) showed [8c 8s] and won ($0.78) with a full house, Tens full of Eights
Seat 4: massaki71 folded before Flop (didn't bet)
Seat 5: Dorex2007 folded before Flop (didn't bet)
Seat 6: renansuguino1 folded before Flop (didn't bet)
Seat 7: crystiles folded before Flop (didn't bet)
Seat 9: pablito2609 folded before Flop (didn't bet)



PokerStars Hand #237469225830:  Hold'em No Limit ($0.02/$0.05 USD) - 2022/07/19 20:24:49 PT [2022/07/19 23:24:49 ET]
Table 'Elara IV' 9-max Seat #2 is the button
Seat 1: geniuss ($5 in chips) 
Seat 2: Almanza63 ($10.92 in chips) 
Seat 3: boliman21 ($5.61 in chips) 
Seat 4: massaki71 ($8.12 in chips) 
Seat 5: Dorex2007 ($5 in chips) 
Seat 6: renansuguino1 ($5 in chips) 
Seat 7: crystiles ($13.10 in chips) 
Seat 9: pablito2609 ($7.92 in chips) 
boliman21: posts small blind $0.02
massaki71: posts big blind $0.05
Luigiams: sits out 
*** HOLE CARDS ***
Dealt to Dorex2007 [2h Ts]
Dorex2007: folds 
renansuguino1: folds 
crystiles has timed out
crystiles: folds 
pablito2609: folds 
geniuss: folds 
Almanza63: folds 
boliman21: folds 
Uncalled bet ($0.03) returned to massaki71
massaki71 collected $0.04 from pot
*** SUMMARY ***
Total pot $0.04 | Rake $0 
Seat 1: geniuss folded before Flop (didn't bet)
Seat 2: Almanza63 (button) folded before Flop (didn't bet)
Seat 3: boliman21 (small blind) folded before Flop
Seat 4: massaki71 (big blind) collected ($0.04)
Seat 5: Dorex2007 folded before Flop (didn't bet)
Seat 6: renansuguino1 folded before Flop (didn't bet)
Seat 7: crystiles folded before Flop (didn't bet)
Seat 9: pablito2609 folded before Flop (didn't bet)



PokerStars Hand #237469230657:  Hold'em No Limit ($0.02/$0.05 USD) - 2022/07/19 20:25:20 PT [2022/07/19 23:25:20 ET]
Table 'Elara IV' 9-max Seat #3 is the button
Seat 1: geniuss ($5 in chips) 
Seat 2: Almanza63 ($10.92 in chips) 
Seat 3: boliman21 ($5.59 in chips) 
Seat 4: massaki71 ($8.14 in chips) 
Seat 5: Dorex2007 ($5 in chips) 
Seat 6: renansuguino1 ($5 in chips) 
Seat 7: crystiles ($13.10 in chips) 
Seat 9: pablito2609 ($7.92 in chips) 
massaki71: posts small blind $0.02
Dorex2007: posts big blind $0.05
Luigiams: sits out 
*** HOLE CARDS ***
Dealt to Dorex2007 [3d Qh]
renansuguino1: folds 
crystiles: folds 
pablito2609: folds 
geniuss: folds 
Almanza63: folds 
boliman21: folds 
massaki71: calls $0.03
Dorex2007: checks 
*** FLOP *** [As 6h 5s]
massaki71: bets $0.05
Dorex2007: folds 
Uncalled bet ($0.05) returned to massaki71
massaki71 collected $0.10 from pot
*** SUMMARY ***
Total pot $0.10 | Rake $0 
Board [As 6h 5s]
Seat 1: geniuss folded before Flop (didn't bet)
Seat 2: Almanza63 folded before Flop (didn't bet)
Seat 3: boliman21 (button) folded before Flop (didn't bet)
Seat 4: massaki71 (small blind) collected ($0.10)
Seat 5: Dorex2007 (big blind) folded on the Flop
Seat 6: renansuguino1 folded before Flop (didn't bet)
Seat 7: crystiles folded before Flop (didn't bet)
Seat 9: pablito2609 folded before Flop (didn't bet)



PokerStars Hand #237469235370:  Hold'em No Limit ($0.02/$0.05 USD) - 2022/07/19 20:25:52 PT [2022/07/19 23:25:52 ET]
Table 'Elara IV' 9-max Seat #4 is the button
Seat 1: geniuss ($5 in chips) 
Seat 2: Almanza63 ($10.92 in chips) 
Seat 3: boliman21 ($5.59 in chips) 
Seat 4: massaki71 ($8.19 in chips) 
Seat 5: Dorex2007 ($5 in chips) 
Seat 6: renansuguino1 ($5 in chips) 
Seat 7: crystiles ($13.10 in chips) 
Seat 9: pablito2609 ($7.92 in chips) 
Dorex2007: posts small blind $0.02
renansuguino1: posts big blind $0.05
Luigiams: sits out 
*** HOLE CARDS ***
Dealt to Dorex2007 [4h 2c]
crystiles: calls $0.05
pablito2609: calls $0.05
geniuss: folds 
Almanza63: folds 
boliman21: calls $0.05
massaki71: folds 
Dorex2007: folds 
renansuguino1: checks 
*** FLOP *** [Qs 5d Qd]
renansuguino1: checks 
crystiles: bets $0.10
pablito2609: folds 
boliman21: folds 
renansuguino1: folds 
Uncalled bet ($0.10) returned to crystiles
crystiles collected $0.21 from pot
*** SUMMARY ***
Total pot $0.22 | Rake $0.01 
Board [Qs 5d Qd]
Seat 1: geniuss folded before Flop (didn't bet)
Seat 2: Almanza63 folded before Flop (didn't bet)
Seat 3: boliman21 folded on the Flop
Seat 4: massaki71 (button) folded before Flop (didn't bet)
Seat 5: Dorex2007 (small blind) folded before Flop
Seat 6: renansuguino1 (big blind) folded on the Flop
Seat 7: crystiles collected ($0.21)
Seat 9: pablito2609 folded on the Flop



PokerStars Hand #237469241968:  Hold'em No Limit ($0.02/$0.05 USD) - 2022/07/19 20:26:36 PT [2022/07/19 23:26:36 ET]
Table 'Elara IV' 9-max Seat #5 is the button
Seat 1: geniuss ($5 in chips) 
Seat 2: Almanza63 ($10.92 in chips) 
Seat 3: boliman21 ($5.54 in chips) 
Seat 4: massaki71 ($8.19 in chips) 
Seat 5: Dorex2007 ($5 in chips) 
Seat 6: renansuguino1 ($5 in chips) 
Seat 7: crystiles ($13.26 in chips) 
Seat 9: pablito2609 ($7.87 in chips) 
renansuguino1: posts small blind $0.02
crystiles: posts big blind $0.05
Luigiams: sits out 
*** HOLE CARDS ***
Dealt to Dorex2007 [Qh Th]
pablito2609: folds 
geniuss: folds 
Almanza63: folds 
boliman21: folds 
massaki71: folds 
Dorex2007 has timed out
Dorex2007: folds 
renansuguino1: raises $0.10 to $0.15
crystiles: calls $0.10
*** FLOP *** [3s 7h 5d]
renansuguino1: checks 
crystiles: bets $0.14
renansuguino1: folds 
Uncalled bet ($0.14) returned to crystiles
crystiles collected $0.29 from pot
*** SUMMARY ***
Total pot $0.30 | Rake $0.01 
Board [3s 7h 5d]
Seat 1: geniuss folded before Flop (didn't bet)
Seat 2: Almanza63 folded before Flop (didn't bet)
Seat 3: boliman21 folded before Flop (didn't bet)
Seat 4: massaki71 folded before Flop (didn't bet)
Seat 5: Dorex2007 (button) folded before Flop (didn't bet)
Seat 6: renansuguino1 (small blind) folded on the Flop
Seat 7: crystiles (big blind) collected ($0.29)
Seat 9: pablito2609 folded before Flop (didn't bet)



PokerStars Hand #237469248518:  Hold'em No Limit ($0.02/$0.05 USD) - 2022/07/19 20:27:20 PT [2022/07/19 23:27:20 ET]
Table 'Elara IV' 9-max Seat #6 is the button
Seat 1: geniuss ($5 in chips) 
Seat 2: Almanza63 ($10.92 in chips) 
Seat 3: boliman21 ($5.54 in chips) 
Seat 4: massaki71 ($8.19 in chips) 
Seat 5: Dorex2007 ($5 in chips) 
Seat 6: renansuguino1 ($5 in chips) 
Seat 7: crystiles ($13.40 in chips) 
Seat 8: Luigiams ($5 in chips) 
Seat 9: pablito2609 ($7.87 in chips) 
crystiles: posts small blind $0.02
Luigiams: posts big blind $0.05
*** HOLE CARDS ***
Dealt to Dorex2007 [Kd 5h]
pablito2609: folds 
geniuss: folds 
Almanza63: raises $0.10 to $0.15
boliman21: folds 
massaki71: folds 
Dorex2007: folds 
renansuguino1: folds 
crystiles: folds 
Luigiams: calls $0.10
*** FLOP *** [Th 4s 3s]
Luigiams: checks 
Almanza63: bets $0.20
Luigiams: calls $0.20
*** TURN *** [Th 4s 3s] [Td]
Luigiams: checks 
Almanza63: bets $0.44
Luigiams: calls $0.44
*** RIVER *** [Th 4s 3s Td] [4h]
Luigiams: checks 
Almanza63: bets $0.96
Luigiams: calls $0.96
*** SHOW DOWN ***
Almanza63: shows [Ac Ah] (two pair, Aces and Tens)
Luigiams: mucks hand 
Almanza63 collected $3.37 from pot
*** SUMMARY ***
Total pot $3.52 | Rake $0.15 
Board [Th 4s 3s Td 4h]
Seat 1: geniuss folded before Flop (didn't bet)
Seat 2: Almanza63 showed [Ac Ah] and won ($3.37) with two pair, Aces and Tens
Seat 3: boliman21 folded before Flop (didn't bet)
Seat 4: massaki71 folded before Flop (didn't bet)
Seat 5: Dorex2007 folded before Flop (didn't bet)
Seat 6: renansuguino1 (button) folded before Flop (didn't bet)
Seat 7: crystiles (small blind) folded before Flop
Seat 8: Luigiams (big blind) mucked [8d 8c]
Seat 9: pablito2609 folded before Flop (didn't bet)



PokerStars Hand #237469256299:  Hold'em No Limit ($0.02/$0.05 USD) - 2022/07/19 20:28:12 PT [2022/07/19 23:28:12 ET]
Table 'Elara IV' 9-max Seat #7 is the button
Seat 1: geniuss ($5 in chips) 
Seat 2: Almanza63 ($12.54 in chips) 
Seat 3: boliman21 ($5.54 in chips) 
Seat 4: massaki71 ($8.19 in chips) 
Seat 5: Dorex2007 ($5 in chips) 
Seat 6: renansuguino1 ($5 in chips) 
Seat 7: crystiles ($13.38 in chips) 
Seat 8: Luigiams ($5 in chips) 
Seat 9: pablito2609 ($7.87 in chips) 
Luigiams: posts small blind $0.02
pablito2609: posts big blind $0.05
*** HOLE CARDS ***
Dealt to Dorex2007 [5h Qs]
geniuss: folds 
Almanza63: folds 
boliman21: folds 
massaki71: folds 
Dorex2007: folds 
renansuguino1: raises $0.10 to $0.15
crystiles: folds 
Luigiams: folds 
pablito2609: folds 
Uncalled bet ($0.10) returned to renansuguino1
renansuguino1 collected $0.12 from pot
*** SUMMARY ***
Total pot $0.12 | Rake $0 
Seat 1: geniuss folded before Flop (didn't bet)
Seat 2: Almanza63 folded before Flop (didn't bet)
Seat 3: boliman21 folded before Flop (didn't bet)
Seat 4: massaki71 folded before Flop (didn't bet)
Seat 5: Dorex2007 folded before Flop (didn't bet)
Seat 6: renansuguino1 collected ($0.12)
Seat 7: crystiles (button) folded before Flop (didn't bet)
Seat 8: Luigiams (small blind) folded before Flop
Seat 9: pablito2609 (big blind) folded before Flop



PokerStars Hand #237469260119:  Hold'em No Limit ($0.02/$0.05 USD) - 2022/07/19 20:28:38 PT [2022/07/19 23:28:38 ET]
Table 'Elara IV' 9-max Seat #8 is the button
Seat 1: geniuss ($5 in chips) 
Seat 2: Almanza63 ($12.54 in chips) 
Seat 3: boliman21 ($5.54 in chips) 
Seat 4: massaki71 ($8.19 in chips) 
Seat 5: Dorex2007 ($5 in chips) 
Seat 6: renansuguino1 ($5.07 in chips) 
Seat 7: crystiles ($13.38 in chips) 
Seat 8: Luigiams ($4.98 in chips) 
Seat 9: pablito2609 ($7.82 in chips) 
pablito2609: posts small blind $0.02
geniuss: posts big blind $0.05
*** HOLE CARDS ***
Dealt to Dorex2007 [8h Kd]
Almanza63: folds 
boliman21: folds 
massaki71: raises $0.10 to $0.15
Dorex2007: folds 
renansuguino1: folds 
crystiles: folds 
Luigiams: raises $0.15 to $0.30
pablito2609: folds 
geniuss: folds 
massaki71: calls $0.15
*** FLOP *** [7c 5d 2s]
massaki71: checks 
Luigiams: bets $0.32
massaki71: calls $0.32
*** TURN *** [7c 5d 2s] [5c]
massaki71: checks 
Luigiams: checks 
*** RIVER *** [7c 5d 2s 5c] [8c]
massaki71: bets $0.85
Luigiams: folds 
Uncalled bet ($0.85) returned to massaki71
massaki71 collected $1.26 from pot
*** SUMMARY ***
Total pot $1.31 | Rake $0.05 
Board [7c 5d 2s 5c 8c]
Seat 1: geniuss (big blind) folded before Flop
Seat 2: Almanza63 folded before Flop (didn't bet)
Seat 3: boliman21 folded before Flop (didn't bet)
Seat 4: massaki71 collected ($1.26)
Seat 5: Dorex2007 folded before Flop (didn't bet)
Seat 6: renansuguino1 folded before Flop (didn't bet)
Seat 7: crystiles folded before Flop (didn't bet)
Seat 8: Luigiams (button) folded on the River
Seat 9: pablito2609 (small blind) folded before Flop



PokerStars Hand #237469269863:  Hold'em No Limit ($0.02/$0.05 USD) - 2022/07/19 20:29:45 PT [2022/07/19 23:29:45 ET]
Table 'Elara IV' 9-max Seat #9 is the button
Seat 1: geniuss ($5 in chips) 
Seat 2: Almanza63 ($12.54 in chips) 
Seat 3: boliman21 ($5.54 in chips) 
Seat 4: massaki71 ($8.83 in chips) 
Seat 5: Dorex2007 ($5 in chips) 
Seat 6: renansuguino1 ($5.07 in chips) 
Seat 7: crystiles ($13.38 in chips) 
Seat 8: Luigiams ($5 in chips) 
Seat 9: pablito2609 ($7.80 in chips) 
geniuss: posts small blind $0.02
Almanza63: posts big blind $0.05
*** HOLE CARDS ***
Dealt to Dorex2007 [5s Qc]
boliman21: folds 
massaki71: folds 
Dorex2007: folds 
renansuguino1: folds 
crystiles: folds 
Luigiams: raises $0.05 to $0.10
pablito2609: folds 
geniuss: folds 
Almanza63: folds 
Uncalled bet ($0.05) returned to Luigiams
Luigiams collected $0.12 from pot
*** SUMMARY ***
Total pot $0.12 | Rake $0 
Seat 1: geniuss (small blind) folded before Flop
Seat 2: Almanza63 (big blind) folded before Flop
Seat 3: boliman21 folded before Flop (didn't bet)
Seat 4: massaki71 folded before Flop (didn't bet)
Seat 5: Dorex2007 folded before Flop (didn't bet)
Seat 6: renansuguino1 folded before Flop (didn't bet)
Seat 7: crystiles folded before Flop (didn't bet)
Seat 8: Luigiams collected ($0.12)
Seat 9: pablito2609 (button) folded before Flop (didn't bet)



PokerStars Hand #237469272986:  Hold'em No Limit ($0.02/$0.05 USD) - 2022/07/19 20:30:07 PT [2022/07/19 23:30:07 ET]
Table 'Elara IV' 9-max Seat #1 is the button
Seat 1: geniuss ($5 in chips) 
Seat 2: Almanza63 ($12.49 in chips) 
Seat 3: boliman21 ($5.54 in chips) 
Seat 4: massaki71 ($8.83 in chips) 
Seat 5: Dorex2007 ($5 in chips) 
Seat 6: renansuguino1 ($5.07 in chips) 
Seat 7: crystiles ($13.38 in chips) 
Seat 8: Luigiams ($5.07 in chips) 
Seat 9: pablito2609 ($7.80 in chips) 
Almanza63: posts small blind $0.02
boliman21: posts big blind $0.05
*** HOLE CARDS ***
Dealt to Dorex2007 [9d Ah]
massaki71: raises $0.05 to $0.10
Dorex2007: folds 
renansuguino1: folds 
crystiles: folds 
Luigiams: calls $0.10
pablito2609: folds 
geniuss: folds 
Almanza63: folds 
boliman21: calls $0.05
*** FLOP *** [As Qs 4h]
boliman21: checks 
massaki71: bets $0.16
Luigiams: folds 
boliman21: calls $0.16
*** TURN *** [As Qs 4h] [6c]
boliman21: checks 
massaki71: checks 
*** RIVER *** [As Qs 4h 6c] [Jh]
boliman21: bets $0.40
massaki71: raises $1.10 to $1.50
boliman21: calls $1.10
*** SHOW DOWN ***
massaki71: shows [4s 4d] (three of a kind, Fours)
boliman21: mucks hand 
massaki71 collected $3.49 from pot
*** SUMMARY ***
Total pot $3.64 | Rake $0.15 
Board [As Qs 4h 6c Jh]
Seat 1: geniuss (button) folded before Flop (didn't bet)
Seat 2: Almanza63 (small blind) folded before Flop
Seat 3: boliman21 (big blind) mucked [6h 4c]
Seat 4: massaki71 showed [4s 4d] and won ($3.49) with three of a kind, Fours
Seat 5: Dorex2007 folded before Flop (didn't bet)
Seat 6: renansuguino1 folded before Flop (didn't bet)
Seat 7: crystiles folded before Flop (didn't bet)
Seat 8: Luigiams folded on the Flop
Seat 9: pablito2609 folded before Flop (didn't bet)



PokerStars Hand #237469282971:  Hold'em No Limit ($0.02/$0.05 USD) - 2022/07/19 20:31:13 PT [2022/07/19 23:31:13 ET]
Table 'Elara IV' 9-max Seat #2 is the button
Seat 1: geniuss ($5 in chips) 
Seat 2: Almanza63 ($12.47 in chips) 
Seat 3: boliman21 ($3.78 in chips) 
Seat 4: massaki71 ($10.56 in chips) 
Seat 5: Dorex2007 ($5 in chips) 
Seat 6: renansuguino1 ($5.07 in chips) 
Seat 7: crystiles ($13.38 in chips) 
Seat 8: Luigiams ($4.97 in chips) 
Seat 9: pablito2609 ($7.80 in chips) 
boliman21: posts small blind $0.02
massaki71: posts big blind $0.05
*** HOLE CARDS ***
Dealt to Dorex2007 [Ks 5h]
Dorex2007: folds 
renansuguino1: folds 
crystiles: folds 
Luigiams: raises $0.10 to $0.15
pablito2609: folds 
geniuss: folds 
Almanza63: folds 
boliman21: calls $0.13
massaki71: calls $0.10
*** FLOP *** [6h Kd Ad]
boliman21: checks 
massaki71: checks 
Luigiams: bets $0.15
boliman21: folds 
massaki71: folds 
Uncalled bet ($0.15) returned to Luigiams
Luigiams collected $0.43 from pot
*** SUMMARY ***
Total pot $0.45 | Rake $0.02 
Board [6h Kd Ad]
Seat 1: geniuss folded before Flop (didn't bet)
Seat 2: Almanza63 (button) folded before Flop (didn't bet)
Seat 3: boliman21 (small blind) folded on the Flop
Seat 4: massaki71 (big blind) folded on the Flop
Seat 5: Dorex2007 folded before Flop (didn't bet)
Seat 6: renansuguino1 folded before Flop (didn't bet)
Seat 7: crystiles folded before Flop (didn't bet)
Seat 8: Luigiams collected ($0.43)
Seat 9: pablito2609 folded before Flop (didn't bet)



PokerStars Hand #237469288245:  Hold'em No Limit ($0.02/$0.05 USD) - 2022/07/19 20:31:50 PT [2022/07/19 23:31:50 ET]
Table 'Elara IV' 9-max Seat #3 is the button
Seat 1: geniuss ($5 in chips) 
Seat 2: Almanza63 ($12.47 in chips) 
Seat 3: boliman21 ($3.63 in chips) 
Seat 4: massaki71 ($10.41 in chips) 
Seat 5: Dorex2007 ($5 in chips) 
Seat 6: renansuguino1 ($5.07 in chips) 
Seat 7: crystiles ($13.38 in chips) 
Seat 8: Luigiams ($5.25 in chips) 
Seat 9: pablito2609 ($7.80 in chips) 
massaki71: posts small blind $0.02
Dorex2007: posts big blind $0.05
*** HOLE CARDS ***
Dealt to Dorex2007 [Jh As]
renansuguino1: calls $0.05
crystiles: folds 
Luigiams: raises $0.05 to $0.10
pablito2609: folds 
geniuss: folds 
Almanza63: folds 
boliman21: folds 
massaki71: folds 
Dorex2007: calls $0.05
renansuguino1: calls $0.05
*** FLOP *** [Kc 5s Kh]
Dorex2007: checks 
renansuguino1: checks 
Luigiams: checks 
*** TURN *** [Kc 5s Kh] [Qd]
Dorex2007: checks 
renansuguino1: bets $0.15
Luigiams: calls $0.15
Dorex2007: folds 
*** RIVER *** [Kc 5s Kh Qd] [8c]
renansuguino1: bets $0.29
Luigiams: raises $0.36 to $0.65
renansuguino1: folds 
Uncalled bet ($0.36) returned to Luigiams
Luigiams collected $1.15 from pot
*** SUMMARY ***
Total pot $1.20 | Rake $0.05 
Board [Kc 5s Kh Qd 8c]
Seat 1: geniuss folded before Flop (didn't bet)
Seat 2: Almanza63 folded before Flop (didn't bet)
Seat 3: boliman21 (button) folded before Flop (didn't bet)
Seat 4: massaki71 (small blind) folded before Flop
Seat 5: Dorex2007 (big blind) folded on the Turn
Seat 6: renansuguino1 folded on the River
Seat 7: crystiles folded before Flop (didn't bet)
Seat 8: Luigiams collected ($1.15)
Seat 9: pablito2609 folded before Flop (didn't bet)



PokerStars Hand #237469297786:  Hold'em No Limit ($0.02/$0.05 USD) - 2022/07/19 20:32:54 PT [2022/07/19 23:32:54 ET]
Table 'Elara IV' 9-max Seat #4 is the button
Seat 1: geniuss ($5 in chips) 
Seat 2: Almanza63 ($12.47 in chips) 
Seat 3: boliman21 ($3.63 in chips) 
Seat 4: massaki71 ($10.39 in chips) 
Seat 5: Dorex2007 ($5 in chips) 
Seat 6: renansuguino1 ($5 in chips) 
Seat 7: crystiles ($13.38 in chips) 
Seat 8: Luigiams ($5.86 in chips) 
Seat 9: pablito2609 ($7.80 in chips) 
Dorex2007: posts small blind $0.02
renansuguino1: posts big blind $0.05
*** HOLE CARDS ***
Dealt to Dorex2007 [Jc 3c]
crystiles: calls $0.05
Luigiams: folds 
pablito2609: folds 
geniuss: folds 
Almanza63: folds 
boliman21: folds 
massaki71: folds 
Dorex2007: folds 
renansuguino1: checks 
*** FLOP *** [5c Jh 6h]
renansuguino1: bets $0.10
crystiles: calls $0.10
*** TURN *** [5c Jh 6h] [9h]
renansuguino1: bets $0.15
crystiles: folds 
Uncalled bet ($0.15) returned to renansuguino1
renansuguino1 collected $0.31 from pot
*** SUMMARY ***
Total pot $0.32 | Rake $0.01 
Board [5c Jh 6h 9h]
Seat 1: geniuss folded before Flop (didn't bet)
Seat 2: Almanza63 folded before Flop (didn't bet)
Seat 3: boliman21 folded before Flop (didn't bet)
Seat 4: massaki71 (button) folded before Flop (didn't bet)
Seat 5: Dorex2007 (small blind) folded before Flop
Seat 6: renansuguino1 (big blind) collected ($0.31)
Seat 7: crystiles folded on the Turn
Seat 8: Luigiams folded before Flop (didn't bet)
Seat 9: pablito2609 folded before Flop (didn't bet)



PokerStars Hand #237469304706:  Hold'em No Limit ($0.02/$0.05 USD) - 2022/07/19 20:33:41 PT [2022/07/19 23:33:41 ET]
Table 'Elara IV' 9-max Seat #5 is the button
Seat 1: geniuss ($5 in chips) 
Seat 2: Almanza63 ($12.47 in chips) 
Seat 3: boliman21 ($3.63 in chips) 
Seat 4: massaki71 ($10.39 in chips) 
Seat 5: Dorex2007 ($5 in chips) 
Seat 6: renansuguino1 ($5.16 in chips) 
Seat 7: crystiles ($13.23 in chips) 
Seat 8: Luigiams ($5.86 in chips) 
Seat 9: pablito2609 ($7.80 in chips) 
renansuguino1: posts small blind $0.02
crystiles: posts big blind $0.05
*** HOLE CARDS ***
Dealt to Dorex2007 [8d 7c]
Luigiams: raises $0.15 to $0.20
pablito2609: folds 
geniuss: folds 
Almanza63: folds 
boliman21: calls $0.20
massaki71: folds 
Dorex2007: folds 
renansuguino1: folds 
crystiles: folds 
*** FLOP *** [2s 4d 9c]
Luigiams: bets $0.45
boliman21: calls $0.45
*** TURN *** [2s 4d 9c] [Ts]
Luigiams: checks 
boliman21: checks 
*** RIVER *** [2s 4d 9c Ts] [Kh]
Luigiams: checks 
boliman21: bets $0.90
Luigiams: calls $0.90
*** SHOW DOWN ***
boliman21: shows [2c Kc] (two pair, Kings and Deuces)
Luigiams: mucks hand 
boliman21 collected $3.04 from pot
*** SUMMARY ***
Total pot $3.17 | Rake $0.13 
Board [2s 4d 9c Ts Kh]
Seat 1: geniuss folded before Flop (didn't bet)
Seat 2: Almanza63 folded before Flop (didn't bet)
Seat 3: boliman21 showed [2c Kc] and won ($3.04) with two pair, Kings and Deuces
Seat 4: massaki71 folded before Flop (didn't bet)
Seat 5: Dorex2007 (button) folded before Flop (didn't bet)
Seat 6: renansuguino1 (small blind) folded before Flop
Seat 7: crystiles (big blind) folded before Flop
Seat 8: Luigiams mucked [Jh Jd]
Seat 9: pablito2609 folded before Flop (didn't bet)



PokerStars Hand #237469310754:  Hold'em No Limit ($0.02/$0.05 USD) - 2022/07/19 20:34:23 PT [2022/07/19 23:34:23 ET]
Table 'Elara IV' 9-max Seat #6 is the button
Seat 1: geniuss ($5 in chips) 
Seat 2: Almanza63 ($12.47 in chips) 
Seat 3: boliman21 ($5.12 in chips) 
Seat 4: massaki71 ($10.39 in chips) 
Seat 5: Dorex2007 ($5 in chips) 
Seat 6: renansuguino1 ($5.14 in chips) 
Seat 7: crystiles ($13.18 in chips) 
Seat 8: Luigiams ($5 in chips) 
Seat 9: pablito2609 ($7.80 in chips) 
crystiles: posts small blind $0.02
Luigiams: posts big blind $0.05
*** HOLE CARDS ***
Dealt to Dorex2007 [Js Tc]
pablito2609: calls $0.05
geniuss: folds 
Almanza63: folds 
boliman21: folds 
massaki71: folds 
Dorex2007: folds 
renansuguino1: calls $0.05
crystiles: calls $0.03
Luigiams: checks 
*** FLOP *** [2s 7h Qd]
crystiles: checks 
Luigiams: checks 
pablito2609: checks 
renansuguino1: checks 
*** TURN *** [2s 7h Qd] [Ts]
crystiles: checks 
Luigiams: checks 
pablito2609: bets $0.19
renansuguino1: folds 
crystiles: folds 
Luigiams: folds 
Uncalled bet ($0.19) returned to pablito2609
pablito2609 collected $0.19 from pot
*** SUMMARY ***
Total pot $0.20 | Rake $0.01 
Board [2s 7h Qd Ts]
Seat 1: geniuss folded before Flop (didn't bet)
Seat 2: Almanza63 folded before Flop (didn't bet)
Seat 3: boliman21 folded before Flop (didn't bet)
Seat 4: massaki71 folded before Flop (didn't bet)
Seat 5: Dorex2007 folded before Flop (didn't bet)
Seat 6: renansuguino1 (button) folded on the Turn
Seat 7: crystiles (small blind) folded on the Turn
Seat 8: Luigiams (big blind) folded on the Turn
Seat 9: pablito2609 collected ($0.19)



PokerStars Hand #237469319814:  Hold'em No Limit ($0.02/$0.05 USD) - 2022/07/19 20:35:25 PT [2022/07/19 23:35:25 ET]
Table 'Elara IV' 9-max Seat #7 is the button
Seat 1: geniuss ($5 in chips) 
Seat 2: Almanza63 ($12.47 in chips) 
Seat 3: boliman21 ($5.12 in chips) 
Seat 4: massaki71 ($10.39 in chips) 
Seat 5: Dorex2007 ($5 in chips) 
Seat 6: renansuguino1 ($5.09 in chips) 
Seat 7: crystiles ($13.13 in chips) 
Seat 8: Luigiams ($4.95 in chips) 
Seat 9: pablito2609 ($7.94 in chips) 
Luigiams: posts small blind $0.02
pablito2609: posts big blind $0.05
*** HOLE CARDS ***
Dealt to Dorex2007 [5d 9s]
geniuss: folds 
Almanza63: folds 
boliman21: folds 
massaki71: raises $0.05 to $0.10
Dorex2007: folds 
renansuguino1: calls $0.10
crystiles: folds 
Luigiams: folds 
pablito2609: raises $0.15 to $0.25
massaki71: calls $0.15
renansuguino1: calls $0.15
*** FLOP *** [Ac 3s 2s]
pablito2609: checks 
massaki71: checks 
renansuguino1: checks 
*** TURN *** [Ac 3s 2s] [3d]
pablito2609: bets $0.20
massaki71: folds 
renansuguino1: folds 
Uncalled bet ($0.20) returned to pablito2609
pablito2609 collected $0.74 from pot
*** SUMMARY ***
Total pot $0.77 | Rake $0.03 
Board [Ac 3s 2s 3d]
Seat 1: geniuss folded before Flop (didn't bet)
Seat 2: Almanza63 folded before Flop (didn't bet)
Seat 3: boliman21 folded before Flop (didn't bet)
Seat 4: massaki71 folded on the Turn
Seat 5: Dorex2007 folded before Flop (didn't bet)
Seat 6: renansuguino1 folded on the Turn
Seat 7: crystiles (button) folded before Flop (didn't bet)
Seat 8: Luigiams (small blind) folded before Flop
Seat 9: pablito2609 (big blind) collected ($0.74)



PokerStars Hand #237469329205:  Hold'em No Limit ($0.02/$0.05 USD) - 2022/07/19 20:36:29 PT [2022/07/19 23:36:29 ET]
Table 'Elara IV' 9-max Seat #8 is the button
Seat 1: geniuss ($5 in chips) 
Seat 2: Almanza63 ($12.47 in chips) 
Seat 3: boliman21 ($5.12 in chips) 
Seat 4: massaki71 ($10.14 in chips) 
Seat 5: Dorex2007 ($5 in chips) 
Seat 6: renansuguino1 ($5 in chips) 
Seat 7: crystiles ($13.13 in chips) 
Seat 8: Luigiams ($4.93 in chips) 
Seat 9: pablito2609 ($8.43 in chips) 
pablito2609: posts small blind $0.02
geniuss: posts big blind $0.05
*** HOLE CARDS ***
Dealt to Dorex2007 [Ks 4s]
Almanza63: folds 
boliman21: folds 
massaki71: raises $0.05 to $0.10
Dorex2007: folds 
renansuguino1: folds 
crystiles: folds 
Luigiams: raises $0.20 to $0.30
pablito2609: folds 
geniuss: folds 
massaki71: calls $0.20
*** FLOP *** [8s 2s 7c]
massaki71: checks 
Luigiams: bets $0.50
massaki71: calls $0.50
*** TURN *** [8s 2s 7c] [3d]
massaki71: checks 
Luigiams: bets $1
massaki71: calls $1
*** RIVER *** [8s 2s 7c 3d] [Ad]
massaki71: checks 
Luigiams: checks 
*** SHOW DOWN ***
massaki71: shows [9h 7h] (a pair of Sevens)
Luigiams: shows [Jd Js] (a pair of Jacks)
Luigiams collected $3.52 from pot
*** SUMMARY ***
Total pot $3.67 | Rake $0.15 
Board [8s 2s 7c 3d Ad]
Seat 1: geniuss (big blind) folded before Flop
Seat 2: Almanza63 folded before Flop (didn't bet)
Seat 3: boliman21 folded before Flop (didn't bet)
Seat 4: massaki71 showed [9h 7h] and lost with a pair of Sevens
Seat 5: Dorex2007 folded before Flop (didn't bet)
Seat 6: renansuguino1 folded before Flop (didn't bet)
Seat 7: crystiles folded before Flop (didn't bet)
Seat 8: Luigiams (button) showed [Jd Js] and won ($3.52) with a pair of Jacks
Seat 9: pablito2609 (small blind) folded before Flop



PokerStars Hand #237469338272:  Hold'em No Limit ($0.02/$0.05 USD) - 2022/07/19 20:37:31 PT [2022/07/19 23:37:31 ET]
Table 'Elara IV' 9-max Seat #9 is the button
Seat 1: geniuss ($5 in chips) 
Seat 2: Almanza63 ($12.47 in chips) 
Seat 3: boliman21 ($5.12 in chips) 
Seat 4: massaki71 ($8.34 in chips) 
Seat 5: Dorex2007 ($5 in chips) 
Seat 6: renansuguino1 ($5 in chips) 
Seat 7: crystiles ($13.13 in chips) 
Seat 8: Luigiams ($6.65 in chips) 
Seat 9: pablito2609 ($8.41 in chips) 
geniuss: posts small blind $0.02
Almanza63: posts big blind $0.05
*** HOLE CARDS ***
Dealt to Dorex2007 [9s Jh]
boliman21: folds 
massaki71: folds 
Dorex2007: folds 
renansuguino1: folds 
crystiles: calls $0.05
Luigiams: folds 
pablito2609: folds 
geniuss: folds 
Almanza63: checks 
*** FLOP *** [7d 3s 2h]
Almanza63: checks 
crystiles: checks 
*** TURN *** [7d 3s 2h] [6d]
Almanza63: bets $0.10
crystiles: folds 
Uncalled bet ($0.10) returned to Almanza63
Almanza63 collected $0.12 from pot
*** SUMMARY ***
Total pot $0.12 | Rake $0 
Board [7d 3s 2h 6d]
Seat 1: geniuss (small blind) folded before Flop
Seat 2: Almanza63 (big blind) collected ($0.12)
Seat 3: boliman21 folded before Flop (didn't bet)
Seat 4: massaki71 folded before Flop (didn't bet)
Seat 5: Dorex2007 folded before Flop (didn't bet)
Seat 6: renansuguino1 folded before Flop (didn't bet)
Seat 7: crystiles folded on the Turn
Seat 8: Luigiams folded before Flop (didn't bet)
Seat 9: pablito2609 (button) folded before Flop (didn't bet)



PokerStars Hand #237469352194:  Hold'em No Limit ($0.02/$0.05 USD) - 2022/07/19 20:38:12 PT [2022/07/19 23:38:12 ET]
Table 'Elara IV' 9-max Seat #1 is the button
Seat 1: geniuss ($5 in chips) 
Seat 2: Almanza63 ($12.54 in chips) 
Seat 3: boliman21 ($5.12 in chips) 
Seat 4: massaki71 ($8.34 in chips) 
Seat 5: Dorex2007 ($5 in chips) 
Seat 6: renansuguino1 ($5 in chips) 
Seat 7: crystiles ($13.08 in chips) 
Seat 8: Luigiams ($6.65 in chips) 
Seat 9: pablito2609 ($8.41 in chips) 
Almanza63: posts small blind $0.02
boliman21: posts big blind $0.05
*** HOLE CARDS ***
Dealt to Dorex2007 [7d 9s]
massaki71: folds 
Dorex2007: folds 
renansuguino1: folds 
crystiles: calls $0.05
Luigiams: folds 
pablito2609: folds 
geniuss: folds 
Almanza63: raises $0.10 to $0.15
boliman21: folds 
crystiles: calls $0.10
*** FLOP *** [Td Kd Ac]
Almanza63: checks 
crystiles: checks 
*** TURN *** [Td Kd Ac] [4d]
Almanza63: checks 
crystiles: checks 
*** RIVER *** [Td Kd Ac 4d] [Ah]
Almanza63: checks 
crystiles: checks 
*** SHOW DOWN ***
Almanza63: shows [6h 7h] (a pair of Aces)
crystiles: shows [7c Kc] (two pair, Aces and Kings)
crystiles collected $0.34 from pot
*** SUMMARY ***
Total pot $0.35 | Rake $0.01 
Board [Td Kd Ac 4d Ah]
Seat 1: geniuss (button) folded before Flop (didn't bet)
Seat 2: Almanza63 (small blind) showed [6h 7h] and lost with a pair of Aces
Seat 3: boliman21 (big blind) folded before Flop
Seat 4: massaki71 folded before Flop (didn't bet)
Seat 5: Dorex2007 folded before Flop (didn't bet)
Seat 6: renansuguino1 folded before Flop (didn't bet)
Seat 7: crystiles showed [7c Kc] and won ($0.34) with two pair, Aces and Kings
Seat 8: Luigiams folded before Flop (didn't bet)
Seat 9: pablito2609 folded before Flop (didn't bet)



PokerStars Hand #237469358962:  Hold'em No Limit ($0.02/$0.05 USD) - 2022/07/19 20:38:58 PT [2022/07/19 23:38:58 ET]
Table 'Elara IV' 9-max Seat #2 is the button
Seat 1: geniuss ($5 in chips) 
Seat 2: Almanza63 ($12.39 in chips) 
Seat 3: boliman21 ($5.07 in chips) 
Seat 4: massaki71 ($8.34 in chips) 
Seat 5: Dorex2007 ($5 in chips) 
Seat 6: renansuguino1 ($5 in chips) 
Seat 7: crystiles ($13.27 in chips) 
Seat 8: Luigiams ($6.65 in chips) 
Seat 9: pablito2609 ($8.41 in chips) 
boliman21: posts small blind $0.02
massaki71: posts big blind $0.05
*** HOLE CARDS ***
Dealt to Dorex2007 [Kh Ah]
Dorex2007: raises $0.15 to $0.20
renansuguino1: folds 
crystiles: folds 
Luigiams: folds 
pablito2609: folds 
geniuss: folds 
Almanza63: folds 
boliman21: folds 
massaki71: folds 
Uncalled bet ($0.15) returned to Dorex2007
Dorex2007 collected $0.12 from pot
*** SUMMARY ***
Total pot $0.12 | Rake $0 
Seat 1: geniuss folded before Flop (didn't bet)
Seat 2: Almanza63 (button) folded before Flop (didn't bet)
Seat 3: boliman21 (small blind) folded before Flop
Seat 4: massaki71 (big blind) folded before Flop
Seat 5: Dorex2007 collected ($0.12)
Seat 6: renansuguino1 folded before Flop (didn't bet)
Seat 7: crystiles folded before Flop (didn't bet)
Seat 8: Luigiams folded before Flop (didn't bet)
Seat 9: pablito2609 folded before Flop (didn't bet)



PokerStars Hand #237469362589:  Hold'em No Limit ($0.02/$0.05 USD) - 2022/07/19 20:39:23 PT [2022/07/19 23:39:23 ET]
Table 'Elara IV' 9-max Seat #3 is the button
Seat 1: geniuss ($5 in chips) 
Seat 2: Almanza63 ($12.39 in chips) 
Seat 3: boliman21 ($5.05 in chips) 
Seat 4: massaki71 ($8.29 in chips) 
Seat 5: Dorex2007 ($5.07 in chips) 
Seat 6: renansuguino1 ($5 in chips) 
Seat 7: crystiles ($13.27 in chips) 
Seat 8: Luigiams ($6.65 in chips) 
Seat 9: pablito2609 ($8.41 in chips) 
massaki71: posts small blind $0.02
Dorex2007: posts big blind $0.05
*** HOLE CARDS ***
Dealt to Dorex2007 [Jh 8c]
renansuguino1: calls $0.05
crystiles: calls $0.05
Luigiams: folds 
pablito2609: folds 
geniuss: folds 
Almanza63: folds 
boliman21: folds 
massaki71: folds 
Dorex2007: checks 
*** FLOP *** [Kc 7h Td]
Dorex2007: checks 
renansuguino1: bets $0.10
crystiles: calls $0.10
Dorex2007: folds 
*** TURN *** [Kc 7h Td] [Qd]
renansuguino1: bets $0.20
crystiles: calls $0.20
*** RIVER *** [Kc 7h Td Qd] [Jd]
renansuguino1: checks 
crystiles: checks 
*** SHOW DOWN ***
renansuguino1: shows [Kh Ks] (three of a kind, Kings)
crystiles: mucks hand 
renansuguino1 collected $0.74 from pot
*** SUMMARY ***
Total pot $0.77 | Rake $0.03 
Board [Kc 7h Td Qd Jd]
Seat 1: geniuss folded before Flop (didn't bet)
Seat 2: Almanza63 folded before Flop (didn't bet)
Seat 3: boliman21 (button) folded before Flop (didn't bet)
Seat 4: massaki71 (small blind) folded before Flop
Seat 5: Dorex2007 (big blind) folded on the Flop
Seat 6: renansuguino1 showed [Kh Ks] and won ($0.74) with three of a kind, Kings
Seat 7: crystiles mucked [Th Qh]
Seat 8: Luigiams folded before Flop (didn't bet)
Seat 9: pablito2609 folded before Flop (didn't bet)



PokerStars Hand #237469369257:  Hold'em No Limit ($0.02/$0.05 USD) - 2022/07/19 20:40:08 PT [2022/07/19 23:40:08 ET]
Table 'Elara IV' 9-max Seat #4 is the button
Seat 1: geniuss ($5 in chips) 
Seat 2: Almanza63 ($12.39 in chips) 
Seat 3: boliman21 ($5.05 in chips) 
Seat 4: massaki71 ($8.27 in chips) 
Seat 5: Dorex2007 ($5.02 in chips) 
Seat 7: crystiles ($12.92 in chips) 
Seat 8: Luigiams ($6.65 in chips) 
Seat 9: pablito2609 ($8.41 in chips) 
Dorex2007: posts small blind $0.02
renansuguino1: is sitting out 
crystiles: posts big blind $0.05
*** HOLE CARDS ***
Dealt to Dorex2007 [4s 6h]
Luigiams: folds 
pablito2609: folds 
geniuss: folds 
renansuguino1 leaves the table
Almanza63: folds 
boliman21: folds 
KidBananan joins the table at seat #6 
massaki71: raises $0.10 to $0.15
Dorex2007: folds 
crystiles: calls $0.10
*** FLOP *** [2s 3d Ah]
crystiles: checks 
massaki71: bets $0.16
crystiles: calls $0.16
*** TURN *** [2s 3d Ah] [9h]
crystiles: checks 
massaki71: bets $0.35
crystiles: calls $0.35
*** RIVER *** [2s 3d Ah 9h] [9c]
crystiles: checks 
massaki71: checks 
*** SHOW DOWN ***
crystiles: shows [Th Ad] (two pair, Aces and Nines)
massaki71: mucks hand 
crystiles collected $1.28 from pot
*** SUMMARY ***
Total pot $1.34 | Rake $0.06 
Board [2s 3d Ah 9h 9c]
Seat 1: geniuss folded before Flop (didn't bet)
Seat 2: Almanza63 folded before Flop (didn't bet)
Seat 3: boliman21 folded before Flop (didn't bet)
Seat 4: massaki71 (button) mucked [Tc Td]
Seat 5: Dorex2007 (small blind) folded before Flop
Seat 7: crystiles (big blind) showed [Th Ad] and won ($1.28) with two pair, Aces and Nines
Seat 8: Luigiams folded before Flop (didn't bet)
Seat 9: pablito2609 folded before Flop (didn't bet)



PokerStars Hand #237469375265:  Hold'em No Limit ($0.02/$0.05 USD) - 2022/07/19 20:40:50 PT [2022/07/19 23:40:50 ET]
Table 'Elara IV' 9-max Seat #5 is the button
Seat 1: geniuss ($5 in chips) 
Seat 2: Almanza63 ($12.39 in chips) 
Seat 3: boliman21 ($5.05 in chips) 
Seat 4: massaki71 ($7.61 in chips) 
Seat 5: Dorex2007 ($5 in chips) 
Seat 7: crystiles ($13.54 in chips) 
Seat 8: Luigiams ($6.65 in chips) 
Seat 9: pablito2609 ($8.41 in chips) 
crystiles: posts small blind $0.02
Luigiams: posts big blind $0.05
*** HOLE CARDS ***
Dealt to Dorex2007 [9d 3d]
pablito2609: calls $0.05
geniuss: folds 
Almanza63: folds 
boliman21: folds 
massaki71: folds 
Dorex2007: folds 
crystiles: calls $0.03
Luigiams: checks 
*** FLOP *** [9c 7c Kc]
crystiles: checks 
Luigiams: bets $0.05
pablito2609: calls $0.05
crystiles: folds 
*** TURN *** [9c 7c Kc] [Qd]
Luigiams: bets $0.15
pablito2609: calls $0.15
*** RIVER *** [9c 7c Kc Qd] [4s]
Luigiams: bets $0.20
pablito2609: calls $0.20
*** SHOW DOWN ***
Luigiams: shows [7s Ks] (two pair, Kings and Sevens)
pablito2609: mucks hand 
Luigiams collected $0.91 from pot
*** SUMMARY ***
Total pot $0.95 | Rake $0.04 
Board [9c 7c Kc Qd 4s]
Seat 1: geniuss folded before Flop (didn't bet)
Seat 2: Almanza63 folded before Flop (didn't bet)
Seat 3: boliman21 folded before Flop (didn't bet)
Seat 4: massaki71 folded before Flop (didn't bet)
Seat 5: Dorex2007 (button) folded before Flop (didn't bet)
Seat 7: crystiles (small blind) folded on the Flop
Seat 8: Luigiams (big blind) showed [7s Ks] and won ($0.91) with two pair, Kings and Sevens
Seat 9: pablito2609 mucked [9h Qh]



PokerStars Hand #237469386237:  Hold'em No Limit ($0.02/$0.05 USD) - 2022/07/19 20:41:40 PT [2022/07/19 23:41:40 ET]
Table 'Elara IV' 9-max Seat #7 is the button
Seat 1: geniuss ($5 in chips) 
Seat 2: Almanza63 ($12.39 in chips) 
Seat 3: boliman21 ($5.05 in chips) 
Seat 4: massaki71 ($7.61 in chips) 
Seat 5: Dorex2007 ($5 in chips) 
Seat 6: KidBananan ($5 in chips) 
Seat 7: crystiles ($13.49 in chips) 
Seat 8: Luigiams ($7.11 in chips) 
Seat 9: pablito2609 ($7.96 in chips) 
Luigiams: posts small blind $0.02
pablito2609: posts big blind $0.05
KidBananan: posts big blind $0.05
*** HOLE CARDS ***
Dealt to Dorex2007 [8s 8c]
geniuss: folds 
Almanza63: folds 
boliman21: folds 
massaki71: raises $0.05 to $0.10
Dorex2007: raises $0.15 to $0.25
KidBananan: folds 
crystiles: folds 
Luigiams: folds 
pablito2609: folds 
massaki71: calls $0.15
*** FLOP *** [9d Ac 6s]
massaki71: checks 
Dorex2007: bets $0.29
massaki71: calls $0.29
*** TURN *** [9d Ac 6s] [Tc]
massaki71: checks 
Dorex2007: checks 
*** RIVER *** [9d Ac 6s Tc] [Kd]
massaki71: bets $0.58
Dorex2007: folds 
Uncalled bet ($0.58) returned to massaki71
massaki71 collected $1.15 from pot
*** SUMMARY ***
Total pot $1.20 | Rake $0.05 
Board [9d Ac 6s Tc Kd]
Seat 1: geniuss folded before Flop (didn't bet)
Seat 2: Almanza63 folded before Flop (didn't bet)
Seat 3: boliman21 folded before Flop (didn't bet)
Seat 4: massaki71 collected ($1.15)
Seat 5: Dorex2007 folded on the River
Seat 6: KidBananan folded before Flop (didn't bet)
Seat 7: crystiles (button) folded before Flop (didn't bet)
Seat 8: Luigiams (small blind) folded before Flop
Seat 9: pablito2609 (big blind) folded before Flop



PokerStars Hand #237469394397:  Hold'em No Limit ($0.02/$0.05 USD) - 2022/07/19 20:42:38 PT [2022/07/19 23:42:38 ET]
Table 'Elara IV' 9-max Seat #8 is the button
Seat 1: geniuss ($5 in chips) 
Seat 2: Almanza63 ($12.39 in chips) 
Seat 3: boliman21 ($5.05 in chips) 
Seat 4: massaki71 ($8.22 in chips) 
Seat 5: Dorex2007 ($5 in chips) 
Seat 6: KidBananan ($5 in chips) 
Seat 7: crystiles ($13.49 in chips) 
Seat 8: Luigiams ($7.09 in chips) 
Seat 9: pablito2609 ($7.91 in chips) 
pablito2609: posts small blind $0.02
geniuss: posts big blind $0.05
*** HOLE CARDS ***
Dealt to Dorex2007 [4c Jh]
Almanza63: folds 
boliman21: folds 
massaki71: folds 
Dorex2007: folds 
KidBananan: folds 
crystiles: calls $0.05
Luigiams: raises $0.05 to $0.10
pablito2609: calls $0.08
geniuss: folds 
crystiles: calls $0.05
*** FLOP *** [5s Qc Jd]
pablito2609: checks 
crystiles: bets $0.05
Luigiams: folds 
pablito2609: calls $0.05
*** TURN *** [5s Qc Jd] [2c]
pablito2609: checks 
crystiles: bets $0.05
pablito2609: raises $0.05 to $0.10
crystiles: calls $0.05
*** RIVER *** [5s Qc Jd 2c] [6c]
pablito2609: checks 
crystiles: bets $0.31
pablito2609: raises $0.34 to $0.65
crystiles: folds 
Uncalled bet ($0.34) returned to pablito2609
pablito2609 collected $1.22 from pot
*** SUMMARY ***
Total pot $1.27 | Rake $0.05 
Board [5s Qc Jd 2c 6c]
Seat 1: geniuss (big blind) folded before Flop
Seat 2: Almanza63 folded before Flop (didn't bet)
Seat 3: boliman21 folded before Flop (didn't bet)
Seat 4: massaki71 folded before Flop (didn't bet)
Seat 5: Dorex2007 folded before Flop (didn't bet)
Seat 6: KidBananan folded before Flop (didn't bet)
Seat 7: crystiles folded on the River
Seat 8: Luigiams (button) folded on the Flop
Seat 9: pablito2609 (small blind) collected ($1.22)



PokerStars Hand #237469405990:  Hold'em No Limit ($0.02/$0.05 USD) - 2022/07/19 20:43:59 PT [2022/07/19 23:43:59 ET]
Table 'Elara IV' 9-max Seat #9 is the button
Seat 1: geniuss ($5 in chips) 
Seat 2: Almanza63 ($12.39 in chips) 
Seat 3: boliman21 ($5.05 in chips) 
Seat 4: massaki71 ($8.22 in chips) 
Seat 5: Dorex2007 ($5 in chips) 
Seat 6: KidBananan ($5 in chips) 
Seat 7: crystiles ($12.93 in chips) 
Seat 8: Luigiams ($6.99 in chips) 
Seat 9: pablito2609 ($8.57 in chips) 
geniuss: posts small blind $0.02
Almanza63: posts big blind $0.05
*** HOLE CARDS ***
Dealt to Dorex2007 [4s 2c]
boliman21: folds 
massaki71: folds 
Dorex2007: folds 
KidBananan: folds 
crystiles: folds 
Luigiams: folds 
pablito2609: folds 
geniuss: raises $0.07 to $0.12
Almanza63: raises $0.37 to $0.49
geniuss: calls $0.37
*** FLOP *** [7d Th 2d]
geniuss: checks 
Almanza63: bets $0.55
geniuss: calls $0.55
*** TURN *** [7d Th 2d] [7s]
geniuss: checks 
Almanza63: bets $0.99
geniuss: calls $0.99
*** RIVER *** [7d Th 2d 7s] [8s]
geniuss: bets $2.97 and is all-in
Almanza63: calls $2.97
*** SHOW DOWN ***
geniuss: shows [Jh 7h] (three of a kind, Sevens)
Almanza63: shows [9d 9h] (two pair, Nines and Sevens)
geniuss collected $9.58 from pot
*** SUMMARY ***
Total pot $10 | Rake $0.42 
Board [7d Th 2d 7s 8s]
Seat 1: geniuss (small blind) showed [Jh 7h] and won ($9.58) with three of a kind, Sevens
Seat 2: Almanza63 (big blind) showed [9d 9h] and lost with two pair, Nines and Sevens
Seat 3: boliman21 folded before Flop (didn't bet)
Seat 4: massaki71 folded before Flop (didn't bet)
Seat 5: Dorex2007 folded before Flop (didn't bet)
Seat 6: KidBananan folded before Flop (didn't bet)
Seat 7: crystiles folded before Flop (didn't bet)
Seat 8: Luigiams folded before Flop (didn't bet)
Seat 9: pablito2609 (button) folded before Flop (didn't bet)



PokerStars Hand #237469422365:  Hold'em No Limit ($0.02/$0.05 USD) - 2022/07/19 20:44:57 PT [2022/07/19 23:44:57 ET]
Table 'Elara IV' 9-max Seat #1 is the button
Seat 1: geniuss ($9.58 in chips) 
Seat 2: Almanza63 ($7.39 in chips) 
Seat 3: boliman21 ($5.05 in chips) 
Seat 4: massaki71 ($8.22 in chips) 
Seat 5: Dorex2007 ($5 in chips) 
Seat 6: KidBananan ($5 in chips) 
Seat 7: crystiles ($12.93 in chips) 
Seat 8: Luigiams ($6.99 in chips) 
Seat 9: pablito2609 ($8.57 in chips) 
Almanza63: posts small blind $0.02
boliman21: posts big blind $0.05
*** HOLE CARDS ***
Dealt to Dorex2007 [Kh 5h]
massaki71: folds 
Dorex2007: folds 
KidBananan: folds 
crystiles: folds 
Luigiams: folds 
pablito2609: folds 
geniuss: folds 
Almanza63: raises $0.10 to $0.15
boliman21: folds 
Uncalled bet ($0.10) returned to Almanza63
Almanza63 collected $0.10 from pot
*** SUMMARY ***
Total pot $0.10 | Rake $0 
Seat 1: geniuss (button) folded before Flop (didn't bet)
Seat 2: Almanza63 (small blind) collected ($0.10)
Seat 3: boliman21 (big blind) folded before Flop
Seat 4: massaki71 folded before Flop (didn't bet)
Seat 5: Dorex2007 folded before Flop (didn't bet)
Seat 6: KidBananan folded before Flop (didn't bet)
Seat 7: crystiles folded before Flop (didn't bet)
Seat 8: Luigiams folded before Flop (didn't bet)
Seat 9: pablito2609 folded before Flop (didn't bet)



PokerStars Hand #237469424939:  Hold'em No Limit ($0.02/$0.05 USD) - 2022/07/19 20:45:16 PT [2022/07/19 23:45:16 ET]
Table 'Elara IV' 9-max Seat #2 is the button
Seat 1: geniuss ($9.58 in chips) 
Seat 2: Almanza63 ($7.44 in chips) 
Seat 3: boliman21 ($5 in chips) 
Seat 4: massaki71 ($8.22 in chips) 
Seat 5: Dorex2007 ($5 in chips) 
Seat 6: KidBananan ($5 in chips) 
Seat 7: crystiles ($12.93 in chips) 
Seat 8: Luigiams ($6.99 in chips) 
Seat 9: pablito2609 ($8.57 in chips) 
boliman21: posts small blind $0.02
massaki71: posts big blind $0.05
*** HOLE CARDS ***
Dealt to Dorex2007 [6c 6h]
Dorex2007: calls $0.05
KidBananan: folds 
crystiles: folds 
Luigiams: folds 
pablito2609: folds 
geniuss: folds 
Almanza63: folds 
boliman21: calls $0.03
massaki71: checks 
*** FLOP *** [Tc Ks As]
boliman21: checks 
massaki71: checks 
Dorex2007: checks 
*** TURN *** [Tc Ks As] [Qh]
boliman21: checks 
massaki71: bets $0.07
Dorex2007: folds 
boliman21: folds 
Uncalled bet ($0.07) returned to massaki71
massaki71 collected $0.14 from pot
*** SUMMARY ***
Total pot $0.15 | Rake $0.01 
Board [Tc Ks As Qh]
Seat 1: geniuss folded before Flop (didn't bet)
Seat 2: Almanza63 (button) folded before Flop (didn't bet)
Seat 3: boliman21 (small blind) folded on the Turn
Seat 4: massaki71 (big blind) collected ($0.14)
Seat 5: Dorex2007 folded on the Turn
Seat 6: KidBananan folded before Flop (didn't bet)
Seat 7: crystiles folded before Flop (didn't bet)
Seat 8: Luigiams folded before Flop (didn't bet)
Seat 9: pablito2609 folded before Flop (didn't bet)



PokerStars Hand #237469430296:  Hold'em No Limit ($0.02/$0.05 USD) - 2022/07/19 20:45:55 PT [2022/07/19 23:45:55 ET]
Table 'Elara IV' 9-max Seat #3 is the button
Seat 1: geniuss ($9.58 in chips) 
Seat 2: Almanza63 ($7.44 in chips) 
Seat 3: boliman21 ($4.95 in chips) 
Seat 4: massaki71 ($8.31 in chips) 
Seat 5: Dorex2007 ($5 in chips) 
Seat 6: KidBananan ($5 in chips) 
Seat 7: crystiles ($12.93 in chips) 
Seat 8: Luigiams ($6.99 in chips) 
Seat 9: pablito2609 ($8.57 in chips) 
massaki71: posts small blind $0.02
Dorex2007: posts big blind $0.05
*** HOLE CARDS ***
Dealt to Dorex2007 [Qs Ks]
KidBananan: folds 
crystiles: calls $0.05
Luigiams: folds 
pablito2609: folds 
geniuss: folds 
Almanza63: folds 
boliman21: folds 
massaki71: raises $0.15 to $0.20
Dorex2007: calls $0.15
crystiles: calls $0.15
*** FLOP *** [Ac 5s 3d]
massaki71: bets $0.25
Dorex2007: folds 
crystiles: folds 
Uncalled bet ($0.25) returned to massaki71
massaki71 collected $0.58 from pot
*** SUMMARY ***
Total pot $0.60 | Rake $0.02 
Board [Ac 5s 3d]
Seat 1: geniuss folded before Flop (didn't bet)
Seat 2: Almanza63 folded before Flop (didn't bet)
Seat 3: boliman21 (button) folded before Flop (didn't bet)
Seat 4: massaki71 (small blind) collected ($0.58)
Seat 5: Dorex2007 (big blind) folded on the Flop
Seat 6: KidBananan folded before Flop (didn't bet)
Seat 7: crystiles folded on the Flop
Seat 8: Luigiams folded before Flop (didn't bet)
Seat 9: pablito2609 folded before Flop (didn't bet)



PokerStars Hand #237469437424:  Hold'em No Limit ($0.02/$0.05 USD) - 2022/07/19 20:46:46 PT [2022/07/19 23:46:46 ET]
Table 'Elara IV' 9-max Seat #4 is the button
Seat 1: geniuss ($9.58 in chips) 
Seat 2: Almanza63 ($7.44 in chips) 
Seat 3: boliman21 ($4.95 in chips) 
Seat 4: massaki71 ($8.69 in chips) 
Seat 5: Dorex2007 ($5 in chips) 
Seat 6: KidBananan ($5 in chips) 
Seat 7: crystiles ($12.73 in chips) 
Seat 8: Luigiams ($6.99 in chips) 
Seat 9: pablito2609 ($8.57 in chips) 
Dorex2007: posts small blind $0.02
KidBananan: posts big blind $0.05
*** HOLE CARDS ***
Dealt to Dorex2007 [7h 9d]
crystiles: calls $0.05
Luigiams has timed out
Luigiams: folds 
pablito2609: folds 
geniuss: folds 
Almanza63: folds 
boliman21: raises $0.17 to $0.22
massaki71: calls $0.22
Dorex2007: folds 
KidBananan: folds 
crystiles: calls $0.17
*** FLOP *** [As 9h 9c]
crystiles: checks 
boliman21: checks 
massaki71: checks 
*** TURN *** [As 9h 9c] [3h]
crystiles: checks 
boliman21: checks 
massaki71: bets $0.35
crystiles: folds 
boliman21: folds 
Uncalled bet ($0.35) returned to massaki71
massaki71 collected $0.70 from pot
*** SUMMARY ***
Total pot $0.73 | Rake $0.03 
Board [As 9h 9c 3h]
Seat 1: geniuss folded before Flop (didn't bet)
Seat 2: Almanza63 folded before Flop (didn't bet)
Seat 3: boliman21 folded on the Turn
Seat 4: massaki71 (button) collected ($0.70)
Seat 5: Dorex2007 (small blind) folded before Flop
Seat 6: KidBananan (big blind) folded before Flop
Seat 7: crystiles folded on the Turn
Seat 8: Luigiams folded before Flop (didn't bet)
Seat 9: pablito2609 folded before Flop (didn't bet)



PokerStars Hand #237469445574:  Hold'em No Limit ($0.02/$0.05 USD) - 2022/07/19 20:47:46 PT [2022/07/19 23:47:46 ET]
Table 'Elara IV' 9-max Seat #5 is the button
Seat 1: geniuss ($9.58 in chips) 
Seat 2: Almanza63 ($7.44 in chips) 
Seat 3: boliman21 ($4.73 in chips) 
Seat 4: massaki71 ($9.17 in chips) 
Seat 5: Dorex2007 ($5 in chips) 
Seat 6: KidBananan ($5 in chips) 
Seat 7: crystiles ($12.51 in chips) 
Seat 8: Luigiams ($6.99 in chips) 
Seat 9: pablito2609 ($8.57 in chips) 
KidBananan: posts small blind $0.02
crystiles: posts big blind $0.05
*** HOLE CARDS ***
Dealt to Dorex2007 [Jd 2c]
Luigiams: folds 
pablito2609: calls $0.05
geniuss: folds 
Almanza63: folds 
boliman21: raises $0.17 to $0.22
massaki71: folds 
Dorex2007: folds 
KidBananan: folds 
crystiles: calls $0.17
pablito2609: folds 
*** FLOP *** [6c Qd Qs]
crystiles: checks 
boliman21: bets $0.25
crystiles: calls $0.25
*** TURN *** [6c Qd Qs] [6h]
crystiles: checks 
boliman21: checks 
*** RIVER *** [6c Qd Qs 6h] [2s]
crystiles: bets $0.20
boliman21: calls $0.20
*** SHOW DOWN ***
crystiles: shows [Ad Kc] (two pair, Queens and Sixes)
boliman21: shows [Ks As] (two pair, Queens and Sixes)
crystiles collected $0.68 from pot
boliman21 collected $0.67 from pot
*** SUMMARY ***
Total pot $1.41 | Rake $0.06 
Board [6c Qd Qs 6h 2s]
Seat 1: geniuss folded before Flop (didn't bet)
Seat 2: Almanza63 folded before Flop (didn't bet)
Seat 3: boliman21 showed [Ks As] and won ($0.67) with two pair, Queens and Sixes
Seat 4: massaki71 folded before Flop (didn't bet)
Seat 5: Dorex2007 (button) folded before Flop (didn't bet)
Seat 6: KidBananan (small blind) folded before Flop
Seat 7: crystiles (big blind) showed [Ad Kc] and won ($0.68) with two pair, Queens and Sixes
Seat 8: Luigiams folded before Flop (didn't bet)
Seat 9: pablito2609 folded before Flop



PokerStars Hand #237469452518:  Hold'em No Limit ($0.02/$0.05 USD) - 2022/07/19 20:48:36 PT [2022/07/19 23:48:36 ET]
Table 'Elara IV' 9-max Seat #6 is the button
Seat 1: geniuss ($9.58 in chips) 
Seat 2: Almanza63 ($7.44 in chips) 
Seat 3: boliman21 ($4.73 in chips) 
Seat 4: massaki71 ($9.17 in chips) 
Seat 5: Dorex2007 ($5 in chips) 
Seat 6: KidBananan ($5 in chips) 
Seat 7: crystiles ($12.52 in chips) 
Seat 8: Luigiams ($6.99 in chips) 
Seat 9: pablito2609 ($8.52 in chips) 
crystiles: posts small blind $0.02
Luigiams: posts big blind $0.05
*** HOLE CARDS ***
Dealt to Dorex2007 [Ad 9c]
pablito2609: calls $0.05
geniuss: folds 
Almanza63: raises $0.10 to $0.15
boliman21: folds 
massaki71: folds 
Dorex2007: folds 
KidBananan: folds 
crystiles: folds 
Luigiams: folds 
pablito2609: calls $0.10
*** FLOP *** [2s As Ac]
pablito2609: checks 
Almanza63: checks 
*** TURN *** [2s As Ac] [4h]
pablito2609: checks 
Almanza63: bets $0.20
pablito2609: folds 
Uncalled bet ($0.20) returned to Almanza63
Almanza63 collected $0.35 from pot
*** SUMMARY ***
Total pot $0.37 | Rake $0.02 
Board [2s As Ac 4h]
Seat 1: geniuss folded before Flop (didn't bet)
Seat 2: Almanza63 collected ($0.35)
Seat 3: boliman21 folded before Flop (didn't bet)
Seat 4: massaki71 folded before Flop (didn't bet)
Seat 5: Dorex2007 folded before Flop (didn't bet)
Seat 6: KidBananan (button) folded before Flop (didn't bet)
Seat 7: crystiles (small blind) folded before Flop
Seat 8: Luigiams (big blind) folded before Flop
Seat 9: pablito2609 folded on the Turn



PokerStars Hand #237469458694:  Hold'em No Limit ($0.02/$0.05 USD) - 2022/07/19 20:49:21 PT [2022/07/19 23:49:21 ET]
Table 'Elara IV' 9-max Seat #7 is the button
Seat 1: geniuss ($9.58 in chips) 
Seat 2: Almanza63 ($7.64 in chips) 
Seat 3: boliman21 ($4.73 in chips) 
Seat 4: massaki71 ($9.17 in chips) 
Seat 5: Dorex2007 ($5 in chips) 
Seat 6: KidBananan ($5 in chips) 
Seat 7: crystiles ($12.50 in chips) 
Seat 8: Luigiams ($6.94 in chips) 
Seat 9: pablito2609 ($8.37 in chips) 
Luigiams: posts small blind $0.02
pablito2609: posts big blind $0.05
*** HOLE CARDS ***
Dealt to Dorex2007 [Tc 9h]
geniuss: folds 
Almanza63: folds 
boliman21: raises $0.10 to $0.15
massaki71: calls $0.15
Dorex2007: folds 
KidBananan: folds 
crystiles: folds 
Luigiams: folds 
pablito2609: folds 
*** FLOP *** [4c 2h 6s]
boliman21: bets $0.20
massaki71: calls $0.20
*** TURN *** [4c 2h 6s] [7c]
boliman21: bets $0.40
massaki71: calls $0.40
*** RIVER *** [4c 2h 6s 7c] [Kd]
boliman21: bets $0.75
massaki71: raises $1.50 to $2.25
boliman21: calls $1.50
*** SHOW DOWN ***
massaki71: shows [As 4d] (a pair of Fours)
boliman21: shows [9c Kc] (a pair of Kings)
boliman21 collected $5.82 from pot
*** SUMMARY ***
Total pot $6.07 | Rake $0.25 
Board [4c 2h 6s 7c Kd]
Seat 1: geniuss folded before Flop (didn't bet)
Seat 2: Almanza63 folded before Flop (didn't bet)
Seat 3: boliman21 showed [9c Kc] and won ($5.82) with a pair of Kings
Seat 4: massaki71 showed [As 4d] and lost with a pair of Fours
Seat 5: Dorex2007 folded before Flop (didn't bet)
Seat 6: KidBananan folded before Flop (didn't bet)
Seat 7: crystiles (button) folded before Flop (didn't bet)
Seat 8: Luigiams (small blind) folded before Flop
Seat 9: pablito2609 (big blind) folded before Flop



PokerStars Hand #237469466081:  Hold'em No Limit ($0.02/$0.05 USD) - 2022/07/19 20:50:14 PT [2022/07/19 23:50:14 ET]
Table 'Elara IV' 9-max Seat #8 is the button
Seat 1: geniuss ($9.58 in chips) 
Seat 2: Almanza63 ($7.64 in chips) 
Seat 3: boliman21 ($7.55 in chips) 
Seat 4: massaki71 ($6.17 in chips) 
Seat 5: Dorex2007 ($5 in chips) 
Seat 6: KidBananan ($5 in chips) 
Seat 7: crystiles ($12.50 in chips) 
Seat 8: Luigiams ($6.92 in chips) 
Seat 9: pablito2609 ($8.32 in chips) 
pablito2609: posts small blind $0.02
geniuss: posts big blind $0.05
*** HOLE CARDS ***
Dealt to Dorex2007 [Jd 7h]
Almanza63: raises $0.10 to $0.15
boliman21: calls $0.15
massaki71: folds 
Dorex2007: folds 
KidBananan: folds 
crystiles: calls $0.15
Luigiams: calls $0.15
pablito2609: folds 
geniuss: folds 
*** FLOP *** [Ah Ts Qd]
Almanza63: checks 
boliman21: checks 
crystiles: checks 
Luigiams: checks 
*** TURN *** [Ah Ts Qd] [8d]
Almanza63: checks 
boliman21: bets $0.40
crystiles: folds 
Luigiams: folds 
Almanza63: calls $0.40
*** RIVER *** [Ah Ts Qd 8d] [8h]
Almanza63: checks 
boliman21: checks 
*** SHOW DOWN ***
Almanza63: shows [Ks Ad] (two pair, Aces and Eights)
boliman21: mucks hand 
Almanza63 collected $1.41 from pot
*** SUMMARY ***
Total pot $1.47 | Rake $0.06 
Board [Ah Ts Qd 8d 8h]
Seat 1: geniuss (big blind) folded before Flop
Seat 2: Almanza63 showed [Ks Ad] and won ($1.41) with two pair, Aces and Eights
Seat 3: boliman21 mucked [Th Qh]
Seat 4: massaki71 folded before Flop (didn't bet)
Seat 5: Dorex2007 folded before Flop (didn't bet)
Seat 6: KidBananan folded before Flop (didn't bet)
Seat 7: crystiles folded on the Turn
Seat 8: Luigiams (button) folded on the Turn
Seat 9: pablito2609 (small blind) folded before Flop



PokerStars Hand #237469477121:  Hold'em No Limit ($0.02/$0.05 USD) - 2022/07/19 20:51:33 PT [2022/07/19 23:51:33 ET]
Table 'Elara IV' 9-max Seat #9 is the button
Seat 1: geniuss ($9.53 in chips) 
Seat 2: Almanza63 ($8.50 in chips) 
Seat 3: boliman21 ($7 in chips) 
Seat 4: massaki71 ($6.17 in chips) 
Seat 5: Dorex2007 ($5 in chips) 
Seat 6: KidBananan ($5 in chips) 
Seat 7: crystiles ($12.35 in chips) 
Seat 8: Luigiams ($6.77 in chips) 
Seat 9: pablito2609 ($8.30 in chips) 
geniuss: posts small blind $0.02
Almanza63: posts big blind $0.05
*** HOLE CARDS ***
Dealt to Dorex2007 [Js Kd]
boliman21: raises $0.10 to $0.15
massaki71: folds 
Dorex2007: folds 
KidBananan: folds 
crystiles: folds 
Luigiams: folds 
pablito2609: calls $0.15
geniuss: folds 
Almanza63: folds 
*** FLOP *** [8c Jh 5c]
boliman21: bets $0.20
pablito2609: folds 
Uncalled bet ($0.20) returned to boliman21
boliman21 collected $0.35 from pot
*** SUMMARY ***
Total pot $0.37 | Rake $0.02 
Board [8c Jh 5c]
Seat 1: geniuss (small blind) folded before Flop
Seat 2: Almanza63 (big blind) folded before Flop
Seat 3: boliman21 collected ($0.35)
Seat 4: massaki71 folded before Flop (didn't bet)
Seat 5: Dorex2007 folded before Flop (didn't bet)
Seat 6: KidBananan folded before Flop (didn't bet)
Seat 7: crystiles folded before Flop (didn't bet)
Seat 8: Luigiams folded before Flop (didn't bet)
Seat 9: pablito2609 (button) folded on the Flop



PokerStars Hand #237469481854:  Hold'em No Limit ($0.02/$0.05 USD) - 2022/07/19 20:52:07 PT [2022/07/19 23:52:07 ET]
Table 'Elara IV' 9-max Seat #1 is the button
Seat 1: geniuss ($9.51 in chips) 
Seat 2: Almanza63 ($8.45 in chips) 
Seat 4: massaki71 ($6.17 in chips) 
Seat 5: Dorex2007 ($5 in chips) 
Seat 6: KidBananan ($5 in chips) 
Seat 7: crystiles ($12.35 in chips) 
Seat 8: Luigiams ($6.77 in chips) 
Seat 9: pablito2609 ($8.15 in chips) 
Almanza63: posts small blind $0.02
boliman21: is sitting out 
boliman21 leaves the table
massaki71: posts big blind $0.05
*** HOLE CARDS ***
Dealt to Dorex2007 [Qc 5c]
Dorex2007: folds 
KidBananan: folds 
crystiles: folds 
Luigiams: folds 
pablito2609: folds 
geniuss: folds 
Almanza63: raises $0.10 to $0.15
massaki71: folds 
Uncalled bet ($0.10) returned to Almanza63
Almanza63 collected $0.10 from pot
*** SUMMARY ***
Total pot $0.10 | Rake $0 
Seat 1: geniuss (button) folded before Flop (didn't bet)
Seat 2: Almanza63 (small blind) collected ($0.10)
Seat 4: massaki71 (big blind) folded before Flop
Seat 5: Dorex2007 folded before Flop (didn't bet)
Seat 6: KidBananan folded before Flop (didn't bet)
Seat 7: crystiles folded before Flop (didn't bet)
Seat 8: Luigiams folded before Flop (didn't bet)
Seat 9: pablito2609 folded before Flop (didn't bet)



PokerStars Hand #237469484815:  Hold'em No Limit ($0.02/$0.05 USD) - 2022/07/19 20:52:28 PT [2022/07/19 23:52:28 ET]
Table 'Elara IV' 9-max Seat #2 is the button
Seat 1: geniuss ($9.51 in chips) 
Seat 2: Almanza63 ($8.50 in chips) 
Seat 4: massaki71 ($6.12 in chips) 
Seat 5: Dorex2007 ($5 in chips) 
Seat 6: KidBananan ($5 in chips) 
Seat 7: crystiles ($12.35 in chips) 
Seat 8: Luigiams ($6.77 in chips) 
Seat 9: pablito2609 ($8.15 in chips) 
massaki71: posts small blind $0.02
Dorex2007: posts big blind $0.05
*** HOLE CARDS ***
Dealt to Dorex2007 [Kh 5c]
KidBananan: folds 
crystiles: folds 
Luigiams: raises $0.20 to $0.25
pablito2609: folds 
geniuss: calls $0.25
Almanza63: folds 
massaki71: folds 
Dorex2007: folds 
*** FLOP *** [6h Ts 9c]
Luigiams: bets $0.27
geniuss: calls $0.27
*** TURN *** [6h Ts 9c] [4s]
Luigiams: bets $0.53
geniuss: calls $0.53
*** RIVER *** [6h Ts 9c 4s] [8d]
Luigiams: checks 
geniuss: checks 
*** SHOW DOWN ***
Luigiams: shows [Ks Ah] (high card Ace)
geniuss: shows [Jd Jc] (a pair of Jacks)
geniuss collected $2.08 from pot
*** SUMMARY ***
Total pot $2.17 | Rake $0.09 
Board [6h Ts 9c 4s 8d]
Seat 1: geniuss showed [Jd Jc] and won ($2.08) with a pair of Jacks
Seat 2: Almanza63 (button) folded before Flop (didn't bet)
Seat 4: massaki71 (small blind) folded before Flop
Seat 5: Dorex2007 (big blind) folded before Flop
Seat 6: KidBananan folded before Flop (didn't bet)
Seat 7: crystiles folded before Flop (didn't bet)
Seat 8: Luigiams showed [Ks Ah] and lost with high card Ace
Seat 9: pablito2609 folded before Flop (didn't bet)



PokerStars Hand #237469493450:  Hold'em No Limit ($0.02/$0.05 USD) - 2022/07/19 20:53:25 PT [2022/07/19 23:53:25 ET]
Table 'Elara IV' 9-max Seat #4 is the button
Seat 1: geniuss ($10.54 in chips) 
Seat 2: Almanza63 ($8.50 in chips) 
Seat 4: massaki71 ($6.10 in chips) 
Seat 5: Dorex2007 ($5 in chips) 
Seat 6: KidBananan ($5 in chips) 
Seat 7: crystiles ($12.35 in chips) 
Seat 8: Luigiams ($5.72 in chips) 
Seat 9: pablito2609 ($8.15 in chips) 
Dorex2007: posts small blind $0.02
KidBananan: posts big blind $0.05
*** HOLE CARDS ***
Dealt to Dorex2007 [9d 3h]
crystiles: folds 
Luigiams: folds 
pablito2609: folds 
geniuss: folds 
Almanza63: raises $0.10 to $0.15
massaki71: raises $0.37 to $0.52
Dorex2007: folds 
KidBananan: folds 
Almanza63: folds 
Uncalled bet ($0.37) returned to massaki71
massaki71 collected $0.37 from pot
*** SUMMARY ***
Total pot $0.37 | Rake $0 
Seat 1: geniuss folded before Flop (didn't bet)
Seat 2: Almanza63 folded before Flop
Seat 4: massaki71 (button) collected ($0.37)
Seat 5: Dorex2007 (small blind) folded before Flop
Seat 6: KidBananan (big blind) folded before Flop
Seat 7: crystiles folded before Flop (didn't bet)
Seat 8: Luigiams folded before Flop (didn't bet)
Seat 9: pablito2609 folded before Flop (didn't bet)



PokerStars Hand #237469497501:  Hold'em No Limit ($0.02/$0.05 USD) - 2022/07/19 20:53:55 PT [2022/07/19 23:53:55 ET]
Table 'Elara IV' 9-max Seat #5 is the button
Seat 1: geniuss ($10.54 in chips) 
Seat 2: Almanza63 ($8.35 in chips) 
Seat 4: massaki71 ($6.32 in chips) 
Seat 5: Dorex2007 ($5 in chips) 
Seat 6: KidBananan ($5 in chips) 
Seat 8: Luigiams ($5.72 in chips) 
Seat 9: pablito2609 ($8.15 in chips) 
KidBananan: posts small blind $0.02
crystiles: is sitting out 
Luigiams: posts big blind $0.05
*** HOLE CARDS ***
Dealt to Dorex2007 [5s Th]
pablito2609: folds 
geniuss: folds 
Almanza63: folds 
massaki71: raises $0.05 to $0.10
Dorex2007: folds 
crystiles leaves the table
fabri318 joins the table at seat #3 
KidBananan: folds 
Luigiams: calls $0.05
*** FLOP *** [7c Qd 7h]
Luigiams: checks 
massaki71: checks 
*** TURN *** [7c Qd 7h] [9c]
Luigiams: checks 
massaki71: checks 
*** RIVER *** [7c Qd 7h 9c] [4d]
Luigiams: checks 
Pupakpup1967 joins the table at seat #7 
massaki71: bets $0.15
Luigiams: folds 
Uncalled bet ($0.15) returned to massaki71
massaki71 collected $0.21 from pot
*** SUMMARY ***
Total pot $0.22 | Rake $0.01 
Board [7c Qd 7h 9c 4d]
Seat 1: geniuss folded before Flop (didn't bet)
Seat 2: Almanza63 folded before Flop (didn't bet)
Seat 4: massaki71 collected ($0.21)
Seat 5: Dorex2007 (button) folded before Flop (didn't bet)
Seat 6: KidBananan (small blind) folded before Flop
Seat 8: Luigiams (big blind) folded on the River
Seat 9: pablito2609 folded before Flop (didn't bet)



PokerStars Hand #237469505018:  Hold'em No Limit ($0.02/$0.05 USD) - 2022/07/19 20:54:49 PT [2022/07/19 23:54:49 ET]
Table 'Elara IV' 9-max Seat #6 is the button
Seat 1: geniuss ($10.54 in chips) 
Seat 2: Almanza63 ($8.35 in chips) 
Seat 4: massaki71 ($6.43 in chips) 
Seat 5: Dorex2007 ($5 in chips) 
Seat 6: KidBananan ($5 in chips) 
Seat 8: Luigiams ($5.62 in chips) 
Seat 9: pablito2609 ($8.15 in chips) 
Luigiams: posts small blind $0.02
pablito2609: posts big blind $0.05
fabri318: sits out 
*** HOLE CARDS ***
Dealt to Dorex2007 [7s Ts]
geniuss: folds 
Almanza63: folds 
massaki71: raises $0.05 to $0.10
Dorex2007: folds 
KidBananan: folds 
Luigiams: calls $0.08
pablito2609: folds 
*** FLOP *** [Ah Td Jc]
Luigiams: bets $0.05
massaki71: calls $0.05
*** TURN *** [Ah Td Jc] [9d]
Luigiams: bets $0.15
massaki71: calls $0.15
*** RIVER *** [Ah Td Jc 9d] [7c]
Luigiams: checks 
massaki71: checks 
*** SHOW DOWN ***
Luigiams: shows [9h Th] (two pair, Tens and Nines)
massaki71: mucks hand 
Luigiams collected $0.62 from pot
*** SUMMARY ***
Total pot $0.65 | Rake $0.03 
Board [Ah Td Jc 9d 7c]
Seat 1: geniuss folded before Flop (didn't bet)
Seat 2: Almanza63 folded before Flop (didn't bet)
Seat 4: massaki71 mucked [Qc Jh]
Seat 5: Dorex2007 folded before Flop (didn't bet)
Seat 6: KidBananan (button) folded before Flop (didn't bet)
Seat 8: Luigiams (small blind) showed [9h Th] and won ($0.62) with two pair, Tens and Nines
Seat 9: pablito2609 (big blind) folded before Flop



PokerStars Hand #237469514720:  Hold'em No Limit ($0.02/$0.05 USD) - 2022/07/19 20:55:33 PT [2022/07/19 23:55:33 ET]
Table 'Elara IV' 9-max Seat #8 is the button
Seat 1: geniuss ($10.54 in chips) 
Seat 2: Almanza63 ($8.35 in chips) 
Seat 4: massaki71 ($6.13 in chips) 
Seat 5: Dorex2007 ($5 in chips) 
Seat 6: KidBananan ($5 in chips) 
Seat 7: Pupakpup1967 ($2 in chips) 
Seat 8: Luigiams ($5.94 in chips) 
Seat 9: pablito2609 ($8.10 in chips) 
pablito2609: posts small blind $0.02
geniuss: posts big blind $0.05
fabri318: sits out 
Pupakpup1967: posts big blind $0.05
*** HOLE CARDS ***
Dealt to Dorex2007 [5h Th]
Almanza63: folds 
massaki71: raises $0.10 to $0.15
Dorex2007: folds 
KidBananan: folds 
Pupakpup1967: folds 
Luigiams: folds 
pablito2609: folds 
geniuss: folds 
Uncalled bet ($0.10) returned to massaki71
massaki71 collected $0.17 from pot
*** SUMMARY ***
Total pot $0.17 | Rake $0 
Seat 1: geniuss (big blind) folded before Flop
Seat 2: Almanza63 folded before Flop (didn't bet)
Seat 4: massaki71 collected ($0.17)
Seat 5: Dorex2007 folded before Flop (didn't bet)
Seat 6: KidBananan folded before Flop (didn't bet)
Seat 7: Pupakpup1967 folded before Flop (didn't bet)
Seat 8: Luigiams (button) folded before Flop (didn't bet)
Seat 9: pablito2609 (small blind) folded before Flop



PokerStars Hand #237469517536:  Hold'em No Limit ($0.02/$0.05 USD) - 2022/07/19 20:55:57 PT [2022/07/19 23:55:57 ET]
Table 'Elara IV' 9-max Seat #9 is the button
Seat 1: geniuss ($10.49 in chips) 
Seat 2: Almanza63 ($8.35 in chips) 
Seat 4: massaki71 ($6.25 in chips) 
Seat 5: Dorex2007 ($5 in chips) 
Seat 6: KidBananan ($5 in chips) 
Seat 7: Pupakpup1967 ($1.95 in chips) 
Seat 8: Luigiams ($5.94 in chips) 
Seat 9: pablito2609 ($8.08 in chips) 
geniuss: posts small blind $0.02
Almanza63: posts big blind $0.05
fabri318: sits out 
*** HOLE CARDS ***
Dealt to Dorex2007 [6d Ad]
massaki71: folds 
Dorex2007: folds 
KidBananan: folds 
Pupakpup1967: folds 
Luigiams: folds 
pablito2609: calls $0.05
geniuss: folds 
Almanza63: checks 
*** FLOP *** [2h Js 5c]
Almanza63: checks 
pablito2609: bets $0.15
Almanza63: folds 
Uncalled bet ($0.15) returned to pablito2609
pablito2609 collected $0.12 from pot
*** SUMMARY ***
Total pot $0.12 | Rake $0 
Board [2h Js 5c]
Seat 1: geniuss (small blind) folded before Flop
Seat 2: Almanza63 (big blind) folded on the Flop
Seat 4: massaki71 folded before Flop (didn't bet)
Seat 5: Dorex2007 folded before Flop (didn't bet)
Seat 6: KidBananan folded before Flop (didn't bet)
Seat 7: Pupakpup1967 folded before Flop (didn't bet)
Seat 8: Luigiams folded before Flop (didn't bet)
Seat 9: pablito2609 (button) collected ($0.12)



PokerStars Hand #237469523623:  Hold'em No Limit ($0.02/$0.05 USD) - 2022/07/19 20:56:51 PT [2022/07/19 23:56:51 ET]
Table 'Elara IV' 9-max Seat #1 is the button
Seat 1: geniuss ($10.47 in chips) 
Seat 2: Almanza63 ($8.30 in chips) 
Seat 3: fabri318 ($5 in chips) 
Seat 4: massaki71 ($6.25 in chips) 
Seat 5: Dorex2007 ($5 in chips) 
Seat 6: KidBananan ($5 in chips) 
Seat 7: Pupakpup1967 ($1.95 in chips) 
Seat 8: Luigiams ($5.94 in chips) 
Seat 9: pablito2609 ($8.15 in chips) 
Almanza63: posts small blind $0.02
fabri318: posts big blind $0.05
*** HOLE CARDS ***
Dealt to Dorex2007 [6c 6h]
massaki71: folds 
Dorex2007: calls $0.05
KidBananan: folds 
Pupakpup1967: folds 
Luigiams: calls $0.05
pablito2609: folds 
geniuss: folds 
Almanza63: calls $0.03
fabri318: checks 
*** FLOP *** [Td 5s 7h]
Almanza63: bets $0.09
fabri318: folds 
Dorex2007: folds 
Luigiams: calls $0.09
*** TURN *** [Td 5s 7h] [8d]
Almanza63: bets $0.25
Luigiams: calls $0.25
*** RIVER *** [Td 5s 7h 8d] [9h]
Almanza63: checks 
Luigiams: checks 
*** SHOW DOWN ***
Almanza63: shows [7c 5c] (two pair, Sevens and Fives)
Luigiams: shows [9s 8s] (two pair, Nines and Eights)
Luigiams collected $0.84 from pot
*** SUMMARY ***
Total pot $0.88 | Rake $0.04 
Board [Td 5s 7h 8d 9h]
Seat 1: geniuss (button) folded before Flop (didn't bet)
Seat 2: Almanza63 (small blind) showed [7c 5c] and lost with two pair, Sevens and Fives
Seat 3: fabri318 (big blind) folded on the Flop
Seat 4: massaki71 folded before Flop (didn't bet)
Seat 5: Dorex2007 folded on the Flop
Seat 6: KidBananan folded before Flop (didn't bet)
Seat 7: Pupakpup1967 folded before Flop (didn't bet)
Seat 8: Luigiams showed [9s 8s] and won ($0.84) with two pair, Nines and Eights
Seat 9: pablito2609 folded before Flop (didn't bet)



PokerStars Hand #237469531365:  Hold'em No Limit ($0.02/$0.05 USD) - 2022/07/19 20:57:59 PT [2022/07/19 23:57:59 ET]
Table 'Elara IV' 9-max Seat #2 is the button
Seat 1: geniuss ($10.47 in chips) 
Seat 2: Almanza63 ($7.91 in chips) 
Seat 3: fabri318 ($5 in chips) 
Seat 4: massaki71 ($6.25 in chips) 
Seat 5: Dorex2007 ($5 in chips) 
Seat 6: KidBananan ($5 in chips) 
Seat 7: Pupakpup1967 ($1.95 in chips) 
Seat 8: Luigiams ($6.39 in chips) 
Seat 9: pablito2609 ($8.15 in chips) 
fabri318: posts small blind $0.02
massaki71: posts big blind $0.05
*** HOLE CARDS ***
Dealt to Dorex2007 [6s 9h]
Dorex2007: folds 
KidBananan: folds 
Pupakpup1967: calls $0.05
Luigiams: folds 
pablito2609: folds 
geniuss: folds 
Almanza63: folds 
fabri318: folds 
massaki71: checks 
*** FLOP *** [Qs 3c 5d]
massaki71: checks 
Pupakpup1967: bets $0.06
massaki71: calls $0.06
*** TURN *** [Qs 3c 5d] [Ad]
massaki71: checks 
Pupakpup1967: checks 
*** RIVER *** [Qs 3c 5d Ad] [Jd]
massaki71: bets $0.23
Pupakpup1967: folds 
Uncalled bet ($0.23) returned to massaki71
massaki71 collected $0.23 from pot
*** SUMMARY ***
Total pot $0.24 | Rake $0.01 
Board [Qs 3c 5d Ad Jd]
Seat 1: geniuss folded before Flop (didn't bet)
Seat 2: Almanza63 (button) folded before Flop (didn't bet)
Seat 3: fabri318 (small blind) folded before Flop
Seat 4: massaki71 (big blind) collected ($0.23)
Seat 5: Dorex2007 folded before Flop (didn't bet)
Seat 6: KidBananan folded before Flop (didn't bet)
Seat 7: Pupakpup1967 folded on the River
Seat 8: Luigiams folded before Flop (didn't bet)
Seat 9: pablito2609 folded before Flop (didn't bet)



PokerStars Hand #237469537227:  Hold'em No Limit ($0.02/$0.05 USD) - 2022/07/19 20:58:51 PT [2022/07/19 23:58:51 ET]
Table 'Elara IV' 9-max Seat #3 is the button
Seat 1: geniuss ($10.47 in chips) 
Seat 2: Almanza63 ($7.91 in chips) 
Seat 3: fabri318 ($5 in chips) 
Seat 4: massaki71 ($6.37 in chips) 
Seat 5: Dorex2007 ($5 in chips) 
Seat 6: KidBananan ($5 in chips) 
Seat 7: Pupakpup1967 ($1.84 in chips) 
Seat 8: Luigiams ($6.39 in chips) 
Seat 9: pablito2609 ($8.15 in chips) 
massaki71: posts small blind $0.02
Dorex2007: posts big blind $0.05
*** HOLE CARDS ***
Dealt to Dorex2007 [2c 2s]
KidBananan: folds 
Pupakpup1967: folds 
Luigiams: raises $0.05 to $0.10
pablito2609: folds 
geniuss: folds 
Almanza63: folds 
fabri318: folds 
massaki71: calls $0.08
Dorex2007: folds 
*** FLOP *** [Ac Qc 2h]
massaki71: checks 
Luigiams: checks 
*** TURN *** [Ac Qc 2h] [Tc]
massaki71: bets $0.12
Luigiams: folds 
Uncalled bet ($0.12) returned to massaki71
massaki71 collected $0.24 from pot
*** SUMMARY ***
Total pot $0.25 | Rake $0.01 
Board [Ac Qc 2h Tc]
Seat 1: geniuss folded before Flop (didn't bet)
Seat 2: Almanza63 folded before Flop (didn't bet)
Seat 3: fabri318 (button) folded before Flop (didn't bet)
Seat 4: massaki71 (small blind) collected ($0.24)
Seat 5: Dorex2007 (big blind) folded before Flop
Seat 6: KidBananan folded before Flop (didn't bet)
Seat 7: Pupakpup1967 folded before Flop (didn't bet)
Seat 8: Luigiams folded on the Turn
Seat 9: pablito2609 folded before Flop (didn't bet)



PokerStars Hand #237469541271:  Hold'em No Limit ($0.02/$0.05 USD) - 2022/07/19 20:59:26 PT [2022/07/19 23:59:26 ET]
Table 'Elara IV' 9-max Seat #4 is the button
Seat 1: geniuss ($10.47 in chips) 
Seat 2: Almanza63 ($7.91 in chips) 
Seat 3: fabri318 ($5 in chips) 
Seat 4: massaki71 ($6.51 in chips) 
Seat 5: Dorex2007 ($5 in chips) 
Seat 6: KidBananan ($5 in chips) 
Seat 7: Pupakpup1967 ($1.84 in chips) 
Seat 8: Luigiams ($6.29 in chips) 
Seat 9: pablito2609 ($8.15 in chips) 
Dorex2007: posts small blind $0.02
KidBananan: posts big blind $0.05
*** HOLE CARDS ***
Dealt to Dorex2007 [8d Ks]
Pupakpup1967: raises $0.05 to $0.10
Luigiams: folds 
pablito2609: folds 
geniuss: folds 
Almanza63: folds 
fabri318: folds 
massaki71: folds 
Dorex2007: folds 
KidBananan: folds 
Uncalled bet ($0.05) returned to Pupakpup1967
Pupakpup1967 collected $0.12 from pot
*** SUMMARY ***
Total pot $0.12 | Rake $0 
Seat 1: geniuss folded before Flop (didn't bet)
Seat 2: Almanza63 folded before Flop (didn't bet)
Seat 3: fabri318 folded before Flop (didn't bet)
Seat 4: massaki71 (button) folded before Flop (didn't bet)
Seat 5: Dorex2007 (small blind) folded before Flop
Seat 6: KidBananan (big blind) folded before Flop
Seat 7: Pupakpup1967 collected ($0.12)
Seat 8: Luigiams folded before Flop (didn't bet)
Seat 9: pablito2609 folded before Flop (didn't bet)



PokerStars Hand #237469543871:  Hold'em No Limit ($0.02/$0.05 USD) - 2022/07/19 20:59:49 PT [2022/07/19 23:59:49 ET]
Table 'Elara IV' 9-max Seat #5 is the button
Seat 1: geniuss ($10.47 in chips) 
Seat 2: Almanza63 ($7.91 in chips) 
Seat 3: fabri318 ($5 in chips) 
Seat 4: massaki71 ($6.51 in chips) 
Seat 5: Dorex2007 ($5 in chips) 
Seat 6: KidBananan ($5 in chips) 
Seat 7: Pupakpup1967 ($1.91 in chips) 
Seat 8: Luigiams ($6.29 in chips) 
Seat 9: pablito2609 ($8.15 in chips) 
KidBananan: posts small blind $0.02
Pupakpup1967: posts big blind $0.05
*** HOLE CARDS ***
Dealt to Dorex2007 [Qh Ts]
Luigiams: calls $0.05
pablito2609: folds 
geniuss: folds 
Almanza63: raises $0.10 to $0.15
fabri318: raises $0.30 to $0.45
massaki71: calls $0.45
Dorex2007: folds 
KidBananan: folds 
Pupakpup1967: folds 
Luigiams: folds 
Almanza63: calls $0.30
*** FLOP *** [Ac Ad 6h]
Almanza63: checks 
fabri318: checks 
massaki71: checks 
*** TURN *** [Ac Ad 6h] [6c]
Almanza63: checks 
fabri318: bets $0.70
massaki71: calls $0.70
Almanza63: folds 
*** RIVER *** [Ac Ad 6h 6c] [2h]
fabri318: checks 
massaki71: checks 
*** SHOW DOWN ***
fabri318: shows [8c 7c] (two pair, Aces and Sixes)
massaki71: shows [8h 8d] (two pair, Aces and Eights)
massaki71 collected $2.75 from pot
*** SUMMARY ***
Total pot $2.87 | Rake $0.12 
Board [Ac Ad 6h 6c 2h]
Seat 1: geniuss folded before Flop (didn't bet)
Seat 2: Almanza63 folded on the Turn
Seat 3: fabri318 showed [8c 7c] and lost with two pair, Aces and Sixes
Seat 4: massaki71 showed [8h 8d] and won ($2.75) with two pair, Aces and Eights
Seat 5: Dorex2007 (button) folded before Flop (didn't bet)
Seat 6: KidBananan (small blind) folded before Flop
Seat 7: Pupakpup1967 (big blind) folded before Flop
Seat 8: Luigiams folded before Flop
Seat 9: pablito2609 folded before Flop (didn't bet)



