PokerStars Hand #237262482676:  Hold'em No Limit ($0.01/$0.02 USD) - 2022/07/09 15:07:19 PT [2022/07/09 18:07:19 ET]
Table 'Cline III' 9-max Seat #6 is the button
Seat 1: pokernosso ($2.33 in chips) 
Seat 2: KILLZON ($1.44 in chips) 
Seat 3: HellNative ($2 in chips) 
Seat 4: Dorex2007 ($2 in chips) 
Seat 5: gorille21 ($1.60 in chips) 
Seat 6: tayde310 ($2.31 in chips) 
Seat 7: gloommyrat ($3.59 in chips) 
Seat 8: fritz233 ($2 in chips) 
Seat 9: pedz6 ($1.33 in chips) 
gloommyrat: posts small blind $0.01
fritz233: posts big blind $0.02
Dorex2007: posts big blind $0.02
gorille21: posts big blind $0.02
*** HOLE CARDS ***
Dealt to Dorex2007 [Kd Kh]
pedz6: calls $0.02
pokernosso: raises $0.12 to $0.14
KILLZON: folds 
HellNative: folds 
Dorex2007: calls $0.12
gorille21: folds 
tayde310: folds 
gloommyrat: folds 
fritz233: folds 
pedz6: folds 
*** FLOP *** [4h 2h 6s]
pokernosso: bets $0.14
Dorex2007: raises $0.27 to $0.41
pokernosso: calls $0.27
*** TURN *** [4h 2h 6s] [Kc]
pokernosso: checks 
Dorex2007: bets $0.56
pokernosso: calls $0.56
*** RIVER *** [4h 2h 6s Kc] [2d]
pokernosso: checks 
Dorex2007: bets $0.89 and is all-in
pokernosso: calls $0.89
*** SHOW DOWN ***
Dorex2007: shows [Kd Kh] (a full house, Kings full of Deuces)
pokernosso: shows [Tc Td] (two pair, Tens and Deuces)
Dorex2007 collected $3.93 from pot
*** SUMMARY ***
Total pot $4.07 | Rake $0.14 
Board [4h 2h 6s Kc 2d]
Seat 1: pokernosso showed [Tc Td] and lost with two pair, Tens and Deuces
Seat 2: KILLZON folded before Flop (didn't bet)
Seat 3: HellNative folded before Flop (didn't bet)
Seat 4: Dorex2007 showed [Kd Kh] and won ($3.93) with a full house, Kings full of Deuces
Seat 5: gorille21 folded before Flop (didn't bet)
Seat 6: tayde310 (button) folded before Flop (didn't bet)
Seat 7: gloommyrat (small blind) folded before Flop
Seat 8: fritz233 (big blind) folded before Flop
Seat 9: pedz6 folded before Flop



PokerStars Hand #237262501683:  Hold'em No Limit ($0.01/$0.02 USD) - 2022/07/09 15:08:20 PT [2022/07/09 18:08:20 ET]
Table 'Cline III' 9-max Seat #7 is the button
Seat 1: pokernosso ($0.33 in chips) 
Seat 2: KILLZON ($1.44 in chips) 
Seat 3: HellNative ($2 in chips) 
Seat 4: Dorex2007 ($3.93 in chips) 
Seat 5: gorille21 ($1.58 in chips) 
Seat 6: tayde310 ($2.31 in chips) 
Seat 7: gloommyrat ($3.58 in chips) 
Seat 8: fritz233 ($2 in chips) 
Seat 9: pedz6 ($1.31 in chips) 
fritz233: posts small blind $0.01
pedz6: posts big blind $0.02
*** HOLE CARDS ***
Dealt to Dorex2007 [8c 7h]
pokernosso: raises $0.31 to $0.33 and is all-in
KILLZON: folds 
HellNative: folds 
Dorex2007: folds 
gorille21: folds 
tayde310: folds 
gloommyrat: folds 
fritz233: folds 
pedz6: folds 
Uncalled bet ($0.31) returned to pokernosso
pokernosso collected $0.05 from pot
*** SUMMARY ***
Total pot $0.05 | Rake $0 
Seat 1: pokernosso collected ($0.05)
Seat 2: KILLZON folded before Flop (didn't bet)
Seat 3: HellNative folded before Flop (didn't bet)
Seat 4: Dorex2007 folded before Flop (didn't bet)
Seat 5: gorille21 folded before Flop (didn't bet)
Seat 6: tayde310 folded before Flop (didn't bet)
Seat 7: gloommyrat (button) folded before Flop (didn't bet)
Seat 8: fritz233 (small blind) folded before Flop
Seat 9: pedz6 (big blind) folded before Flop



PokerStars Hand #237262505645:  Hold'em No Limit ($0.01/$0.02 USD) - 2022/07/09 15:08:33 PT [2022/07/09 18:08:33 ET]
Table 'Cline III' 9-max Seat #8 is the button
Seat 1: pokernosso ($0.36 in chips) 
Seat 2: KILLZON ($1.44 in chips) 
Seat 3: HellNative ($2 in chips) 
Seat 4: Dorex2007 ($3.93 in chips) 
Seat 5: gorille21 ($1.58 in chips) 
Seat 6: tayde310 ($2.31 in chips) 
Seat 7: gloommyrat ($3.58 in chips) 
Seat 8: fritz233 ($2 in chips) 
Seat 9: pedz6 ($1.29 in chips) 
pedz6: posts small blind $0.01
pokernosso: posts big blind $0.02
*** HOLE CARDS ***
Dealt to Dorex2007 [Ad 3d]
KILLZON: raises $0.06 to $0.08
HellNative: folds 
Dorex2007: folds 
gorille21: calls $0.08
tayde310: folds 
gloommyrat: folds 
fritz233: folds 
pedz6: folds 
pokernosso: folds 
*** FLOP *** [2s Jd 3h]
KILLZON: bets $0.12
gorille21: folds 
Uncalled bet ($0.12) returned to KILLZON
KILLZON collected $0.18 from pot
*** SUMMARY ***
Total pot $0.19 | Rake $0.01 
Board [2s Jd 3h]
Seat 1: pokernosso (big blind) folded before Flop
Seat 2: KILLZON collected ($0.18)
Seat 3: HellNative folded before Flop (didn't bet)
Seat 4: Dorex2007 folded before Flop (didn't bet)
Seat 5: gorille21 folded on the Flop
Seat 6: tayde310 folded before Flop (didn't bet)
Seat 7: gloommyrat folded before Flop (didn't bet)
Seat 8: fritz233 (button) folded before Flop (didn't bet)
Seat 9: pedz6 (small blind) folded before Flop



PokerStars Hand #237262512118:  Hold'em No Limit ($0.01/$0.02 USD) - 2022/07/09 15:08:53 PT [2022/07/09 18:08:53 ET]
Table 'Cline III' 9-max Seat #9 is the button
Seat 1: pokernosso ($0.34 in chips) 
Seat 2: KILLZON ($1.54 in chips) 
Seat 3: HellNative ($2 in chips) 
Seat 4: Dorex2007 ($3.93 in chips) 
Seat 5: gorille21 ($1.50 in chips) 
Seat 6: tayde310 ($2.31 in chips) 
Seat 7: gloommyrat ($3.58 in chips) 
Seat 8: fritz233 ($2 in chips) 
Seat 9: pedz6 ($1.28 in chips) 
pokernosso: posts small blind $0.01
KILLZON: posts big blind $0.02
*** HOLE CARDS ***
Dealt to Dorex2007 [Kd Jh]
HellNative: folds 
Dorex2007: raises $0.02 to $0.04
gorille21: calls $0.04
tayde310: folds 
gloommyrat: calls $0.04
fritz233: folds 
pedz6: folds 
pokernosso: calls $0.03
KILLZON: folds 
*** FLOP *** [5h Ac 9h]
pokernosso: checks 
Dorex2007: checks 
gorille21: bets $0.06
gloommyrat: calls $0.06
pokernosso: folds 
Dorex2007: folds 
*** TURN *** [5h Ac 9h] [Qc]
gorille21: bets $0.12
gloommyrat: folds 
Uncalled bet ($0.12) returned to gorille21
gorille21 collected $0.29 from pot
*** SUMMARY ***
Total pot $0.30 | Rake $0.01 
Board [5h Ac 9h Qc]
Seat 1: pokernosso (small blind) folded on the Flop
Seat 2: KILLZON (big blind) folded before Flop
Seat 3: HellNative folded before Flop (didn't bet)
Seat 4: Dorex2007 folded on the Flop
Seat 5: gorille21 collected ($0.29)
Seat 6: tayde310 folded before Flop (didn't bet)
Seat 7: gloommyrat folded on the Turn
Seat 8: fritz233 folded before Flop (didn't bet)
Seat 9: pedz6 (button) folded before Flop (didn't bet)



PokerStars Hand #237262525678:  Hold'em No Limit ($0.01/$0.02 USD) - 2022/07/09 15:09:36 PT [2022/07/09 18:09:36 ET]
Table 'Cline III' 9-max Seat #1 is the button
Seat 1: pokernosso ($0.30 in chips) 
Seat 2: KILLZON ($1.52 in chips) 
Seat 3: HellNative ($2 in chips) 
Seat 4: Dorex2007 ($3.89 in chips) 
Seat 5: gorille21 ($1.69 in chips) 
Seat 6: tayde310 ($2.31 in chips) 
Seat 7: gloommyrat ($3.48 in chips) 
Seat 8: fritz233 ($2 in chips) 
Seat 9: pedz6 ($1.28 in chips) 
KILLZON: posts small blind $0.01
HellNative: posts big blind $0.02
*** HOLE CARDS ***
Dealt to Dorex2007 [5c Ad]
Dorex2007: folds 
gorille21: calls $0.02
tayde310: folds 
gloommyrat: raises $0.06 to $0.08
fritz233: folds 
pedz6: folds 
pedz6 leaves the table
pokernosso: folds 
KILLZON: folds 
HellNative: folds 
gorille21: calls $0.06
*** FLOP *** [6s 2s 9s]
gorille21: bets $0.02
TolikG55 joins the table at seat #9 
pokernosso leaves the table
gloommyrat: raises $0.08 to $0.10
gorille21: calls $0.08
*** TURN *** [6s 2s 9s] [Kh]
gorille21: bets $0.04
gloommyrat: raises $0.20 to $0.24
gorille21: folds 
Uncalled bet ($0.20) returned to gloommyrat
gloommyrat collected $0.45 from pot
*** SUMMARY ***
Total pot $0.47 | Rake $0.02 
Board [6s 2s 9s Kh]
Seat 1: pokernosso (button) folded before Flop (didn't bet)
Seat 2: KILLZON (small blind) folded before Flop
Seat 3: HellNative (big blind) folded before Flop
Seat 4: Dorex2007 folded before Flop (didn't bet)
Seat 5: gorille21 folded on the Turn
Seat 6: tayde310 folded before Flop (didn't bet)
Seat 7: gloommyrat collected ($0.45)
Seat 8: fritz233 folded before Flop (didn't bet)
Seat 9: pedz6 folded before Flop (didn't bet)



PokerStars Hand #237262543448:  Hold'em No Limit ($0.01/$0.02 USD) - 2022/07/09 15:10:32 PT [2022/07/09 18:10:32 ET]
Table 'Cline III' 9-max Seat #2 is the button
Seat 2: KILLZON ($1.51 in chips) 
Seat 3: HellNative ($2 in chips) 
Seat 4: Dorex2007 ($3.89 in chips) 
Seat 5: gorille21 ($1.47 in chips) 
Seat 6: tayde310 ($2.31 in chips) 
Seat 7: gloommyrat ($3.71 in chips) 
Seat 8: fritz233 ($2 in chips) 
Seat 9: TolikG55 ($1.04 in chips) 
HellNative: posts small blind $0.01
Dorex2007: posts big blind $0.02
TolikG55: posts big blind $0.02
*** HOLE CARDS ***
Dealt to Dorex2007 [Qh 4s]
gorille21: folds 
tayde310: folds 
gloommyrat: folds 
fritz233: folds 
TolikG55: raises $0.04 to $0.06
KILLZON: folds 
HellNative: folds 
Dorex2007: folds 
Uncalled bet ($0.04) returned to TolikG55
TolikG55 collected $0.05 from pot
*** SUMMARY ***
Total pot $0.05 | Rake $0 
Seat 2: KILLZON (button) folded before Flop (didn't bet)
Seat 3: HellNative (small blind) folded before Flop
Seat 4: Dorex2007 (big blind) folded before Flop
Seat 5: gorille21 folded before Flop (didn't bet)
Seat 6: tayde310 folded before Flop (didn't bet)
Seat 7: gloommyrat folded before Flop (didn't bet)
Seat 8: fritz233 folded before Flop (didn't bet)
Seat 9: TolikG55 collected ($0.05)



PokerStars Hand #237262548802:  Hold'em No Limit ($0.01/$0.02 USD) - 2022/07/09 15:10:50 PT [2022/07/09 18:10:50 ET]
Table 'Cline III' 9-max Seat #3 is the button
Seat 2: KILLZON ($1.51 in chips) 
Seat 3: HellNative ($2 in chips) 
Seat 4: Dorex2007 ($3.87 in chips) 
Seat 5: gorille21 ($1.47 in chips) 
Seat 6: tayde310 ($2.31 in chips) 
Seat 7: gloommyrat ($3.71 in chips) 
Seat 8: fritz233 ($2 in chips) 
Seat 9: TolikG55 ($1.07 in chips) 
Dorex2007: posts small blind $0.01
gorille21: posts big blind $0.02
*** HOLE CARDS ***
Dealt to Dorex2007 [2c Th]
tayde310: folds 
gloommyrat: folds 
fritz233: folds 
TolikG55: raises $0.04 to $0.06
KILLZON: calls $0.06
HellNative: folds 
Dorex2007: folds 
gorille21: folds 
*** FLOP *** [5c 5d 7d]
TolikG55: checks 
KILLZON: bets $0.14
TolikG55: calls $0.14
*** TURN *** [5c 5d 7d] [2h]
TolikG55: checks 
KILLZON: checks 
*** RIVER *** [5c 5d 7d 2h] [Jh]
TolikG55: bets $0.21
KILLZON: calls $0.21
*** SHOW DOWN ***
TolikG55: shows [Ah 8h] (a pair of Fives)
KILLZON: shows [Ad Td] (a pair of Fives - Ace+Jack+Ten kicker)
KILLZON collected $0.82 from pot
*** SUMMARY ***
Total pot $0.85 | Rake $0.03 
Board [5c 5d 7d 2h Jh]
Seat 2: KILLZON showed [Ad Td] and won ($0.82) with a pair of Fives
Seat 3: HellNative (button) folded before Flop (didn't bet)
Seat 4: Dorex2007 (small blind) folded before Flop
Seat 5: gorille21 (big blind) folded before Flop
Seat 6: tayde310 folded before Flop (didn't bet)
Seat 7: gloommyrat folded before Flop (didn't bet)
Seat 8: fritz233 folded before Flop (didn't bet)
Seat 9: TolikG55 showed [Ah 8h] and lost with a pair of Fives



PokerStars Hand #237262561840:  Hold'em No Limit ($0.01/$0.02 USD) - 2022/07/09 15:11:31 PT [2022/07/09 18:11:31 ET]
Table 'Cline III' 9-max Seat #4 is the button
Seat 2: KILLZON ($1.92 in chips) 
Seat 3: HellNative ($2 in chips) 
Seat 4: Dorex2007 ($3.86 in chips) 
Seat 5: gorille21 ($1.45 in chips) 
Seat 6: tayde310 ($2.31 in chips) 
Seat 7: gloommyrat ($3.71 in chips) 
Seat 8: fritz233 ($2 in chips) 
Seat 9: TolikG55 ($0.66 in chips) 
gorille21: posts small blind $0.01
tayde310: posts big blind $0.02
*** HOLE CARDS ***
Dealt to Dorex2007 [7h 5h]
RivotraOriginal joins the table at seat #1 
gloommyrat: raises $0.04 to $0.06
fritz233: folds 
TolikG55: folds 
KILLZON: folds 
HellNative: raises $0.16 to $0.22
Dorex2007: folds 
gorille21: calls $0.21
tayde310: folds 
gloommyrat: folds 
*** FLOP *** [Ts 7d 4s]
gorille21: bets $0.06
HellNative: calls $0.06
*** TURN *** [Ts 7d 4s] [6c]
gorille21: bets $0.12
HellNative: calls $0.12
*** RIVER *** [Ts 7d 4s 6c] [Jd]
gorille21: bets $0.08
HellNative: folds 
Uncalled bet ($0.08) returned to gorille21
gorille21 collected $0.85 from pot
*** SUMMARY ***
Total pot $0.88 | Rake $0.03 
Board [Ts 7d 4s 6c Jd]
Seat 2: KILLZON folded before Flop (didn't bet)
Seat 3: HellNative folded on the River
Seat 4: Dorex2007 (button) folded before Flop (didn't bet)
Seat 5: gorille21 (small blind) collected ($0.85)
Seat 6: tayde310 (big blind) folded before Flop
Seat 7: gloommyrat folded before Flop
Seat 8: fritz233 folded before Flop (didn't bet)
Seat 9: TolikG55 folded before Flop (didn't bet)



PokerStars Hand #237262579840:  Hold'em No Limit ($0.01/$0.02 USD) - 2022/07/09 15:12:29 PT [2022/07/09 18:12:29 ET]
Table 'Cline III' 9-max Seat #5 is the button
Seat 1: RivotraOriginal ($0.80 in chips) 
Seat 2: KILLZON ($1.92 in chips) 
Seat 3: HellNative ($2 in chips) 
Seat 4: Dorex2007 ($3.86 in chips) 
Seat 5: gorille21 ($1.90 in chips) 
Seat 6: tayde310 ($2.29 in chips) 
Seat 7: gloommyrat ($3.65 in chips) 
Seat 8: fritz233 ($2 in chips) 
Seat 9: TolikG55 ($0.66 in chips) 
tayde310: posts small blind $0.01
gloommyrat: posts big blind $0.02
RivotraOriginal: posts big blind $0.02
*** HOLE CARDS ***
Dealt to Dorex2007 [Kc Td]
fritz233: folds 
TolikG55: folds 
RivotraOriginal: checks 
KILLZON: calls $0.02
HellNative: folds 
Dorex2007: raises $0.02 to $0.04
gorille21: folds 
tayde310: folds 
gloommyrat: calls $0.02
RivotraOriginal: calls $0.02
KILLZON: calls $0.02
*** FLOP *** [5c Kh Qc]
gloommyrat: checks 
RivotraOriginal: checks 
KILLZON: bets $0.12
Dorex2007: calls $0.12
gloommyrat: folds 
RivotraOriginal: folds 
*** TURN *** [5c Kh Qc] [7s]
KILLZON: checks 
Dorex2007: bets $0.06
KILLZON: calls $0.06
*** RIVER *** [5c Kh Qc 7s] [6d]
KILLZON: bets $0.12
Dorex2007: calls $0.12
*** SHOW DOWN ***
KILLZON: shows [9d Kd] (a pair of Kings)
Dorex2007: shows [Kc Td] (a pair of Kings - Queen+Ten kicker)
Dorex2007 collected $0.74 from pot
*** SUMMARY ***
Total pot $0.77 | Rake $0.03 
Board [5c Kh Qc 7s 6d]
Seat 1: RivotraOriginal folded on the Flop
Seat 2: KILLZON showed [9d Kd] and lost with a pair of Kings
Seat 3: HellNative folded before Flop (didn't bet)
Seat 4: Dorex2007 showed [Kc Td] and won ($0.74) with a pair of Kings
Seat 5: gorille21 (button) folded before Flop (didn't bet)
Seat 6: tayde310 (small blind) folded before Flop
Seat 7: gloommyrat (big blind) folded on the Flop
Seat 8: fritz233 folded before Flop (didn't bet)
Seat 9: TolikG55 folded before Flop (didn't bet)



PokerStars Hand #237262601769:  Hold'em No Limit ($0.01/$0.02 USD) - 2022/07/09 15:13:40 PT [2022/07/09 18:13:40 ET]
Table 'Cline III' 9-max Seat #6 is the button
Seat 1: RivotraOriginal ($0.76 in chips) 
Seat 2: KILLZON ($1.58 in chips) 
Seat 3: HellNative ($2 in chips) 
Seat 4: Dorex2007 ($4.26 in chips) 
Seat 5: gorille21 ($1.90 in chips) 
Seat 6: tayde310 ($2.28 in chips) 
Seat 7: gloommyrat ($3.61 in chips) 
Seat 8: fritz233 ($2 in chips) 
Seat 9: TolikG55 ($0.66 in chips) 
gloommyrat: posts small blind $0.01
fritz233: posts big blind $0.02
*** HOLE CARDS ***
Dealt to Dorex2007 [As 4h]
TolikG55: folds 
RivotraOriginal: calls $0.02
KILLZON: calls $0.02
HellNative: folds 
Dorex2007: folds 
gorille21: calls $0.02
tayde310: folds 
gloommyrat: raises $0.10 to $0.12
fritz233: folds 
RivotraOriginal: folds 
KILLZON: calls $0.10
gorille21: calls $0.10
*** FLOP *** [Kh Qc 9c]
gloommyrat: checks 
KILLZON: checks 
gorille21: bets $0.06
gloommyrat: calls $0.06
KILLZON: calls $0.06
*** TURN *** [Kh Qc 9c] [9d]
gloommyrat: checks 
KILLZON: checks 
gorille21: bets $0.16
gloommyrat: folds 
KILLZON: folds 
Uncalled bet ($0.16) returned to gorille21
gorille21 collected $0.56 from pot
*** SUMMARY ***
Total pot $0.58 | Rake $0.02 
Board [Kh Qc 9c 9d]
Seat 1: RivotraOriginal folded before Flop
Seat 2: KILLZON folded on the Turn
Seat 3: HellNative folded before Flop (didn't bet)
Seat 4: Dorex2007 folded before Flop (didn't bet)
Seat 5: gorille21 collected ($0.56)
Seat 6: tayde310 (button) folded before Flop (didn't bet)
Seat 7: gloommyrat (small blind) folded on the Turn
Seat 8: fritz233 (big blind) folded before Flop
Seat 9: TolikG55 folded before Flop (didn't bet)



PokerStars Hand #237262617368:  Hold'em No Limit ($0.01/$0.02 USD) - 2022/07/09 15:14:31 PT [2022/07/09 18:14:31 ET]
Table 'Cline III' 9-max Seat #7 is the button
Seat 1: RivotraOriginal ($0.74 in chips) 
Seat 2: KILLZON ($1.40 in chips) 
Seat 3: HellNative ($2 in chips) 
Seat 4: Dorex2007 ($4.26 in chips) 
Seat 5: gorille21 ($2.28 in chips) 
Seat 6: tayde310 ($2.28 in chips) 
Seat 7: gloommyrat ($3.43 in chips) 
Seat 8: fritz233 ($2 in chips) 
Seat 9: TolikG55 ($0.66 in chips) 
fritz233: posts small blind $0.01
TolikG55: posts big blind $0.02
*** HOLE CARDS ***
Dealt to Dorex2007 [Td 3d]
RivotraOriginal: folds 
KILLZON: folds 
HellNative: folds 
Dorex2007: folds 
gorille21: calls $0.02
tayde310: folds 
gloommyrat: folds 
fritz233: folds 
TolikG55: checks 
*** FLOP *** [As Qc 5c]
TolikG55: bets $0.02
gorille21: folds 
Uncalled bet ($0.02) returned to TolikG55
TolikG55 collected $0.05 from pot
*** SUMMARY ***
Total pot $0.05 | Rake $0 
Board [As Qc 5c]
Seat 1: RivotraOriginal folded before Flop (didn't bet)
Seat 2: KILLZON folded before Flop (didn't bet)
Seat 3: HellNative folded before Flop (didn't bet)
Seat 4: Dorex2007 folded before Flop (didn't bet)
Seat 5: gorille21 folded on the Flop
Seat 6: tayde310 folded before Flop (didn't bet)
Seat 7: gloommyrat (button) folded before Flop (didn't bet)
Seat 8: fritz233 (small blind) folded before Flop
Seat 9: TolikG55 (big blind) collected ($0.05)



PokerStars Hand #237262623644:  Hold'em No Limit ($0.01/$0.02 USD) - 2022/07/09 15:14:51 PT [2022/07/09 18:14:51 ET]
Table 'Cline III' 9-max Seat #8 is the button
Seat 1: RivotraOriginal ($0.74 in chips) 
Seat 2: KILLZON ($1.40 in chips) 
Seat 3: HellNative ($2 in chips) 
Seat 4: Dorex2007 ($4.26 in chips) 
Seat 5: gorille21 ($2.26 in chips) 
Seat 6: tayde310 ($2.28 in chips) 
Seat 7: gloommyrat ($3.43 in chips) 
Seat 8: fritz233 ($2 in chips) 
Seat 9: TolikG55 ($0.69 in chips) 
TolikG55: posts small blind $0.01
RivotraOriginal: posts big blind $0.02
*** HOLE CARDS ***
Dealt to Dorex2007 [4s 7h]
KILLZON: raises $0.08 to $0.10
HellNative: folds 
Dorex2007: folds 
gorille21: calls $0.10
tayde310: folds 
gloommyrat: folds 
fritz233: folds 
TolikG55: calls $0.09
RivotraOriginal: folds 
*** FLOP *** [Js 2h Kh]
TolikG55: checks 
KILLZON: bets $0.18
gorille21: folds 
TolikG55: folds 
Uncalled bet ($0.18) returned to KILLZON
KILLZON collected $0.31 from pot
*** SUMMARY ***
Total pot $0.32 | Rake $0.01 
Board [Js 2h Kh]
Seat 1: RivotraOriginal (big blind) folded before Flop
Seat 2: KILLZON collected ($0.31)
Seat 3: HellNative folded before Flop (didn't bet)
Seat 4: Dorex2007 folded before Flop (didn't bet)
Seat 5: gorille21 folded on the Flop
Seat 6: tayde310 folded before Flop (didn't bet)
Seat 7: gloommyrat folded before Flop (didn't bet)
Seat 8: fritz233 (button) folded before Flop (didn't bet)
Seat 9: TolikG55 (small blind) folded on the Flop



PokerStars Hand #237262631638:  Hold'em No Limit ($0.01/$0.02 USD) - 2022/07/09 15:15:17 PT [2022/07/09 18:15:17 ET]
Table 'Cline III' 9-max Seat #9 is the button
Seat 1: RivotraOriginal ($0.72 in chips) 
Seat 2: KILLZON ($1.61 in chips) 
Seat 3: HellNative ($2 in chips) 
Seat 4: Dorex2007 ($4.26 in chips) 
Seat 5: gorille21 ($2.16 in chips) 
Seat 6: tayde310 ($2.28 in chips) 
Seat 7: gloommyrat ($3.43 in chips) 
Seat 8: fritz233 ($2 in chips) 
Seat 9: TolikG55 ($0.59 in chips) 
RivotraOriginal: posts small blind $0.01
KILLZON: posts big blind $0.02
*** HOLE CARDS ***
Dealt to Dorex2007 [3s 7d]
HellNative: folds 
Dorex2007: folds 
gorille21: calls $0.02
tayde310: raises $0.05 to $0.07
gloommyrat: folds 
fritz233: calls $0.07
TolikG55: raises $0.26 to $0.33
RivotraOriginal: folds 
KILLZON: folds 
gorille21: folds 
tayde310: folds 
fritz233: raises $0.78 to $1.11
TolikG55: calls $0.26 and is all-in
Uncalled bet ($0.52) returned to fritz233
*** FLOP *** [5h 2s 7s]
*** TURN *** [5h 2s 7s] [8c]
*** RIVER *** [5h 2s 7s 8c] [8h]
*** SHOW DOWN ***
fritz233: shows [Qh Qs] (two pair, Queens and Eights)
TolikG55: shows [8d 9d] (three of a kind, Eights)
TolikG55 collected $1.25 from pot
*** SUMMARY ***
Total pot $1.30 | Rake $0.05 
Board [5h 2s 7s 8c 8h]
Seat 1: RivotraOriginal (small blind) folded before Flop
Seat 2: KILLZON (big blind) folded before Flop
Seat 3: HellNative folded before Flop (didn't bet)
Seat 4: Dorex2007 folded before Flop (didn't bet)
Seat 5: gorille21 folded before Flop
Seat 6: tayde310 folded before Flop
Seat 7: gloommyrat folded before Flop (didn't bet)
Seat 8: fritz233 showed [Qh Qs] and lost with two pair, Queens and Eights
Seat 9: TolikG55 (button) showed [8d 9d] and won ($1.25) with three of a kind, Eights



PokerStars Hand #237262646839:  Hold'em No Limit ($0.01/$0.02 USD) - 2022/07/09 15:16:06 PT [2022/07/09 18:16:06 ET]
Table 'Cline III' 9-max Seat #1 is the button
Seat 1: RivotraOriginal ($0.71 in chips) 
Seat 2: KILLZON ($1.59 in chips) 
Seat 3: HellNative ($2 in chips) 
Seat 4: Dorex2007 ($4.26 in chips) 
Seat 5: gorille21 ($2.14 in chips) 
Seat 6: tayde310 ($2.21 in chips) 
Seat 7: gloommyrat ($3.43 in chips) 
Seat 8: fritz233 ($2 in chips) 
Seat 9: TolikG55 ($1.25 in chips) 
KILLZON: posts small blind $0.01
HellNative: posts big blind $0.02
*** HOLE CARDS ***
Dealt to Dorex2007 [4s Qs]
Dorex2007: folds 
gorille21: calls $0.02
tayde310: folds 
gloommyrat: raises $0.06 to $0.08
fritz233: folds 
TolikG55: folds 
RivotraOriginal: folds 
KILLZON: calls $0.07
HellNative: folds 
gorille21: raises $0.16 to $0.24
gloommyrat: folds 
KILLZON: calls $0.16
*** FLOP *** [5c 4c Qh]
KILLZON: checks 
gorille21: bets $0.12
KILLZON: folds 
Uncalled bet ($0.12) returned to gorille21
gorille21 collected $0.56 from pot
*** SUMMARY ***
Total pot $0.58 | Rake $0.02 
Board [5c 4c Qh]
Seat 1: RivotraOriginal (button) folded before Flop (didn't bet)
Seat 2: KILLZON (small blind) folded on the Flop
Seat 3: HellNative (big blind) folded before Flop
Seat 4: Dorex2007 folded before Flop (didn't bet)
Seat 5: gorille21 collected ($0.56)
Seat 6: tayde310 folded before Flop (didn't bet)
Seat 7: gloommyrat folded before Flop
Seat 8: fritz233 folded before Flop (didn't bet)
Seat 9: TolikG55 folded before Flop (didn't bet)



PokerStars Hand #237262662587:  Hold'em No Limit ($0.01/$0.02 USD) - 2022/07/09 15:16:57 PT [2022/07/09 18:16:57 ET]
Table 'Cline III' 9-max Seat #2 is the button
Seat 1: RivotraOriginal ($0.71 in chips) 
Seat 2: KILLZON ($1.35 in chips) 
Seat 3: HellNative ($2 in chips) 
Seat 4: Dorex2007 ($4.26 in chips) 
Seat 5: gorille21 ($2.46 in chips) 
Seat 6: tayde310 ($2.21 in chips) 
Seat 7: gloommyrat ($3.35 in chips) 
Seat 8: fritz233 ($2 in chips) 
Seat 9: TolikG55 ($1.25 in chips) 
HellNative: posts small blind $0.01
Dorex2007: posts big blind $0.02
*** HOLE CARDS ***
Dealt to Dorex2007 [8d Ks]
gorille21: folds 
tayde310: folds 
gloommyrat: raises $0.04 to $0.06
fritz233: folds 
TolikG55: folds 
RivotraOriginal: calls $0.06
KILLZON: calls $0.06
HellNative: folds 
Dorex2007: folds 
*** FLOP *** [8c 7s Qd]
gloommyrat: bets $0.10
RivotraOriginal: folds 
KILLZON: calls $0.10
*** TURN *** [8c 7s Qd] [4d]
gloommyrat: checks 
KILLZON: bets $0.14
gloommyrat: folds 
Uncalled bet ($0.14) returned to KILLZON
KILLZON collected $0.40 from pot
*** SUMMARY ***
Total pot $0.41 | Rake $0.01 
Board [8c 7s Qd 4d]
Seat 1: RivotraOriginal folded on the Flop
Seat 2: KILLZON (button) collected ($0.40)
Seat 3: HellNative (small blind) folded before Flop
Seat 4: Dorex2007 (big blind) folded before Flop
Seat 5: gorille21 folded before Flop (didn't bet)
Seat 6: tayde310 folded before Flop (didn't bet)
Seat 7: gloommyrat folded on the Turn
Seat 8: fritz233 folded before Flop (didn't bet)
Seat 9: TolikG55 folded before Flop (didn't bet)



PokerStars Hand #237262674557:  Hold'em No Limit ($0.01/$0.02 USD) - 2022/07/09 15:17:36 PT [2022/07/09 18:17:36 ET]
Table 'Cline III' 9-max Seat #3 is the button
Seat 1: RivotraOriginal ($0.65 in chips) 
Seat 2: KILLZON ($1.59 in chips) 
Seat 3: HellNative ($2 in chips) 
Seat 4: Dorex2007 ($4.24 in chips) 
Seat 5: gorille21 ($2.46 in chips) 
Seat 6: tayde310 ($2.21 in chips) 
Seat 7: gloommyrat ($3.19 in chips) 
Seat 8: fritz233 ($2 in chips) 
Seat 9: TolikG55 ($1.25 in chips) 
Dorex2007: posts small blind $0.01
gorille21: posts big blind $0.02
*** HOLE CARDS ***
Dealt to Dorex2007 [5d 3c]
tayde310: folds 
gloommyrat: raises $0.04 to $0.06
fritz233: folds 
TolikG55: folds 
RivotraOriginal: calls $0.06
KILLZON: calls $0.06
HellNative: folds 
Dorex2007: folds 
gorille21: calls $0.04
*** FLOP *** [7d 5c 2c]
gorille21: checks 
gloommyrat: checks 
RivotraOriginal: bets $0.59 and is all-in
KILLZON: folds 
gorille21: calls $0.59
gloommyrat: folds 
*** TURN *** [7d 5c 2c] [3s]
*** RIVER *** [7d 5c 2c 3s] [6s]
*** SHOW DOWN ***
gorille21: shows [4c As] (a straight, Three to Seven)
RivotraOriginal: shows [6h 6c] (three of a kind, Sixes)
RivotraOriginal cashed out the hand for $0.99 | Cash Out Fee $0.01
gorille21 cashed out the hand for $0.38
*** SUMMARY ***
Total pot $1.43 | Rake $0.05 
Board [7d 5c 2c 3s 6s]
Seat 1: RivotraOriginal showed [6h 6c] and lost with three of a kind, Sixes (cashed out).
Seat 2: KILLZON folded on the Flop
Seat 3: HellNative (button) folded before Flop (didn't bet)
Seat 4: Dorex2007 (small blind) folded before Flop
Seat 5: gorille21 (big blind) showed [4c As] and won ($1.38) with a straight, Three to Seven (pot not awarded as player cashed out)
Seat 6: tayde310 folded before Flop (didn't bet)
Seat 7: gloommyrat folded on the Flop
Seat 8: fritz233 folded before Flop (didn't bet)
Seat 9: TolikG55 folded before Flop (didn't bet)



PokerStars Hand #237262690420:  Hold'em No Limit ($0.01/$0.02 USD) - 2022/07/09 15:18:28 PT [2022/07/09 18:18:28 ET]
Table 'Cline III' 9-max Seat #4 is the button
Seat 1: RivotraOriginal ($0.99 in chips) 
Seat 2: KILLZON ($1.53 in chips) 
Seat 3: HellNative ($2 in chips) 
Seat 4: Dorex2007 ($4.23 in chips) 
Seat 5: gorille21 ($2.19 in chips) 
Seat 6: tayde310 ($2.21 in chips) 
Seat 7: gloommyrat ($3.13 in chips) 
Seat 8: fritz233 ($2 in chips) 
Seat 9: TolikG55 ($1.25 in chips) 
gorille21: posts small blind $0.01
tayde310: posts big blind $0.02
*** HOLE CARDS ***
Dealt to Dorex2007 [Qh Ac]
gloommyrat: raises $0.02 to $0.04
fritz233: folds 
TolikG55: folds 
RivotraOriginal: folds 
KILLZON: folds 
HellNative: folds 
Dorex2007: calls $0.04
gorille21: calls $0.03
tayde310: calls $0.02
*** FLOP *** [7h 6c 6h]
gorille21: bets $0.02
tayde310: folds 
gloommyrat: raises $0.06 to $0.08
Dorex2007: folds 
gorille21: calls $0.06
*** TURN *** [7h 6c 6h] [3d]
gorille21: checks 
gloommyrat: checks 
*** RIVER *** [7h 6c 6h 3d] [Qc]
gorille21: checks 
gloommyrat: bets $0.20
gorille21: folds 
Uncalled bet ($0.20) returned to gloommyrat
gloommyrat collected $0.31 from pot
*** SUMMARY ***
Total pot $0.32 | Rake $0.01 
Board [7h 6c 6h 3d Qc]
Seat 1: RivotraOriginal folded before Flop (didn't bet)
Seat 2: KILLZON folded before Flop (didn't bet)
Seat 3: HellNative folded before Flop (didn't bet)
Seat 4: Dorex2007 (button) folded on the Flop
Seat 5: gorille21 (small blind) folded on the River
Seat 6: tayde310 (big blind) folded on the Flop
Seat 7: gloommyrat collected ($0.31)
Seat 8: fritz233 folded before Flop (didn't bet)
Seat 9: TolikG55 folded before Flop (didn't bet)



PokerStars Hand #237262708370:  Hold'em No Limit ($0.01/$0.02 USD) - 2022/07/09 15:19:27 PT [2022/07/09 18:19:27 ET]
Table 'Cline III' 9-max Seat #5 is the button
Seat 1: RivotraOriginal ($0.99 in chips) 
Seat 2: KILLZON ($1.53 in chips) 
Seat 3: HellNative ($2 in chips) 
Seat 4: Dorex2007 ($4.19 in chips) 
Seat 5: gorille21 ($2.07 in chips) 
Seat 6: tayde310 ($2.17 in chips) 
Seat 7: gloommyrat ($3.32 in chips) 
Seat 8: fritz233 ($2 in chips) 
Seat 9: TolikG55 ($1.25 in chips) 
tayde310: posts small blind $0.01
gloommyrat: posts big blind $0.02
*** HOLE CARDS ***
Dealt to Dorex2007 [6d 8d]
fritz233: folds 
TolikG55: folds 
RivotraOriginal: folds 
KILLZON: folds 
HellNative: raises $0.04 to $0.06
Dorex2007: folds 
gorille21: calls $0.06
tayde310: folds 
gloommyrat: folds 
*** FLOP *** [9h 5s 8h]
HellNative: checks 
gorille21: bets $0.06
HellNative: folds 
Uncalled bet ($0.06) returned to gorille21
gorille21 collected $0.14 from pot
*** SUMMARY ***
Total pot $0.15 | Rake $0.01 
Board [9h 5s 8h]
Seat 1: RivotraOriginal folded before Flop (didn't bet)
Seat 2: KILLZON folded before Flop (didn't bet)
Seat 3: HellNative folded on the Flop
Seat 4: Dorex2007 folded before Flop (didn't bet)
Seat 5: gorille21 (button) collected ($0.14)
Seat 6: tayde310 (small blind) folded before Flop
Seat 7: gloommyrat (big blind) folded before Flop
Seat 8: fritz233 folded before Flop (didn't bet)
Seat 9: TolikG55 folded before Flop (didn't bet)



PokerStars Hand #237262719118:  Hold'em No Limit ($0.01/$0.02 USD) - 2022/07/09 15:20:02 PT [2022/07/09 18:20:02 ET]
Table 'Cline III' 9-max Seat #6 is the button
Seat 1: RivotraOriginal ($0.99 in chips) 
Seat 2: KILLZON ($1.53 in chips) 
Seat 3: HellNative ($2 in chips) 
Seat 4: Dorex2007 ($4.19 in chips) 
Seat 5: gorille21 ($2.15 in chips) 
Seat 6: tayde310 ($2.16 in chips) 
Seat 7: gloommyrat ($3.30 in chips) 
Seat 9: TolikG55 ($1.25 in chips) 
gloommyrat: posts small blind $0.01
TolikG55: posts big blind $0.02
*** HOLE CARDS ***
Dealt to Dorex2007 [Ac Qc]
RivotraOriginal: folds 
KILLZON: calls $0.02
HellNative: folds 
Dorex2007: calls $0.02
gorille21: calls $0.02
tayde310: folds 
gloommyrat: folds 
TolikG55: checks 
*** FLOP *** [9d 5s 7d]
TolikG55: checks 
KILLZON: bets $0.02
Dorex2007: calls $0.02
gorille21: calls $0.02
TolikG55: calls $0.02
*** TURN *** [9d 5s 7d] [Qd]
TolikG55: checks 
KILLZON: bets $0.02
Dorex2007: calls $0.02
gorille21: calls $0.02
TolikG55: calls $0.02
*** RIVER *** [9d 5s 7d Qd] [Js]
TolikG55: checks 
KILLZON: bets $0.02
Dorex2007: calls $0.02
gorille21: raises $0.10 to $0.12
TolikG55: folds 
KILLZON: folds 
Dorex2007: folds 
Uncalled bet ($0.10) returned to gorille21
gorille21 collected $0.30 from pot
*** SUMMARY ***
Total pot $0.31 | Rake $0.01 
Board [9d 5s 7d Qd Js]
Seat 1: RivotraOriginal folded before Flop (didn't bet)
Seat 2: KILLZON folded on the River
Seat 3: HellNative folded before Flop (didn't bet)
Seat 4: Dorex2007 folded on the River
Seat 5: gorille21 collected ($0.30)
Seat 6: tayde310 (button) folded before Flop (didn't bet)
Seat 7: gloommyrat (small blind) folded before Flop
Seat 9: TolikG55 (big blind) folded on the River



PokerStars Hand #237262736596:  Hold'em No Limit ($0.01/$0.02 USD) - 2022/07/09 15:20:59 PT [2022/07/09 18:20:59 ET]
Table 'Cline III' 9-max Seat #7 is the button
Seat 1: RivotraOriginal ($0.99 in chips) 
Seat 2: KILLZON ($1.45 in chips) 
Seat 3: HellNative ($2 in chips) 
Seat 4: Dorex2007 ($4.11 in chips) 
Seat 5: gorille21 ($2.37 in chips) 
Seat 6: tayde310 ($2.16 in chips) 
Seat 7: gloommyrat ($3.29 in chips) 
Seat 9: TolikG55 ($1.19 in chips) 
TolikG55: posts small blind $0.01
RivotraOriginal: posts big blind $0.02
*** HOLE CARDS ***
Dealt to Dorex2007 [4c Td]
KILLZON: calls $0.02
HellNative: folds 
Dorex2007: folds 
gorille21: calls $0.02
tayde310: folds 
gloommyrat: folds 
TolikG55: calls $0.01
RivotraOriginal: checks 
*** FLOP *** [7h 3s Kc]
TolikG55: checks 
RivotraOriginal: checks 
KILLZON: checks 
gorille21: bets $0.04
TolikG55: folds 
RivotraOriginal: folds 
KILLZON: folds 
Uncalled bet ($0.04) returned to gorille21
gorille21 collected $0.08 from pot
*** SUMMARY ***
Total pot $0.08 | Rake $0 
Board [7h 3s Kc]
Seat 1: RivotraOriginal (big blind) folded on the Flop
Seat 2: KILLZON folded on the Flop
Seat 3: HellNative folded before Flop (didn't bet)
Seat 4: Dorex2007 folded before Flop (didn't bet)
Seat 5: gorille21 collected ($0.08)
Seat 6: tayde310 folded before Flop (didn't bet)
Seat 7: gloommyrat (button) folded before Flop (didn't bet)
Seat 9: TolikG55 (small blind) folded on the Flop



PokerStars Hand #237262746661:  Hold'em No Limit ($0.01/$0.02 USD) - 2022/07/09 15:21:31 PT [2022/07/09 18:21:31 ET]
Table 'Cline III' 9-max Seat #9 is the button
Seat 1: RivotraOriginal ($0.97 in chips) 
Seat 2: KILLZON ($1.43 in chips) 
Seat 3: HellNative ($2 in chips) 
Seat 4: Dorex2007 ($4.11 in chips) 
Seat 5: gorille21 ($2.43 in chips) 
Seat 6: tayde310 ($2.16 in chips) 
Seat 7: gloommyrat ($3.29 in chips) 
Seat 9: TolikG55 ($1.17 in chips) 
RivotraOriginal: posts small blind $0.01
KILLZON: posts big blind $0.02
fritz233: sits out 
*** HOLE CARDS ***
Dealt to Dorex2007 [Kc 3c]
HellNative: folds 
Dorex2007: folds 
gorille21: raises $0.04 to $0.06
tayde310: folds 
gloommyrat: calls $0.06
TolikG55: calls $0.06
RivotraOriginal: folds 
KILLZON: folds 
*** FLOP *** [2s Kd Jc]
gorille21: bets $0.06
gloommyrat: calls $0.06
fritz233 leaves the table
TolikG55: raises $0.12 to $0.18
gorille21: calls $0.12
gloommyrat: folds 
*** TURN *** [2s Kd Jc] [Qs]
gorille21: bets $2.19 and is all-in
TolikG55: calls $0.93 and is all-in
Uncalled bet ($1.26) returned to gorille21
*** RIVER *** [2s Kd Jc Qs] [9s]
*** SHOW DOWN ***
gorille21: shows [Ks Ts] (a flush, King high)
TolikG55: shows [Js Kh] (two pair, Kings and Jacks)
gorille21 cashed out the hand for $0.84 | Cash Out Fee $0.01
*** SUMMARY ***
Total pot $2.49 | Rake $0.09 
Board [2s Kd Jc Qs 9s]
Seat 1: RivotraOriginal (small blind) folded before Flop
Seat 2: KILLZON (big blind) folded before Flop
Seat 3: HellNative folded before Flop (didn't bet)
Seat 4: Dorex2007 folded before Flop (didn't bet)
Seat 5: gorille21 showed [Ks Ts] and won ($2.40) with a flush, King high (pot not awarded as player cashed out)
Seat 6: tayde310 folded before Flop (didn't bet)
Seat 7: gloommyrat folded on the Flop
Seat 9: TolikG55 (button) showed [Js Kh] and lost with two pair, Kings and Jacks



PokerStars Hand #237262763888:  Hold'em No Limit ($0.01/$0.02 USD) - 2022/07/09 15:22:27 PT [2022/07/09 18:22:27 ET]
Table 'Cline III' 9-max Seat #1 is the button
Seat 1: RivotraOriginal ($0.96 in chips) 
Seat 2: KILLZON ($1.41 in chips) 
Seat 3: HellNative ($2 in chips) 
Seat 4: Dorex2007 ($4.11 in chips) 
Seat 5: gorille21 ($2.10 in chips) 
Seat 6: tayde310 ($2.16 in chips) 
Seat 7: gloommyrat ($3.17 in chips) 
KILLZON: posts small blind $0.01
HellNative: posts big blind $0.02
*** HOLE CARDS ***
Dealt to Dorex2007 [Kd Jd]
Dorex2007: raises $0.04 to $0.06
gorille21: folds 
tayde310: folds 
gloommyrat: folds 
RivotraOriginal: folds 
KILLZON: calls $0.05
HellNative: folds 
*** FLOP *** [4c 8d 4h]
KILLZON: bets $0.10
Dorex2007: calls $0.10
*** TURN *** [4c 8d 4h] [Qd]
KILLZON: bets $0.14
Dorex2007: calls $0.14
*** RIVER *** [4c 8d 4h Qd] [6s]
KILLZON: bets $0.12
Dorex2007: folds 
Uncalled bet ($0.12) returned to KILLZON
KILLZON collected $0.60 from pot
*** SUMMARY ***
Total pot $0.62 | Rake $0.02 
Board [4c 8d 4h Qd 6s]
Seat 1: RivotraOriginal (button) folded before Flop (didn't bet)
Seat 2: KILLZON (small blind) collected ($0.60)
Seat 3: HellNative (big blind) folded before Flop
Seat 4: Dorex2007 folded on the River
Seat 5: gorille21 folded before Flop (didn't bet)
Seat 6: tayde310 folded before Flop (didn't bet)
Seat 7: gloommyrat folded before Flop (didn't bet)



PokerStars Hand #237262772459:  Hold'em No Limit ($0.01/$0.02 USD) - 2022/07/09 15:22:55 PT [2022/07/09 18:22:55 ET]
Table 'Cline III' 9-max Seat #2 is the button
Seat 1: RivotraOriginal ($0.96 in chips) 
Seat 2: KILLZON ($1.71 in chips) 
Seat 3: HellNative ($2 in chips) 
Seat 4: Dorex2007 ($3.81 in chips) 
Seat 5: gorille21 ($2.10 in chips) 
Seat 6: tayde310 ($2.16 in chips) 
Seat 7: gloommyrat ($3.17 in chips) 
Seat 9: TolikG55 ($1.04 in chips) 
HellNative: posts small blind $0.01
Dorex2007: posts big blind $0.02
*** HOLE CARDS ***
Dealt to Dorex2007 [4d Td]
KRandall12 joins the table at seat #8 
gorille21: folds 
tayde310: folds 
gloommyrat: folds 
TolikG55: calls $0.02
RivotraOriginal: folds 
KILLZON: raises $0.06 to $0.08
HellNative: folds 
Dorex2007: folds 
TolikG55: folds 
Uncalled bet ($0.06) returned to KILLZON
KILLZON collected $0.07 from pot
*** SUMMARY ***
Total pot $0.07 | Rake $0 
Seat 1: RivotraOriginal folded before Flop (didn't bet)
Seat 2: KILLZON (button) collected ($0.07)
Seat 3: HellNative (small blind) folded before Flop
Seat 4: Dorex2007 (big blind) folded before Flop
Seat 5: gorille21 folded before Flop (didn't bet)
Seat 6: tayde310 folded before Flop (didn't bet)
Seat 7: gloommyrat folded before Flop (didn't bet)
Seat 9: TolikG55 folded before Flop



PokerStars Hand #237262785365:  Hold'em No Limit ($0.01/$0.02 USD) - 2022/07/09 15:23:13 PT [2022/07/09 18:23:13 ET]
Table 'Cline III' 9-max Seat #3 is the button
Seat 1: RivotraOriginal ($0.96 in chips) 
Seat 2: KILLZON ($1.76 in chips) 
Seat 3: HellNative ($2 in chips) 
Seat 4: Dorex2007 ($3.79 in chips) 
Seat 5: gorille21 ($2.10 in chips) 
Seat 6: tayde310 ($2.16 in chips) 
Seat 7: gloommyrat ($3.17 in chips) 
Seat 9: TolikG55 ($1.02 in chips) 
Dorex2007: posts small blind $0.01
gorille21: posts big blind $0.02
KRandall12: sits out 
*** HOLE CARDS ***
Dealt to Dorex2007 [Ah 2s]
tayde310: folds 
gloommyrat: folds 
TolikG55: folds 
RivotraOriginal: folds 
KILLZON: calls $0.02
HellNative: folds 
Dorex2007: folds 
gorille21: raises $0.04 to $0.06
KILLZON: calls $0.04
*** FLOP *** [9h 2d 4c]
gorille21: bets $0.02
KILLZON: calls $0.02
*** TURN *** [9h 2d 4c] [7d]
gorille21: bets $0.04
KILLZON: calls $0.04
*** RIVER *** [9h 2d 4c 7d] [4h]
gorille21: bets $0.24
KILLZON: folds 
Uncalled bet ($0.24) returned to gorille21
gorille21 collected $0.24 from pot
*** SUMMARY ***
Total pot $0.25 | Rake $0.01 
Board [9h 2d 4c 7d 4h]
Seat 1: RivotraOriginal folded before Flop (didn't bet)
Seat 2: KILLZON folded on the River
Seat 3: HellNative (button) folded before Flop (didn't bet)
Seat 4: Dorex2007 (small blind) folded before Flop
Seat 5: gorille21 (big blind) collected ($0.24)
Seat 6: tayde310 folded before Flop (didn't bet)
Seat 7: gloommyrat folded before Flop (didn't bet)
Seat 9: TolikG55 folded before Flop (didn't bet)



PokerStars Hand #237262797195:  Hold'em No Limit ($0.01/$0.02 USD) - 2022/07/09 15:23:52 PT [2022/07/09 18:23:52 ET]
Table 'Cline III' 9-max Seat #4 is the button
Seat 1: RivotraOriginal ($0.96 in chips) 
Seat 2: KILLZON ($1.64 in chips) 
Seat 3: HellNative ($2 in chips) 
Seat 4: Dorex2007 ($3.78 in chips) 
Seat 5: gorille21 ($2.22 in chips) 
Seat 6: tayde310 ($2.16 in chips) 
Seat 7: gloommyrat ($3.17 in chips) 
Seat 9: TolikG55 ($1.02 in chips) 
gorille21: posts small blind $0.01
tayde310: posts big blind $0.02
KRandall12: sits out 
*** HOLE CARDS ***
Dealt to Dorex2007 [Ts Tc]
gloommyrat: folds 
TolikG55: folds 
RivotraOriginal: folds 
KILLZON: folds 
HellNative: folds 
Dorex2007: raises $0.04 to $0.06
gorille21: folds 
tayde310: calls $0.04
*** FLOP *** [2h 9d Ah]
tayde310: checks 
Dorex2007: bets $0.06
tayde310: folds 
Uncalled bet ($0.06) returned to Dorex2007
Dorex2007 collected $0.13 from pot
*** SUMMARY ***
Total pot $0.13 | Rake $0 
Board [2h 9d Ah]
Seat 1: RivotraOriginal folded before Flop (didn't bet)
Seat 2: KILLZON folded before Flop (didn't bet)
Seat 3: HellNative folded before Flop (didn't bet)
Seat 4: Dorex2007 (button) collected ($0.13)
Seat 5: gorille21 (small blind) folded before Flop
Seat 6: tayde310 (big blind) folded on the Flop
Seat 7: gloommyrat folded before Flop (didn't bet)
Seat 9: TolikG55 folded before Flop (didn't bet)



PokerStars Hand #237262807889:  Hold'em No Limit ($0.01/$0.02 USD) - 2022/07/09 15:24:28 PT [2022/07/09 18:24:28 ET]
Table 'Cline III' 9-max Seat #5 is the button
Seat 1: RivotraOriginal ($0.96 in chips) 
Seat 2: KILLZON ($1.64 in chips) 
Seat 3: HellNative ($2 in chips) 
Seat 4: Dorex2007 ($3.85 in chips) 
Seat 5: gorille21 ($2.21 in chips) 
Seat 6: tayde310 ($2.10 in chips) 
Seat 7: gloommyrat ($3.17 in chips) 
Seat 9: TolikG55 ($1.02 in chips) 
tayde310: posts small blind $0.01
gloommyrat: posts big blind $0.02
KRandall12: sits out 
*** HOLE CARDS ***
Dealt to Dorex2007 [7d 8d]
TolikG55: folds 
RivotraOriginal: folds 
KILLZON: calls $0.02
HellNative: folds 
Dorex2007: folds 
gorille21: calls $0.02
tayde310: folds 
gloommyrat: checks 
*** FLOP *** [6d Js Ts]
gloommyrat: checks 
KILLZON: bets $0.04
gorille21: calls $0.04
gloommyrat: folds 
*** TURN *** [6d Js Ts] [4d]
KILLZON: bets $0.04
gorille21: calls $0.04
*** RIVER *** [6d Js Ts 4d] [Qd]
KILLZON: bets $0.24
gorille21: folds 
Uncalled bet ($0.24) returned to KILLZON
KILLZON collected $0.22 from pot
*** SUMMARY ***
Total pot $0.23 | Rake $0.01 
Board [6d Js Ts 4d Qd]
Seat 1: RivotraOriginal folded before Flop (didn't bet)
Seat 2: KILLZON collected ($0.22)
Seat 3: HellNative folded before Flop (didn't bet)
Seat 4: Dorex2007 folded before Flop (didn't bet)
Seat 5: gorille21 (button) folded on the River
Seat 6: tayde310 (small blind) folded before Flop
Seat 7: gloommyrat (big blind) folded on the Flop
Seat 9: TolikG55 folded before Flop (didn't bet)



PokerStars Hand #237262819569:  Hold'em No Limit ($0.01/$0.02 USD) - 2022/07/09 15:25:06 PT [2022/07/09 18:25:06 ET]
Table 'Cline III' 9-max Seat #6 is the button
Seat 1: RivotraOriginal ($0.96 in chips) 
Seat 2: KILLZON ($1.76 in chips) 
Seat 3: HellNative ($2 in chips) 
Seat 4: Dorex2007 ($3.85 in chips) 
Seat 5: gorille21 ($2.11 in chips) 
Seat 6: tayde310 ($2.09 in chips) 
Seat 7: gloommyrat ($3.15 in chips) 
Seat 8: KRandall12 ($0.80 in chips) 
Seat 9: TolikG55 ($1.02 in chips) 
gloommyrat: posts small blind $0.01
KRandall12: posts big blind $0.02
*** HOLE CARDS ***
Dealt to Dorex2007 [7h 5c]
TolikG55: folds 
RivotraOriginal: calls $0.02
KILLZON: folds 
HellNative: folds 
Dorex2007: folds 
gorille21: raises $0.04 to $0.06
tayde310: folds 
gloommyrat: folds 
KRandall12: folds 
RivotraOriginal: calls $0.04
*** FLOP *** [Jd Tc Ks]
RivotraOriginal: checks 
gorille21: checks 
*** TURN *** [Jd Tc Ks] [9s]
RivotraOriginal: checks 
gorille21: bets $0.04
RivotraOriginal: calls $0.04
*** RIVER *** [Jd Tc Ks 9s] [8d]
RivotraOriginal: checks 
gorille21: checks 
*** SHOW DOWN ***
RivotraOriginal: shows [As 8h] (a pair of Eights)
gorille21: shows [8s Ac] (a pair of Eights)
RivotraOriginal collected $0.11 from pot
gorille21 collected $0.11 from pot
*** SUMMARY ***
Total pot $0.23 | Rake $0.01 
Board [Jd Tc Ks 9s 8d]
Seat 1: RivotraOriginal showed [As 8h] and won ($0.11) with a pair of Eights
Seat 2: KILLZON folded before Flop (didn't bet)
Seat 3: HellNative folded before Flop (didn't bet)
Seat 4: Dorex2007 folded before Flop (didn't bet)
Seat 5: gorille21 showed [8s Ac] and won ($0.11) with a pair of Eights
Seat 6: tayde310 (button) folded before Flop (didn't bet)
Seat 7: gloommyrat (small blind) folded before Flop
Seat 8: KRandall12 (big blind) folded before Flop
Seat 9: TolikG55 folded before Flop (didn't bet)



PokerStars Hand #237262832847:  Hold'em No Limit ($0.01/$0.02 USD) - 2022/07/09 15:25:50 PT [2022/07/09 18:25:50 ET]
Table 'Cline III' 9-max Seat #7 is the button
Seat 1: RivotraOriginal ($0.97 in chips) 
Seat 2: KILLZON ($1.76 in chips) 
Seat 3: HellNative ($2 in chips) 
Seat 4: Dorex2007 ($3.85 in chips) 
Seat 5: gorille21 ($2.12 in chips) 
Seat 6: tayde310 ($2.09 in chips) 
Seat 7: gloommyrat ($3.14 in chips) 
Seat 8: KRandall12 ($0.80 in chips) 
Seat 9: TolikG55 ($1.02 in chips) 
KRandall12: posts small blind $0.01
TolikG55: posts big blind $0.02
*** HOLE CARDS ***
Dealt to Dorex2007 [3s 3c]
RivotraOriginal: folds 
KILLZON: calls $0.02
HellNative: folds 
Dorex2007: folds 
gorille21: raises $0.06 to $0.08
tayde310: folds 
gloommyrat: folds 
KRandall12: folds 
TolikG55: folds 
KILLZON: calls $0.06
*** FLOP *** [5c 8h Ks]
KILLZON: checks 
gorille21: bets $0.06
KILLZON: calls $0.06
*** TURN *** [5c 8h Ks] [9d]
KILLZON: checks 
gorille21: bets $0.15
KILLZON: calls $0.15
*** RIVER *** [5c 8h Ks 9d] [5h]
KILLZON: checks 
gorille21: bets $0.29
KILLZON: calls $0.29
*** SHOW DOWN ***
gorille21: shows [Js Kd] (two pair, Kings and Fives)
KILLZON: mucks hand 
gorille21 collected $1.15 from pot
*** SUMMARY ***
Total pot $1.19 | Rake $0.04 
Board [5c 8h Ks 9d 5h]
Seat 1: RivotraOriginal folded before Flop (didn't bet)
Seat 2: KILLZON mucked [Ac 9s]
Seat 3: HellNative folded before Flop (didn't bet)
Seat 4: Dorex2007 folded before Flop (didn't bet)
Seat 5: gorille21 showed [Js Kd] and won ($1.15) with two pair, Kings and Fives
Seat 6: tayde310 folded before Flop (didn't bet)
Seat 7: gloommyrat (button) folded before Flop (didn't bet)
Seat 8: KRandall12 (small blind) folded before Flop
Seat 9: TolikG55 (big blind) folded before Flop



PokerStars Hand #237262847246:  Hold'em No Limit ($0.01/$0.02 USD) - 2022/07/09 15:26:37 PT [2022/07/09 18:26:37 ET]
Table 'Cline III' 9-max Seat #8 is the button
Seat 1: RivotraOriginal ($0.97 in chips) 
Seat 2: KILLZON ($1.18 in chips) 
Seat 3: HellNative ($2 in chips) 
Seat 4: Dorex2007 ($3.85 in chips) 
Seat 5: gorille21 ($2.69 in chips) 
Seat 6: tayde310 ($2.09 in chips) 
Seat 7: gloommyrat ($3.14 in chips) 
Seat 8: KRandall12 ($0.80 in chips) 
Seat 9: TolikG55 ($1 in chips) 
TolikG55: posts small blind $0.01
RivotraOriginal: posts big blind $0.02
*** HOLE CARDS ***
Dealt to Dorex2007 [9s 9h]
KILLZON: folds 
HellNative: folds 
Dorex2007: raises $0.06 to $0.08
gorille21: calls $0.08
tayde310: folds 
gloommyrat: folds 
KRandall12: folds 
TolikG55: calls $0.07
RivotraOriginal: raises $0.89 to $0.97 and is all-in
Dorex2007: folds 
gorille21: calls $0.89
TolikG55: raises $0.03 to $1 and is all-in
gorille21: calls $0.03
*** FLOP *** [9c 5d Qs]
*** TURN *** [9c 5d Qs] [3d]
*** RIVER *** [9c 5d Qs 3d] [Ac]
*** SHOW DOWN ***
TolikG55: shows [Jd Kh] (high card Ace)
gorille21: shows [As 8d] (a pair of Aces)
gorille21 collected $0.05 from side pot
RivotraOriginal: shows [Kd Kc] (a pair of Kings)
gorille21 collected $2.89 from main pot
RivotraOriginal cashed out the hand for $1.79 | Cash Out Fee $0.02
*** SUMMARY ***
Total pot $3.05 Main pot $2.89. Side pot $0.05. | Rake $0.11 
Board [9c 5d Qs 3d Ac]
Seat 1: RivotraOriginal (big blind) showed [Kd Kc] and lost with a pair of Kings (cashed out).
Seat 2: KILLZON folded before Flop (didn't bet)
Seat 3: HellNative folded before Flop (didn't bet)
Seat 4: Dorex2007 folded before Flop
Seat 5: gorille21 showed [As 8d] and won ($2.94) with a pair of Aces
Seat 6: tayde310 folded before Flop (didn't bet)
Seat 7: gloommyrat folded before Flop (didn't bet)
Seat 8: KRandall12 (button) folded before Flop (didn't bet)
Seat 9: TolikG55 (small blind) showed [Jd Kh] and lost with high card Ace



PokerStars Hand #237262862045:  Hold'em No Limit ($0.01/$0.02 USD) - 2022/07/09 15:27:26 PT [2022/07/09 18:27:26 ET]
Table 'Cline III' 9-max Seat #1 is the button
Seat 1: RivotraOriginal ($1.79 in chips) 
Seat 2: KILLZON ($1.18 in chips) 
Seat 3: HellNative ($2 in chips) 
Seat 4: Dorex2007 ($3.77 in chips) 
Seat 5: gorille21 ($4.63 in chips) 
Seat 6: tayde310 ($2.09 in chips) 
Seat 7: gloommyrat ($3.14 in chips) 
Seat 8: KRandall12 ($0.80 in chips) 
KILLZON: posts small blind $0.01
HellNative: posts big blind $0.02
*** HOLE CARDS ***
Dealt to Dorex2007 [5d 6c]
Dorex2007: folds 
gorille21: folds 
tayde310: folds 
TolikG55 leaves the table
gloommyrat: raises $0.02 to $0.04
KRandall12: folds 
RivotraOriginal: folds 
RivotraOriginal leaves the table
KILLZON: calls $0.03
HellNative: raises $0.20 to $0.24
gloommyrat: folds 
KILLZON: folds 
Uncalled bet ($0.20) returned to HellNative
HellNative collected $0.12 from pot
*** SUMMARY ***
Total pot $0.12 | Rake $0 
Seat 1: RivotraOriginal (button) folded before Flop (didn't bet)
Seat 2: KILLZON (small blind) folded before Flop
Seat 3: HellNative (big blind) collected ($0.12)
Seat 4: Dorex2007 folded before Flop (didn't bet)
Seat 5: gorille21 folded before Flop (didn't bet)
Seat 6: tayde310 folded before Flop (didn't bet)
Seat 7: gloommyrat folded before Flop
Seat 8: KRandall12 folded before Flop (didn't bet)



PokerStars Hand #237262869921:  Hold'em No Limit ($0.01/$0.02 USD) - 2022/07/09 15:27:52 PT [2022/07/09 18:27:52 ET]
Table 'Cline III' 9-max Seat #2 is the button
Seat 2: KILLZON ($1.14 in chips) 
Seat 3: HellNative ($2.08 in chips) 
Seat 4: Dorex2007 ($3.77 in chips) 
Seat 5: gorille21 ($4.63 in chips) 
Seat 6: tayde310 ($2.09 in chips) 
Seat 7: gloommyrat ($3.10 in chips) 
Seat 8: KRandall12 ($0.80 in chips) 
HellNative: posts small blind $0.01
Dorex2007: posts big blind $0.02
*** HOLE CARDS ***
Dealt to Dorex2007 [2s 9c]
gorille21: calls $0.02
tayde310: folds 
gloommyrat: folds 
KRandall12: folds 
KILLZON: calls $0.02
HellNative: folds 
Dorex2007: checks 
*** FLOP *** [Kc 9s Jc]
Dorex2007: checks 
gorille21: checks 
KILLZON: bets $0.08
Dorex2007: folds 
gorille21: folds 
Uncalled bet ($0.08) returned to KILLZON
KILLZON collected $0.07 from pot
*** SUMMARY ***
Total pot $0.07 | Rake $0 
Board [Kc 9s Jc]
Seat 2: KILLZON (button) collected ($0.07)
Seat 3: HellNative (small blind) folded before Flop
Seat 4: Dorex2007 (big blind) folded on the Flop
Seat 5: gorille21 folded on the Flop
Seat 6: tayde310 folded before Flop (didn't bet)
Seat 7: gloommyrat folded before Flop (didn't bet)
Seat 8: KRandall12 folded before Flop (didn't bet)



PokerStars Hand #237262877741:  Hold'em No Limit ($0.01/$0.02 USD) - 2022/07/09 15:28:18 PT [2022/07/09 18:28:18 ET]
Table 'Cline III' 9-max Seat #3 is the button
Seat 2: KILLZON ($1.19 in chips) 
Seat 3: HellNative ($2.07 in chips) 
Seat 4: Dorex2007 ($3.75 in chips) 
Seat 5: gorille21 ($4.61 in chips) 
Seat 6: tayde310 ($2.09 in chips) 
Seat 7: gloommyrat ($3.10 in chips) 
Seat 8: KRandall12 ($0.80 in chips) 
Dorex2007: posts small blind $0.01
gorille21: posts big blind $0.02
*** HOLE CARDS ***
Dealt to Dorex2007 [Ks 4d]
tayde310: folds 
gloommyrat: folds 
KRandall12: folds 
KILLZON: calls $0.02
HellNative: folds 
Dorex2007: folds 
gorille21: checks 
*** FLOP *** [3h 3s 7h]
gorille21: checks 
KILLZON: checks 
*** TURN *** [3h 3s 7h] [Ts]
gorille21: checks 
KILLZON: checks 
*** RIVER *** [3h 3s 7h Ts] [Kc]
gorille21: bets $0.02
KILLZON: raises $0.06 to $0.08
gorille21: calls $0.06
*** SHOW DOWN ***
KILLZON: shows [Ad 3c] (three of a kind, Threes)
gorille21: mucks hand 
KILLZON collected $0.20 from pot
*** SUMMARY ***
Total pot $0.21 | Rake $0.01 
Board [3h 3s 7h Ts Kc]
Seat 2: KILLZON showed [Ad 3c] and won ($0.20) with three of a kind, Threes
Seat 3: HellNative (button) folded before Flop (didn't bet)
Seat 4: Dorex2007 (small blind) folded before Flop
Seat 5: gorille21 (big blind) mucked [8c Kh]
Seat 6: tayde310 folded before Flop (didn't bet)
Seat 7: gloommyrat folded before Flop (didn't bet)
Seat 8: KRandall12 folded before Flop (didn't bet)



PokerStars Hand #237262886801:  Hold'em No Limit ($0.01/$0.02 USD) - 2022/07/09 15:28:48 PT [2022/07/09 18:28:48 ET]
Table 'Cline III' 9-max Seat #4 is the button
Seat 2: KILLZON ($1.29 in chips) 
Seat 3: HellNative ($2.07 in chips) 
Seat 4: Dorex2007 ($3.74 in chips) 
Seat 5: gorille21 ($4.51 in chips) 
Seat 6: tayde310 ($2.09 in chips) 
Seat 7: gloommyrat ($3.10 in chips) 
Seat 8: KRandall12 ($0.80 in chips) 
gorille21: posts small blind $0.01
tayde310: posts big blind $0.02
*** HOLE CARDS ***
Dealt to Dorex2007 [8d 3s]
gloommyrat: folds 
KRandall12: folds 
KILLZON: calls $0.02
HellNative: folds 
Dorex2007: folds 
gorille21: calls $0.01
tayde310: checks 
*** FLOP *** [4h As Qc]
Teniente60 joins the table at seat #9 
gorille21: checks 
tayde310: checks 
KILLZON: bets $0.06
gorille21: folds 
bob4tier joins the table at seat #1 
KRandall12 is disconnected 
tayde310: folds 
Uncalled bet ($0.06) returned to KILLZON
KILLZON collected $0.06 from pot
*** SUMMARY ***
Total pot $0.06 | Rake $0 
Board [4h As Qc]
Seat 2: KILLZON collected ($0.06)
Seat 3: HellNative folded before Flop (didn't bet)
Seat 4: Dorex2007 (button) folded before Flop (didn't bet)
Seat 5: gorille21 (small blind) folded on the Flop
Seat 6: tayde310 (big blind) folded on the Flop
Seat 7: gloommyrat folded before Flop (didn't bet)
Seat 8: KRandall12 folded before Flop (didn't bet)



PokerStars Hand #237262899256:  Hold'em No Limit ($0.01/$0.02 USD) - 2022/07/09 15:29:30 PT [2022/07/09 18:29:30 ET]
Table 'Cline III' 9-max Seat #5 is the button
Seat 2: KILLZON ($1.33 in chips) 
Seat 3: HellNative ($2.07 in chips) 
Seat 4: Dorex2007 ($3.74 in chips) 
Seat 5: gorille21 ($4.49 in chips) 
Seat 6: tayde310 ($2.07 in chips) 
Seat 7: gloommyrat ($3.10 in chips) 
Seat 8: KRandall12 ($0.80 in chips) 
tayde310: posts small blind $0.01
gloommyrat: posts big blind $0.02
Teniente60: sits out 
bob4tier: sits out 
*** HOLE CARDS ***
Dealt to Dorex2007 [7h Ac]
KRandall12: folds 
KILLZON: folds 
HellNative: folds 
Dorex2007: folds 
gorille21: raises $0.05 to $0.07
tayde310: folds 
gloommyrat: folds 
Uncalled bet ($0.05) returned to gorille21
gorille21 collected $0.05 from pot
*** SUMMARY ***
Total pot $0.05 | Rake $0 
Seat 2: KILLZON folded before Flop (didn't bet)
Seat 3: HellNative folded before Flop (didn't bet)
Seat 4: Dorex2007 folded before Flop (didn't bet)
Seat 5: gorille21 (button) collected ($0.05)
Seat 6: tayde310 (small blind) folded before Flop
Seat 7: gloommyrat (big blind) folded before Flop
Seat 8: KRandall12 folded before Flop (didn't bet)



PokerStars Hand #237262906420:  Hold'em No Limit ($0.01/$0.02 USD) - 2022/07/09 15:29:53 PT [2022/07/09 18:29:53 ET]
Table 'Cline III' 9-max Seat #6 is the button
Seat 2: KILLZON ($1.33 in chips) 
Seat 3: HellNative ($2.07 in chips) 
Seat 4: Dorex2007 ($3.74 in chips) 
Seat 5: gorille21 ($4.52 in chips) 
Seat 6: tayde310 ($2.06 in chips) 
Seat 7: gloommyrat ($3.08 in chips) 
Seat 8: KRandall12 ($0.80 in chips) 
gloommyrat: posts small blind $0.01
KRandall12: posts big blind $0.02
Teniente60: sits out 
bob4tier: sits out 
*** HOLE CARDS ***
Dealt to Dorex2007 [Js 6s]
KILLZON: folds 
HellNative: folds 
Dorex2007: folds 
gorille21: raises $0.10 to $0.12
tayde310: folds 
gloommyrat: folds 
KRandall12: folds 
Uncalled bet ($0.10) returned to gorille21
gorille21 collected $0.05 from pot
*** SUMMARY ***
Total pot $0.05 | Rake $0 
Seat 2: KILLZON folded before Flop (didn't bet)
Seat 3: HellNative folded before Flop (didn't bet)
Seat 4: Dorex2007 folded before Flop (didn't bet)
Seat 5: gorille21 collected ($0.05)
Seat 6: tayde310 (button) folded before Flop (didn't bet)
Seat 7: gloommyrat (small blind) folded before Flop
Seat 8: KRandall12 (big blind) folded before Flop



PokerStars Hand #237262914227:  Hold'em No Limit ($0.01/$0.02 USD) - 2022/07/09 15:30:19 PT [2022/07/09 18:30:19 ET]
Table 'Cline III' 9-max Seat #7 is the button
Seat 2: KILLZON ($1.33 in chips) 
Seat 3: HellNative ($2.07 in chips) 
Seat 4: Dorex2007 ($3.74 in chips) 
Seat 5: gorille21 ($4.55 in chips) 
Seat 6: tayde310 ($2.06 in chips) 
Seat 7: gloommyrat ($3.07 in chips) 
Seat 8: KRandall12 ($0.80 in chips) 
Seat 9: Teniente60 ($0.63 in chips) 
KRandall12: posts small blind $0.01
Teniente60: posts big blind $0.02
bob4tier: sits out 
*** HOLE CARDS ***
Dealt to Dorex2007 [Ah As]
KILLZON: raises $0.04 to $0.06
HellNative: folds 
Dorex2007: raises $0.06 to $0.12
gorille21: calls $0.12
tayde310: folds 
gloommyrat: folds 
KRandall12: folds 
Teniente60: folds 
KILLZON: calls $0.06
*** FLOP *** [Kh 7d 6d]
KILLZON: bets $0.14
Dorex2007: raises $3.48 to $3.62 and is all-in
gorille21: folds 
KILLZON: calls $1.07 and is all-in
Uncalled bet ($2.41) returned to Dorex2007
*** TURN *** [Kh 7d 6d] [9c]
*** RIVER *** [Kh 7d 6d 9c] [7h]
*** SHOW DOWN ***
KILLZON: shows [Ac Ks] (two pair, Kings and Sevens)
Dorex2007: shows [Ah As] (two pair, Aces and Sevens)
Dorex2007 cashed out the hand for $2.45 | Cash Out Fee $0.02
*** SUMMARY ***
Total pot $2.81 | Rake $0.10 
Board [Kh 7d 6d 9c 7h]
Seat 2: KILLZON showed [Ac Ks] and lost with two pair, Kings and Sevens
Seat 3: HellNative folded before Flop (didn't bet)
Seat 4: Dorex2007 showed [Ah As] and won ($2.71) with two pair, Aces and Sevens (pot not awarded as player cashed out)
Seat 5: gorille21 folded on the Flop
Seat 6: tayde310 folded before Flop (didn't bet)
Seat 7: gloommyrat (button) folded before Flop (didn't bet)
Seat 8: KRandall12 (small blind) folded before Flop
Seat 9: Teniente60 (big blind) folded before Flop



PokerStars Hand #237262931966:  Hold'em No Limit ($0.01/$0.02 USD) - 2022/07/09 15:31:16 PT [2022/07/09 18:31:16 ET]
Table 'Cline III' 9-max Seat #8 is the button
Seat 1: bob4tier ($1.60 in chips) 
Seat 3: HellNative ($2.07 in chips) 
Seat 4: Dorex2007 ($4.86 in chips) 
Seat 5: gorille21 ($4.43 in chips) 
Seat 6: tayde310 ($2.06 in chips) 
Seat 7: gloommyrat ($3.07 in chips) 
Seat 8: KRandall12 ($0.80 in chips) 
Seat 9: Teniente60 ($0.61 in chips) 
Teniente60: posts small blind $0.01
bob4tier: posts big blind $0.02
*** HOLE CARDS ***
Dealt to Dorex2007 [Ac Kh]
HellNative: folds 
Dorex2007: raises $0.02 to $0.04
gorille21: folds 
tayde310: raises $0.10 to $0.14
KILLZON leaves the table
gloommyrat: folds 
KRandall12: folds 
Teniente60: folds 
bob4tier: folds 
Dorex2007: folds 
Uncalled bet ($0.10) returned to tayde310
tayde310 collected $0.11 from pot
*** SUMMARY ***
Total pot $0.11 | Rake $0 
Seat 1: bob4tier (big blind) folded before Flop
Seat 3: HellNative folded before Flop (didn't bet)
Seat 4: Dorex2007 folded before Flop
Seat 5: gorille21 folded before Flop (didn't bet)
Seat 6: tayde310 collected ($0.11)
Seat 7: gloommyrat folded before Flop (didn't bet)
Seat 8: KRandall12 (button) folded before Flop (didn't bet)
Seat 9: Teniente60 (small blind) folded before Flop



PokerStars Hand #237262937896:  Hold'em No Limit ($0.01/$0.02 USD) - 2022/07/09 15:31:35 PT [2022/07/09 18:31:35 ET]
Table 'Cline III' 9-max Seat #9 is the button
Seat 1: bob4tier ($1.58 in chips) 
Seat 3: HellNative ($2.07 in chips) 
Seat 4: Dorex2007 ($4.82 in chips) 
Seat 5: gorille21 ($4.43 in chips) 
Seat 6: tayde310 ($2.13 in chips) 
Seat 7: gloommyrat ($3.07 in chips) 
Seat 8: KRandall12 ($0.80 in chips) 
Seat 9: Teniente60 ($0.60 in chips) 
bob4tier: posts small blind $0.01
HellNative: posts big blind $0.02
*** HOLE CARDS ***
Dealt to Dorex2007 [4h 3d]
vini_wontroba joins the table at seat #2 
Dorex2007: folds 
gorille21: raises $0.04 to $0.06
tayde310: folds 
gloommyrat: folds 
KRandall12: folds 
Teniente60: folds 
bob4tier: calls $0.05
HellNative: folds 
*** FLOP *** [8d Qc 6d]
bob4tier: checks 
gorille21: bets $0.06
bob4tier: calls $0.06
*** TURN *** [8d Qc 6d] [4d]
bob4tier: checks 
gorille21: bets $0.25
bob4tier: folds 
Uncalled bet ($0.25) returned to gorille21
gorille21 collected $0.25 from pot
*** SUMMARY ***
Total pot $0.26 | Rake $0.01 
Board [8d Qc 6d 4d]
Seat 1: bob4tier (small blind) folded on the Turn
Seat 3: HellNative (big blind) folded before Flop
Seat 4: Dorex2007 folded before Flop (didn't bet)
Seat 5: gorille21 collected ($0.25)
Seat 6: tayde310 folded before Flop (didn't bet)
Seat 7: gloommyrat folded before Flop (didn't bet)
Seat 8: KRandall12 folded before Flop (didn't bet)
Seat 9: Teniente60 (button) folded before Flop (didn't bet)



PokerStars Hand #237262950027:  Hold'em No Limit ($0.01/$0.02 USD) - 2022/07/09 15:32:14 PT [2022/07/09 18:32:14 ET]
Table 'Cline III' 9-max Seat #1 is the button
Seat 1: bob4tier ($1.46 in chips) 
Seat 3: HellNative ($2.05 in chips) 
Seat 4: Dorex2007 ($4.82 in chips) 
Seat 5: gorille21 ($4.56 in chips) 
Seat 6: tayde310 ($2.13 in chips) 
Seat 7: gloommyrat ($3.07 in chips) 
Seat 8: KRandall12 ($0.80 in chips) 
Seat 9: Teniente60 ($0.60 in chips) 
HellNative: posts small blind $0.01
Dorex2007: posts big blind $0.02
*** HOLE CARDS ***
Dealt to Dorex2007 [5s 9h]
gorille21: raises $0.05 to $0.07
tayde310: folds 
gloommyrat: folds 
KRandall12: folds 
Teniente60: folds 
bob4tier: folds 
HellNative: folds 
Dorex2007: folds 
Uncalled bet ($0.05) returned to gorille21
gorille21 collected $0.05 from pot
*** SUMMARY ***
Total pot $0.05 | Rake $0 
Seat 1: bob4tier (button) folded before Flop (didn't bet)
Seat 3: HellNative (small blind) folded before Flop
Seat 4: Dorex2007 (big blind) folded before Flop
Seat 5: gorille21 collected ($0.05)
Seat 6: tayde310 folded before Flop (didn't bet)
Seat 7: gloommyrat folded before Flop (didn't bet)
Seat 8: KRandall12 folded before Flop (didn't bet)
Seat 9: Teniente60 folded before Flop (didn't bet)



PokerStars Hand #237262958981:  Hold'em No Limit ($0.01/$0.02 USD) - 2022/07/09 15:32:43 PT [2022/07/09 18:32:43 ET]
Table 'Cline III' 9-max Seat #3 is the button
Seat 1: bob4tier ($1.46 in chips) 
Seat 3: HellNative ($2.04 in chips) 
Seat 4: Dorex2007 ($4.80 in chips) 
Seat 5: gorille21 ($4.59 in chips) 
Seat 6: tayde310 ($2.13 in chips) 
Seat 7: gloommyrat ($3.07 in chips) 
Seat 8: KRandall12 ($0.80 in chips) 
Seat 9: Teniente60 ($0.60 in chips) 
Dorex2007: posts small blind $0.01
gorille21: posts big blind $0.02
vini_wontroba: sits out 
*** HOLE CARDS ***
Dealt to Dorex2007 [Kc 4c]
tayde310: folds 
gloommyrat: folds 
KRandall12: raises $0.04 to $0.06
Teniente60: folds 
bob4tier: folds 
HellNative: folds 
Dorex2007: folds 
gorille21: calls $0.04
*** FLOP *** [9c 5d 6s]
gorille21: checks 
KRandall12: checks 
*** TURN *** [9c 5d 6s] [6d]
gorille21: bets $0.06
KRandall12: calls $0.06
*** RIVER *** [9c 5d 6s 6d] [Tc]
gorille21: bets $0.18
KRandall12: folds 
Uncalled bet ($0.18) returned to gorille21
gorille21 collected $0.24 from pot
*** SUMMARY ***
Total pot $0.25 | Rake $0.01 
Board [9c 5d 6s 6d Tc]
Seat 1: bob4tier folded before Flop (didn't bet)
Seat 3: HellNative (button) folded before Flop (didn't bet)
Seat 4: Dorex2007 (small blind) folded before Flop
Seat 5: gorille21 (big blind) collected ($0.24)
Seat 6: tayde310 folded before Flop (didn't bet)
Seat 7: gloommyrat folded before Flop (didn't bet)
Seat 8: KRandall12 folded on the River
Seat 9: Teniente60 folded before Flop (didn't bet)



PokerStars Hand #237262971524:  Hold'em No Limit ($0.01/$0.02 USD) - 2022/07/09 15:33:24 PT [2022/07/09 18:33:24 ET]
Table 'Cline III' 9-max Seat #4 is the button
Seat 1: bob4tier ($1.46 in chips) 
Seat 3: HellNative ($2.04 in chips) 
Seat 4: Dorex2007 ($4.79 in chips) 
Seat 5: gorille21 ($4.71 in chips) 
Seat 6: tayde310 ($2.13 in chips) 
Seat 7: gloommyrat ($3.07 in chips) 
Seat 8: KRandall12 ($0.80 in chips) 
Seat 9: Teniente60 ($0.60 in chips) 
gorille21: posts small blind $0.01
tayde310: posts big blind $0.02
vini_wontroba: sits out 
*** HOLE CARDS ***
Dealt to Dorex2007 [9s 7c]
gloommyrat: folds 
KRandall12: folds 
Teniente60: folds 
bob4tier: folds 
HellNative: folds 
Dorex2007: folds 
gorille21: calls $0.01
tayde310: checks 
*** FLOP *** [Tc 7h Kd]
gorille21: bets $0.04
tayde310: folds 
Uncalled bet ($0.04) returned to gorille21
gorille21 collected $0.04 from pot
*** SUMMARY ***
Total pot $0.04 | Rake $0 
Board [Tc 7h Kd]
Seat 1: bob4tier folded before Flop (didn't bet)
Seat 3: HellNative folded before Flop (didn't bet)
Seat 4: Dorex2007 (button) folded before Flop (didn't bet)
Seat 5: gorille21 (small blind) collected ($0.04)
Seat 6: tayde310 (big blind) folded on the Flop
Seat 7: gloommyrat folded before Flop (didn't bet)
Seat 8: KRandall12 folded before Flop (didn't bet)
Seat 9: Teniente60 folded before Flop (didn't bet)



PokerStars Hand #237262982796:  Hold'em No Limit ($0.01/$0.02 USD) - 2022/07/09 15:34:01 PT [2022/07/09 18:34:01 ET]
Table 'Cline III' 9-max Seat #5 is the button
Seat 1: bob4tier ($1.46 in chips) 
Seat 3: HellNative ($2.04 in chips) 
Seat 4: Dorex2007 ($4.79 in chips) 
Seat 5: gorille21 ($4.73 in chips) 
Seat 6: tayde310 ($2.11 in chips) 
Seat 7: gloommyrat ($3.07 in chips) 
Seat 8: KRandall12 ($0.80 in chips) 
Seat 9: Teniente60 ($0.60 in chips) 
tayde310: posts small blind $0.01
gloommyrat: posts big blind $0.02
vini_wontroba: sits out 
*** HOLE CARDS ***
Dealt to Dorex2007 [7c 9s]
KRandall12: folds 
Teniente60: folds 
bob4tier: folds 
HellNative: folds 
Dorex2007: folds 
gorille21: calls $0.02
tayde310: calls $0.01
gloommyrat: checks 
*** FLOP *** [As Kh 5c]
tayde310: checks 
gloommyrat: checks 
gorille21: bets $0.03
tayde310: folds 
gloommyrat: calls $0.03
*** TURN *** [As Kh 5c] [Ts]
gloommyrat: checks 
gorille21: bets $0.06
gloommyrat: folds 
Uncalled bet ($0.06) returned to gorille21
gorille21 collected $0.12 from pot
*** SUMMARY ***
Total pot $0.12 | Rake $0 
Board [As Kh 5c Ts]
Seat 1: bob4tier folded before Flop (didn't bet)
Seat 3: HellNative folded before Flop (didn't bet)
Seat 4: Dorex2007 folded before Flop (didn't bet)
Seat 5: gorille21 (button) collected ($0.12)
Seat 6: tayde310 (small blind) folded on the Flop
Seat 7: gloommyrat (big blind) folded on the Turn
Seat 8: KRandall12 folded before Flop (didn't bet)
Seat 9: Teniente60 folded before Flop (didn't bet)



PokerStars Hand #237262999739:  Hold'em No Limit ($0.01/$0.02 USD) - 2022/07/09 15:34:57 PT [2022/07/09 18:34:57 ET]
Table 'Cline III' 9-max Seat #6 is the button
Seat 1: bob4tier ($1.46 in chips) 
Seat 3: HellNative ($2.04 in chips) 
Seat 4: Dorex2007 ($4.79 in chips) 
Seat 5: gorille21 ($4.80 in chips) 
Seat 6: tayde310 ($2.09 in chips) 
Seat 7: gloommyrat ($3.02 in chips) 
Seat 8: KRandall12 ($0.80 in chips) 
Seat 9: Teniente60 ($0.60 in chips) 
gloommyrat: posts small blind $0.01
KRandall12: posts big blind $0.02
vini_wontroba: sits out 
*** HOLE CARDS ***
Dealt to Dorex2007 [8d 4h]
Teniente60: folds 
bob4tier: folds 
HellNative: folds 
Dorex2007: folds 
Teniente60 leaves the table
gorille21: raises $0.06 to $0.08
tayde310: folds 
gloommyrat: folds 
KRandall12: folds 
Uncalled bet ($0.06) returned to gorille21
gorille21 collected $0.05 from pot
*** SUMMARY ***
Total pot $0.05 | Rake $0 
Seat 1: bob4tier folded before Flop (didn't bet)
Seat 3: HellNative folded before Flop (didn't bet)
Seat 4: Dorex2007 folded before Flop (didn't bet)
Seat 5: gorille21 collected ($0.05)
Seat 6: tayde310 (button) folded before Flop (didn't bet)
Seat 7: gloommyrat (small blind) folded before Flop
Seat 8: KRandall12 (big blind) folded before Flop
Seat 9: Teniente60 folded before Flop (didn't bet)



PokerStars Hand #237263004703:  Hold'em No Limit ($0.01/$0.02 USD) - 2022/07/09 15:35:13 PT [2022/07/09 18:35:13 ET]
Table 'Cline III' 9-max Seat #7 is the button
Seat 1: bob4tier ($1.46 in chips) 
Seat 3: HellNative ($2.04 in chips) 
Seat 4: Dorex2007 ($4.79 in chips) 
Seat 5: gorille21 ($4.83 in chips) 
Seat 6: tayde310 ($2.09 in chips) 
Seat 7: gloommyrat ($3.01 in chips) 
Seat 8: KRandall12 ($0.80 in chips) 
KRandall12: posts small blind $0.01
bob4tier: posts big blind $0.02
vini_wontroba: sits out 
*** HOLE CARDS ***
Dealt to Dorex2007 [6d 2s]
HellNative: raises $0.04 to $0.06
Dorex2007: folds 
gorille21: calls $0.06
tayde310: folds 
gloommyrat: folds 
KRandall12: raises $0.74 to $0.80 and is all-in
bob4tier: folds 
Teniente60 joins the table at seat #9 
HellNative: folds 
gorille21: calls $0.74
Teniente60 leaves the table
*** FLOP *** [Jd 6c 7c]
*** TURN *** [Jd 6c 7c] [9d]
*** RIVER *** [Jd 6c 7c 9d] [2d]
*** SHOW DOWN ***
KRandall12: shows [As Kd] (high card Ace)
gorille21: shows [4s Ad] (high card Ace - lower kicker)
KRandall12 collected $1.62 from pot
gorille21 cashed out the hand for $0.43
*** SUMMARY ***
Total pot $1.68 | Rake $0.06 
Board [Jd 6c 7c 9d 2d]
Seat 1: bob4tier (big blind) folded before Flop
Seat 3: HellNative folded before Flop
Seat 4: Dorex2007 folded before Flop (didn't bet)
Seat 5: gorille21 showed [4s Ad] and lost with high card Ace (cashed out).
Seat 6: tayde310 folded before Flop (didn't bet)
Seat 7: gloommyrat (button) folded before Flop (didn't bet)
Seat 8: KRandall12 (small blind) showed [As Kd] and won ($1.62) with high card Ace



PokerStars Hand #237263014794:  Hold'em No Limit ($0.01/$0.02 USD) - 2022/07/09 15:35:46 PT [2022/07/09 18:35:46 ET]
Table 'Cline III' 9-max Seat #8 is the button
Seat 1: bob4tier ($1.44 in chips) 
Seat 2: vini_wontroba ($2 in chips) 
Seat 3: HellNative ($2 in chips) 
Seat 4: Dorex2007 ($4.79 in chips) 
Seat 5: gorille21 ($4.46 in chips) 
Seat 6: tayde310 ($2.09 in chips) 
Seat 7: gloommyrat ($3.01 in chips) 
Seat 8: KRandall12 ($1.62 in chips) 
bob4tier: posts small blind $0.01
vini_wontroba: posts big blind $0.02
*** HOLE CARDS ***
Dealt to Dorex2007 [2s 4s]
HellNative: folds 
Dorex2007: folds 
Teniente60 joins the table at seat #9 
gorille21: calls $0.02
tayde310: folds 
gloommyrat: raises $0.02 to $0.04
KRandall12: calls $0.04
bob4tier: calls $0.03
vini_wontroba: calls $0.02
Teniente60 leaves the table
gorille21: calls $0.02
*** FLOP *** [Qc Ac Kh]
bob4tier: checks 
vini_wontroba: bets $0.09
gorille21: folds 
gloommyrat: calls $0.09
KRandall12: folds 
bob4tier: calls $0.09
*** TURN *** [Qc Ac Kh] [9h]
cubicroot joins the table at seat #9 
bob4tier: checks 
vini_wontroba: bets $0.16
KRandall12 leaves the table
gloommyrat: folds 
bob4tier: calls $0.16
*** RIVER *** [Qc Ac Kh 9h] [9s]
bob4tier: checks 
Bloody1Ace joins the table at seat #8 
vini_wontroba: checks 
*** SHOW DOWN ***
bob4tier: shows [Ts Ah] (two pair, Aces and Nines)
vini_wontroba: shows [Ad 3d] (two pair, Aces and Nines)
bob4tier collected $0.38 from pot
vini_wontroba collected $0.38 from pot
*** SUMMARY ***
Total pot $0.79 | Rake $0.03 
Board [Qc Ac Kh 9h 9s]
Seat 1: bob4tier (small blind) showed [Ts Ah] and won ($0.38) with two pair, Aces and Nines
Seat 2: vini_wontroba (big blind) showed [Ad 3d] and won ($0.38) with two pair, Aces and Nines
Seat 3: HellNative folded before Flop (didn't bet)
Seat 4: Dorex2007 folded before Flop (didn't bet)
Seat 5: gorille21 folded on the Flop
Seat 6: tayde310 folded before Flop (didn't bet)
Seat 7: gloommyrat folded on the Turn
Seat 8: KRandall12 (button) folded on the Flop



PokerStars Hand #237263033188:  Hold'em No Limit ($0.01/$0.02 USD) - 2022/07/09 15:36:47 PT [2022/07/09 18:36:47 ET]
Table 'Cline III' 9-max Seat #1 is the button
Seat 1: bob4tier ($1.53 in chips) 
Seat 2: vini_wontroba ($2.09 in chips) 
Seat 3: HellNative ($2 in chips) 
Seat 4: Dorex2007 ($4.79 in chips) 
Seat 5: gorille21 ($4.42 in chips) 
Seat 6: tayde310 ($2.09 in chips) 
Seat 7: gloommyrat ($2.88 in chips) 
vini_wontroba: posts small blind $0.01
HellNative: posts big blind $0.02
Bloody1Ace: sits out 
cubicroot: sits out 
*** HOLE CARDS ***
Dealt to Dorex2007 [6d As]
Dorex2007: folds 
gorille21: calls $0.02
tayde310: folds 
gloommyrat: folds 
bob4tier: folds 
vini_wontroba: raises $0.06 to $0.08
HellNative: folds 
gorille21: calls $0.06
*** FLOP *** [Ks Js 6h]
vini_wontroba: checks 
gorille21: bets $0.04
vini_wontroba: calls $0.04
*** TURN *** [Ks Js 6h] [Tc]
vini_wontroba: checks 
gorille21: bets $0.04
vini_wontroba: calls $0.04
*** RIVER *** [Ks Js 6h Tc] [Kd]
vini_wontroba: bets $0.16
gorille21: folds 
Uncalled bet ($0.16) returned to vini_wontroba
vini_wontroba collected $0.33 from pot
*** SUMMARY ***
Total pot $0.34 | Rake $0.01 
Board [Ks Js 6h Tc Kd]
Seat 1: bob4tier (button) folded before Flop (didn't bet)
Seat 2: vini_wontroba (small blind) collected ($0.33)
Seat 3: HellNative (big blind) folded before Flop
Seat 4: Dorex2007 folded before Flop (didn't bet)
Seat 5: gorille21 folded on the River
Seat 6: tayde310 folded before Flop (didn't bet)
Seat 7: gloommyrat folded before Flop (didn't bet)



PokerStars Hand #237263047023:  Hold'em No Limit ($0.01/$0.02 USD) - 2022/07/09 15:37:32 PT [2022/07/09 18:37:32 ET]
Table 'Cline III' 9-max Seat #2 is the button
Seat 1: bob4tier ($1.53 in chips) 
Seat 2: vini_wontroba ($2.26 in chips) 
Seat 3: HellNative ($2 in chips) 
Seat 4: Dorex2007 ($4.79 in chips) 
Seat 5: gorille21 ($4.26 in chips) 
Seat 6: tayde310 ($2.09 in chips) 
Seat 7: gloommyrat ($2.88 in chips) 
Seat 8: Bloody1Ace ($1.88 in chips) 
HellNative: posts small blind $0.01
Dorex2007: posts big blind $0.02
Bloody1Ace: posts big blind $0.02
cubicroot: sits out 
*** HOLE CARDS ***
Dealt to Dorex2007 [Qc Kh]
gorille21: raises $0.07 to $0.09
tayde310: folds 
gloommyrat: folds 
Bloody1Ace: calls $0.07
bob4tier: folds 
vini_wontroba: folds 
HellNative: folds 
Dorex2007: folds 
*** FLOP *** [Qs 5s 8s]
gorille21: checks 
Bloody1Ace: checks 
*** TURN *** [Qs 5s 8s] [2s]
gorille21: checks 
Bloody1Ace: bets $0.10
gorille21: calls $0.10
*** RIVER *** [Qs 5s 8s 2s] [3c]
gorille21: checks 
Bloody1Ace: checks 
*** SHOW DOWN ***
gorille21: shows [Js Qh] (a flush, Queen high)
Bloody1Ace: mucks hand 
gorille21 collected $0.40 from pot
*** SUMMARY ***
Total pot $0.41 | Rake $0.01 
Board [Qs 5s 8s 2s 3c]
Seat 1: bob4tier folded before Flop (didn't bet)
Seat 2: vini_wontroba (button) folded before Flop (didn't bet)
Seat 3: HellNative (small blind) folded before Flop
Seat 4: Dorex2007 (big blind) folded before Flop
Seat 5: gorille21 showed [Js Qh] and won ($0.40) with a flush, Queen high
Seat 6: tayde310 folded before Flop (didn't bet)
Seat 7: gloommyrat folded before Flop (didn't bet)
Seat 8: Bloody1Ace mucked [9s Ad]



PokerStars Hand #237263063573:  Hold'em No Limit ($0.01/$0.02 USD) - 2022/07/09 15:38:26 PT [2022/07/09 18:38:26 ET]
Table 'Cline III' 9-max Seat #3 is the button
Seat 1: bob4tier ($1.53 in chips) 
Seat 2: vini_wontroba ($2.26 in chips) 
Seat 3: HellNative ($2 in chips) 
Seat 4: Dorex2007 ($4.77 in chips) 
Seat 5: gorille21 ($4.47 in chips) 
Seat 6: tayde310 ($2.09 in chips) 
Seat 7: gloommyrat ($2.88 in chips) 
Seat 8: Bloody1Ace ($1.69 in chips) 
Dorex2007: posts small blind $0.01
gorille21: posts big blind $0.02
cubicroot: sits out 
*** HOLE CARDS ***
Dealt to Dorex2007 [Kh Qs]
tayde310: folds 
gloommyrat: folds 
Bloody1Ace: folds 
bob4tier: folds 
vini_wontroba: raises $0.04 to $0.06
HellNative: folds 
Dorex2007: folds 
gorille21: folds 
Uncalled bet ($0.04) returned to vini_wontroba
vini_wontroba collected $0.05 from pot
*** SUMMARY ***
Total pot $0.05 | Rake $0 
Seat 1: bob4tier folded before Flop (didn't bet)
Seat 2: vini_wontroba collected ($0.05)
Seat 3: HellNative (button) folded before Flop (didn't bet)
Seat 4: Dorex2007 (small blind) folded before Flop
Seat 5: gorille21 (big blind) folded before Flop
Seat 6: tayde310 folded before Flop (didn't bet)
Seat 7: gloommyrat folded before Flop (didn't bet)
Seat 8: Bloody1Ace folded before Flop (didn't bet)



PokerStars Hand #237263072171:  Hold'em No Limit ($0.01/$0.02 USD) - 2022/07/09 15:38:54 PT [2022/07/09 18:38:54 ET]
Table 'Cline III' 9-max Seat #4 is the button
Seat 1: bob4tier ($1.53 in chips) 
Seat 2: vini_wontroba ($2.29 in chips) 
Seat 3: HellNative ($2 in chips) 
Seat 4: Dorex2007 ($4.76 in chips) 
Seat 5: gorille21 ($4.45 in chips) 
Seat 6: tayde310 ($2.09 in chips) 
Seat 7: gloommyrat ($2.88 in chips) 
Seat 8: Bloody1Ace ($1.69 in chips) 
gorille21: posts small blind $0.01
tayde310: posts big blind $0.02
cubicroot: sits out 
*** HOLE CARDS ***
Dealt to Dorex2007 [Jc Kd]
gloommyrat: raises $0.02 to $0.04
Bloody1Ace: folds 
bob4tier: folds 
vini_wontroba: folds 
HellNative: folds 
Dorex2007: folds 
gorille21: calls $0.03
tayde310: folds 
*** FLOP *** [9c 6c 8h]
gorille21: checks 
gloommyrat: checks 
*** TURN *** [9c 6c 8h] [Js]
gorille21: checks 
gloommyrat: checks 
*** RIVER *** [9c 6c 8h Js] [Td]
gorille21: checks 
gloommyrat: checks 
*** SHOW DOWN ***
gorille21: shows [2d Ks] (high card King)
gloommyrat: mucks hand 
gorille21 collected $0.10 from pot
*** SUMMARY ***
Total pot $0.10 | Rake $0 
Board [9c 6c 8h Js Td]
Seat 1: bob4tier folded before Flop (didn't bet)
Seat 2: vini_wontroba folded before Flop (didn't bet)
Seat 3: HellNative folded before Flop (didn't bet)
Seat 4: Dorex2007 (button) folded before Flop (didn't bet)
Seat 5: gorille21 (small blind) showed [2d Ks] and won ($0.10) with high card King
Seat 6: tayde310 (big blind) folded before Flop
Seat 7: gloommyrat mucked [2s 5s]
Seat 8: Bloody1Ace folded before Flop (didn't bet)



PokerStars Hand #237263083143:  Hold'em No Limit ($0.01/$0.02 USD) - 2022/07/09 15:39:30 PT [2022/07/09 18:39:30 ET]
Table 'Cline III' 9-max Seat #5 is the button
Seat 1: bob4tier ($1.53 in chips) 
Seat 2: vini_wontroba ($2.29 in chips) 
Seat 3: HellNative ($2 in chips) 
Seat 4: Dorex2007 ($4.76 in chips) 
Seat 5: gorille21 ($4.51 in chips) 
Seat 6: tayde310 ($2.07 in chips) 
Seat 7: gloommyrat ($2.84 in chips) 
Seat 8: Bloody1Ace ($1.69 in chips) 
tayde310: posts small blind $0.01
gloommyrat: posts big blind $0.02
cubicroot: sits out 
*** HOLE CARDS ***
Dealt to Dorex2007 [6c 2d]
Bloody1Ace: folds 
bob4tier: folds 
vini_wontroba: raises $0.04 to $0.06
HellNative: raises $0.15 to $0.21
Dorex2007: folds 
gorille21: calls $0.21
tayde310: folds 
gloommyrat: folds 
vini_wontroba: folds 
*** FLOP *** [As 3s 9d]
HellNative: checks 
gorille21: bets $0.16
HellNative: calls $0.16
*** TURN *** [As 3s 9d] [9s]
HellNative: checks 
gorille21: checks 
*** RIVER *** [As 3s 9d 9s] [Js]
HellNative: checks 
gorille21: bets $0.80
HellNative: calls $0.80
*** SHOW DOWN ***
gorille21: shows [8h Qh] (a pair of Nines)
HellNative: shows [Ts Th] (a flush, Ace high)
HellNative collected $2.34 from pot
*** SUMMARY ***
Total pot $2.43 | Rake $0.09 
Board [As 3s 9d 9s Js]
Seat 1: bob4tier folded before Flop (didn't bet)
Seat 2: vini_wontroba folded before Flop
Seat 3: HellNative showed [Ts Th] and won ($2.34) with a flush, Ace high
Seat 4: Dorex2007 folded before Flop (didn't bet)
Seat 5: gorille21 (button) showed [8h Qh] and lost with a pair of Nines
Seat 6: tayde310 (small blind) folded before Flop
Seat 7: gloommyrat (big blind) folded before Flop
Seat 8: Bloody1Ace folded before Flop (didn't bet)



PokerStars Hand #237263101846:  Hold'em No Limit ($0.01/$0.02 USD) - 2022/07/09 15:40:31 PT [2022/07/09 18:40:31 ET]
Table 'Cline III' 9-max Seat #6 is the button
Seat 1: bob4tier ($1.53 in chips) 
Seat 2: vini_wontroba ($2.23 in chips) 
Seat 3: HellNative ($3.17 in chips) 
Seat 4: Dorex2007 ($4.76 in chips) 
Seat 5: gorille21 ($3.34 in chips) 
Seat 6: tayde310 ($2.06 in chips) 
Seat 7: gloommyrat ($2.82 in chips) 
Seat 8: Bloody1Ace ($1.69 in chips) 
gloommyrat: posts small blind $0.01
Bloody1Ace: posts big blind $0.02
cubicroot: sits out 
*** HOLE CARDS ***
Dealt to Dorex2007 [Ks Jh]
bob4tier: folds 
vini_wontroba: folds 
HellNative: folds 
Dorex2007: raises $0.02 to $0.04
gorille21: raises $0.04 to $0.08
tayde310: folds 
gloommyrat: folds 
Bloody1Ace: folds 
Dorex2007: calls $0.04
*** FLOP *** [Th Jc 3c]
Dorex2007: checks 
gorille21: bets $0.09
Dorex2007: raises $0.13 to $0.22
gorille21: calls $0.13
*** TURN *** [Th Jc 3c] [6s]
Dorex2007: checks 
gorille21: checks 
*** RIVER *** [Th Jc 3c 6s] [2s]
Dorex2007: bets $0.30
gorille21: calls $0.30
*** SHOW DOWN ***
Dorex2007: shows [Ks Jh] (a pair of Jacks)
gorille21: mucks hand 
Dorex2007 collected $1.19 from pot
*** SUMMARY ***
Total pot $1.23 | Rake $0.04 
Board [Th Jc 3c 6s 2s]
Seat 1: bob4tier folded before Flop (didn't bet)
Seat 2: vini_wontroba folded before Flop (didn't bet)
Seat 3: HellNative folded before Flop (didn't bet)
Seat 4: Dorex2007 showed [Ks Jh] and won ($1.19) with a pair of Jacks
Seat 5: gorille21 mucked [Qd Js]
Seat 6: tayde310 (button) folded before Flop (didn't bet)
Seat 7: gloommyrat (small blind) folded before Flop
Seat 8: Bloody1Ace (big blind) folded before Flop



PokerStars Hand #237263120982:  Hold'em No Limit ($0.01/$0.02 USD) - 2022/07/09 15:41:35 PT [2022/07/09 18:41:35 ET]
Table 'Cline III' 9-max Seat #7 is the button
Seat 1: bob4tier ($1.53 in chips) 
Seat 2: vini_wontroba ($2.23 in chips) 
Seat 3: HellNative ($3.17 in chips) 
Seat 4: Dorex2007 ($5.35 in chips) 
Seat 5: gorille21 ($2.74 in chips) 
Seat 6: tayde310 ($2.06 in chips) 
Seat 7: gloommyrat ($2.81 in chips) 
Seat 8: Bloody1Ace ($1.67 in chips) 
Seat 9: cubicroot ($2 in chips) 
Bloody1Ace: posts small blind $0.01
cubicroot: posts big blind $0.02
*** HOLE CARDS ***
Dealt to Dorex2007 [2s Tc]
bob4tier: folds 
vini_wontroba: folds 
HellNative: folds 
Dorex2007: folds 
gorille21: calls $0.02
tayde310: folds 
gloommyrat: raises $0.04 to $0.06
Bloody1Ace: folds 
cubicroot: folds 
gorille21: calls $0.04
*** FLOP *** [6d 7d 9s]
gorille21: bets $0.04
gloommyrat: calls $0.04
*** TURN *** [6d 7d 9s] [Kh]
gorille21: checks 
gloommyrat: checks 
*** RIVER *** [6d 7d 9s Kh] [5s]
gorille21: bets $0.04
gloommyrat: folds 
Uncalled bet ($0.04) returned to gorille21
gorille21 collected $0.22 from pot
*** SUMMARY ***
Total pot $0.23 | Rake $0.01 
Board [6d 7d 9s Kh 5s]
Seat 1: bob4tier folded before Flop (didn't bet)
Seat 2: vini_wontroba folded before Flop (didn't bet)
Seat 3: HellNative folded before Flop (didn't bet)
Seat 4: Dorex2007 folded before Flop (didn't bet)
Seat 5: gorille21 collected ($0.22)
Seat 6: tayde310 folded before Flop (didn't bet)
Seat 7: gloommyrat (button) folded on the River
Seat 8: Bloody1Ace (small blind) folded before Flop
Seat 9: cubicroot (big blind) folded before Flop



PokerStars Hand #237263134546:  Hold'em No Limit ($0.01/$0.02 USD) - 2022/07/09 15:42:20 PT [2022/07/09 18:42:20 ET]
Table 'Cline III' 9-max Seat #8 is the button
Seat 1: bob4tier ($1.53 in chips) 
Seat 2: vini_wontroba ($2.23 in chips) 
Seat 3: HellNative ($3.17 in chips) 
Seat 4: Dorex2007 ($5.35 in chips) 
Seat 5: gorille21 ($2.86 in chips) 
Seat 6: tayde310 ($2.06 in chips) 
Seat 7: gloommyrat ($2.71 in chips) 
Seat 8: Bloody1Ace ($1.66 in chips) 
Seat 9: cubicroot ($1.98 in chips) 
cubicroot: posts small blind $0.01
bob4tier: posts big blind $0.02
*** HOLE CARDS ***
Dealt to Dorex2007 [3h 7c]
vini_wontroba: folds 
HellNative: folds 
Dorex2007: folds 
gorille21: calls $0.02
tayde310: folds 
gloommyrat: raises $0.04 to $0.06
Bloody1Ace: calls $0.06
cubicroot: folds 
bob4tier: folds 
gorille21: calls $0.04
*** FLOP *** [5d Jh Jd]
gorille21: checks 
gloommyrat: checks 
Bloody1Ace: checks 
*** TURN *** [5d Jh Jd] [9d]
gorille21: bets $0.04
gloommyrat: calls $0.04
Bloody1Ace: folds 
*** RIVER *** [5d Jh Jd 9d] [Tc]
gorille21: checks 
gloommyrat: checks 
*** SHOW DOWN ***
gorille21: shows [4s 5s] (two pair, Jacks and Fives)
gloommyrat: shows [Td Kh] (two pair, Jacks and Tens)
gloommyrat collected $0.28 from pot
*** SUMMARY ***
Total pot $0.29 | Rake $0.01 
Board [5d Jh Jd 9d Tc]
Seat 1: bob4tier (big blind) folded before Flop
Seat 2: vini_wontroba folded before Flop (didn't bet)
Seat 3: HellNative folded before Flop (didn't bet)
Seat 4: Dorex2007 folded before Flop (didn't bet)
Seat 5: gorille21 showed [4s 5s] and lost with two pair, Jacks and Fives
Seat 6: tayde310 folded before Flop (didn't bet)
Seat 7: gloommyrat showed [Td Kh] and won ($0.28) with two pair, Jacks and Tens
Seat 8: Bloody1Ace (button) folded on the Turn
Seat 9: cubicroot (small blind) folded before Flop



PokerStars Hand #237263155783:  Hold'em No Limit ($0.01/$0.02 USD) - 2022/07/09 15:43:31 PT [2022/07/09 18:43:31 ET]
Table 'Cline III' 9-max Seat #9 is the button
Seat 1: bob4tier ($1.51 in chips) 
Seat 2: vini_wontroba ($2.23 in chips) 
Seat 3: HellNative ($3.17 in chips) 
Seat 4: Dorex2007 ($5.35 in chips) 
Seat 5: gorille21 ($2.76 in chips) 
Seat 6: tayde310 ($2.06 in chips) 
Seat 7: gloommyrat ($2.89 in chips) 
Seat 8: Bloody1Ace ($1.60 in chips) 
Seat 9: cubicroot ($1.97 in chips) 
bob4tier: posts small blind $0.01
vini_wontroba: posts big blind $0.02
*** HOLE CARDS ***
Dealt to Dorex2007 [Td 9s]
HellNative: folds 
Dorex2007: folds 
gorille21: calls $0.02
tayde310: folds 
gloommyrat: folds 
Bloody1Ace: folds 
cubicroot: folds 
bob4tier: calls $0.01
vini_wontroba: checks 
*** FLOP *** [Qs 3h 3s]
bob4tier: bets $0.06
vini_wontroba: folds 
gorille21: folds 
Uncalled bet ($0.06) returned to bob4tier
bob4tier collected $0.06 from pot
*** SUMMARY ***
Total pot $0.06 | Rake $0 
Board [Qs 3h 3s]
Seat 1: bob4tier (small blind) collected ($0.06)
Seat 2: vini_wontroba (big blind) folded on the Flop
Seat 3: HellNative folded before Flop (didn't bet)
Seat 4: Dorex2007 folded before Flop (didn't bet)
Seat 5: gorille21 folded on the Flop
Seat 6: tayde310 folded before Flop (didn't bet)
Seat 7: gloommyrat folded before Flop (didn't bet)
Seat 8: Bloody1Ace folded before Flop (didn't bet)
Seat 9: cubicroot (button) folded before Flop (didn't bet)



PokerStars Hand #237263162190:  Hold'em No Limit ($0.01/$0.02 USD) - 2022/07/09 15:43:52 PT [2022/07/09 18:43:52 ET]
Table 'Cline III' 9-max Seat #1 is the button
Seat 1: bob4tier ($1.55 in chips) 
Seat 2: vini_wontroba ($2.21 in chips) 
Seat 3: HellNative ($3.17 in chips) 
Seat 4: Dorex2007 ($5.35 in chips) 
Seat 5: gorille21 ($2.74 in chips) 
Seat 6: tayde310 ($2.06 in chips) 
Seat 7: gloommyrat ($2.89 in chips) 
Seat 8: Bloody1Ace ($1.60 in chips) 
Seat 9: cubicroot ($1.97 in chips) 
vini_wontroba: posts small blind $0.01
HellNative: posts big blind $0.02
*** HOLE CARDS ***
Dealt to Dorex2007 [7h Qs]
Dorex2007: folds 
gorille21: calls $0.02
tayde310: folds 
gloommyrat: folds 
Bloody1Ace: folds 
cubicroot: folds 
bob4tier: folds 
vini_wontroba: folds 
HellNative: checks 
*** FLOP *** [4s Ah 5c]
HellNative: checks 
gorille21: checks 
*** TURN *** [4s Ah 5c] [7s]
HellNative: checks 
gorille21: checks 
*** RIVER *** [4s Ah 5c 7s] [2s]
HellNative: checks 
gorille21: checks 
*** SHOW DOWN ***
HellNative: shows [Tc 2h] (a pair of Deuces)
gorille21: mucks hand 
HellNative collected $0.05 from pot
*** SUMMARY ***
Total pot $0.05 | Rake $0 
Board [4s Ah 5c 7s 2s]
Seat 1: bob4tier (button) folded before Flop (didn't bet)
Seat 2: vini_wontroba (small blind) folded before Flop
Seat 3: HellNative (big blind) showed [Tc 2h] and won ($0.05) with a pair of Deuces
Seat 4: Dorex2007 folded before Flop (didn't bet)
Seat 5: gorille21 mucked [Qc 9d]
Seat 6: tayde310 folded before Flop (didn't bet)
Seat 7: gloommyrat folded before Flop (didn't bet)
Seat 8: Bloody1Ace folded before Flop (didn't bet)
Seat 9: cubicroot folded before Flop (didn't bet)



PokerStars Hand #237263175338:  Hold'em No Limit ($0.01/$0.02 USD) - 2022/07/09 15:44:36 PT [2022/07/09 18:44:36 ET]
Table 'Cline III' 9-max Seat #2 is the button
Seat 1: bob4tier ($1.55 in chips) 
Seat 2: vini_wontroba ($2.20 in chips) 
Seat 3: HellNative ($3.20 in chips) 
Seat 4: Dorex2007 ($5.35 in chips) 
Seat 5: gorille21 ($2.72 in chips) 
Seat 6: tayde310 ($2.06 in chips) 
Seat 7: gloommyrat ($2.89 in chips) 
Seat 8: Bloody1Ace ($1.60 in chips) 
Seat 9: cubicroot ($1.97 in chips) 
HellNative: posts small blind $0.01
Dorex2007: posts big blind $0.02
*** HOLE CARDS ***
Dealt to Dorex2007 [6s 2h]
gorille21: calls $0.02
tayde310: raises $0.05 to $0.07
gloommyrat: calls $0.07
Bloody1Ace: folds 
cubicroot: folds 
bob4tier: folds 
vini_wontroba: calls $0.07
HellNative: folds 
Dorex2007: folds 
gorille21: calls $0.05
*** FLOP *** [Qh 7d Th]
gorille21: checks 
tayde310: checks 
gloommyrat: checks 
vini_wontroba: checks 
*** TURN *** [Qh 7d Th] [4d]
gorille21: checks 
tayde310: checks 
gloommyrat: bets $0.10
vini_wontroba: folds 
gorille21: folds 
tayde310: calls $0.10
*** RIVER *** [Qh 7d Th 4d] [8d]
tayde310: bets $0.32
gloommyrat: folds 
Uncalled bet ($0.32) returned to tayde310
tayde310 collected $0.49 from pot
*** SUMMARY ***
Total pot $0.51 | Rake $0.02 
Board [Qh 7d Th 4d 8d]
Seat 1: bob4tier folded before Flop (didn't bet)
Seat 2: vini_wontroba (button) folded on the Turn
Seat 3: HellNative (small blind) folded before Flop
Seat 4: Dorex2007 (big blind) folded before Flop
Seat 5: gorille21 folded on the Turn
Seat 6: tayde310 collected ($0.49)
Seat 7: gloommyrat folded on the River
Seat 8: Bloody1Ace folded before Flop (didn't bet)
Seat 9: cubicroot folded before Flop (didn't bet)



PokerStars Hand #237263208444:  Hold'em No Limit ($0.01/$0.02 USD) - 2022/07/09 15:46:26 PT [2022/07/09 18:46:26 ET]
Table 'Cline III' 9-max Seat #3 is the button
Seat 1: bob4tier ($1.55 in chips) 
Seat 2: vini_wontroba ($2.13 in chips) 
Seat 3: HellNative ($3.19 in chips) 
Seat 4: Dorex2007 ($5.33 in chips) 
Seat 5: gorille21 ($2.65 in chips) 
Seat 6: tayde310 ($2.38 in chips) 
Seat 7: gloommyrat ($2.72 in chips) 
Seat 8: Bloody1Ace ($1.60 in chips) 
Seat 9: cubicroot ($1.97 in chips) 
Dorex2007: posts small blind $0.01
gorille21: posts big blind $0.02
*** HOLE CARDS ***
Dealt to Dorex2007 [5h 7c]
tayde310: folds 
gloommyrat: folds 
Bloody1Ace: folds 
cubicroot: raises $0.05 to $0.07
bob4tier: folds 
vini_wontroba: folds 
HellNative: folds 
Dorex2007: folds 
gorille21: calls $0.05
*** FLOP *** [2c 3s Ad]
gorille21: checks 
cubicroot: bets $0.08
gorille21: folds 
Uncalled bet ($0.08) returned to cubicroot
cubicroot collected $0.14 from pot
*** SUMMARY ***
Total pot $0.15 | Rake $0.01 
Board [2c 3s Ad]
Seat 1: bob4tier folded before Flop (didn't bet)
Seat 2: vini_wontroba folded before Flop (didn't bet)
Seat 3: HellNative (button) folded before Flop (didn't bet)
Seat 4: Dorex2007 (small blind) folded before Flop
Seat 5: gorille21 (big blind) folded on the Flop
Seat 6: tayde310 folded before Flop (didn't bet)
Seat 7: gloommyrat folded before Flop (didn't bet)
Seat 8: Bloody1Ace folded before Flop (didn't bet)
Seat 9: cubicroot collected ($0.14)



PokerStars Hand #237263220216:  Hold'em No Limit ($0.01/$0.02 USD) - 2022/07/09 15:46:50 PT [2022/07/09 18:46:50 ET]
Table 'Cline III' 9-max Seat #4 is the button
Seat 1: bob4tier ($1.55 in chips) 
Seat 2: vini_wontroba ($2.13 in chips) 
Seat 3: HellNative ($3.19 in chips) 
Seat 4: Dorex2007 ($5.32 in chips) 
Seat 5: gorille21 ($2.58 in chips) 
Seat 6: tayde310 ($2.38 in chips) 
Seat 7: gloommyrat ($2.72 in chips) 
Seat 8: Bloody1Ace ($1.60 in chips) 
Seat 9: cubicroot ($2.04 in chips) 
gorille21: posts small blind $0.01
tayde310: posts big blind $0.02
*** HOLE CARDS ***
Dealt to Dorex2007 [Tc 7c]
gloommyrat: folds 
Bloody1Ace: calls $0.02
cubicroot: raises $0.04 to $0.06
bob4tier: folds 
vini_wontroba: folds 
HellNative: folds 
Dorex2007: folds 
gorille21: calls $0.05
tayde310: folds 
Bloody1Ace: raises $0.20 to $0.26
cubicroot: calls $0.20
gorille21: calls $0.20
*** FLOP *** [As 3s 5h]
gorille21: checks 
Bloody1Ace: checks 
cubicroot: checks 
*** TURN *** [As 3s 5h] [4h]
gorille21: checks 
Bloody1Ace: bets $0.77
cubicroot: folds 
gorille21: folds 
Uncalled bet ($0.77) returned to Bloody1Ace
Bloody1Ace collected $0.77 from pot
*** SUMMARY ***
Total pot $0.80 | Rake $0.03 
Board [As 3s 5h 4h]
Seat 1: bob4tier folded before Flop (didn't bet)
Seat 2: vini_wontroba folded before Flop (didn't bet)
Seat 3: HellNative folded before Flop (didn't bet)
Seat 4: Dorex2007 (button) folded before Flop (didn't bet)
Seat 5: gorille21 (small blind) folded on the Turn
Seat 6: tayde310 (big blind) folded before Flop
Seat 7: gloommyrat folded before Flop (didn't bet)
Seat 8: Bloody1Ace collected ($0.77)
Seat 9: cubicroot folded on the Turn



PokerStars Hand #237263243575:  Hold'em No Limit ($0.01/$0.02 USD) - 2022/07/09 15:48:08 PT [2022/07/09 18:48:08 ET]
Table 'Cline III' 9-max Seat #5 is the button
Seat 1: bob4tier ($1.55 in chips) 
Seat 2: vini_wontroba ($2.13 in chips) 
Seat 3: HellNative ($3.19 in chips) 
Seat 4: Dorex2007 ($5.32 in chips) 
Seat 5: gorille21 ($2.32 in chips) 
Seat 6: tayde310 ($2.36 in chips) 
Seat 7: gloommyrat ($2.72 in chips) 
Seat 8: Bloody1Ace ($2.11 in chips) 
Seat 9: cubicroot ($1.78 in chips) 
tayde310: posts small blind $0.01
gloommyrat: posts big blind $0.02
*** HOLE CARDS ***
Dealt to Dorex2007 [6s 8h]
Bloody1Ace: raises $0.04 to $0.06
cubicroot: folds 
bob4tier: folds 
vini_wontroba: folds 
HellNative: folds 
Dorex2007: folds 
gorille21: folds 
gorille21 leaves the table
tayde310: folds 
Knobiwahn joins the table at seat #5 
gloommyrat: calls $0.04
*** FLOP *** [6d 7h Ad]
gloommyrat: checks 
Bloody1Ace: checks 
*** TURN *** [6d 7h Ad] [Qc]
gloommyrat: bets $0.06
Bloody1Ace: calls $0.06
*** RIVER *** [6d 7h Ad Qc] [Ks]
gloommyrat: bets $0.16
Bloody1Ace: raises $0.28 to $0.44
gloommyrat: folds 
Uncalled bet ($0.28) returned to Bloody1Ace
Bloody1Ace collected $0.55 from pot
*** SUMMARY ***
Total pot $0.57 | Rake $0.02 
Board [6d 7h Ad Qc Ks]
Seat 1: bob4tier folded before Flop (didn't bet)
Seat 2: vini_wontroba folded before Flop (didn't bet)
Seat 3: HellNative folded before Flop (didn't bet)
Seat 4: Dorex2007 folded before Flop (didn't bet)
Seat 5: gorille21 (button) folded before Flop (didn't bet)
Seat 6: tayde310 (small blind) folded before Flop
Seat 7: gloommyrat (big blind) folded on the River
Seat 8: Bloody1Ace collected ($0.55)
Seat 9: cubicroot folded before Flop (didn't bet)



PokerStars Hand #237263258105:  Hold'em No Limit ($0.01/$0.02 USD) - 2022/07/09 15:48:56 PT [2022/07/09 18:48:56 ET]
Table 'Cline III' 9-max Seat #6 is the button
Seat 1: bob4tier ($1.55 in chips) 
Seat 2: vini_wontroba ($2.13 in chips) 
Seat 3: HellNative ($3.19 in chips) 
Seat 4: Dorex2007 ($5.32 in chips) 
Seat 6: tayde310 ($2.35 in chips) 
Seat 7: gloommyrat ($2.44 in chips) 
Seat 8: Bloody1Ace ($2.38 in chips) 
Seat 9: cubicroot ($1.78 in chips) 
gloommyrat: posts small blind $0.01
Bloody1Ace: posts big blind $0.02
Knobiwahn: sits out 
*** HOLE CARDS ***
Dealt to Dorex2007 [Qc Qs]
cubicroot: folds 
bob4tier: folds 
vini_wontroba: folds 
HellNative: folds 
Dorex2007: raises $0.06 to $0.08
tayde310: folds 
gloommyrat: calls $0.07
Bloody1Ace: raises $0.24 to $0.32
Dorex2007: folds 
gloommyrat: folds 
Uncalled bet ($0.24) returned to Bloody1Ace
Bloody1Ace collected $0.24 from pot
*** SUMMARY ***
Total pot $0.24 | Rake $0 
Seat 1: bob4tier folded before Flop (didn't bet)
Seat 2: vini_wontroba folded before Flop (didn't bet)
Seat 3: HellNative folded before Flop (didn't bet)
Seat 4: Dorex2007 folded before Flop
Seat 6: tayde310 (button) folded before Flop (didn't bet)
Seat 7: gloommyrat (small blind) folded before Flop
Seat 8: Bloody1Ace (big blind) collected ($0.24)
Seat 9: cubicroot folded before Flop (didn't bet)



PokerStars Hand #237263276959:  Hold'em No Limit ($0.01/$0.02 USD) - 2022/07/09 15:49:59 PT [2022/07/09 18:49:59 ET]
Table 'Cline III' 9-max Seat #7 is the button
Seat 1: bob4tier ($1.55 in chips) 
Seat 2: vini_wontroba ($2.13 in chips) 
Seat 3: HellNative ($3.19 in chips) 
Seat 4: Dorex2007 ($5.24 in chips) 
Seat 6: tayde310 ($2.35 in chips) 
Seat 7: gloommyrat ($2.36 in chips) 
Seat 8: Bloody1Ace ($2.54 in chips) 
Seat 9: cubicroot ($1.78 in chips) 
Bloody1Ace: posts small blind $0.01
cubicroot: posts big blind $0.02
Knobiwahn: sits out 
*** HOLE CARDS ***
Dealt to Dorex2007 [6s 5h]
bob4tier: calls $0.02
vini_wontroba: raises $0.06 to $0.08
HellNative: folds 
Dorex2007: folds 
tayde310: folds 
gloommyrat: folds 
Bloody1Ace: folds 
cubicroot: folds 
bob4tier: folds 
Uncalled bet ($0.06) returned to vini_wontroba
vini_wontroba collected $0.07 from pot
*** SUMMARY ***
Total pot $0.07 | Rake $0 
Seat 1: bob4tier folded before Flop
Seat 2: vini_wontroba collected ($0.07)
Seat 3: HellNative folded before Flop (didn't bet)
Seat 4: Dorex2007 folded before Flop (didn't bet)
Seat 6: tayde310 folded before Flop (didn't bet)
Seat 7: gloommyrat (button) folded before Flop (didn't bet)
Seat 8: Bloody1Ace (small blind) folded before Flop
Seat 9: cubicroot (big blind) folded before Flop



PokerStars Hand #237263282865:  Hold'em No Limit ($0.01/$0.02 USD) - 2022/07/09 15:50:19 PT [2022/07/09 18:50:19 ET]
Table 'Cline III' 9-max Seat #8 is the button
Seat 1: bob4tier ($1.53 in chips) 
Seat 2: vini_wontroba ($2.18 in chips) 
Seat 3: HellNative ($3.19 in chips) 
Seat 4: Dorex2007 ($5.24 in chips) 
Seat 6: tayde310 ($2.35 in chips) 
Seat 7: gloommyrat ($2.36 in chips) 
Seat 8: Bloody1Ace ($2.53 in chips) 
Seat 9: cubicroot ($1.76 in chips) 
cubicroot: posts small blind $0.01
bob4tier: posts big blind $0.02
Knobiwahn: sits out 
*** HOLE CARDS ***
Dealt to Dorex2007 [Ah 3h]
vini_wontroba: folds 
HellNative: folds 
Dorex2007: folds 
tayde310: folds 
gloommyrat: folds 
Bloody1Ace: raises $0.05 to $0.07
cubicroot: calls $0.06
bob4tier: calls $0.05
*** FLOP *** [5d 3c 4h]
cubicroot: checks 
bob4tier: checks 
Bloody1Ace: checks 
*** TURN *** [5d 3c 4h] [As]
cubicroot: checks 
bob4tier: checks 
Bloody1Ace: bets $0.06
cubicroot: calls $0.06
bob4tier: folds 
*** RIVER *** [5d 3c 4h As] [Ks]
cubicroot: checks 
Bloody1Ace: checks 
*** SHOW DOWN ***
cubicroot: shows [Ad 6s] (a pair of Aces)
Bloody1Ace: mucks hand 
cubicroot collected $0.32 from pot
*** SUMMARY ***
Total pot $0.33 | Rake $0.01 
Board [5d 3c 4h As Ks]
Seat 1: bob4tier (big blind) folded on the Turn
Seat 2: vini_wontroba folded before Flop (didn't bet)
Seat 3: HellNative folded before Flop (didn't bet)
Seat 4: Dorex2007 folded before Flop (didn't bet)
Seat 6: tayde310 folded before Flop (didn't bet)
Seat 7: gloommyrat folded before Flop (didn't bet)
Seat 8: Bloody1Ace (button) mucked [8h Ts]
Seat 9: cubicroot (small blind) showed [Ad 6s] and won ($0.32) with a pair of Aces



PokerStars Hand #237263299097:  Hold'em No Limit ($0.01/$0.02 USD) - 2022/07/09 15:51:14 PT [2022/07/09 18:51:14 ET]
Table 'Cline III' 9-max Seat #9 is the button
Seat 1: bob4tier ($1.46 in chips) 
Seat 2: vini_wontroba ($2.18 in chips) 
Seat 3: HellNative ($3.19 in chips) 
Seat 4: Dorex2007 ($5.24 in chips) 
Seat 6: tayde310 ($2.35 in chips) 
Seat 7: gloommyrat ($2.36 in chips) 
Seat 8: Bloody1Ace ($2.40 in chips) 
Seat 9: cubicroot ($1.95 in chips) 
bob4tier: posts small blind $0.01
vini_wontroba: posts big blind $0.02
Knobiwahn: sits out 
*** HOLE CARDS ***
Dealt to Dorex2007 [6d Kd]
HellNative: folds 
Dorex2007: folds 
tayde310: folds 
gloommyrat: raises $0.02 to $0.04
Bloody1Ace: raises $0.11 to $0.15
cubicroot: folds 
bob4tier: folds 
vini_wontroba: folds 
gloommyrat: calls $0.11
*** FLOP *** [7h Qd 2c]
gloommyrat: checks 
Bloody1Ace: checks 
*** TURN *** [7h Qd 2c] [Kc]
gloommyrat: checks 
Bloody1Ace: checks 
*** RIVER *** [7h Qd 2c Kc] [6h]
gloommyrat: bets $0.16
Bloody1Ace: folds 
Uncalled bet ($0.16) returned to gloommyrat
gloommyrat collected $0.32 from pot
*** SUMMARY ***
Total pot $0.33 | Rake $0.01 
Board [7h Qd 2c Kc 6h]
Seat 1: bob4tier (small blind) folded before Flop
Seat 2: vini_wontroba (big blind) folded before Flop
Seat 3: HellNative folded before Flop (didn't bet)
Seat 4: Dorex2007 folded before Flop (didn't bet)
Seat 6: tayde310 folded before Flop (didn't bet)
Seat 7: gloommyrat collected ($0.32)
Seat 8: Bloody1Ace folded on the River
Seat 9: cubicroot (button) folded before Flop (didn't bet)



PokerStars Hand #237263320868:  Hold'em No Limit ($0.01/$0.02 USD) - 2022/07/09 15:52:27 PT [2022/07/09 18:52:27 ET]
Table 'Cline III' 9-max Seat #1 is the button
Seat 1: bob4tier ($1.45 in chips) 
Seat 2: vini_wontroba ($2.16 in chips) 
Seat 3: HellNative ($3.19 in chips) 
Seat 4: Dorex2007 ($5.24 in chips) 
Seat 6: tayde310 ($2.35 in chips) 
Seat 7: gloommyrat ($2.53 in chips) 
Seat 8: Bloody1Ace ($2.25 in chips) 
Seat 9: cubicroot ($1.95 in chips) 
vini_wontroba: posts small blind $0.01
HellNative: posts big blind $0.02
Knobiwahn: sits out 
*** HOLE CARDS ***
Dealt to Dorex2007 [8d 9s]
Dorex2007: folds 
tayde310: raises $0.03 to $0.05
gloommyrat: calls $0.05
Bloody1Ace: folds 
cubicroot: folds 
bob4tier: folds 
vini_wontroba: folds 
HellNative: folds 
*** FLOP *** [6s Qs 6c]
tayde310: bets $0.04
gloommyrat: calls $0.04
*** TURN *** [6s Qs 6c] [Jd]
tayde310: bets $0.13
gloommyrat: calls $0.13
*** RIVER *** [6s Qs 6c Jd] [Td]
tayde310: checks 
gloommyrat: bets $0.24
tayde310: raises $0.48 to $0.72
gloommyrat: folds 
Uncalled bet ($0.48) returned to tayde310
tayde310 collected $0.92 from pot
*** SUMMARY ***
Total pot $0.95 | Rake $0.03 
Board [6s Qs 6c Jd Td]
Seat 1: bob4tier (button) folded before Flop (didn't bet)
Seat 2: vini_wontroba (small blind) folded before Flop
Seat 3: HellNative (big blind) folded before Flop
Seat 4: Dorex2007 folded before Flop (didn't bet)
Seat 6: tayde310 collected ($0.92)
Seat 7: gloommyrat folded on the River
Seat 8: Bloody1Ace folded before Flop (didn't bet)
Seat 9: cubicroot folded before Flop (didn't bet)



PokerStars Hand #237263350862:  Hold'em No Limit ($0.01/$0.02 USD) - 2022/07/09 15:54:09 PT [2022/07/09 18:54:09 ET]
Table 'Cline III' 9-max Seat #2 is the button
Seat 1: bob4tier ($1.45 in chips) 
Seat 2: vini_wontroba ($2.15 in chips) 
Seat 3: HellNative ($3.17 in chips) 
Seat 4: Dorex2007 ($5.24 in chips) 
Seat 6: tayde310 ($2.81 in chips) 
Seat 7: gloommyrat ($2.07 in chips) 
Seat 8: Bloody1Ace ($2.25 in chips) 
Seat 9: cubicroot ($1.95 in chips) 
HellNative: posts small blind $0.01
Dorex2007: posts big blind $0.02
Knobiwahn: sits out 
*** HOLE CARDS ***
Dealt to Dorex2007 [6h Th]
tayde310: folds 
gloommyrat: folds 
Bloody1Ace: raises $0.05 to $0.07
cubicroot: folds 
bob4tier: folds 
vini_wontroba: folds 
HellNative: folds 
Dorex2007: folds 
Uncalled bet ($0.05) returned to Bloody1Ace
Bloody1Ace collected $0.05 from pot
*** SUMMARY ***
Total pot $0.05 | Rake $0 
Seat 1: bob4tier folded before Flop (didn't bet)
Seat 2: vini_wontroba (button) folded before Flop (didn't bet)
Seat 3: HellNative (small blind) folded before Flop
Seat 4: Dorex2007 (big blind) folded before Flop
Seat 6: tayde310 folded before Flop (didn't bet)
Seat 7: gloommyrat folded before Flop (didn't bet)
Seat 8: Bloody1Ace collected ($0.05)
Seat 9: cubicroot folded before Flop (didn't bet)



PokerStars Hand #237263355459:  Hold'em No Limit ($0.01/$0.02 USD) - 2022/07/09 15:54:24 PT [2022/07/09 18:54:24 ET]
Table 'Cline III' 9-max Seat #3 is the button
Seat 1: bob4tier ($1.45 in chips) 
Seat 2: vini_wontroba ($2.15 in chips) 
Seat 3: HellNative ($3.16 in chips) 
Seat 4: Dorex2007 ($5.22 in chips) 
Seat 5: Knobiwahn ($2 in chips) 
Seat 6: tayde310 ($2.81 in chips) 
Seat 7: gloommyrat ($2.07 in chips) 
Seat 8: Bloody1Ace ($2.28 in chips) 
Seat 9: cubicroot ($1.95 in chips) 
Dorex2007: posts small blind $0.01
Knobiwahn: posts big blind $0.02
*** HOLE CARDS ***
Dealt to Dorex2007 [Ts 2h]
tayde310: folds 
gloommyrat: folds 
Bloody1Ace: folds 
cubicroot: folds 
bob4tier: raises $0.06 to $0.08
vini_wontroba: folds 
HellNative: folds 
Dorex2007: folds 
Knobiwahn: folds 
Uncalled bet ($0.06) returned to bob4tier
bob4tier collected $0.05 from pot
*** SUMMARY ***
Total pot $0.05 | Rake $0 
Seat 1: bob4tier collected ($0.05)
Seat 2: vini_wontroba folded before Flop (didn't bet)
Seat 3: HellNative (button) folded before Flop (didn't bet)
Seat 4: Dorex2007 (small blind) folded before Flop
Seat 5: Knobiwahn (big blind) folded before Flop
Seat 6: tayde310 folded before Flop (didn't bet)
Seat 7: gloommyrat folded before Flop (didn't bet)
Seat 8: Bloody1Ace folded before Flop (didn't bet)
Seat 9: cubicroot folded before Flop (didn't bet)



PokerStars Hand #237263360874:  Hold'em No Limit ($0.01/$0.02 USD) - 2022/07/09 15:54:43 PT [2022/07/09 18:54:43 ET]
Table 'Cline III' 9-max Seat #4 is the button
Seat 1: bob4tier ($1.48 in chips) 
Seat 2: vini_wontroba ($2.15 in chips) 
Seat 3: HellNative ($3.16 in chips) 
Seat 4: Dorex2007 ($5.21 in chips) 
Seat 5: Knobiwahn ($2 in chips) 
Seat 6: tayde310 ($2.81 in chips) 
Seat 7: gloommyrat ($2.07 in chips) 
Seat 8: Bloody1Ace ($2.28 in chips) 
Seat 9: cubicroot ($1.95 in chips) 
Knobiwahn: posts small blind $0.01
tayde310: posts big blind $0.02
*** HOLE CARDS ***
Dealt to Dorex2007 [8h Jh]
gloommyrat: folds 
Bloody1Ace: folds 
cubicroot: folds 
bob4tier: folds 
vini_wontroba: raises $0.04 to $0.06
HellNative: folds 
Dorex2007: folds 
Knobiwahn: folds 
tayde310: folds 
Uncalled bet ($0.04) returned to vini_wontroba
vini_wontroba collected $0.05 from pot
*** SUMMARY ***
Total pot $0.05 | Rake $0 
Seat 1: bob4tier folded before Flop (didn't bet)
Seat 2: vini_wontroba collected ($0.05)
Seat 3: HellNative folded before Flop (didn't bet)
Seat 4: Dorex2007 (button) folded before Flop (didn't bet)
Seat 5: Knobiwahn (small blind) folded before Flop
Seat 6: tayde310 (big blind) folded before Flop
Seat 7: gloommyrat folded before Flop (didn't bet)
Seat 8: Bloody1Ace folded before Flop (didn't bet)
Seat 9: cubicroot folded before Flop (didn't bet)



PokerStars Hand #237263368819:  Hold'em No Limit ($0.01/$0.02 USD) - 2022/07/09 15:55:12 PT [2022/07/09 18:55:12 ET]
Table 'Cline III' 9-max Seat #5 is the button
Seat 1: bob4tier ($1.48 in chips) 
Seat 2: vini_wontroba ($2.18 in chips) 
Seat 3: HellNative ($3.16 in chips) 
Seat 4: Dorex2007 ($5.21 in chips) 
Seat 5: Knobiwahn ($2 in chips) 
Seat 6: tayde310 ($2.79 in chips) 
Seat 7: gloommyrat ($2.07 in chips) 
Seat 8: Bloody1Ace ($2.28 in chips) 
Seat 9: cubicroot ($1.95 in chips) 
tayde310: posts small blind $0.01
gloommyrat: posts big blind $0.02
*** HOLE CARDS ***
Dealt to Dorex2007 [4d 9s]
Bloody1Ace: folds 
cubicroot: calls $0.02
bob4tier: folds 
vini_wontroba: raises $0.06 to $0.08
HellNative: folds 
Dorex2007: folds 
Knobiwahn: folds 
tayde310: folds 
gloommyrat is disconnected 
gloommyrat has timed out while disconnected
gloommyrat: folds 
cubicroot: calls $0.06
*** FLOP *** [Ad 6d As]
cubicroot: checks 
vini_wontroba: checks 
*** TURN *** [Ad 6d As] [4s]
cubicroot: checks 
vini_wontroba: checks 
*** RIVER *** [Ad 6d As 4s] [Qd]
cubicroot: checks 
vini_wontroba: bets $0.12
cubicroot: folds 
Uncalled bet ($0.12) returned to vini_wontroba
vini_wontroba collected $0.18 from pot
*** SUMMARY ***
Total pot $0.19 | Rake $0.01 
Board [Ad 6d As 4s Qd]
Seat 1: bob4tier folded before Flop (didn't bet)
Seat 2: vini_wontroba collected ($0.18)
Seat 3: HellNative folded before Flop (didn't bet)
Seat 4: Dorex2007 folded before Flop (didn't bet)
Seat 5: Knobiwahn (button) folded before Flop (didn't bet)
Seat 6: tayde310 (small blind) folded before Flop
Seat 7: gloommyrat (big blind) folded before Flop
Seat 8: Bloody1Ace folded before Flop (didn't bet)
Seat 9: cubicroot folded on the River



PokerStars Hand #237263392679:  Hold'em No Limit ($0.01/$0.02 USD) - 2022/07/09 15:56:55 PT [2022/07/09 18:56:55 ET]
Table 'Cline III' 9-max Seat #6 is the button
Seat 1: bob4tier ($1.48 in chips) 
Seat 2: vini_wontroba ($2.28 in chips) 
Seat 3: HellNative ($3.16 in chips) 
Seat 4: Dorex2007 ($5.21 in chips) 
Seat 5: Knobiwahn ($2 in chips) 
Seat 6: tayde310 ($2.78 in chips) 
Seat 7: gloommyrat ($2.05 in chips) 
Seat 8: Bloody1Ace ($2.28 in chips) 
Seat 9: cubicroot ($1.87 in chips) 
gloommyrat: posts small blind $0.01
Bloody1Ace: posts big blind $0.02
*** HOLE CARDS ***
Dealt to Dorex2007 [Ad Kc]
cubicroot: folds 
bob4tier: folds 
vini_wontroba: raises $0.04 to $0.06
HellNative: folds 
Dorex2007: calls $0.06
Knobiwahn: folds 
tayde310: folds 
gloommyrat: folds 
Bloody1Ace: folds 
*** FLOP *** [Jd 6d 5s]
vini_wontroba: bets $0.09
Dorex2007: folds 
Uncalled bet ($0.09) returned to vini_wontroba
vini_wontroba collected $0.14 from pot
*** SUMMARY ***
Total pot $0.15 | Rake $0.01 
Board [Jd 6d 5s]
Seat 1: bob4tier folded before Flop (didn't bet)
Seat 2: vini_wontroba collected ($0.14)
Seat 3: HellNative folded before Flop (didn't bet)
Seat 4: Dorex2007 folded on the Flop
Seat 5: Knobiwahn folded before Flop (didn't bet)
Seat 6: tayde310 (button) folded before Flop (didn't bet)
Seat 7: gloommyrat (small blind) folded before Flop
Seat 8: Bloody1Ace (big blind) folded before Flop
Seat 9: cubicroot folded before Flop (didn't bet)



PokerStars Hand #237263399280:  Hold'em No Limit ($0.01/$0.02 USD) - 2022/07/09 15:57:23 PT [2022/07/09 18:57:23 ET]
Table 'Cline III' 9-max Seat #7 is the button
Seat 1: bob4tier ($1.48 in chips) 
Seat 2: vini_wontroba ($2.36 in chips) 
Seat 3: HellNative ($3.16 in chips) 
Seat 4: Dorex2007 ($5.15 in chips) 
Seat 5: Knobiwahn ($2 in chips) 
Seat 6: tayde310 ($2.78 in chips) 
Seat 7: gloommyrat ($2.04 in chips) 
Seat 8: Bloody1Ace ($2.26 in chips) 
Seat 9: cubicroot ($1.87 in chips) 
Bloody1Ace: posts small blind $0.01
cubicroot: posts big blind $0.02
*** HOLE CARDS ***
Dealt to Dorex2007 [4h 8h]
bob4tier: raises $0.02 to $0.04
vini_wontroba: folds 
HellNative: folds 
Dorex2007: folds 
Knobiwahn: folds 
tayde310: folds 
gloommyrat: folds 
Bloody1Ace: folds 
cubicroot: calls $0.02
*** FLOP *** [4c Tc Ts]
cubicroot has timed out
cubicroot: checks 
bob4tier: checks 
*** TURN *** [4c Tc Ts] [Qh]
cubicroot: checks 
bob4tier: checks 
*** RIVER *** [4c Tc Ts Qh] [3s]
cubicroot: checks 
bob4tier: checks 
*** SHOW DOWN ***
cubicroot: shows [Ks 6h] (a pair of Tens)
bob4tier: shows [Jc Ad] (a pair of Tens - Ace kicker)
bob4tier collected $0.09 from pot
*** SUMMARY ***
Total pot $0.09 | Rake $0 
Board [4c Tc Ts Qh 3s]
Seat 1: bob4tier showed [Jc Ad] and won ($0.09) with a pair of Tens
Seat 2: vini_wontroba folded before Flop (didn't bet)
Seat 3: HellNative folded before Flop (didn't bet)
Seat 4: Dorex2007 folded before Flop (didn't bet)
Seat 5: Knobiwahn folded before Flop (didn't bet)
Seat 6: tayde310 folded before Flop (didn't bet)
Seat 7: gloommyrat (button) folded before Flop (didn't bet)
Seat 8: Bloody1Ace (small blind) folded before Flop
Seat 9: cubicroot (big blind) showed [Ks 6h] and lost with a pair of Tens



PokerStars Hand #237263415767:  Hold'em No Limit ($0.01/$0.02 USD) - 2022/07/09 15:58:33 PT [2022/07/09 18:58:33 ET]
Table 'Cline III' 9-max Seat #8 is the button
Seat 1: bob4tier ($1.53 in chips) 
Seat 2: vini_wontroba ($2.36 in chips) 
Seat 3: HellNative ($3.16 in chips) 
Seat 4: Dorex2007 ($5.15 in chips) 
Seat 5: Knobiwahn ($2 in chips) 
Seat 6: tayde310 ($2.78 in chips) 
Seat 7: gloommyrat ($2.04 in chips) 
Seat 8: Bloody1Ace ($2.25 in chips) 
Seat 9: cubicroot ($1.83 in chips) 
cubicroot: posts small blind $0.01
bob4tier: posts big blind $0.02
*** HOLE CARDS ***
Dealt to Dorex2007 [9c Ks]
vini_wontroba: folds 
HellNative: folds 
Dorex2007: folds 
Knobiwahn: folds 
tayde310: folds 
gloommyrat: raises $0.04 to $0.06
Bloody1Ace: calls $0.06
cubicroot: calls $0.05
bob4tier: folds 
*** FLOP *** [2h 8c 5d]
cubicroot: checks 
gloommyrat: checks 
Bloody1Ace: bets $0.19
cubicroot: folds 
gloommyrat: calls $0.19
*** TURN *** [2h 8c 5d] [Kh]
gloommyrat: checks 
Bloody1Ace: checks 
*** RIVER *** [2h 8c 5d Kh] [4s]
gloommyrat: checks 
Bloody1Ace: bets $0.56
gloommyrat: folds 
Uncalled bet ($0.56) returned to Bloody1Ace
Bloody1Ace collected $0.56 from pot
*** SUMMARY ***
Total pot $0.58 | Rake $0.02 
Board [2h 8c 5d Kh 4s]
Seat 1: bob4tier (big blind) folded before Flop
Seat 2: vini_wontroba folded before Flop (didn't bet)
Seat 3: HellNative folded before Flop (didn't bet)
Seat 4: Dorex2007 folded before Flop (didn't bet)
Seat 5: Knobiwahn folded before Flop (didn't bet)
Seat 6: tayde310 folded before Flop (didn't bet)
Seat 7: gloommyrat folded on the River
Seat 8: Bloody1Ace (button) collected ($0.56)
Seat 9: cubicroot (small blind) folded on the Flop



PokerStars Hand #237263430702:  Hold'em No Limit ($0.01/$0.02 USD) - 2022/07/09 15:59:35 PT [2022/07/09 18:59:35 ET]
Table 'Cline III' 9-max Seat #9 is the button
Seat 1: bob4tier ($1.51 in chips) 
Seat 2: vini_wontroba ($2.36 in chips) 
Seat 3: HellNative ($3.16 in chips) 
Seat 4: Dorex2007 ($5.15 in chips) 
Seat 5: Knobiwahn ($2 in chips) 
Seat 6: tayde310 ($2.78 in chips) 
Seat 7: gloommyrat ($2 in chips) 
Seat 8: Bloody1Ace ($2.56 in chips) 
Seat 9: cubicroot ($1.77 in chips) 
bob4tier: posts small blind $0.01
vini_wontroba: posts big blind $0.02
*** HOLE CARDS ***
Dealt to Dorex2007 [Ac 3s]
HellNative: folds 
Dorex2007: folds 
Knobiwahn: folds 
tayde310: folds 
gloommyrat: folds 
Bloody1Ace: folds 
cubicroot: folds 
bob4tier: calls $0.01
vini_wontroba: checks 
*** FLOP *** [4c 9h 8h]
bob4tier: bets $0.04
vini_wontroba: folds 
Uncalled bet ($0.04) returned to bob4tier
bob4tier collected $0.04 from pot
*** SUMMARY ***
Total pot $0.04 | Rake $0 
Board [4c 9h 8h]
Seat 1: bob4tier (small blind) collected ($0.04)
Seat 2: vini_wontroba (big blind) folded on the Flop
Seat 3: HellNative folded before Flop (didn't bet)
Seat 4: Dorex2007 folded before Flop (didn't bet)
Seat 5: Knobiwahn folded before Flop (didn't bet)
Seat 6: tayde310 folded before Flop (didn't bet)
Seat 7: gloommyrat folded before Flop (didn't bet)
Seat 8: Bloody1Ace folded before Flop (didn't bet)
Seat 9: cubicroot (button) folded before Flop (didn't bet)



PokerStars Hand #237263436900:  Hold'em No Limit ($0.01/$0.02 USD) - 2022/07/09 16:00:01 PT [2022/07/09 19:00:01 ET]
Table 'Cline III' 9-max Seat #1 is the button
Seat 1: bob4tier ($1.53 in chips) 
Seat 2: vini_wontroba ($2.34 in chips) 
Seat 3: HellNative ($3.16 in chips) 
Seat 4: Dorex2007 ($5.15 in chips) 
Seat 5: Knobiwahn ($2 in chips) 
Seat 6: tayde310 ($2.78 in chips) 
Seat 7: gloommyrat ($2 in chips) 
Seat 8: Bloody1Ace ($2.56 in chips) 
Seat 9: cubicroot ($1.77 in chips) 
vini_wontroba: posts small blind $0.01
HellNative: posts big blind $0.02
*** HOLE CARDS ***
Dealt to Dorex2007 [5s Kc]
Dorex2007 has timed out
Dorex2007: folds 
Knobiwahn: folds 
tayde310: folds 
gloommyrat: folds 
Bloody1Ace: folds 
cubicroot: calls $0.02
bob4tier: folds 
vini_wontroba: folds 
HellNative: checks 
*** FLOP *** [7h As 2h]
HellNative: checks 
cubicroot: checks 
*** TURN *** [7h As 2h] [3h]
HellNative: bets $0.04
cubicroot: calls $0.04
*** RIVER *** [7h As 2h 3h] [5d]
HellNative: checks 
cubicroot: bets $0.13
HellNative: calls $0.13
*** SHOW DOWN ***
cubicroot: shows [5h Ac] (two pair, Aces and Fives)
HellNative: shows [Ad 5c] (two pair, Aces and Fives)
HellNative collected $0.19 from pot
cubicroot collected $0.19 from pot
*** SUMMARY ***
Total pot $0.39 | Rake $0.01 
Board [7h As 2h 3h 5d]
Seat 1: bob4tier (button) folded before Flop (didn't bet)
Seat 2: vini_wontroba (small blind) folded before Flop
Seat 3: HellNative (big blind) showed [Ad 5c] and won ($0.19) with two pair, Aces and Fives
Seat 4: Dorex2007 folded before Flop (didn't bet)
Seat 5: Knobiwahn folded before Flop (didn't bet)
Seat 6: tayde310 folded before Flop (didn't bet)
Seat 7: gloommyrat folded before Flop (didn't bet)
Seat 8: Bloody1Ace folded before Flop (didn't bet)
Seat 9: cubicroot showed [5h Ac] and won ($0.19) with two pair, Aces and Fives



PokerStars Hand #237263450052:  Hold'em No Limit ($0.01/$0.02 USD) - 2022/07/09 16:00:53 PT [2022/07/09 19:00:53 ET]
Table 'Cline III' 9-max Seat #2 is the button
Seat 1: bob4tier ($1.53 in chips) 
Seat 2: vini_wontroba ($2.33 in chips) 
Seat 3: HellNative ($3.16 in chips) 
Seat 4: Dorex2007 ($5.15 in chips) 
Seat 5: Knobiwahn ($2 in chips) 
Seat 6: tayde310 ($2.78 in chips) 
Seat 7: gloommyrat ($2 in chips) 
Seat 8: Bloody1Ace ($2.56 in chips) 
Seat 9: cubicroot ($1.77 in chips) 
HellNative: posts small blind $0.01
Dorex2007: posts big blind $0.02
*** HOLE CARDS ***
Dealt to Dorex2007 [Qs 7s]
Knobiwahn: folds 
tayde310: folds 
gloommyrat: folds 
Bloody1Ace: raises $0.04 to $0.06
cubicroot: folds 
bob4tier: folds 
vini_wontroba: folds 
HellNative: folds 
Dorex2007: folds 
Uncalled bet ($0.04) returned to Bloody1Ace
Bloody1Ace collected $0.05 from pot
*** SUMMARY ***
Total pot $0.05 | Rake $0 
Seat 1: bob4tier folded before Flop (didn't bet)
Seat 2: vini_wontroba (button) folded before Flop (didn't bet)
Seat 3: HellNative (small blind) folded before Flop
Seat 4: Dorex2007 (big blind) folded before Flop
Seat 5: Knobiwahn folded before Flop (didn't bet)
Seat 6: tayde310 folded before Flop (didn't bet)
Seat 7: gloommyrat folded before Flop (didn't bet)
Seat 8: Bloody1Ace collected ($0.05)
Seat 9: cubicroot folded before Flop (didn't bet)



PokerStars Hand #237263456220:  Hold'em No Limit ($0.01/$0.02 USD) - 2022/07/09 16:01:15 PT [2022/07/09 19:01:15 ET]
Table 'Cline III' 9-max Seat #3 is the button
Seat 1: bob4tier ($1.53 in chips) 
Seat 2: vini_wontroba ($2.33 in chips) 
Seat 3: HellNative ($3.15 in chips) 
Seat 4: Dorex2007 ($5.13 in chips) 
Seat 5: Knobiwahn ($2 in chips) 
Seat 6: tayde310 ($2.78 in chips) 
Seat 7: gloommyrat ($2 in chips) 
Seat 8: Bloody1Ace ($2.59 in chips) 
Seat 9: cubicroot ($1.77 in chips) 
Dorex2007: posts small blind $0.01
Knobiwahn: posts big blind $0.02
*** HOLE CARDS ***
Dealt to Dorex2007 [8h 9s]
tayde310: folds 
gloommyrat: raises $0.02 to $0.04
Bloody1Ace: folds 
cubicroot: folds 
bob4tier: folds 
vini_wontroba: folds 
HellNative: folds 
Dorex2007: folds 
Knobiwahn: calls $0.02
*** FLOP *** [Qs 7s 3s]
Knobiwahn: bets $0.08
gloommyrat: calls $0.08
*** TURN *** [Qs 7s 3s] [Jc]
Knobiwahn: bets $0.19
gloommyrat: raises $0.21 to $0.40
Knobiwahn: calls $0.21
*** RIVER *** [Qs 7s 3s Jc] [6c]
Knobiwahn: checks 
gloommyrat: bets $0.72
Knobiwahn: folds 
Uncalled bet ($0.72) returned to gloommyrat
gloommyrat collected $1.01 from pot
*** SUMMARY ***
Total pot $1.05 | Rake $0.04 
Board [Qs 7s 3s Jc 6c]
Seat 1: bob4tier folded before Flop (didn't bet)
Seat 2: vini_wontroba folded before Flop (didn't bet)
Seat 3: HellNative (button) folded before Flop (didn't bet)
Seat 4: Dorex2007 (small blind) folded before Flop
Seat 5: Knobiwahn (big blind) folded on the River
Seat 6: tayde310 folded before Flop (didn't bet)
Seat 7: gloommyrat collected ($1.01)
Seat 8: Bloody1Ace folded before Flop (didn't bet)
Seat 9: cubicroot folded before Flop (didn't bet)



PokerStars Hand #237263486108:  Hold'em No Limit ($0.01/$0.02 USD) - 2022/07/09 16:02:58 PT [2022/07/09 19:02:58 ET]
Table 'Cline III' 9-max Seat #4 is the button
Seat 1: bob4tier ($1.53 in chips) 
Seat 2: vini_wontroba ($2.33 in chips) 
Seat 3: HellNative ($3.15 in chips) 
Seat 4: Dorex2007 ($5.12 in chips) 
Seat 5: Knobiwahn ($2 in chips) 
Seat 6: tayde310 ($2.78 in chips) 
Seat 7: gloommyrat ($2.49 in chips) 
Seat 8: Bloody1Ace ($2.59 in chips) 
Seat 9: cubicroot ($1.77 in chips) 
Knobiwahn: posts small blind $0.01
tayde310: posts big blind $0.02
*** HOLE CARDS ***
Dealt to Dorex2007 [5c 6d]
gloommyrat: folds 
Bloody1Ace: raises $0.05 to $0.07
cubicroot: folds 
bob4tier: folds 
vini_wontroba: folds 
HellNative: folds 
Dorex2007: folds 
Knobiwahn: folds 
tayde310: folds 
Uncalled bet ($0.05) returned to Bloody1Ace
Bloody1Ace collected $0.05 from pot
*** SUMMARY ***
Total pot $0.05 | Rake $0 
Seat 1: bob4tier folded before Flop (didn't bet)
Seat 2: vini_wontroba folded before Flop (didn't bet)
Seat 3: HellNative folded before Flop (didn't bet)
Seat 4: Dorex2007 (button) folded before Flop (didn't bet)
Seat 5: Knobiwahn (small blind) folded before Flop
Seat 6: tayde310 (big blind) folded before Flop
Seat 7: gloommyrat folded before Flop (didn't bet)
Seat 8: Bloody1Ace collected ($0.05)
Seat 9: cubicroot folded before Flop (didn't bet)



PokerStars Hand #237263493972:  Hold'em No Limit ($0.01/$0.02 USD) - 2022/07/09 16:03:25 PT [2022/07/09 19:03:25 ET]
Table 'Cline III' 9-max Seat #5 is the button
Seat 1: bob4tier ($1.53 in chips) 
Seat 2: vini_wontroba ($2.33 in chips) 
Seat 3: HellNative ($3.15 in chips) 
Seat 4: Dorex2007 ($5.12 in chips) 
Seat 5: Knobiwahn ($2 in chips) 
Seat 6: tayde310 ($2.76 in chips) 
Seat 7: gloommyrat ($2.49 in chips) 
Seat 8: Bloody1Ace ($2.62 in chips) 
Seat 9: cubicroot ($1.77 in chips) 
tayde310: posts small blind $0.01
gloommyrat: posts big blind $0.02
*** HOLE CARDS ***
Dealt to Dorex2007 [Jc 9h]
Bloody1Ace: calls $0.02
cubicroot: folds 
bob4tier: folds 
vini_wontroba: folds 
HellNative: raises $0.06 to $0.08
Dorex2007: folds 
Knobiwahn: folds 
tayde310: folds 
gloommyrat: folds 
Bloody1Ace: calls $0.06
*** FLOP *** [Td Kh 7s]
Bloody1Ace: checks 
HellNative: bets $0.11
Bloody1Ace: calls $0.11
*** TURN *** [Td Kh 7s] [Ac]
Bloody1Ace: checks 
HellNative: checks 
*** RIVER *** [Td Kh 7s Ac] [Qs]
Bloody1Ace: bets $0.20
HellNative: folds 
Uncalled bet ($0.20) returned to Bloody1Ace
Bloody1Ace collected $0.40 from pot
*** SUMMARY ***
Total pot $0.41 | Rake $0.01 
Board [Td Kh 7s Ac Qs]
Seat 1: bob4tier folded before Flop (didn't bet)
Seat 2: vini_wontroba folded before Flop (didn't bet)
Seat 3: HellNative folded on the River
Seat 4: Dorex2007 folded before Flop (didn't bet)
Seat 5: Knobiwahn (button) folded before Flop (didn't bet)
Seat 6: tayde310 (small blind) folded before Flop
Seat 7: gloommyrat (big blind) folded before Flop
Seat 8: Bloody1Ace collected ($0.40)
Seat 9: cubicroot folded before Flop (didn't bet)



PokerStars Hand #237263562543:  Hold'em No Limit ($0.01/$0.02 USD) - 2022/07/09 16:06:05 PT [2022/07/09 19:06:05 ET]
Table 'Cline III' 9-max Seat #8 is the button
Seat 1: bob4tier ($1.53 in chips) 
Seat 3: HellNative ($2.96 in chips) 
Seat 4: Dorex2007 ($5.12 in chips) 
Seat 5: Knobiwahn ($2.17 in chips) 
Seat 6: tayde310 ($2.75 in chips) 
Seat 7: gloommyrat ($2.46 in chips) 
Seat 8: Bloody1Ace ($2.68 in chips) 
Seat 9: cubicroot ($1.75 in chips) 
cubicroot: posts small blind $0.01
bob4tier: posts big blind $0.02
*** HOLE CARDS ***
Dealt to Dorex2007 [8c 9s]
HellNative: folds 
Dorex2007: folds 
Knobiwahn: folds 
tayde310: raises $0.03 to $0.05
gloommyrat: calls $0.05
Bloody1Ace: folds 
cubicroot: folds 
bob4tier: folds 
*** FLOP *** [5d 5h 3c]
tayde310: bets $0.04
gloommyrat: calls $0.04
*** TURN *** [5d 5h 3c] [9c]
tayde310: bets $0.14
gloommyrat: folds 
Uncalled bet ($0.14) returned to tayde310
tayde310 collected $0.20 from pot
*** SUMMARY ***
Total pot $0.21 | Rake $0.01 
Board [5d 5h 3c 9c]
Seat 1: bob4tier (big blind) folded before Flop
Seat 3: HellNative folded before Flop (didn't bet)
Seat 4: Dorex2007 folded before Flop (didn't bet)
Seat 5: Knobiwahn folded before Flop (didn't bet)
Seat 6: tayde310 collected ($0.20)
Seat 7: gloommyrat folded on the Turn
Seat 8: Bloody1Ace (button) folded before Flop (didn't bet)
Seat 9: cubicroot (small blind) folded before Flop



PokerStars Hand #237263578956:  Hold'em No Limit ($0.01/$0.02 USD) - 2022/07/09 16:07:01 PT [2022/07/09 19:07:01 ET]
Table 'Cline III' 9-max Seat #9 is the button
Seat 1: bob4tier ($1.51 in chips) 
Seat 3: HellNative ($2.96 in chips) 
Seat 4: Dorex2007 ($5.12 in chips) 
Seat 5: Knobiwahn ($2.17 in chips) 
Seat 6: tayde310 ($2.86 in chips) 
Seat 7: gloommyrat ($2.37 in chips) 
Seat 8: Bloody1Ace ($2.68 in chips) 
Seat 9: cubicroot ($1.74 in chips) 
bob4tier: posts small blind $0.01
HellNative: posts big blind $0.02
*** HOLE CARDS ***
Dealt to Dorex2007 [8h Kd]
Dorex2007: folds 
Knobiwahn: folds 
tayde310: folds 
gloommyrat: folds 
Bloody1Ace: raises $0.05 to $0.07
cubicroot: folds 
bob4tier: folds 
HellNative: folds 
Uncalled bet ($0.05) returned to Bloody1Ace
Bloody1Ace collected $0.05 from pot
*** SUMMARY ***
Total pot $0.05 | Rake $0 
Seat 1: bob4tier (small blind) folded before Flop
Seat 3: HellNative (big blind) folded before Flop
Seat 4: Dorex2007 folded before Flop (didn't bet)
Seat 5: Knobiwahn folded before Flop (didn't bet)
Seat 6: tayde310 folded before Flop (didn't bet)
Seat 7: gloommyrat folded before Flop (didn't bet)
Seat 8: Bloody1Ace collected ($0.05)
Seat 9: cubicroot (button) folded before Flop (didn't bet)



PokerStars Hand #237263584486:  Hold'em No Limit ($0.01/$0.02 USD) - 2022/07/09 16:07:20 PT [2022/07/09 19:07:20 ET]
Table 'Cline III' 9-max Seat #1 is the button
Seat 1: bob4tier ($1.50 in chips) 
Seat 3: HellNative ($2.94 in chips) 
Seat 4: Dorex2007 ($5.12 in chips) 
Seat 5: Knobiwahn ($2.17 in chips) 
Seat 6: tayde310 ($2.86 in chips) 
Seat 7: gloommyrat ($2.37 in chips) 
Seat 8: Bloody1Ace ($2.71 in chips) 
Seat 9: cubicroot ($1.74 in chips) 
HellNative: posts small blind $0.01
Dorex2007: posts big blind $0.02
*** HOLE CARDS ***
Dealt to Dorex2007 [Qd 2d]
Knobiwahn: folds 
tayde310: folds 
gloommyrat: folds 
Bloody1Ace: folds 
cubicroot: folds 
bob4tier: folds 
HellNative: raises $0.04 to $0.06
Dorex2007: folds 
Uncalled bet ($0.04) returned to HellNative
HellNative collected $0.04 from pot
*** SUMMARY ***
Total pot $0.04 | Rake $0 
Seat 1: bob4tier (button) folded before Flop (didn't bet)
Seat 3: HellNative (small blind) collected ($0.04)
Seat 4: Dorex2007 (big blind) folded before Flop
Seat 5: Knobiwahn folded before Flop (didn't bet)
Seat 6: tayde310 folded before Flop (didn't bet)
Seat 7: gloommyrat folded before Flop (didn't bet)
Seat 8: Bloody1Ace folded before Flop (didn't bet)
Seat 9: cubicroot folded before Flop (didn't bet)



PokerStars Hand #237263590060:  Hold'em No Limit ($0.01/$0.02 USD) - 2022/07/09 16:07:40 PT [2022/07/09 19:07:40 ET]
Table 'Cline III' 9-max Seat #3 is the button
Seat 1: bob4tier ($1.50 in chips) 
Seat 3: HellNative ($2.96 in chips) 
Seat 4: Dorex2007 ($5.10 in chips) 
Seat 5: Knobiwahn ($2.17 in chips) 
Seat 6: tayde310 ($2.86 in chips) 
Seat 7: gloommyrat ($2.37 in chips) 
Seat 8: Bloody1Ace ($2.71 in chips) 
Seat 9: cubicroot ($1.74 in chips) 
Dorex2007: posts small blind $0.01
Knobiwahn: posts big blind $0.02
*** HOLE CARDS ***
Dealt to Dorex2007 [9c 8d]
tayde310: folds 
gloommyrat: calls $0.02
Bloody1Ace: folds 
cubicroot: calls $0.02
bob4tier: folds 
HellNative: folds 
Dorex2007: folds 
Knobiwahn: checks 
*** FLOP *** [Ac 5c Tc]
Knobiwahn: checks 
gloommyrat: checks 
cubicroot: checks 
*** TURN *** [Ac 5c Tc] [4c]
Knobiwahn: checks 
gloommyrat: checks 
cubicroot: checks 
*** RIVER *** [Ac 5c Tc 4c] [3c]
Knobiwahn: checks 
gloommyrat: checks 
cubicroot: checks 
*** SHOW DOWN ***
Knobiwahn: shows [Kd 7s] (a flush, Ace high)
gloommyrat: shows [Js Kh] (a flush, Ace high)
cubicroot: shows [5h 4d] (a flush, Ace high)
Knobiwahn collected $0.03 from pot
gloommyrat collected $0.02 from pot
cubicroot collected $0.02 from pot
*** SUMMARY ***
Total pot $0.07 | Rake $0 
Board [Ac 5c Tc 4c 3c]
Seat 1: bob4tier folded before Flop (didn't bet)
Seat 3: HellNative (button) folded before Flop (didn't bet)
Seat 4: Dorex2007 (small blind) folded before Flop
Seat 5: Knobiwahn (big blind) showed [Kd 7s] and won ($0.03) with a flush, Ace high
Seat 6: tayde310 folded before Flop (didn't bet)
Seat 7: gloommyrat showed [Js Kh] and won ($0.02) with a flush, Ace high
Seat 8: Bloody1Ace folded before Flop (didn't bet)
Seat 9: cubicroot showed [5h 4d] and won ($0.02) with a flush, Ace high



PokerStars Hand #237263608288:  Hold'em No Limit ($0.01/$0.02 USD) - 2022/07/09 16:08:42 PT [2022/07/09 19:08:42 ET]
Table 'Cline III' 9-max Seat #4 is the button
Seat 1: bob4tier ($1.50 in chips) 
Seat 3: HellNative ($2.96 in chips) 
Seat 4: Dorex2007 ($5.09 in chips) 
Seat 5: Knobiwahn ($2.18 in chips) 
Seat 6: tayde310 ($2.86 in chips) 
Seat 7: gloommyrat ($2.37 in chips) 
Seat 8: Bloody1Ace ($2.71 in chips) 
Seat 9: cubicroot ($1.74 in chips) 
Knobiwahn: posts small blind $0.01
tayde310: posts big blind $0.02
*** HOLE CARDS ***
Dealt to Dorex2007 [9c Ks]
gloommyrat: folds 
Bloody1Ace: folds 
cubicroot: folds 
bob4tier: folds 
HellNative: folds 
Dorex2007: folds 
Knobiwahn: folds 
Uncalled bet ($0.01) returned to tayde310
tayde310 collected $0.02 from pot
*** SUMMARY ***
Total pot $0.02 | Rake $0 
Seat 1: bob4tier folded before Flop (didn't bet)
Seat 3: HellNative folded before Flop (didn't bet)
Seat 4: Dorex2007 (button) folded before Flop (didn't bet)
Seat 5: Knobiwahn (small blind) folded before Flop
Seat 6: tayde310 (big blind) collected ($0.02)
Seat 7: gloommyrat folded before Flop (didn't bet)
Seat 8: Bloody1Ace folded before Flop (didn't bet)
Seat 9: cubicroot folded before Flop (didn't bet)



PokerStars Hand #237263612217:  Hold'em No Limit ($0.01/$0.02 USD) - 2022/07/09 16:08:56 PT [2022/07/09 19:08:56 ET]
Table 'Cline III' 9-max Seat #5 is the button
Seat 1: bob4tier ($1.50 in chips) 
Seat 3: HellNative ($2.96 in chips) 
Seat 4: Dorex2007 ($5.09 in chips) 
Seat 5: Knobiwahn ($2.17 in chips) 
Seat 6: tayde310 ($2.87 in chips) 
Seat 7: gloommyrat ($2.37 in chips) 
Seat 8: Bloody1Ace ($2.71 in chips) 
Seat 9: cubicroot ($1.74 in chips) 
tayde310: posts small blind $0.01
gloommyrat: posts big blind $0.02
*** HOLE CARDS ***
Dealt to Dorex2007 [3d 8s]
Bloody1Ace: folds 
cubicroot: calls $0.02
bob4tier: calls $0.02
HellNative: folds 
Dorex2007: folds 
Knobiwahn: folds 
tayde310: folds 
gloommyrat: checks 
*** FLOP *** [4s Qs 8h]
gloommyrat: checks 
Bloody1Ace leaves the table
cubicroot: bets $0.03
bob4tier: folds 
gloommyrat: folds 
Uncalled bet ($0.03) returned to cubicroot
cubicroot collected $0.07 from pot
*** SUMMARY ***
Total pot $0.07 | Rake $0 
Board [4s Qs 8h]
Seat 1: bob4tier folded on the Flop
Seat 3: HellNative folded before Flop (didn't bet)
Seat 4: Dorex2007 folded before Flop (didn't bet)
Seat 5: Knobiwahn (button) folded before Flop (didn't bet)
Seat 6: tayde310 (small blind) folded before Flop
Seat 7: gloommyrat (big blind) folded on the Flop
Seat 8: Bloody1Ace folded before Flop (didn't bet)
Seat 9: cubicroot collected ($0.07)



PokerStars Hand #237263621681:  Hold'em No Limit ($0.01/$0.02 USD) - 2022/07/09 16:09:29 PT [2022/07/09 19:09:29 ET]
Table 'Cline III' 9-max Seat #6 is the button
Seat 1: bob4tier ($1.48 in chips) 
Seat 3: HellNative ($2.96 in chips) 
Seat 4: Dorex2007 ($5.09 in chips) 
Seat 5: Knobiwahn ($2.17 in chips) 
Seat 6: tayde310 ($2.86 in chips) 
Seat 7: gloommyrat ($2.35 in chips) 
Seat 9: cubicroot ($1.79 in chips) 
gloommyrat: posts small blind $0.01
cubicroot: posts big blind $0.02
*** HOLE CARDS ***
Dealt to Dorex2007 [3s Ts]
bob4tier: folds 
HellNative: folds 
Dorex2007: folds 
Knobiwahn: folds 
tayde310: folds 
gloommyrat: raises $0.02 to $0.04
cubicroot: calls $0.02
*** FLOP *** [8d 9d Qc]
bigcjmitch joins the table at seat #8 
gloommyrat: checks 
cubicroot: checks 
*** TURN *** [8d 9d Qc] [Qd]
gloommyrat: bets $0.04
cubicroot: folds 
Uncalled bet ($0.04) returned to gloommyrat
gloommyrat collected $0.08 from pot
*** SUMMARY ***
Total pot $0.08 | Rake $0 
Board [8d 9d Qc Qd]
Seat 1: bob4tier folded before Flop (didn't bet)
Seat 3: HellNative folded before Flop (didn't bet)
Seat 4: Dorex2007 folded before Flop (didn't bet)
Seat 5: Knobiwahn folded before Flop (didn't bet)
Seat 6: tayde310 (button) folded before Flop (didn't bet)
Seat 7: gloommyrat (small blind) collected ($0.08)
Seat 9: cubicroot (big blind) folded on the Turn



PokerStars Hand #237263633898:  Hold'em No Limit ($0.01/$0.02 USD) - 2022/07/09 16:10:11 PT [2022/07/09 19:10:11 ET]
Table 'Cline III' 9-max Seat #7 is the button
Seat 1: bob4tier ($1.48 in chips) 
Seat 3: HellNative ($2.96 in chips) 
Seat 4: Dorex2007 ($5.09 in chips) 
Seat 5: Knobiwahn ($2.17 in chips) 
Seat 6: tayde310 ($2.86 in chips) 
Seat 7: gloommyrat ($2.39 in chips) 
Seat 9: cubicroot ($1.75 in chips) 
cubicroot: posts small blind $0.01
bob4tier: posts big blind $0.02
vini_wontroba: sits out 
*** HOLE CARDS ***
Dealt to Dorex2007 [6h 2h]
HellNative: folds 
Dorex2007: folds 
Knobiwahn: folds 
tayde310: raises $0.03 to $0.05
gloommyrat: folds 
cubicroot: calls $0.04
bob4tier: folds 
*** FLOP *** [Kd Ac 6d]
cubicroot: checks 
tayde310: bets $0.06
cubicroot: calls $0.06
*** TURN *** [Kd Ac 6d] [5c]
cubicroot: checks 
tayde310: checks 
*** RIVER *** [Kd Ac 6d 5c] [3h]
cubicroot: checks 
tayde310: checks 
*** SHOW DOWN ***
cubicroot: shows [Qs Tc] (high card Ace)
tayde310: shows [7c 7h] (a pair of Sevens)
tayde310 collected $0.23 from pot
*** SUMMARY ***
Total pot $0.24 | Rake $0.01 
Board [Kd Ac 6d 5c 3h]
Seat 1: bob4tier (big blind) folded before Flop
Seat 3: HellNative folded before Flop (didn't bet)
Seat 4: Dorex2007 folded before Flop (didn't bet)
Seat 5: Knobiwahn folded before Flop (didn't bet)
Seat 6: tayde310 showed [7c 7h] and won ($0.23) with a pair of Sevens
Seat 7: gloommyrat (button) folded before Flop (didn't bet)
Seat 9: cubicroot (small blind) showed [Qs Tc] and lost with high card Ace



PokerStars Hand #237263646624:  Hold'em No Limit ($0.01/$0.02 USD) - 2022/07/09 16:10:56 PT [2022/07/09 19:10:56 ET]
Table 'Cline III' 9-max Seat #9 is the button
Seat 1: bob4tier ($1.46 in chips) 
Seat 2: vini_wontroba ($2.33 in chips) 
Seat 3: HellNative ($2.96 in chips) 
Seat 4: Dorex2007 ($5.09 in chips) 
Seat 5: Knobiwahn ($2.17 in chips) 
Seat 6: tayde310 ($2.98 in chips) 
Seat 7: gloommyrat ($2.39 in chips) 
Seat 8: bigcjmitch ($2 in chips) 
Seat 9: cubicroot ($1.64 in chips) 
bob4tier: posts small blind $0.01
vini_wontroba: posts big blind $0.02
bigcjmitch: posts big blind $0.02
*** HOLE CARDS ***
Dealt to Dorex2007 [Ad Ks]
HellNative: raises $0.06 to $0.08
Dorex2007: calls $0.08
Knobiwahn: folds 
tayde310: folds 
gloommyrat: folds 
bigcjmitch: calls $0.06
cubicroot: folds 
bob4tier: folds 
vini_wontroba: folds 
*** FLOP *** [Qh 4s 5h]
HellNative: checks 
Dorex2007: bets $0.08
bigcjmitch: calls $0.08
HellNative: folds 
*** TURN *** [Qh 4s 5h] [Jd]
Dorex2007: bets $0.04
bigcjmitch: raises $0.24 to $0.28
Dorex2007: folds 
Uncalled bet ($0.24) returned to bigcjmitch
bigcjmitch collected $0.49 from pot
*** SUMMARY ***
Total pot $0.51 | Rake $0.02 
Board [Qh 4s 5h Jd]
Seat 1: bob4tier (small blind) folded before Flop
Seat 2: vini_wontroba (big blind) folded before Flop
Seat 3: HellNative folded on the Flop
Seat 4: Dorex2007 folded on the Turn
Seat 5: Knobiwahn folded before Flop (didn't bet)
Seat 6: tayde310 folded before Flop (didn't bet)
Seat 7: gloommyrat folded before Flop (didn't bet)
Seat 8: bigcjmitch collected ($0.49)
Seat 9: cubicroot (button) folded before Flop (didn't bet)



PokerStars Hand #237263666736:  Hold'em No Limit ($0.01/$0.02 USD) - 2022/07/09 16:12:06 PT [2022/07/09 19:12:06 ET]
Table 'Cline III' 9-max Seat #1 is the button
Seat 1: bob4tier ($1.45 in chips) 
Seat 2: vini_wontroba ($2.31 in chips) 
Seat 3: HellNative ($2.88 in chips) 
Seat 4: Dorex2007 ($4.89 in chips) 
Seat 5: Knobiwahn ($2.17 in chips) 
Seat 6: tayde310 ($2.98 in chips) 
Seat 7: gloommyrat ($2.39 in chips) 
Seat 8: bigcjmitch ($2.29 in chips) 
Seat 9: cubicroot ($1.64 in chips) 
vini_wontroba: posts small blind $0.01
HellNative: posts big blind $0.02
*** HOLE CARDS ***
Dealt to Dorex2007 [Kd 9h]
Dorex2007: folds 
Knobiwahn: folds 
tayde310: folds 
gloommyrat: raises $0.04 to $0.06
bigcjmitch: folds 
cubicroot: calls $0.06
bob4tier: folds 
vini_wontroba: raises $0.18 to $0.24
HellNative: folds 
gloommyrat: folds 
cubicroot: folds 
Uncalled bet ($0.18) returned to vini_wontroba
vini_wontroba collected $0.20 from pot
*** SUMMARY ***
Total pot $0.20 | Rake $0 
Seat 1: bob4tier (button) folded before Flop (didn't bet)
Seat 2: vini_wontroba (small blind) collected ($0.20)
Seat 3: HellNative (big blind) folded before Flop
Seat 4: Dorex2007 folded before Flop (didn't bet)
Seat 5: Knobiwahn folded before Flop (didn't bet)
Seat 6: tayde310 folded before Flop (didn't bet)
Seat 7: gloommyrat folded before Flop
Seat 8: bigcjmitch folded before Flop (didn't bet)
Seat 9: cubicroot folded before Flop



PokerStars Hand #237263679717:  Hold'em No Limit ($0.01/$0.02 USD) - 2022/07/09 16:12:51 PT [2022/07/09 19:12:51 ET]
Table 'Cline III' 9-max Seat #2 is the button
Seat 1: bob4tier ($1.45 in chips) 
Seat 2: vini_wontroba ($2.45 in chips) 
Seat 3: HellNative ($2.86 in chips) 
Seat 4: Dorex2007 ($4.89 in chips) 
Seat 5: Knobiwahn ($2.17 in chips) 
Seat 6: tayde310 ($2.98 in chips) 
Seat 7: gloommyrat ($2.33 in chips) 
Seat 8: bigcjmitch ($2.29 in chips) 
Seat 9: cubicroot ($1.58 in chips) 
HellNative: posts small blind $0.01
Dorex2007: posts big blind $0.02
*** HOLE CARDS ***
Dealt to Dorex2007 [3h 7h]
Knobiwahn: folds 
tayde310: folds 
gloommyrat: folds 
bigcjmitch: calls $0.02
cubicroot: calls $0.02
bob4tier: folds 
vini_wontroba: folds 
HellNative: raises $0.14 to $0.16
Dorex2007: folds 
bigcjmitch: folds 
cubicroot: folds 
Uncalled bet ($0.14) returned to HellNative
HellNative collected $0.08 from pot
*** SUMMARY ***
Total pot $0.08 | Rake $0 
Seat 1: bob4tier folded before Flop (didn't bet)
Seat 2: vini_wontroba (button) folded before Flop (didn't bet)
Seat 3: HellNative (small blind) collected ($0.08)
Seat 4: Dorex2007 (big blind) folded before Flop
Seat 5: Knobiwahn folded before Flop (didn't bet)
Seat 6: tayde310 folded before Flop (didn't bet)
Seat 7: gloommyrat folded before Flop (didn't bet)
Seat 8: bigcjmitch folded before Flop
Seat 9: cubicroot folded before Flop



PokerStars Hand #237263687809:  Hold'em No Limit ($0.01/$0.02 USD) - 2022/07/09 16:13:20 PT [2022/07/09 19:13:20 ET]
Table 'Cline III' 9-max Seat #3 is the button
Seat 1: bob4tier ($1.45 in chips) 
Seat 2: vini_wontroba ($2.45 in chips) 
Seat 3: HellNative ($2.92 in chips) 
Seat 4: Dorex2007 ($4.87 in chips) 
Seat 5: Knobiwahn ($2.17 in chips) 
Seat 6: tayde310 ($2.98 in chips) 
Seat 7: gloommyrat ($2.33 in chips) 
Seat 8: bigcjmitch ($2.27 in chips) 
Seat 9: cubicroot ($1.56 in chips) 
Dorex2007: posts small blind $0.01
Knobiwahn: posts big blind $0.02
*** HOLE CARDS ***
Dealt to Dorex2007 [Qh 5c]
tayde310: raises $0.03 to $0.05
gloommyrat: folds 
bigcjmitch: calls $0.05
cubicroot: folds 
bob4tier: folds 
vini_wontroba: folds 
HellNative: raises $0.23 to $0.28
Dorex2007: folds 
Knobiwahn: folds 
tayde310: calls $0.23
bigcjmitch: folds 
*** FLOP *** [Ts 9h 4c]
tayde310: checks 
HellNative: checks 
*** TURN *** [Ts 9h 4c] [8d]
vini_wontroba is disconnected 
tayde310: bets $0.31
HellNative: folds 
Uncalled bet ($0.31) returned to tayde310
tayde310 collected $0.62 from pot
*** SUMMARY ***
Total pot $0.64 | Rake $0.02 
Board [Ts 9h 4c 8d]
Seat 1: bob4tier folded before Flop (didn't bet)
Seat 2: vini_wontroba folded before Flop (didn't bet)
Seat 3: HellNative (button) folded on the Turn
Seat 4: Dorex2007 (small blind) folded before Flop
Seat 5: Knobiwahn (big blind) folded before Flop
Seat 6: tayde310 collected ($0.62)
Seat 7: gloommyrat folded before Flop (didn't bet)
Seat 8: bigcjmitch folded before Flop
Seat 9: cubicroot folded before Flop (didn't bet)



PokerStars Hand #237263706516:  Hold'em No Limit ($0.01/$0.02 USD) - 2022/07/09 16:14:26 PT [2022/07/09 19:14:26 ET]
Table 'Cline III' 9-max Seat #4 is the button
Seat 1: bob4tier ($1.45 in chips) 
Seat 2: vini_wontroba ($2.45 in chips) 
Seat 3: HellNative ($2.64 in chips) 
Seat 4: Dorex2007 ($4.86 in chips) 
Seat 5: Knobiwahn ($2.15 in chips) 
Seat 6: tayde310 ($3.32 in chips) 
Seat 7: gloommyrat ($2.33 in chips) 
Seat 8: bigcjmitch ($2.22 in chips) 
Knobiwahn: posts small blind $0.01
tayde310: posts big blind $0.02
*** HOLE CARDS ***
Dealt to Dorex2007 [Qc Kc]
gloommyrat: folds 
bigcjmitch: calls $0.02
bob4tier: folds 
vini_wontroba: folds 
HellNative: folds 
Dorex2007: raises $0.04 to $0.06
Knobiwahn: raises $0.12 to $0.18
tayde310: folds 
bigcjmitch: folds 
Dorex2007: folds 
Uncalled bet ($0.12) returned to Knobiwahn
Knobiwahn collected $0.16 from pot
*** SUMMARY ***
Total pot $0.16 | Rake $0 
Seat 1: bob4tier folded before Flop (didn't bet)
Seat 2: vini_wontroba folded before Flop (didn't bet)
Seat 3: HellNative folded before Flop (didn't bet)
Seat 4: Dorex2007 (button) folded before Flop
Seat 5: Knobiwahn (small blind) collected ($0.16)
Seat 6: tayde310 (big blind) folded before Flop
Seat 7: gloommyrat folded before Flop (didn't bet)
Seat 8: bigcjmitch folded before Flop



PokerStars Hand #237263713888:  Hold'em No Limit ($0.01/$0.02 USD) - 2022/07/09 16:14:52 PT [2022/07/09 19:14:52 ET]
Table 'Cline III' 9-max Seat #5 is the button
Seat 1: bob4tier ($1.45 in chips) 
Seat 2: vini_wontroba ($2.45 in chips) 
Seat 3: HellNative ($2.64 in chips) 
Seat 4: Dorex2007 ($4.80 in chips) 
Seat 5: Knobiwahn ($2.25 in chips) 
Seat 6: tayde310 ($3.30 in chips) 
Seat 7: gloommyrat ($2.33 in chips) 
Seat 8: bigcjmitch ($2.20 in chips) 
tayde310: posts small blind $0.01
gloommyrat: posts big blind $0.02
*** HOLE CARDS ***
Dealt to Dorex2007 [5s 3s]
bigcjmitch: folds 
bob4tier: folds 
vini_wontroba: folds 
HellNative: folds 
Dorex2007: folds 
Knobiwahn: folds 
tayde310: folds 
Uncalled bet ($0.01) returned to gloommyrat
gloommyrat collected $0.02 from pot
*** SUMMARY ***
Total pot $0.02 | Rake $0 
Seat 1: bob4tier folded before Flop (didn't bet)
Seat 2: vini_wontroba folded before Flop (didn't bet)
Seat 3: HellNative folded before Flop (didn't bet)
Seat 4: Dorex2007 folded before Flop (didn't bet)
Seat 5: Knobiwahn (button) folded before Flop (didn't bet)
Seat 6: tayde310 (small blind) folded before Flop
Seat 7: gloommyrat (big blind) collected ($0.02)
Seat 8: bigcjmitch folded before Flop (didn't bet)



PokerStars Hand #237263719206:  Hold'em No Limit ($0.01/$0.02 USD) - 2022/07/09 16:15:10 PT [2022/07/09 19:15:10 ET]
Table 'Cline III' 9-max Seat #6 is the button
Seat 1: bob4tier ($1.45 in chips) 
Seat 2: vini_wontroba ($2.45 in chips) 
Seat 3: HellNative ($2.64 in chips) 
Seat 4: Dorex2007 ($4.80 in chips) 
Seat 5: Knobiwahn ($2.25 in chips) 
Seat 6: tayde310 ($3.29 in chips) 
Seat 7: gloommyrat ($2.34 in chips) 
Seat 8: bigcjmitch ($2.20 in chips) 
gloommyrat: posts small blind $0.01
bigcjmitch: posts big blind $0.02
*** HOLE CARDS ***
Dealt to Dorex2007 [4c 2c]
bob4tier: folds 
vini_wontroba: folds 
HellNative: folds 
Dorex2007: folds 
Knobiwahn: folds 
tayde310: folds 
gloommyrat: folds 
Uncalled bet ($0.01) returned to bigcjmitch
bigcjmitch collected $0.02 from pot
*** SUMMARY ***
Total pot $0.02 | Rake $0 
Seat 1: bob4tier folded before Flop (didn't bet)
Seat 2: vini_wontroba folded before Flop (didn't bet)
Seat 3: HellNative folded before Flop (didn't bet)
Seat 4: Dorex2007 folded before Flop (didn't bet)
Seat 5: Knobiwahn folded before Flop (didn't bet)
Seat 6: tayde310 (button) folded before Flop (didn't bet)
Seat 7: gloommyrat (small blind) folded before Flop
Seat 8: bigcjmitch (big blind) collected ($0.02)



PokerStars Hand #237263723396:  Hold'em No Limit ($0.01/$0.02 USD) - 2022/07/09 16:15:25 PT [2022/07/09 19:15:25 ET]
Table 'Cline III' 9-max Seat #7 is the button
Seat 1: bob4tier ($1.45 in chips) 
Seat 2: vini_wontroba ($2.45 in chips) 
Seat 3: HellNative ($2.64 in chips) 
Seat 4: Dorex2007 ($4.80 in chips) 
Seat 5: Knobiwahn ($2.25 in chips) 
Seat 6: tayde310 ($3.29 in chips) 
Seat 7: gloommyrat ($2.33 in chips) 
Seat 8: bigcjmitch ($2.21 in chips) 
bigcjmitch: posts small blind $0.01
bob4tier: posts big blind $0.02
*** HOLE CARDS ***
Dealt to Dorex2007 [Tc 6c]
vini_wontroba: folds 
HellNative: folds 
Dorex2007: folds 
Knobiwahn: folds 
tayde310: folds 
gloommyrat: raises $0.04 to $0.06
bigcjmitch: folds 
bob4tier: folds 
Uncalled bet ($0.04) returned to gloommyrat
bigcjmitch leaves the table
gloommyrat collected $0.05 from pot
*** SUMMARY ***
Total pot $0.05 | Rake $0 
Seat 1: bob4tier (big blind) folded before Flop
Seat 2: vini_wontroba folded before Flop (didn't bet)
Seat 3: HellNative folded before Flop (didn't bet)
Seat 4: Dorex2007 folded before Flop (didn't bet)
Seat 5: Knobiwahn folded before Flop (didn't bet)
Seat 6: tayde310 folded before Flop (didn't bet)
Seat 7: gloommyrat (button) collected ($0.05)
Seat 8: bigcjmitch (small blind) folded before Flop



PokerStars Hand #237263731301:  Hold'em No Limit ($0.01/$0.02 USD) - 2022/07/09 16:15:53 PT [2022/07/09 19:15:53 ET]
Table 'Cline III' 9-max Seat #1 is the button
Seat 1: bob4tier ($1.43 in chips) 
Seat 2: vini_wontroba ($2.45 in chips) 
Seat 3: HellNative ($2.64 in chips) 
Seat 4: Dorex2007 ($4.80 in chips) 
Seat 5: Knobiwahn ($2.25 in chips) 
Seat 6: tayde310 ($3.29 in chips) 
Seat 7: gloommyrat ($2.36 in chips) 
vini_wontroba: posts small blind $0.01
HellNative: posts big blind $0.02
*** HOLE CARDS ***
Dealt to Dorex2007 [7c 9s]
Dorex2007: folds 
Knobiwahn: raises $0.04 to $0.06
tayde310: folds 
gloommyrat: folds 
bob4tier: folds 
vini_wontroba: folds 
HellNative: folds 
Uncalled bet ($0.04) returned to Knobiwahn
Knobiwahn collected $0.05 from pot
*** SUMMARY ***
Total pot $0.05 | Rake $0 
Seat 1: bob4tier (button) folded before Flop (didn't bet)
Seat 2: vini_wontroba (small blind) folded before Flop
Seat 3: HellNative (big blind) folded before Flop
Seat 4: Dorex2007 folded before Flop (didn't bet)
Seat 5: Knobiwahn collected ($0.05)
Seat 6: tayde310 folded before Flop (didn't bet)
Seat 7: gloommyrat folded before Flop (didn't bet)



PokerStars Hand #237263741321:  Hold'em No Limit ($0.01/$0.02 USD) - 2022/07/09 16:16:28 PT [2022/07/09 19:16:28 ET]
Table 'Cline III' 9-max Seat #2 is the button
Seat 1: bob4tier ($1.43 in chips) 
Seat 2: vini_wontroba ($2.44 in chips) 
Seat 3: HellNative ($2.62 in chips) 
Seat 4: Dorex2007 ($4.80 in chips) 
Seat 5: Knobiwahn ($2.28 in chips) 
Seat 6: tayde310 ($3.29 in chips) 
Seat 7: gloommyrat ($2.36 in chips) 
HellNative: posts small blind $0.01
Dorex2007: posts big blind $0.02
*** HOLE CARDS ***
Dealt to Dorex2007 [Qh 7c]
Knobiwahn: folds 
tayde310: folds 
gloommyrat: raises $0.02 to $0.04
bob4tier: folds 
vini_wontroba: calls $0.04
HellNative: calls $0.03
Dorex2007: folds 
*** FLOP *** [9s 5h 3s]
HellNative: checks 
gloommyrat: bets $0.10
vini_wontroba: calls $0.10
HellNative: folds 
*** TURN *** [9s 5h 3s] [3d]
gloommyrat: checks 
vini_wontroba: bets $0.20
gloommyrat: calls $0.20
*** RIVER *** [9s 5h 3s 3d] [7h]
gloommyrat: checks 
vini_wontroba: checks 
*** SHOW DOWN ***
gloommyrat: shows [Qd 9d] (two pair, Nines and Threes)
vini_wontroba: mucks hand 
gloommyrat collected $0.71 from pot
*** SUMMARY ***
Total pot $0.74 | Rake $0.03 
Board [9s 5h 3s 3d 7h]
Seat 1: bob4tier folded before Flop (didn't bet)
Seat 2: vini_wontroba (button) mucked [5s 6s]
Seat 3: HellNative (small blind) folded on the Flop
Seat 4: Dorex2007 (big blind) folded before Flop
Seat 5: Knobiwahn folded before Flop (didn't bet)
Seat 6: tayde310 folded before Flop (didn't bet)
Seat 7: gloommyrat showed [Qd 9d] and won ($0.71) with two pair, Nines and Threes



PokerStars Hand #237263754245:  Hold'em No Limit ($0.01/$0.02 USD) - 2022/07/09 16:17:14 PT [2022/07/09 19:17:14 ET]
Table 'Cline III' 9-max Seat #3 is the button
Seat 1: bob4tier ($1.43 in chips) 
Seat 2: vini_wontroba ($2.10 in chips) 
Seat 3: HellNative ($2.58 in chips) 
Seat 4: Dorex2007 ($4.78 in chips) 
Seat 5: Knobiwahn ($2.28 in chips) 
Seat 6: tayde310 ($3.29 in chips) 
Seat 7: gloommyrat ($2.73 in chips) 
Dorex2007: posts small blind $0.01
Knobiwahn: posts big blind $0.02
*** HOLE CARDS ***
Dealt to Dorex2007 [8c 6s]
tayde310: folds 
gloommyrat: raises $0.02 to $0.04
bob4tier: folds 
vini_wontroba: folds 
HellNative: folds 
Dorex2007: folds 
mercali736 joins the table at seat #8 
Knobiwahn: calls $0.02
*** FLOP *** [Ts Kh 4c]
Knobiwahn: checks 
gloommyrat: bets $0.04
Knobiwahn: folds 
Uncalled bet ($0.04) returned to gloommyrat
gloommyrat collected $0.09 from pot
*** SUMMARY ***
Total pot $0.09 | Rake $0 
Board [Ts Kh 4c]
Seat 1: bob4tier folded before Flop (didn't bet)
Seat 2: vini_wontroba folded before Flop (didn't bet)
Seat 3: HellNative (button) folded before Flop (didn't bet)
Seat 4: Dorex2007 (small blind) folded before Flop
Seat 5: Knobiwahn (big blind) folded on the Flop
Seat 6: tayde310 folded before Flop (didn't bet)
Seat 7: gloommyrat collected ($0.09)



PokerStars Hand #237263765324:  Hold'em No Limit ($0.01/$0.02 USD) - 2022/07/09 16:17:53 PT [2022/07/09 19:17:53 ET]
Table 'Cline III' 9-max Seat #4 is the button
Seat 1: bob4tier ($1.43 in chips) 
Seat 2: vini_wontroba ($2.10 in chips) 
Seat 3: HellNative ($2.58 in chips) 
Seat 4: Dorex2007 ($4.77 in chips) 
Seat 5: Knobiwahn ($2.24 in chips) 
Seat 6: tayde310 ($3.29 in chips) 
Seat 7: gloommyrat ($2.78 in chips) 
Knobiwahn: posts small blind $0.01
tayde310: posts big blind $0.02
mercali736: sits out 
*** HOLE CARDS ***
Dealt to Dorex2007 [Td 5d]
gloommyrat: folds 
bob4tier: folds 
vini_wontroba: folds 
HellNative: folds 
Dorex2007: folds 
cubicroot leaves the table
Knobiwahn: folds 
Uncalled bet ($0.01) returned to tayde310
tayde310 collected $0.02 from pot
*** SUMMARY ***
Total pot $0.02 | Rake $0 
Seat 1: bob4tier folded before Flop (didn't bet)
Seat 2: vini_wontroba folded before Flop (didn't bet)
Seat 3: HellNative folded before Flop (didn't bet)
Seat 4: Dorex2007 (button) folded before Flop (didn't bet)
Seat 5: Knobiwahn (small blind) folded before Flop
Seat 6: tayde310 (big blind) collected ($0.02)
Seat 7: gloommyrat folded before Flop (didn't bet)



PokerStars Hand #237263770457:  Hold'em No Limit ($0.01/$0.02 USD) - 2022/07/09 16:18:12 PT [2022/07/09 19:18:12 ET]
Table 'Cline III' 9-max Seat #5 is the button
Seat 1: bob4tier ($1.43 in chips) 
Seat 2: vini_wontroba ($2.10 in chips) 
Seat 3: HellNative ($2.58 in chips) 
Seat 4: Dorex2007 ($4.77 in chips) 
Seat 5: Knobiwahn ($2.23 in chips) 
Seat 6: tayde310 ($3.30 in chips) 
Seat 7: gloommyrat ($2.78 in chips) 
tayde310: posts small blind $0.01
gloommyrat: posts big blind $0.02
mercali736: sits out 
*** HOLE CARDS ***
Dealt to Dorex2007 [2h Ah]
bob4tier: folds 
vini_wontroba: folds 
HellNative: folds 
Dorex2007: calls $0.02
Knobiwahn: calls $0.02
tayde310: folds 
gloommyrat: checks 
*** FLOP *** [8d As 4h]
gloommyrat: checks 
Dorex2007: bets $0.03
Knobiwahn: folds 
alexvgb444 joins the table at seat #9 
gloommyrat: folds 
Uncalled bet ($0.03) returned to Dorex2007
Dorex2007 collected $0.07 from pot
*** SUMMARY ***
Total pot $0.07 | Rake $0 
Board [8d As 4h]
Seat 1: bob4tier folded before Flop (didn't bet)
Seat 2: vini_wontroba folded before Flop (didn't bet)
Seat 3: HellNative folded before Flop (didn't bet)
Seat 4: Dorex2007 collected ($0.07)
Seat 5: Knobiwahn (button) folded on the Flop
Seat 6: tayde310 (small blind) folded before Flop
Seat 7: gloommyrat (big blind) folded on the Flop



PokerStars Hand #237263779845:  Hold'em No Limit ($0.01/$0.02 USD) - 2022/07/09 16:18:45 PT [2022/07/09 19:18:45 ET]
Table 'Cline III' 9-max Seat #6 is the button
Seat 1: bob4tier ($1.43 in chips) 
Seat 2: vini_wontroba ($2.10 in chips) 
Seat 3: HellNative ($2.58 in chips) 
Seat 4: Dorex2007 ($4.82 in chips) 
Seat 5: Knobiwahn ($2.21 in chips) 
Seat 6: tayde310 ($3.29 in chips) 
Seat 7: gloommyrat ($2.76 in chips) 
Seat 8: mercali736 ($0.80 in chips) 
gloommyrat: posts small blind $0.01
mercali736: posts big blind $0.02
alexvgb444: sits out 
*** HOLE CARDS ***
Dealt to Dorex2007 [7s Ts]
bob4tier: folds 
vini_wontroba: folds 
HellNative: folds 
Dorex2007: folds 
Knobiwahn: raises $0.04 to $0.06
tayde310: folds 
gloommyrat: folds 
mercali736: calls $0.04
*** FLOP *** [Kd 8c Ah]
mercali736: checks 
Knobiwahn: bets $0.10
mercali736: calls $0.10
*** TURN *** [Kd 8c Ah] [Ac]
mercali736: checks 
Knobiwahn: checks 
*** RIVER *** [Kd 8c Ah Ac] [6s]
mercali736: bets $0.16
Knobiwahn: folds 
Uncalled bet ($0.16) returned to mercali736
mercali736 collected $0.32 from pot
*** SUMMARY ***
Total pot $0.33 | Rake $0.01 
Board [Kd 8c Ah Ac 6s]
Seat 1: bob4tier folded before Flop (didn't bet)
Seat 2: vini_wontroba folded before Flop (didn't bet)
Seat 3: HellNative folded before Flop (didn't bet)
Seat 4: Dorex2007 folded before Flop (didn't bet)
Seat 5: Knobiwahn folded on the River
Seat 6: tayde310 (button) folded before Flop (didn't bet)
Seat 7: gloommyrat (small blind) folded before Flop
Seat 8: mercali736 (big blind) collected ($0.32)



PokerStars Hand #237263795446:  Hold'em No Limit ($0.01/$0.02 USD) - 2022/07/09 16:19:41 PT [2022/07/09 19:19:41 ET]
Table 'Cline III' 9-max Seat #7 is the button
Seat 1: bob4tier ($1.43 in chips) 
Seat 2: vini_wontroba ($2.10 in chips) 
Seat 3: HellNative ($2.58 in chips) 
Seat 4: Dorex2007 ($4.82 in chips) 
Seat 5: Knobiwahn ($2.05 in chips) 
Seat 6: tayde310 ($3.29 in chips) 
Seat 7: gloommyrat ($2.75 in chips) 
Seat 8: mercali736 ($0.96 in chips) 
Seat 9: alexvgb444 ($2 in chips) 
mercali736: posts small blind $0.01
alexvgb444: posts big blind $0.02
*** HOLE CARDS ***
Dealt to Dorex2007 [7c 2s]
bob4tier: calls $0.02
vini_wontroba: folds 
HellNative: folds 
Dorex2007: folds 
Knobiwahn: folds 
tayde310: folds 
gloommyrat: raises $0.06 to $0.08
mercali736: folds 
alexvgb444: folds 
bob4tier: calls $0.06
*** FLOP *** [3s 6s Kc]
bob4tier: checks 
gloommyrat: bets $0.10
bob4tier: folds 
Uncalled bet ($0.10) returned to gloommyrat
gloommyrat collected $0.18 from pot
*** SUMMARY ***
Total pot $0.19 | Rake $0.01 
Board [3s 6s Kc]
Seat 1: bob4tier folded on the Flop
Seat 2: vini_wontroba folded before Flop (didn't bet)
Seat 3: HellNative folded before Flop (didn't bet)
Seat 4: Dorex2007 folded before Flop (didn't bet)
Seat 5: Knobiwahn folded before Flop (didn't bet)
Seat 6: tayde310 folded before Flop (didn't bet)
Seat 7: gloommyrat (button) collected ($0.18)
Seat 8: mercali736 (small blind) folded before Flop
Seat 9: alexvgb444 (big blind) folded before Flop



PokerStars Hand #237263807402:  Hold'em No Limit ($0.01/$0.02 USD) - 2022/07/09 16:20:24 PT [2022/07/09 19:20:24 ET]
Table 'Cline III' 9-max Seat #8 is the button
Seat 1: bob4tier ($1.35 in chips) 
Seat 2: vini_wontroba ($2.10 in chips) 
Seat 3: HellNative ($2.58 in chips) 
Seat 4: Dorex2007 ($4.82 in chips) 
Seat 5: Knobiwahn ($2.05 in chips) 
Seat 6: tayde310 ($3.29 in chips) 
Seat 7: gloommyrat ($2.85 in chips) 
Seat 8: mercali736 ($0.95 in chips) 
Seat 9: alexvgb444 ($1.98 in chips) 
alexvgb444: posts small blind $0.01
bob4tier: posts big blind $0.02
*** HOLE CARDS ***
Dealt to Dorex2007 [9d 5s]
vini_wontroba: folds 
HellNative: folds 
Dorex2007: folds 
Knobiwahn: folds 
tayde310: folds 
gloommyrat: folds 
mercali736: calls $0.02
alexvgb444: folds 
bob4tier: checks 
*** FLOP *** [3d 8h As]
bob4tier: checks 
mercali736: bets $0.04
bob4tier: folds 
Uncalled bet ($0.04) returned to mercali736
mercali736 collected $0.05 from pot
*** SUMMARY ***
Total pot $0.05 | Rake $0 
Board [3d 8h As]
Seat 1: bob4tier (big blind) folded on the Flop
Seat 2: vini_wontroba folded before Flop (didn't bet)
Seat 3: HellNative folded before Flop (didn't bet)
Seat 4: Dorex2007 folded before Flop (didn't bet)
Seat 5: Knobiwahn folded before Flop (didn't bet)
Seat 6: tayde310 folded before Flop (didn't bet)
Seat 7: gloommyrat folded before Flop (didn't bet)
Seat 8: mercali736 (button) collected ($0.05)
Seat 9: alexvgb444 (small blind) folded before Flop



PokerStars Hand #237263814933:  Hold'em No Limit ($0.01/$0.02 USD) - 2022/07/09 16:20:51 PT [2022/07/09 19:20:51 ET]
Table 'Cline III' 9-max Seat #9 is the button
Seat 1: bob4tier ($1.33 in chips) 
Seat 2: vini_wontroba ($2.10 in chips) 
Seat 3: HellNative ($2.58 in chips) 
Seat 4: Dorex2007 ($4.82 in chips) 
Seat 5: Knobiwahn ($2.05 in chips) 
Seat 6: tayde310 ($3.29 in chips) 
Seat 7: gloommyrat ($2.85 in chips) 
Seat 8: mercali736 ($0.98 in chips) 
Seat 9: alexvgb444 ($1.97 in chips) 
bob4tier: posts small blind $0.01
vini_wontroba: posts big blind $0.02
*** HOLE CARDS ***
Dealt to Dorex2007 [Kh 5d]
HellNative: folds 
Dorex2007: folds 
Knobiwahn: folds 
tayde310: folds 
gloommyrat: folds 
mercali736: folds 
alexvgb444: raises $0.08 to $0.10
bob4tier: folds 
vini_wontroba: folds 
Uncalled bet ($0.08) returned to alexvgb444
alexvgb444 collected $0.05 from pot
*** SUMMARY ***
Total pot $0.05 | Rake $0 
Seat 1: bob4tier (small blind) folded before Flop
Seat 2: vini_wontroba (big blind) folded before Flop
Seat 3: HellNative folded before Flop (didn't bet)
Seat 4: Dorex2007 folded before Flop (didn't bet)
Seat 5: Knobiwahn folded before Flop (didn't bet)
Seat 6: tayde310 folded before Flop (didn't bet)
Seat 7: gloommyrat folded before Flop (didn't bet)
Seat 8: mercali736 folded before Flop (didn't bet)
Seat 9: alexvgb444 (button) collected ($0.05)



PokerStars Hand #237263823742:  Hold'em No Limit ($0.01/$0.02 USD) - 2022/07/09 16:21:24 PT [2022/07/09 19:21:24 ET]
Table 'Cline III' 9-max Seat #1 is the button
Seat 1: bob4tier ($1.32 in chips) 
Seat 2: vini_wontroba ($2.08 in chips) 
Seat 3: HellNative ($2.58 in chips) 
Seat 4: Dorex2007 ($4.82 in chips) 
Seat 5: Knobiwahn ($2.05 in chips) 
Seat 6: tayde310 ($3.29 in chips) 
Seat 7: gloommyrat ($2.85 in chips) 
Seat 8: mercali736 ($0.98 in chips) 
Seat 9: alexvgb444 ($2 in chips) 
vini_wontroba: posts small blind $0.01
HellNative: posts big blind $0.02
*** HOLE CARDS ***
Dealt to Dorex2007 [Jh As]
Dorex2007: folds 
Knobiwahn: folds 
tayde310: folds 
gloommyrat: folds 
mercali736: folds 
alexvgb444: raises $0.08 to $0.10
bob4tier: folds 
vini_wontroba: folds 
HellNative: folds 
Uncalled bet ($0.08) returned to alexvgb444
alexvgb444 collected $0.05 from pot
*** SUMMARY ***
Total pot $0.05 | Rake $0 
Seat 1: bob4tier (button) folded before Flop (didn't bet)
Seat 2: vini_wontroba (small blind) folded before Flop
Seat 3: HellNative (big blind) folded before Flop
Seat 4: Dorex2007 folded before Flop (didn't bet)
Seat 5: Knobiwahn folded before Flop (didn't bet)
Seat 6: tayde310 folded before Flop (didn't bet)
Seat 7: gloommyrat folded before Flop (didn't bet)
Seat 8: mercali736 folded before Flop (didn't bet)
Seat 9: alexvgb444 collected ($0.05)



PokerStars Hand #237263830033:  Hold'em No Limit ($0.01/$0.02 USD) - 2022/07/09 16:21:46 PT [2022/07/09 19:21:46 ET]
Table 'Cline III' 9-max Seat #2 is the button
Seat 1: bob4tier ($1.32 in chips) 
Seat 2: vini_wontroba ($2.07 in chips) 
Seat 3: HellNative ($2.56 in chips) 
Seat 4: Dorex2007 ($4.82 in chips) 
Seat 5: Knobiwahn ($2.05 in chips) 
Seat 6: tayde310 ($3.29 in chips) 
Seat 7: gloommyrat ($2.85 in chips) 
Seat 8: mercali736 ($0.98 in chips) 
Seat 9: alexvgb444 ($2.03 in chips) 
HellNative: posts small blind $0.01
Dorex2007: posts big blind $0.02
*** HOLE CARDS ***
Dealt to Dorex2007 [6c Ts]
Knobiwahn: folds 
tayde310: raises $0.03 to $0.05
gloommyrat: folds 
mercali736: folds 
alexvgb444: folds 
bob4tier: folds 
vini_wontroba: folds 
HellNative: folds 
Dorex2007: folds 
Uncalled bet ($0.03) returned to tayde310
tayde310 collected $0.05 from pot
*** SUMMARY ***
Total pot $0.05 | Rake $0 
Seat 1: bob4tier folded before Flop (didn't bet)
Seat 2: vini_wontroba (button) folded before Flop (didn't bet)
Seat 3: HellNative (small blind) folded before Flop
Seat 4: Dorex2007 (big blind) folded before Flop
Seat 5: Knobiwahn folded before Flop (didn't bet)
Seat 6: tayde310 collected ($0.05)
Seat 7: gloommyrat folded before Flop (didn't bet)
Seat 8: mercali736 folded before Flop (didn't bet)
Seat 9: alexvgb444 folded before Flop (didn't bet)



PokerStars Hand #237263837301:  Hold'em No Limit ($0.01/$0.02 USD) - 2022/07/09 16:22:13 PT [2022/07/09 19:22:13 ET]
Table 'Cline III' 9-max Seat #3 is the button
Seat 1: bob4tier ($1.32 in chips) 
Seat 2: vini_wontroba ($2.07 in chips) 
Seat 3: HellNative ($2.55 in chips) 
Seat 4: Dorex2007 ($4.80 in chips) 
Seat 5: Knobiwahn ($2.05 in chips) 
Seat 6: tayde310 ($3.32 in chips) 
Seat 7: gloommyrat ($2.85 in chips) 
Seat 8: mercali736 ($0.98 in chips) 
Seat 9: alexvgb444 ($2.03 in chips) 
Dorex2007: posts small blind $0.01
Knobiwahn: posts big blind $0.02
*** HOLE CARDS ***
Dealt to Dorex2007 [2c 4s]
tayde310: folds 
gloommyrat: folds 
mercali736: folds 
alexvgb444: folds 
bob4tier has timed out
bob4tier: folds 
vini_wontroba: folds 
HellNative: folds 
Dorex2007: folds 
Uncalled bet ($0.01) returned to Knobiwahn
Knobiwahn collected $0.02 from pot
*** SUMMARY ***
Total pot $0.02 | Rake $0 
Seat 1: bob4tier folded before Flop (didn't bet)
Seat 2: vini_wontroba folded before Flop (didn't bet)
Seat 3: HellNative (button) folded before Flop (didn't bet)
Seat 4: Dorex2007 (small blind) folded before Flop
Seat 5: Knobiwahn (big blind) collected ($0.02)
Seat 6: tayde310 folded before Flop (didn't bet)
Seat 7: gloommyrat folded before Flop (didn't bet)
Seat 8: mercali736 folded before Flop (didn't bet)
Seat 9: alexvgb444 folded before Flop (didn't bet)



PokerStars Hand #237263842837:  Hold'em No Limit ($0.01/$0.02 USD) - 2022/07/09 16:22:33 PT [2022/07/09 19:22:33 ET]
Table 'Cline III' 9-max Seat #4 is the button
Seat 2: vini_wontroba ($2.07 in chips) 
Seat 3: HellNative ($2.55 in chips) 
Seat 4: Dorex2007 ($4.79 in chips) 
Seat 5: Knobiwahn ($2.06 in chips) 
Seat 6: tayde310 ($3.32 in chips) 
Seat 7: gloommyrat ($2.85 in chips) 
Seat 8: mercali736 ($0.98 in chips) 
Seat 9: alexvgb444 ($2.03 in chips) 
Knobiwahn: posts small blind $0.01
tayde310: posts big blind $0.02
*** HOLE CARDS ***
Dealt to Dorex2007 [2h 4d]
gloommyrat: raises $0.04 to $0.06
mercali736: folds 
alexvgb444: folds 
vini_wontroba: folds 
HellNative: folds 
Dorex2007: folds 
Knobiwahn: folds 
tayde310: folds 
Uncalled bet ($0.04) returned to gloommyrat
gloommyrat collected $0.05 from pot
*** SUMMARY ***
Total pot $0.05 | Rake $0 
Seat 2: vini_wontroba folded before Flop (didn't bet)
Seat 3: HellNative folded before Flop (didn't bet)
Seat 4: Dorex2007 (button) folded before Flop (didn't bet)
Seat 5: Knobiwahn (small blind) folded before Flop
Seat 6: tayde310 (big blind) folded before Flop
Seat 7: gloommyrat collected ($0.05)
Seat 8: mercali736 folded before Flop (didn't bet)
Seat 9: alexvgb444 folded before Flop (didn't bet)



PokerStars Hand #237263849422:  Hold'em No Limit ($0.01/$0.02 USD) - 2022/07/09 16:22:57 PT [2022/07/09 19:22:57 ET]
Table 'Cline III' 9-max Seat #5 is the button
Seat 2: vini_wontroba ($2.07 in chips) 
Seat 3: HellNative ($2.55 in chips) 
Seat 4: Dorex2007 ($4.79 in chips) 
Seat 5: Knobiwahn ($2.05 in chips) 
Seat 6: tayde310 ($3.30 in chips) 
Seat 7: gloommyrat ($2.88 in chips) 
Seat 8: mercali736 ($0.98 in chips) 
Seat 9: alexvgb444 ($2.03 in chips) 
tayde310: posts small blind $0.01
gloommyrat: posts big blind $0.02
*** HOLE CARDS ***
Dealt to Dorex2007 [3s 5h]
mercali736: raises $0.02 to $0.04
alexvgb444: folds 
vini_wontroba: folds 
HellNative: folds 
Dorex2007: folds 
Knobiwahn: folds 
tayde310: folds 
gloommyrat: folds 
Uncalled bet ($0.02) returned to mercali736
mercali736 collected $0.05 from pot
*** SUMMARY ***
Total pot $0.05 | Rake $0 
Seat 2: vini_wontroba folded before Flop (didn't bet)
Seat 3: HellNative folded before Flop (didn't bet)
Seat 4: Dorex2007 folded before Flop (didn't bet)
Seat 5: Knobiwahn (button) folded before Flop (didn't bet)
Seat 6: tayde310 (small blind) folded before Flop
Seat 7: gloommyrat (big blind) folded before Flop
Seat 8: mercali736 collected ($0.05)
Seat 9: alexvgb444 folded before Flop (didn't bet)



PokerStars Hand #237263853880:  Hold'em No Limit ($0.01/$0.02 USD) - 2022/07/09 16:23:13 PT [2022/07/09 19:23:13 ET]
Table 'Cline III' 9-max Seat #6 is the button
Seat 1: bob4tier ($1.32 in chips) 
Seat 2: vini_wontroba ($2.07 in chips) 
Seat 3: HellNative ($2.55 in chips) 
Seat 4: Dorex2007 ($4.79 in chips) 
Seat 5: Knobiwahn ($2.05 in chips) 
Seat 6: tayde310 ($3.29 in chips) 
Seat 7: gloommyrat ($2.86 in chips) 
Seat 8: mercali736 ($1.01 in chips) 
Seat 9: alexvgb444 ($2.03 in chips) 
gloommyrat: posts small blind $0.01
mercali736: posts big blind $0.02
*** HOLE CARDS ***
Dealt to Dorex2007 [3d 4d]
alexvgb444: folds 
bob4tier: calls $0.02
vini_wontroba: folds 
HellNative: folds 
Dorex2007: folds 
Knobiwahn: raises $0.06 to $0.08
tayde310: folds 
gloommyrat: folds 
mercali736: folds 
bob4tier: calls $0.06
*** FLOP *** [Kd 4h Ad]
bob4tier: checks 
Knobiwahn: bets $0.14
bob4tier: folds 
Uncalled bet ($0.14) returned to Knobiwahn
Knobiwahn collected $0.18 from pot
*** SUMMARY ***
Total pot $0.19 | Rake $0.01 
Board [Kd 4h Ad]
Seat 1: bob4tier folded on the Flop
Seat 2: vini_wontroba folded before Flop (didn't bet)
Seat 3: HellNative folded before Flop (didn't bet)
Seat 4: Dorex2007 folded before Flop (didn't bet)
Seat 5: Knobiwahn collected ($0.18)
Seat 6: tayde310 (button) folded before Flop (didn't bet)
Seat 7: gloommyrat (small blind) folded before Flop
Seat 8: mercali736 (big blind) folded before Flop
Seat 9: alexvgb444 folded before Flop (didn't bet)



PokerStars Hand #237263864200:  Hold'em No Limit ($0.01/$0.02 USD) - 2022/07/09 16:23:51 PT [2022/07/09 19:23:51 ET]
Table 'Cline III' 9-max Seat #7 is the button
Seat 1: bob4tier ($1.24 in chips) 
Seat 2: vini_wontroba ($2.07 in chips) 
Seat 3: HellNative ($2.55 in chips) 
Seat 4: Dorex2007 ($4.79 in chips) 
Seat 5: Knobiwahn ($2.15 in chips) 
Seat 6: tayde310 ($3.29 in chips) 
Seat 7: gloommyrat ($2.85 in chips) 
Seat 8: mercali736 ($0.99 in chips) 
Seat 9: alexvgb444 ($2.03 in chips) 
mercali736: posts small blind $0.01
alexvgb444: posts big blind $0.02
*** HOLE CARDS ***
Dealt to Dorex2007 [Jd Qs]
bob4tier: folds 
vini_wontroba: folds 
HellNative: folds 
Dorex2007: folds 
Knobiwahn: folds 
tayde310: folds 
gloommyrat has timed out
gloommyrat: folds 
mercali736: calls $0.01
alexvgb444: checks 
*** FLOP *** [5h Js 9c]
mercali736: bets $0.04
alexvgb444: folds 
Uncalled bet ($0.04) returned to mercali736
mercali736 collected $0.04 from pot
*** SUMMARY ***
Total pot $0.04 | Rake $0 
Board [5h Js 9c]
Seat 1: bob4tier folded before Flop (didn't bet)
Seat 2: vini_wontroba folded before Flop (didn't bet)
Seat 3: HellNative folded before Flop (didn't bet)
Seat 4: Dorex2007 folded before Flop (didn't bet)
Seat 5: Knobiwahn folded before Flop (didn't bet)
Seat 6: tayde310 folded before Flop (didn't bet)
Seat 7: gloommyrat (button) folded before Flop (didn't bet)
Seat 8: mercali736 (small blind) collected ($0.04)
Seat 9: alexvgb444 (big blind) folded on the Flop



PokerStars Hand #237263878311:  Hold'em No Limit ($0.01/$0.02 USD) - 2022/07/09 16:24:42 PT [2022/07/09 19:24:42 ET]
Table 'Cline III' 9-max Seat #8 is the button
Seat 1: bob4tier ($1.24 in chips) 
Seat 2: vini_wontroba ($2.07 in chips) 
Seat 3: HellNative ($2.55 in chips) 
Seat 4: Dorex2007 ($4.79 in chips) 
Seat 5: Knobiwahn ($2.15 in chips) 
Seat 6: tayde310 ($3.29 in chips) 
Seat 7: gloommyrat ($2.85 in chips) 
Seat 8: mercali736 ($1.01 in chips) 
Seat 9: alexvgb444 ($2.01 in chips) 
alexvgb444: posts small blind $0.01
bob4tier: posts big blind $0.02
*** HOLE CARDS ***
Dealt to Dorex2007 [9c 2s]
vini_wontroba: raises $0.06 to $0.08
HellNative: folds 
Dorex2007: folds 
Knobiwahn: folds 
tayde310: folds 
gloommyrat: folds 
mercali736: folds 
mercali736 leaves the table
alexvgb444: calls $0.07
bob4tier: folds 
*** FLOP *** [7s Jh Kc]
alexvgb444: checks 
victordyfox joins the table at seat #8 
vini_wontroba: bets $0.08
alexvgb444: folds 
Uncalled bet ($0.08) returned to vini_wontroba
vini_wontroba collected $0.17 from pot
*** SUMMARY ***
Total pot $0.18 | Rake $0.01 
Board [7s Jh Kc]
Seat 1: bob4tier (big blind) folded before Flop
Seat 2: vini_wontroba collected ($0.17)
Seat 3: HellNative folded before Flop (didn't bet)
Seat 4: Dorex2007 folded before Flop (didn't bet)
Seat 5: Knobiwahn folded before Flop (didn't bet)
Seat 6: tayde310 folded before Flop (didn't bet)
Seat 7: gloommyrat folded before Flop (didn't bet)
Seat 8: mercali736 (button) folded before Flop (didn't bet)
Seat 9: alexvgb444 (small blind) folded on the Flop



PokerStars Hand #237263889346:  Hold'em No Limit ($0.01/$0.02 USD) - 2022/07/09 16:25:23 PT [2022/07/09 19:25:23 ET]
Table 'Cline III' 9-max Seat #9 is the button
Seat 1: bob4tier ($1.22 in chips) 
Seat 2: vini_wontroba ($2.16 in chips) 
Seat 3: HellNative ($2.55 in chips) 
Seat 4: Dorex2007 ($4.79 in chips) 
Seat 5: Knobiwahn ($2.15 in chips) 
Seat 6: tayde310 ($3.29 in chips) 
Seat 7: gloommyrat ($2.85 in chips) 
Seat 9: alexvgb444 ($1.93 in chips) 
bob4tier: posts small blind $0.01
vini_wontroba: posts big blind $0.02
victordyfox: sits out 
*** HOLE CARDS ***
Dealt to Dorex2007 [Td Qd]
HellNative: folds 
Dorex2007: raises $0.02 to $0.04
Knobiwahn: folds 
tayde310: raises $0.10 to $0.14
gloommyrat: folds 
alexvgb444: folds 
bob4tier: folds 
vini_wontroba: folds 
Dorex2007: folds 
Uncalled bet ($0.10) returned to tayde310
tayde310 collected $0.11 from pot
*** SUMMARY ***
Total pot $0.11 | Rake $0 
Seat 1: bob4tier (small blind) folded before Flop
Seat 2: vini_wontroba (big blind) folded before Flop
Seat 3: HellNative folded before Flop (didn't bet)
Seat 4: Dorex2007 folded before Flop
Seat 5: Knobiwahn folded before Flop (didn't bet)
Seat 6: tayde310 collected ($0.11)
Seat 7: gloommyrat folded before Flop (didn't bet)
Seat 9: alexvgb444 (button) folded before Flop (didn't bet)



PokerStars Hand #237263901284:  Hold'em No Limit ($0.01/$0.02 USD) - 2022/07/09 16:26:07 PT [2022/07/09 19:26:07 ET]
Table 'Cline III' 9-max Seat #1 is the button
Seat 1: bob4tier ($1.21 in chips) 
Seat 2: vini_wontroba ($2.14 in chips) 
Seat 3: HellNative ($2.55 in chips) 
Seat 4: Dorex2007 ($4.75 in chips) 
Seat 5: Knobiwahn ($2.15 in chips) 
Seat 6: tayde310 ($3.36 in chips) 
Seat 7: gloommyrat ($2.85 in chips) 
Seat 8: victordyfox ($1.60 in chips) 
Seat 9: alexvgb444 ($1.93 in chips) 
vini_wontroba: posts small blind $0.01
HellNative: posts big blind $0.02
victordyfox: posts big blind $0.02
*** HOLE CARDS ***
Dealt to Dorex2007 [6s Qd]
Dorex2007: folds 
Knobiwahn: folds 
tayde310: folds 
gloommyrat: calls $0.02
victordyfox: raises $0.02 to $0.04
alexvgb444: calls $0.04
bob4tier: folds 
vini_wontroba: folds 
HellNative: folds 
gloommyrat: folds 
*** FLOP *** [7d 8d 3s]
victordyfox: bets $0.04
alexvgb444: folds 
Uncalled bet ($0.04) returned to victordyfox
victordyfox collected $0.13 from pot
*** SUMMARY ***
Total pot $0.13 | Rake $0 
Board [7d 8d 3s]
Seat 1: bob4tier (button) folded before Flop (didn't bet)
Seat 2: vini_wontroba (small blind) folded before Flop
Seat 3: HellNative (big blind) folded before Flop
Seat 4: Dorex2007 folded before Flop (didn't bet)
Seat 5: Knobiwahn folded before Flop (didn't bet)
Seat 6: tayde310 folded before Flop (didn't bet)
Seat 7: gloommyrat folded before Flop
Seat 8: victordyfox collected ($0.13)
Seat 9: alexvgb444 folded on the Flop



PokerStars Hand #237263910725:  Hold'em No Limit ($0.01/$0.02 USD) - 2022/07/09 16:26:41 PT [2022/07/09 19:26:41 ET]
Table 'Cline III' 9-max Seat #2 is the button
Seat 1: bob4tier ($1.21 in chips) 
Seat 2: vini_wontroba ($2.13 in chips) 
Seat 3: HellNative ($2.53 in chips) 
Seat 4: Dorex2007 ($4.75 in chips) 
Seat 5: Knobiwahn ($2.15 in chips) 
Seat 6: tayde310 ($3.36 in chips) 
Seat 7: gloommyrat ($2.83 in chips) 
Seat 8: victordyfox ($1.69 in chips) 
Seat 9: alexvgb444 ($1.89 in chips) 
HellNative: posts small blind $0.01
Dorex2007: posts big blind $0.02
*** HOLE CARDS ***
Dealt to Dorex2007 [Jd 2d]
Knobiwahn: folds 
tayde310: folds 
gloommyrat: raises $0.02 to $0.04
victordyfox: folds 
alexvgb444: raises $0.04 to $0.08
bob4tier: folds 
vini_wontroba: folds 
HellNative: folds 
Dorex2007: folds 
gloommyrat: calls $0.04
*** FLOP *** [3h 8d 7d]
gloommyrat: checks 
alexvgb444: bets $0.08
gloommyrat: folds 
Uncalled bet ($0.08) returned to alexvgb444
alexvgb444 collected $0.18 from pot
*** SUMMARY ***
Total pot $0.19 | Rake $0.01 
Board [3h 8d 7d]
Seat 1: bob4tier folded before Flop (didn't bet)
Seat 2: vini_wontroba (button) folded before Flop (didn't bet)
Seat 3: HellNative (small blind) folded before Flop
Seat 4: Dorex2007 (big blind) folded before Flop
Seat 5: Knobiwahn folded before Flop (didn't bet)
Seat 6: tayde310 folded before Flop (didn't bet)
Seat 7: gloommyrat folded on the Flop
Seat 8: victordyfox folded before Flop (didn't bet)
Seat 9: alexvgb444 collected ($0.18)



PokerStars Hand #237263919598:  Hold'em No Limit ($0.01/$0.02 USD) - 2022/07/09 16:27:14 PT [2022/07/09 19:27:14 ET]
Table 'Cline III' 9-max Seat #3 is the button
Seat 1: bob4tier ($1.21 in chips) 
Seat 2: vini_wontroba ($2.13 in chips) 
Seat 3: HellNative ($2.52 in chips) 
Seat 4: Dorex2007 ($4.73 in chips) 
Seat 5: Knobiwahn ($2.15 in chips) 
Seat 6: tayde310 ($3.36 in chips) 
Seat 7: gloommyrat ($2.75 in chips) 
Seat 8: victordyfox ($1.69 in chips) 
Seat 9: alexvgb444 ($1.99 in chips) 
Dorex2007: posts small blind $0.01
Knobiwahn: posts big blind $0.02
*** HOLE CARDS ***
Dealt to Dorex2007 [Qh 6s]
tayde310: folds 
gloommyrat: folds 
victordyfox: folds 
alexvgb444: folds 
bob4tier: folds 
vini_wontroba: folds 
HellNative: folds 
Dorex2007: folds 
Uncalled bet ($0.01) returned to Knobiwahn
Knobiwahn collected $0.02 from pot
*** SUMMARY ***
Total pot $0.02 | Rake $0 
Seat 1: bob4tier folded before Flop (didn't bet)
Seat 2: vini_wontroba folded before Flop (didn't bet)
Seat 3: HellNative (button) folded before Flop (didn't bet)
Seat 4: Dorex2007 (small blind) folded before Flop
Seat 5: Knobiwahn (big blind) collected ($0.02)
Seat 6: tayde310 folded before Flop (didn't bet)
Seat 7: gloommyrat folded before Flop (didn't bet)
Seat 8: victordyfox folded before Flop (didn't bet)
Seat 9: alexvgb444 folded before Flop (didn't bet)



PokerStars Hand #237263922751:  Hold'em No Limit ($0.01/$0.02 USD) - 2022/07/09 16:27:26 PT [2022/07/09 19:27:26 ET]
Table 'Cline III' 9-max Seat #4 is the button
Seat 1: bob4tier ($1.21 in chips) 
Seat 2: vini_wontroba ($2.13 in chips) 
Seat 3: HellNative ($2.52 in chips) 
Seat 4: Dorex2007 ($4.72 in chips) 
Seat 5: Knobiwahn ($2.16 in chips) 
Seat 6: tayde310 ($3.36 in chips) 
Seat 7: gloommyrat ($2.75 in chips) 
Seat 8: victordyfox ($1.69 in chips) 
Seat 9: alexvgb444 ($1.99 in chips) 
Knobiwahn: posts small blind $0.01
tayde310: posts big blind $0.02
*** HOLE CARDS ***
Dealt to Dorex2007 [Ks Qh]
gloommyrat: folds 
victordyfox: folds 
alexvgb444: folds 
bob4tier: folds 
vini_wontroba: folds 
HellNative: raises $0.04 to $0.06
Dorex2007: calls $0.06
Knobiwahn: folds 
tayde310: folds 
*** FLOP *** [4d 8d 2c]
HellNative: bets $0.10
Dorex2007: folds 
Uncalled bet ($0.10) returned to HellNative
HellNative collected $0.14 from pot
*** SUMMARY ***
Total pot $0.15 | Rake $0.01 
Board [4d 8d 2c]
Seat 1: bob4tier folded before Flop (didn't bet)
Seat 2: vini_wontroba folded before Flop (didn't bet)
Seat 3: HellNative collected ($0.14)
Seat 4: Dorex2007 (button) folded on the Flop
Seat 5: Knobiwahn (small blind) folded before Flop
Seat 6: tayde310 (big blind) folded before Flop
Seat 7: gloommyrat folded before Flop (didn't bet)
Seat 8: victordyfox folded before Flop (didn't bet)
Seat 9: alexvgb444 folded before Flop (didn't bet)



PokerStars Hand #237263933696:  Hold'em No Limit ($0.01/$0.02 USD) - 2022/07/09 16:28:07 PT [2022/07/09 19:28:07 ET]
Table 'Cline III' 9-max Seat #5 is the button
Seat 1: bob4tier ($1.21 in chips) 
Seat 2: vini_wontroba ($2.13 in chips) 
Seat 3: HellNative ($2.60 in chips) 
Seat 4: Dorex2007 ($4.66 in chips) 
Seat 5: Knobiwahn ($2.15 in chips) 
Seat 6: tayde310 ($3.34 in chips) 
Seat 7: gloommyrat ($2.75 in chips) 
Seat 8: victordyfox ($1.69 in chips) 
Seat 9: alexvgb444 ($1.99 in chips) 
tayde310: posts small blind $0.01
gloommyrat: posts big blind $0.02
*** HOLE CARDS ***
Dealt to Dorex2007 [4d 8c]
victordyfox: folds 
alexvgb444: calls $0.02
bob4tier: calls $0.02
vini_wontroba: folds 
HellNative: folds 
Dorex2007: folds 
Knobiwahn: calls $0.02
tayde310: calls $0.01
gloommyrat: checks 
*** FLOP *** [Kh 2h As]
tayde310: checks 
gloommyrat: checks 
alexvgb444: bets $0.06
bob4tier: folds 
Knobiwahn: calls $0.06
tayde310: raises $0.18 to $0.24
gloommyrat: folds 
alexvgb444: calls $0.18
Knobiwahn: folds 
*** TURN *** [Kh 2h As] [7d]
tayde310: bets $0.31
alexvgb444: folds 
Uncalled bet ($0.31) returned to tayde310
tayde310 collected $0.62 from pot
*** SUMMARY ***
Total pot $0.64 | Rake $0.02 
Board [Kh 2h As 7d]
Seat 1: bob4tier folded on the Flop
Seat 2: vini_wontroba folded before Flop (didn't bet)
Seat 3: HellNative folded before Flop (didn't bet)
Seat 4: Dorex2007 folded before Flop (didn't bet)
Seat 5: Knobiwahn (button) folded on the Flop
Seat 6: tayde310 (small blind) collected ($0.62)
Seat 7: gloommyrat (big blind) folded on the Flop
Seat 8: victordyfox folded before Flop (didn't bet)
Seat 9: alexvgb444 folded on the Turn



PokerStars Hand #237263959450:  Hold'em No Limit ($0.01/$0.02 USD) - 2022/07/09 16:29:43 PT [2022/07/09 19:29:43 ET]
Table 'Cline III' 9-max Seat #6 is the button
Seat 1: bob4tier ($1.19 in chips) 
Seat 2: vini_wontroba ($2.13 in chips) 
Seat 3: HellNative ($2.60 in chips) 
Seat 4: Dorex2007 ($4.66 in chips) 
Seat 5: Knobiwahn ($2.07 in chips) 
Seat 6: tayde310 ($3.70 in chips) 
Seat 7: gloommyrat ($2.73 in chips) 
Seat 8: victordyfox ($1.69 in chips) 
Seat 9: alexvgb444 ($1.73 in chips) 
gloommyrat: posts small blind $0.01
victordyfox: posts big blind $0.02
*** HOLE CARDS ***
Dealt to Dorex2007 [2c 8s]
alexvgb444: folds 
bob4tier: folds 
vini_wontroba: folds 
HellNative: folds 
Dorex2007: folds 
Knobiwahn: raises $0.04 to $0.06
tayde310: raises $0.12 to $0.18
gloommyrat: folds 
victordyfox: folds 
Knobiwahn: folds 
Uncalled bet ($0.12) returned to tayde310
tayde310 collected $0.15 from pot
*** SUMMARY ***
Total pot $0.15 | Rake $0 
Seat 1: bob4tier folded before Flop (didn't bet)
Seat 2: vini_wontroba folded before Flop (didn't bet)
Seat 3: HellNative folded before Flop (didn't bet)
Seat 4: Dorex2007 folded before Flop (didn't bet)
Seat 5: Knobiwahn folded before Flop
Seat 6: tayde310 (button) collected ($0.15)
Seat 7: gloommyrat (small blind) folded before Flop
Seat 8: victordyfox (big blind) folded before Flop
Seat 9: alexvgb444 folded before Flop (didn't bet)



PokerStars Hand #237263972100:  Hold'em No Limit ($0.01/$0.02 USD) - 2022/07/09 16:30:30 PT [2022/07/09 19:30:30 ET]
Table 'Cline III' 9-max Seat #7 is the button
Seat 1: bob4tier ($1.19 in chips) 
Seat 2: vini_wontroba ($2.13 in chips) 
Seat 3: HellNative ($2.60 in chips) 
Seat 4: Dorex2007 ($4.66 in chips) 
Seat 5: Knobiwahn ($2.01 in chips) 
Seat 6: tayde310 ($3.79 in chips) 
Seat 7: gloommyrat ($2.72 in chips) 
Seat 8: victordyfox ($1.67 in chips) 
Seat 9: alexvgb444 ($1.73 in chips) 
victordyfox: posts small blind $0.01
alexvgb444: posts big blind $0.02
*** HOLE CARDS ***
Dealt to Dorex2007 [7c 5h]
bob4tier: folds 
vini_wontroba: folds 
HellNative: folds 
Dorex2007: folds 
Knobiwahn: folds 
tayde310: folds 
gloommyrat: raises $0.04 to $0.06
victordyfox: calls $0.05
alexvgb444: folds 
*** FLOP *** [5s Td 6c]
victordyfox: checks 
gloommyrat: bets $0.10
victordyfox: folds 
Uncalled bet ($0.10) returned to gloommyrat
gloommyrat collected $0.14 from pot
*** SUMMARY ***
Total pot $0.14 | Rake $0 
Board [5s Td 6c]
Seat 1: bob4tier folded before Flop (didn't bet)
Seat 2: vini_wontroba folded before Flop (didn't bet)
Seat 3: HellNative folded before Flop (didn't bet)
Seat 4: Dorex2007 folded before Flop (didn't bet)
Seat 5: Knobiwahn folded before Flop (didn't bet)
Seat 6: tayde310 folded before Flop (didn't bet)
Seat 7: gloommyrat (button) collected ($0.14)
Seat 8: victordyfox (small blind) folded on the Flop
Seat 9: alexvgb444 (big blind) folded before Flop



PokerStars Hand #237263978569:  Hold'em No Limit ($0.01/$0.02 USD) - 2022/07/09 16:30:55 PT [2022/07/09 19:30:55 ET]
Table 'Cline III' 9-max Seat #8 is the button
Seat 1: bob4tier ($1.19 in chips) 
Seat 2: vini_wontroba ($2.13 in chips) 
Seat 3: HellNative ($2.60 in chips) 
Seat 4: Dorex2007 ($4.66 in chips) 
Seat 5: Knobiwahn ($2.01 in chips) 
Seat 6: tayde310 ($3.79 in chips) 
Seat 7: gloommyrat ($2.80 in chips) 
Seat 8: victordyfox ($1.61 in chips) 
Seat 9: alexvgb444 ($1.71 in chips) 
alexvgb444: posts small blind $0.01
bob4tier: posts big blind $0.02
*** HOLE CARDS ***
Dealt to Dorex2007 [7h 3s]
vini_wontroba: raises $0.06 to $0.08
HellNative: folds 
Dorex2007: folds 
Knobiwahn: folds 
tayde310: folds 
gloommyrat: folds 
victordyfox: folds 
alexvgb444: folds 
bob4tier: calls $0.06
*** FLOP *** [Td 9h 3h]
bob4tier: checks 
vini_wontroba: checks 
*** TURN *** [Td 9h 3h] [Qd]
bob4tier: bets $0.08
vini_wontroba: calls $0.08
*** RIVER *** [Td 9h 3h Qd] [2h]
bob4tier: bets $0.06
vini_wontroba: raises $0.18 to $0.24
bob4tier: folds 
Uncalled bet ($0.18) returned to vini_wontroba
vini_wontroba collected $0.43 from pot
*** SUMMARY ***
Total pot $0.45 | Rake $0.02 
Board [Td 9h 3h Qd 2h]
Seat 1: bob4tier (big blind) folded on the River
Seat 2: vini_wontroba collected ($0.43)
Seat 3: HellNative folded before Flop (didn't bet)
Seat 4: Dorex2007 folded before Flop (didn't bet)
Seat 5: Knobiwahn folded before Flop (didn't bet)
Seat 6: tayde310 folded before Flop (didn't bet)
Seat 7: gloommyrat folded before Flop (didn't bet)
Seat 8: victordyfox (button) folded before Flop (didn't bet)
Seat 9: alexvgb444 (small blind) folded before Flop



PokerStars Hand #237263995560:  Hold'em No Limit ($0.01/$0.02 USD) - 2022/07/09 16:31:59 PT [2022/07/09 19:31:59 ET]
Table 'Cline III' 9-max Seat #9 is the button
Seat 1: bob4tier ($0.97 in chips) 
Seat 2: vini_wontroba ($2.34 in chips) 
Seat 3: HellNative ($2.60 in chips) 
Seat 4: Dorex2007 ($4.66 in chips) 
Seat 5: Knobiwahn ($2.01 in chips) 
Seat 6: tayde310 ($3.79 in chips) 
Seat 7: gloommyrat ($2.80 in chips) 
Seat 8: victordyfox ($1.61 in chips) 
Seat 9: alexvgb444 ($1.70 in chips) 
bob4tier: posts small blind $0.01
vini_wontroba: posts big blind $0.02
*** HOLE CARDS ***
Dealt to Dorex2007 [4d 6c]
HellNative: folds 
Dorex2007: folds 
Knobiwahn: folds 
tayde310: folds 
gloommyrat: folds 
victordyfox: raises $0.04 to $0.06
alexvgb444: folds 
bob4tier: calls $0.05
vini_wontroba: folds 
*** FLOP *** [5c 3h Kh]
bob4tier: bets $0.14
victordyfox: folds 
Uncalled bet ($0.14) returned to bob4tier
bob4tier collected $0.14 from pot
*** SUMMARY ***
Total pot $0.14 | Rake $0 
Board [5c 3h Kh]
Seat 1: bob4tier (small blind) collected ($0.14)
Seat 2: vini_wontroba (big blind) folded before Flop
Seat 3: HellNative folded before Flop (didn't bet)
Seat 4: Dorex2007 folded before Flop (didn't bet)
Seat 5: Knobiwahn folded before Flop (didn't bet)
Seat 6: tayde310 folded before Flop (didn't bet)
Seat 7: gloommyrat folded before Flop (didn't bet)
Seat 8: victordyfox folded on the Flop
Seat 9: alexvgb444 (button) folded before Flop (didn't bet)



PokerStars Hand #237264007946:  Hold'em No Limit ($0.01/$0.02 USD) - 2022/07/09 16:32:46 PT [2022/07/09 19:32:46 ET]
Table 'Cline III' 9-max Seat #1 is the button
Seat 1: bob4tier ($1.05 in chips) 
Seat 2: vini_wontroba ($2.32 in chips) 
Seat 3: HellNative ($2.60 in chips) 
Seat 4: Dorex2007 ($4.66 in chips) 
Seat 5: Knobiwahn ($2.01 in chips) 
Seat 6: tayde310 ($3.79 in chips) 
Seat 7: gloommyrat ($2.80 in chips) 
Seat 8: victordyfox ($1.55 in chips) 
Seat 9: alexvgb444 ($1.70 in chips) 
vini_wontroba: posts small blind $0.01
HellNative: posts big blind $0.02
*** HOLE CARDS ***
Dealt to Dorex2007 [Ah Ts]
Dorex2007: folds 
Knobiwahn: folds 
tayde310: folds 
gloommyrat: folds 
victordyfox: folds 
alexvgb444: folds 
bob4tier: raises $0.06 to $0.08
vini_wontroba: folds 
HellNative: folds 
Uncalled bet ($0.06) returned to bob4tier
bob4tier collected $0.05 from pot
*** SUMMARY ***
Total pot $0.05 | Rake $0 
Seat 1: bob4tier (button) collected ($0.05)
Seat 2: vini_wontroba (small blind) folded before Flop
Seat 3: HellNative (big blind) folded before Flop
Seat 4: Dorex2007 folded before Flop (didn't bet)
Seat 5: Knobiwahn folded before Flop (didn't bet)
Seat 6: tayde310 folded before Flop (didn't bet)
Seat 7: gloommyrat folded before Flop (didn't bet)
Seat 8: victordyfox folded before Flop (didn't bet)
Seat 9: alexvgb444 folded before Flop (didn't bet)



PokerStars Hand #237264012546:  Hold'em No Limit ($0.01/$0.02 USD) - 2022/07/09 16:33:03 PT [2022/07/09 19:33:03 ET]
Table 'Cline III' 9-max Seat #2 is the button
Seat 1: bob4tier ($1.08 in chips) 
Seat 2: vini_wontroba ($2.31 in chips) 
Seat 3: HellNative ($2.58 in chips) 
Seat 4: Dorex2007 ($4.66 in chips) 
Seat 5: Knobiwahn ($2.01 in chips) 
Seat 6: tayde310 ($3.79 in chips) 
Seat 7: gloommyrat ($2.80 in chips) 
Seat 8: victordyfox ($1.55 in chips) 
Seat 9: alexvgb444 ($1.70 in chips) 
HellNative: posts small blind $0.01
Dorex2007: posts big blind $0.02
*** HOLE CARDS ***
Dealt to Dorex2007 [4d 3h]
Knobiwahn: raises $0.04 to $0.06
tayde310: folds 
gloommyrat: folds 
victordyfox: folds 
alexvgb444: calls $0.06
bob4tier: calls $0.06
vini_wontroba: folds 
HellNative: folds 
Dorex2007: folds 
*** FLOP *** [Ac Jh 6h]
Knobiwahn: checks 
alexvgb444: bets $0.04
bob4tier: folds 
Knobiwahn: calls $0.04
*** TURN *** [Ac Jh 6h] [Jc]
Knobiwahn is disconnected 
Knobiwahn is connected 
Knobiwahn: checks 
alexvgb444: checks 
*** RIVER *** [Ac Jh 6h Jc] [5s]
Knobiwahn: checks 
alexvgb444: checks 
*** SHOW DOWN ***
Knobiwahn: shows [Kd Qd] (a pair of Jacks)
alexvgb444: mucks hand 
Knobiwahn collected $0.28 from pot
*** SUMMARY ***
Total pot $0.29 | Rake $0.01 
Board [Ac Jh 6h Jc 5s]
Seat 1: bob4tier folded on the Flop
Seat 2: vini_wontroba (button) folded before Flop (didn't bet)
Seat 3: HellNative (small blind) folded before Flop
Seat 4: Dorex2007 (big blind) folded before Flop
Seat 5: Knobiwahn showed [Kd Qd] and won ($0.28) with a pair of Jacks
Seat 6: tayde310 folded before Flop (didn't bet)
Seat 7: gloommyrat folded before Flop (didn't bet)
Seat 8: victordyfox folded before Flop (didn't bet)
Seat 9: alexvgb444 mucked [Kh Ts]



PokerStars Hand #237264044046:  Hold'em No Limit ($0.01/$0.02 USD) - 2022/07/09 16:35:01 PT [2022/07/09 19:35:01 ET]
Table 'Cline III' 9-max Seat #3 is the button
Seat 1: bob4tier ($1.02 in chips) 
Seat 2: vini_wontroba ($2.31 in chips) 
Seat 3: HellNative ($2.57 in chips) 
Seat 4: Dorex2007 ($4.64 in chips) 
Seat 5: Knobiwahn ($2.19 in chips) 
Seat 6: tayde310 ($3.79 in chips) 
Seat 7: gloommyrat ($2.80 in chips) 
Seat 8: victordyfox ($1.55 in chips) 
Seat 9: alexvgb444 ($1.60 in chips) 
Dorex2007: posts small blind $0.01
Knobiwahn: posts big blind $0.02
*** HOLE CARDS ***
Dealt to Dorex2007 [As 9d]
tayde310: folds 
gloommyrat: raises $0.04 to $0.06
victordyfox: folds 
alexvgb444: folds 
bob4tier: folds 
vini_wontroba: folds 
HellNative: folds 
Dorex2007: folds 
Knobiwahn: folds 
Uncalled bet ($0.04) returned to gloommyrat
gloommyrat collected $0.05 from pot
*** SUMMARY ***
Total pot $0.05 | Rake $0 
Seat 1: bob4tier folded before Flop (didn't bet)
Seat 2: vini_wontroba folded before Flop (didn't bet)
Seat 3: HellNative (button) folded before Flop (didn't bet)
Seat 4: Dorex2007 (small blind) folded before Flop
Seat 5: Knobiwahn (big blind) folded before Flop
Seat 6: tayde310 folded before Flop (didn't bet)
Seat 7: gloommyrat collected ($0.05)
Seat 8: victordyfox folded before Flop (didn't bet)
Seat 9: alexvgb444 folded before Flop (didn't bet)



PokerStars Hand #237264049830:  Hold'em No Limit ($0.01/$0.02 USD) - 2022/07/09 16:35:23 PT [2022/07/09 19:35:23 ET]
Table 'Cline III' 9-max Seat #4 is the button
Seat 1: bob4tier ($1.02 in chips) 
Seat 2: vini_wontroba ($2.31 in chips) 
Seat 3: HellNative ($2.57 in chips) 
Seat 4: Dorex2007 ($4.63 in chips) 
Seat 5: Knobiwahn ($2.17 in chips) 
Seat 6: tayde310 ($3.79 in chips) 
Seat 7: gloommyrat ($2.83 in chips) 
Seat 8: victordyfox ($1.55 in chips) 
Seat 9: alexvgb444 ($1.60 in chips) 
Knobiwahn: posts small blind $0.01
tayde310: posts big blind $0.02
*** HOLE CARDS ***
Dealt to Dorex2007 [Qs Kc]
gloommyrat: folds 
victordyfox: raises $0.02 to $0.04
alexvgb444: folds 
bob4tier: folds 
vini_wontroba: raises $0.08 to $0.12
HellNative: folds 
Dorex2007: folds 
Knobiwahn: folds 
tayde310: folds 
victordyfox: calls $0.08
*** FLOP *** [3h Ac 8c]
victordyfox: bets $0.06
vini_wontroba: calls $0.06
*** TURN *** [3h Ac 8c] [3d]
victordyfox: bets $0.08
vini_wontroba: calls $0.08
*** RIVER *** [3h Ac 8c 3d] [Kd]
victordyfox: bets $0.08
vini_wontroba: raises $0.16 to $0.24
victordyfox: folds 
Uncalled bet ($0.16) returned to vini_wontroba
vini_wontroba collected $0.69 from pot
*** SUMMARY ***
Total pot $0.71 | Rake $0.02 
Board [3h Ac 8c 3d Kd]
Seat 1: bob4tier folded before Flop (didn't bet)
Seat 2: vini_wontroba collected ($0.69)
Seat 3: HellNative folded before Flop (didn't bet)
Seat 4: Dorex2007 (button) folded before Flop (didn't bet)
Seat 5: Knobiwahn (small blind) folded before Flop
Seat 6: tayde310 (big blind) folded before Flop
Seat 7: gloommyrat folded before Flop (didn't bet)
Seat 8: victordyfox folded on the River
Seat 9: alexvgb444 folded before Flop (didn't bet)



PokerStars Hand #237264071999:  Hold'em No Limit ($0.01/$0.02 USD) - 2022/07/09 16:36:31 PT [2022/07/09 19:36:31 ET]
Table 'Cline III' 9-max Seat #5 is the button
Seat 1: bob4tier ($1.02 in chips) 
Seat 2: vini_wontroba ($2.66 in chips) 
Seat 3: HellNative ($2.57 in chips) 
Seat 4: Dorex2007 ($4.63 in chips) 
Seat 5: Knobiwahn ($2.16 in chips) 
Seat 6: tayde310 ($3.77 in chips) 
Seat 7: gloommyrat ($2.83 in chips) 
Seat 8: victordyfox ($1.21 in chips) 
Seat 9: alexvgb444 ($1.60 in chips) 
tayde310: posts small blind $0.01
gloommyrat: posts big blind $0.02
*** HOLE CARDS ***
Dealt to Dorex2007 [Ts Js]
victordyfox: folds 
alexvgb444: folds 
bob4tier: folds 
vini_wontroba: folds 
HellNative: folds 
Dorex2007: raises $0.02 to $0.04
Knobiwahn: folds 
tayde310: raises $0.10 to $0.14
victordyfox leaves the table
gloommyrat: calls $0.12
Dorex2007: folds 
*** FLOP *** [8d As 7d]
tayde310: checks 
gloommyrat: bets $0.20
tayde310: folds 
Uncalled bet ($0.20) returned to gloommyrat
gloommyrat collected $0.31 from pot
*** SUMMARY ***
Total pot $0.32 | Rake $0.01 
Board [8d As 7d]
Seat 1: bob4tier folded before Flop (didn't bet)
Seat 2: vini_wontroba folded before Flop (didn't bet)
Seat 3: HellNative folded before Flop (didn't bet)
Seat 4: Dorex2007 folded before Flop
Seat 5: Knobiwahn (button) folded before Flop (didn't bet)
Seat 6: tayde310 (small blind) folded on the Flop
Seat 7: gloommyrat (big blind) collected ($0.31)
Seat 8: victordyfox folded before Flop (didn't bet)
Seat 9: alexvgb444 folded before Flop (didn't bet)



PokerStars Hand #237264081896:  Hold'em No Limit ($0.01/$0.02 USD) - 2022/07/09 16:37:09 PT [2022/07/09 19:37:09 ET]
Table 'Cline III' 9-max Seat #6 is the button
Seat 1: bob4tier ($1.02 in chips) 
Seat 2: vini_wontroba ($2.66 in chips) 
Seat 3: HellNative ($2.57 in chips) 
Seat 4: Dorex2007 ($4.59 in chips) 
Seat 5: Knobiwahn ($2.16 in chips) 
Seat 6: tayde310 ($3.63 in chips) 
Seat 7: gloommyrat ($3 in chips) 
Seat 9: alexvgb444 ($1.60 in chips) 
gloommyrat: posts small blind $0.01
alexvgb444: posts big blind $0.02
*** HOLE CARDS ***
Dealt to Dorex2007 [4h 6h]
bob4tier: folds 
TheOnlyMrTyCo joins the table at seat #8 
vini_wontroba: raises $0.04 to $0.06
HellNative: folds 
Dorex2007: folds 
Knobiwahn: folds 
tayde310: folds 
gloommyrat: raises $0.30 to $0.36
alexvgb444: folds 
vini_wontroba: folds 
Uncalled bet ($0.30) returned to gloommyrat
gloommyrat collected $0.14 from pot
*** SUMMARY ***
Total pot $0.14 | Rake $0 
Seat 1: bob4tier folded before Flop (didn't bet)
Seat 2: vini_wontroba folded before Flop
Seat 3: HellNative folded before Flop (didn't bet)
Seat 4: Dorex2007 folded before Flop (didn't bet)
Seat 5: Knobiwahn folded before Flop (didn't bet)
Seat 6: tayde310 (button) folded before Flop (didn't bet)
Seat 7: gloommyrat (small blind) collected ($0.14)
Seat 9: alexvgb444 (big blind) folded before Flop



