PokerStars Hand #223672391117:  Hold'em No Limit ($0.01/$0.02 USD) - 2021/02/10 22:22:10 PT [2021/02/11 1:22:10 ET]
Table 'Atlantis III' 9-max Seat #9 is the button
Seat 2: 60centPoker ($1.98 in chips) 
Seat 3: Achilles2582 ($2.05 in chips) 
Seat 4: tuz tuzovski ($2.29 in chips) 
Seat 5: Gennadich11 ($2.42 in chips) 
Seat 6: Dumycbka ($2 in chips) 
Seat 7: hir142 ($0.55 in chips) 
Seat 8: Dorex2007 ($1.50 in chips) 
Seat 9: RazvanBabanu ($2.51 in chips) 
60centPoker: posts small blind $0.01
Achilles2582: posts big blind $0.02
Dorex2007: posts big blind $0.02
*** HOLE CARDS ***
Dealt to Dorex2007 [5s 4c]
tuz tuzovski: raises $0.04 to $0.06
Gennadich11: folds 
Dumycbka: calls $0.06
hir142: folds 
Dorex2007: folds 
RazvanBabanu: folds 
dhabiles52 joins the table at seat #1 
60centPoker: folds 
Achilles2582: calls $0.04
*** FLOP *** [3h 5h 3s]
Achilles2582: bets $0.10
tuz tuzovski: raises $0.10 to $0.20
Dumycbka: folds 
Achilles2582: calls $0.10
*** TURN *** [3h 5h 3s] [Ah]
Achilles2582: checks 
tuz tuzovski: bets $0.36
Achilles2582: raises $0.72 to $1.08
tuz tuzovski: calls $0.72
*** RIVER *** [3h 5h 3s Ah] [4d]
Achilles2582: bets $0.71 and is all-in
tuz tuzovski: folds 
Uncalled bet ($0.71) returned to Achilles2582
Achilles2582 collected $2.67 from pot
Achilles2582: shows [4h]
*** SUMMARY ***
Total pot $2.77 | Rake $0.10 
Board [3h 5h 3s Ah 4d]
Seat 2: 60centPoker (small blind) folded before Flop
Seat 3: Achilles2582 (big blind) collected ($2.67)
Seat 4: tuz tuzovski folded on the River
Seat 5: Gennadich11 folded before Flop (didn't bet)
Seat 6: Dumycbka folded on the Flop
Seat 7: hir142 folded before Flop (didn't bet)
Seat 8: Dorex2007 folded before Flop (didn't bet)
Seat 9: RazvanBabanu (button) folded before Flop (didn't bet)



PokerStars Hand #223672414612:  Hold'em No Limit ($0.01/$0.02 USD) - 2021/02/10 22:24:18 PT [2021/02/11 1:24:18 ET]
Table 'Atlantis III' 9-max Seat #2 is the button
Seat 1: dhabiles52 ($2 in chips) 
Seat 2: 60centPoker ($1.97 in chips) 
Seat 3: Achilles2582 ($3.38 in chips) 
Seat 4: tuz tuzovski ($2 in chips) 
Seat 5: Gennadich11 ($2.42 in chips) 
Seat 6: Dumycbka ($2 in chips) 
Seat 7: hir142 ($0.55 in chips) 
Seat 8: Dorex2007 ($1.48 in chips) 
Seat 9: RazvanBabanu ($2.51 in chips) 
Achilles2582: posts small blind $0.01
tuz tuzovski: posts big blind $0.02
dhabiles52: posts big blind $0.02
*** HOLE CARDS ***
Dealt to Dorex2007 [4c 9s]
Gennadich11 has timed out
Gennadich11: folds 
Dumycbka: folds 
hir142: folds 
Dorex2007: folds 
RazvanBabanu: folds 
dhabiles52: raises $0.05 to $0.07
60centPoker: raises $0.09 to $0.16
Achilles2582: folds 
tuz tuzovski: folds 
dhabiles52: calls $0.09
*** FLOP *** [Qd 3c 5s]
dhabiles52: checks 
60centPoker: checks 
*** TURN *** [Qd 3c 5s] [Td]
dhabiles52: bets $0.27
60centPoker: folds 
Uncalled bet ($0.27) returned to dhabiles52
dhabiles52 collected $0.34 from pot
dhabiles52: doesn't show hand 
*** SUMMARY ***
Total pot $0.35 | Rake $0.01 
Board [Qd 3c 5s Td]
Seat 1: dhabiles52 collected ($0.34)
Seat 2: 60centPoker (button) folded on the Turn
Seat 3: Achilles2582 (small blind) folded before Flop
Seat 4: tuz tuzovski (big blind) folded before Flop
Seat 5: Gennadich11 folded before Flop (didn't bet)
Seat 6: Dumycbka folded before Flop (didn't bet)
Seat 7: hir142 folded before Flop (didn't bet)
Seat 8: Dorex2007 folded before Flop (didn't bet)
Seat 9: RazvanBabanu folded before Flop (didn't bet)



PokerStars Hand #223672427375:  Hold'em No Limit ($0.01/$0.02 USD) - 2021/02/10 22:25:28 PT [2021/02/11 1:25:28 ET]
Table 'Atlantis III' 9-max Seat #3 is the button
Seat 1: dhabiles52 ($2.18 in chips) 
Seat 2: 60centPoker ($1.81 in chips) 
Seat 3: Achilles2582 ($3.37 in chips) 
Seat 4: tuz tuzovski ($2 in chips) 
Seat 6: Dumycbka ($2 in chips) 
Seat 7: hir142 ($0.55 in chips) 
Seat 8: Dorex2007 ($1.48 in chips) 
Seat 9: RazvanBabanu ($2.51 in chips) 
tuz tuzovski: posts small blind $0.01
Dumycbka: posts big blind $0.02
*** HOLE CARDS ***
Dealt to Dorex2007 [3d Ac]
hir142: folds 
Dorex2007: folds 
RazvanBabanu: folds 
dhabiles52: folds 
60centPoker: folds 
Achilles2582: raises $0.05 to $0.07
tuz tuzovski: raises $0.11 to $0.18
Dumycbka: calls $0.16
Achilles2582: calls $0.11
*** FLOP *** [3h 6h 6d]
tuz tuzovski: checks 
Dumycbka: checks 
Achilles2582: checks 
*** TURN *** [3h 6h 6d] [8d]
tuz tuzovski: bets $0.26
Dumycbka: folds 
Achilles2582: calls $0.26
*** RIVER *** [3h 6h 6d 8d] [Ts]
tuz tuzovski: bets $0.52
Achilles2582: folds [5h]
Uncalled bet ($0.52) returned to tuz tuzovski
tuz tuzovski collected $1.02 from pot
tuz tuzovski: doesn't show hand 
*** SUMMARY ***
Total pot $1.06 | Rake $0.04 
Board [3h 6h 6d 8d Ts]
Seat 1: dhabiles52 folded before Flop (didn't bet)
Seat 2: 60centPoker folded before Flop (didn't bet)
Seat 3: Achilles2582 (button) folded on the River
Seat 4: tuz tuzovski (small blind) collected ($1.02)
Seat 6: Dumycbka (big blind) folded on the Turn
Seat 7: hir142 folded before Flop (didn't bet)
Seat 8: Dorex2007 folded before Flop (didn't bet)
Seat 9: RazvanBabanu folded before Flop (didn't bet)



PokerStars Hand #223672447550:  Hold'em No Limit ($0.01/$0.02 USD) - 2021/02/10 22:27:19 PT [2021/02/11 1:27:19 ET]
Table 'Atlantis III' 9-max Seat #4 is the button
Seat 1: dhabiles52 ($2.18 in chips) 
Seat 2: 60centPoker ($1.81 in chips) 
Seat 3: Achilles2582 ($2.93 in chips) 
Seat 4: tuz tuzovski ($2.58 in chips) 
Seat 6: Dumycbka ($2 in chips) 
Seat 7: hir142 ($0.55 in chips) 
Seat 8: Dorex2007 ($1.48 in chips) 
Seat 9: RazvanBabanu ($2.51 in chips) 
Dumycbka: posts small blind $0.01
hir142: posts big blind $0.02
*** HOLE CARDS ***
Dealt to Dorex2007 [Kd 3c]
Dorex2007: folds 
RazvanBabanu: raises $0.04 to $0.06
dhabiles52: folds 
60centPoker: folds 
Achilles2582: calls $0.06
tuz tuzovski: raises $0.06 to $0.12
Dumycbka: folds 
hir142: folds 
RazvanBabanu: calls $0.06
Achilles2582: calls $0.06
*** FLOP *** [7d As Ac]
RazvanBabanu: checks 
Achilles2582: checks 
tuz tuzovski: bets $0.14
RazvanBabanu: folds 
Achilles2582: calls $0.14
*** TURN *** [7d As Ac] [7h]
Achilles2582: checks 
tuz tuzovski: bets $0.32
Achilles2582: raises $0.67 to $0.99
tuz tuzovski: folds 
Uncalled bet ($0.67) returned to Achilles2582
Achilles2582 collected $1.26 from pot
*** SUMMARY ***
Total pot $1.31 | Rake $0.05 
Board [7d As Ac 7h]
Seat 1: dhabiles52 folded before Flop (didn't bet)
Seat 2: 60centPoker folded before Flop (didn't bet)
Seat 3: Achilles2582 collected ($1.26)
Seat 4: tuz tuzovski (button) folded on the Turn
Seat 6: Dumycbka (small blind) folded before Flop
Seat 7: hir142 (big blind) folded before Flop
Seat 8: Dorex2007 folded before Flop (didn't bet)
Seat 9: RazvanBabanu folded on the Flop



PokerStars Hand #223672464132:  Hold'em No Limit ($0.01/$0.02 USD) - 2021/02/10 22:28:50 PT [2021/02/11 1:28:50 ET]
Table 'Atlantis III' 9-max Seat #6 is the button
Seat 2: 60centPoker ($1.81 in chips) 
Seat 3: Achilles2582 ($3.61 in chips) 
Seat 4: tuz tuzovski ($2 in chips) 
Seat 6: Dumycbka ($2 in chips) 
Seat 7: hir142 ($0.53 in chips) 
Seat 8: Dorex2007 ($1.48 in chips) 
Seat 9: RazvanBabanu ($2.39 in chips) 
hir142: posts small blind $0.01
Dorex2007: posts big blind $0.02
*** HOLE CARDS ***
Dealt to Dorex2007 [3s Ah]
RazvanBabanu: folds 
60centPoker: folds 
Achilles2582: folds 
tuz tuzovski: folds 
Dumycbka: folds 
hir142: folds 
Uncalled bet ($0.01) returned to Dorex2007
Dorex2007 collected $0.02 from pot
Dorex2007: doesn't show hand 
*** SUMMARY ***
Total pot $0.02 | Rake $0 
Seat 2: 60centPoker folded before Flop (didn't bet)
Seat 3: Achilles2582 folded before Flop (didn't bet)
Seat 4: tuz tuzovski folded before Flop (didn't bet)
Seat 6: Dumycbka (button) folded before Flop (didn't bet)
Seat 7: hir142 (small blind) folded before Flop
Seat 8: Dorex2007 (big blind) collected ($0.02)
Seat 9: RazvanBabanu folded before Flop (didn't bet)



PokerStars Hand #223672467565:  Hold'em No Limit ($0.01/$0.02 USD) - 2021/02/10 22:29:09 PT [2021/02/11 1:29:09 ET]
Table 'Atlantis III' 9-max Seat #7 is the button
Seat 2: 60centPoker ($1.81 in chips) 
Seat 3: Achilles2582 ($3.61 in chips) 
Seat 4: tuz tuzovski ($2 in chips) 
Seat 6: Dumycbka ($2 in chips) 
Seat 7: hir142 ($0.52 in chips) 
Seat 8: Dorex2007 ($1.49 in chips) 
Seat 9: RazvanBabanu ($2.39 in chips) 
Dorex2007: posts small blind $0.01
RazvanBabanu: posts big blind $0.02
*** HOLE CARDS ***
Dealt to Dorex2007 [Ts 3d]
60centPoker has timed out
60centPoker: folds 
Achilles2582: folds 
tuz tuzovski: raises $0.04 to $0.06
Dumycbka: calls $0.06
hir142: raises $0.46 to $0.52 and is all-in
Dorex2007: folds 
RazvanBabanu: folds 
tuz tuzovski: folds 
Dumycbka: folds 
Uncalled bet ($0.46) returned to hir142
hir142 collected $0.21 from pot
hir142: doesn't show hand 
*** SUMMARY ***
Total pot $0.21 | Rake $0 
Seat 2: 60centPoker folded before Flop (didn't bet)
Seat 3: Achilles2582 folded before Flop (didn't bet)
Seat 4: tuz tuzovski folded before Flop
Seat 6: Dumycbka folded before Flop
Seat 7: hir142 (button) collected ($0.21)
Seat 8: Dorex2007 (small blind) folded before Flop
Seat 9: RazvanBabanu (big blind) folded before Flop



PokerStars Hand #223672475047:  Hold'em No Limit ($0.01/$0.02 USD) - 2021/02/10 22:29:50 PT [2021/02/11 1:29:50 ET]
Table 'Atlantis III' 9-max Seat #8 is the button
Seat 2: 60centPoker ($1.81 in chips) 
Seat 3: Achilles2582 ($3.61 in chips) 
Seat 4: tuz tuzovski ($2 in chips) 
Seat 6: Dumycbka ($2 in chips) 
Seat 7: hir142 ($0.67 in chips) 
Seat 8: Dorex2007 ($1.48 in chips) 
Seat 9: RazvanBabanu ($2.37 in chips) 
RazvanBabanu: posts small blind $0.01
60centPoker: posts big blind $0.02
*** HOLE CARDS ***
Dealt to Dorex2007 [9c 8h]
Achilles2582: folds 
tuz tuzovski: folds 
Dumycbka: folds 
hir142: folds 
Dorex2007: folds 
RazvanBabanu: folds 
Uncalled bet ($0.01) returned to 60centPoker
60centPoker collected $0.02 from pot
60centPoker: doesn't show hand 
*** SUMMARY ***
Total pot $0.02 | Rake $0 
Seat 2: 60centPoker (big blind) collected ($0.02)
Seat 3: Achilles2582 folded before Flop (didn't bet)
Seat 4: tuz tuzovski folded before Flop (didn't bet)
Seat 6: Dumycbka folded before Flop (didn't bet)
Seat 7: hir142 folded before Flop (didn't bet)
Seat 8: Dorex2007 (button) folded before Flop (didn't bet)
Seat 9: RazvanBabanu (small blind) folded before Flop



PokerStars Hand #223672478898:  Hold'em No Limit ($0.01/$0.02 USD) - 2021/02/10 22:30:11 PT [2021/02/11 1:30:11 ET]
Table 'Atlantis III' 9-max Seat #9 is the button
Seat 2: 60centPoker ($1.82 in chips) 
Seat 3: Achilles2582 ($3.61 in chips) 
Seat 4: tuz tuzovski ($2 in chips) 
Seat 6: Dumycbka ($2 in chips) 
Seat 7: hir142 ($0.67 in chips) 
Seat 8: Dorex2007 ($1.48 in chips) 
Seat 9: RazvanBabanu ($2.36 in chips) 
60centPoker: posts small blind $0.01
Achilles2582: posts big blind $0.02
*** HOLE CARDS ***
Dealt to Dorex2007 [Qd 8d]
tuz tuzovski: folds 
Dumycbka: raises $0.06 to $0.08
hir142: calls $0.08
Dorex2007: folds 
RazvanBabanu: folds 
60centPoker: folds 
Achilles2582: folds 
*** FLOP *** [Jd Th 4s]
Dumycbka: checks 
hir142: bets $0.10
Dumycbka: folds 
Uncalled bet ($0.10) returned to hir142
hir142 collected $0.18 from pot
hir142: doesn't show hand 
*** SUMMARY ***
Total pot $0.19 | Rake $0.01 
Board [Jd Th 4s]
Seat 2: 60centPoker (small blind) folded before Flop
Seat 3: Achilles2582 (big blind) folded before Flop
Seat 4: tuz tuzovski folded before Flop (didn't bet)
Seat 6: Dumycbka folded on the Flop
Seat 7: hir142 collected ($0.18)
Seat 8: Dorex2007 folded before Flop (didn't bet)
Seat 9: RazvanBabanu (button) folded before Flop (didn't bet)



PokerStars Hand #223672485733:  Hold'em No Limit ($0.01/$0.02 USD) - 2021/02/10 22:30:49 PT [2021/02/11 1:30:49 ET]
Table 'Atlantis III' 9-max Seat #2 is the button
Seat 1: dhabiles52 ($2.18 in chips) 
Seat 2: 60centPoker ($1.81 in chips) 
Seat 3: Achilles2582 ($3.59 in chips) 
Seat 4: tuz tuzovski ($2 in chips) 
Seat 6: Dumycbka ($2 in chips) 
Seat 7: hir142 ($0.77 in chips) 
Seat 8: Dorex2007 ($1.48 in chips) 
Seat 9: RazvanBabanu ($2.36 in chips) 
Achilles2582: posts small blind $0.01
tuz tuzovski: posts big blind $0.02
dhabiles52: posts small & big blinds $0.03
*** HOLE CARDS ***
Dealt to Dorex2007 [Kh Ad]
Dumycbka: folds 
hir142: folds 
Dorex2007: raises $0.02 to $0.04
RazvanBabanu: folds 
dhabiles52: calls $0.02
60centPoker: folds 
Achilles2582: calls $0.03
tuz tuzovski: calls $0.02
*** FLOP *** [5d 2d Th]
Achilles2582: checks 
tuz tuzovski: checks 
Dorex2007: bets $0.08
dhabiles52: calls $0.08
Achilles2582: calls $0.08
tuz tuzovski: calls $0.08
*** TURN *** [5d 2d Th] [Qh]
Achilles2582: checks 
tuz tuzovski: checks 
Dorex2007: checks 
dhabiles52: checks 
*** RIVER *** [5d 2d Th Qh] [5s]
Achilles2582: bets $0.24
tuz tuzovski: folds 
Dorex2007: folds 
dhabiles52: folds 
Uncalled bet ($0.24) returned to Achilles2582
Achilles2582 collected $0.47 from pot
*** SUMMARY ***
Total pot $0.49 | Rake $0.02 
Board [5d 2d Th Qh 5s]
Seat 1: dhabiles52 folded on the River
Seat 2: 60centPoker (button) folded before Flop (didn't bet)
Seat 3: Achilles2582 (small blind) collected ($0.47)
Seat 4: tuz tuzovski (big blind) folded on the River
Seat 6: Dumycbka folded before Flop (didn't bet)
Seat 7: hir142 folded before Flop (didn't bet)
Seat 8: Dorex2007 folded on the River
Seat 9: RazvanBabanu folded before Flop (didn't bet)



PokerStars Hand #223672499178:  Hold'em No Limit ($0.01/$0.02 USD) - 2021/02/10 22:32:03 PT [2021/02/11 1:32:03 ET]
Table 'Atlantis III' 9-max Seat #3 is the button
Seat 1: dhabiles52 ($2.05 in chips) 
Seat 2: 60centPoker ($1.81 in chips) 
Seat 3: Achilles2582 ($3.94 in chips) 
Seat 4: tuz tuzovski ($2 in chips) 
Seat 6: Dumycbka ($2 in chips) 
Seat 7: hir142 ($0.77 in chips) 
Seat 8: Dorex2007 ($1.36 in chips) 
Seat 9: RazvanBabanu ($2.36 in chips) 
tuz tuzovski: posts small blind $0.01
Dumycbka: posts big blind $0.02
*** HOLE CARDS ***
Dealt to Dorex2007 [2d 8s]
hir142: folds 
Dorex2007: folds 
RazvanBabanu: folds 
dhabiles52: folds 
60centPoker: raises $0.04 to $0.06
Achilles2582: calls $0.06
tuz tuzovski: calls $0.05
Dumycbka: calls $0.04
*** FLOP *** [8h 5c 9c]
tuz tuzovski: checks 
Dumycbka: checks 
60centPoker: checks 
Achilles2582: bets $0.08
tuz tuzovski: calls $0.08
Dumycbka: folds 
60centPoker: folds 
*** TURN *** [8h 5c 9c] [Ts]
tuz tuzovski: checks 
Achilles2582: checks 
*** RIVER *** [8h 5c 9c Ts] [4h]
tuz tuzovski: checks 
Achilles2582: checks 
*** SHOW DOWN ***
tuz tuzovski: shows [As 5d] (a pair of Fives)
Achilles2582: shows [9d Jd] (a pair of Nines)
Achilles2582 collected $0.39 from pot
*** SUMMARY ***
Total pot $0.40 | Rake $0.01 
Board [8h 5c 9c Ts 4h]
Seat 1: dhabiles52 folded before Flop (didn't bet)
Seat 2: 60centPoker folded on the Flop
Seat 3: Achilles2582 (button) showed [9d Jd] and won ($0.39) with a pair of Nines
Seat 4: tuz tuzovski (small blind) showed [As 5d] and lost with a pair of Fives
Seat 6: Dumycbka (big blind) folded on the Flop
Seat 7: hir142 folded before Flop (didn't bet)
Seat 8: Dorex2007 folded before Flop (didn't bet)
Seat 9: RazvanBabanu folded before Flop (didn't bet)



PokerStars Hand #223672510986:  Hold'em No Limit ($0.01/$0.02 USD) - 2021/02/10 22:33:08 PT [2021/02/11 1:33:08 ET]
Table 'Atlantis III' 9-max Seat #4 is the button
Seat 1: dhabiles52 ($2.05 in chips) 
Seat 2: 60centPoker ($1.75 in chips) 
Seat 3: Achilles2582 ($4.19 in chips) 
Seat 4: tuz tuzovski ($2 in chips) 
Seat 6: Dumycbka ($2 in chips) 
Seat 7: hir142 ($0.77 in chips) 
Seat 8: Dorex2007 ($1.36 in chips) 
Seat 9: RazvanBabanu ($2.36 in chips) 
Dumycbka: posts small blind $0.01
hir142: posts big blind $0.02
*** HOLE CARDS ***
Dealt to Dorex2007 [7h 8h]
Dorex2007: folds 
RazvanBabanu: folds 
dhabiles52: folds 
60centPoker: folds 
Achilles2582: raises $0.05 to $0.07
tuz tuzovski: calls $0.07
Dumycbka: folds 
hir142: folds 
*** FLOP *** [Ts Kh 2d]
Achilles2582: checks 
tuz tuzovski: checks 
*** TURN *** [Ts Kh 2d] [Td]
Achilles2582: checks 
tuz tuzovski: bets $0.12
Achilles2582: calls $0.12
*** RIVER *** [Ts Kh 2d Td] [5h]
Achilles2582: checks 
tuz tuzovski: bets $0.32
Achilles2582: folds 
Uncalled bet ($0.32) returned to tuz tuzovski
tuz tuzovski collected $0.40 from pot
tuz tuzovski: doesn't show hand 
*** SUMMARY ***
Total pot $0.41 | Rake $0.01 
Board [Ts Kh 2d Td 5h]
Seat 1: dhabiles52 folded before Flop (didn't bet)
Seat 2: 60centPoker folded before Flop (didn't bet)
Seat 3: Achilles2582 folded on the River
Seat 4: tuz tuzovski (button) collected ($0.40)
Seat 6: Dumycbka (small blind) folded before Flop
Seat 7: hir142 (big blind) folded before Flop
Seat 8: Dorex2007 folded before Flop (didn't bet)
Seat 9: RazvanBabanu folded before Flop (didn't bet)



PokerStars Hand #223672523531:  Hold'em No Limit ($0.01/$0.02 USD) - 2021/02/10 22:34:18 PT [2021/02/11 1:34:18 ET]
Table 'Atlantis III' 9-max Seat #6 is the button
Seat 1: dhabiles52 ($2.05 in chips) 
Seat 2: 60centPoker ($1.75 in chips) 
Seat 3: Achilles2582 ($4 in chips) 
Seat 4: tuz tuzovski ($2.21 in chips) 
Seat 6: Dumycbka ($2 in chips) 
Seat 7: hir142 ($0.75 in chips) 
Seat 8: Dorex2007 ($1.36 in chips) 
Seat 9: RazvanBabanu ($2.36 in chips) 
hir142: posts small blind $0.01
Dorex2007: posts big blind $0.02
*** HOLE CARDS ***
Dealt to Dorex2007 [Qs Kh]
RazvanBabanu: folds 
dhabiles52: folds 
60centPoker: folds 
Achilles2582: raises $0.05 to $0.07
tuz tuzovski: raises $0.11 to $0.18
Dumycbka: folds 
hir142: folds 
Dorex2007: folds 
Achilles2582: folds [Ad]
Uncalled bet ($0.11) returned to tuz tuzovski
tuz tuzovski collected $0.17 from pot
tuz tuzovski: doesn't show hand 
*** SUMMARY ***
Total pot $0.17 | Rake $0 
Seat 1: dhabiles52 folded before Flop (didn't bet)
Seat 2: 60centPoker folded before Flop (didn't bet)
Seat 3: Achilles2582 folded before Flop
Seat 4: tuz tuzovski collected ($0.17)
Seat 6: Dumycbka (button) folded before Flop (didn't bet)
Seat 7: hir142 (small blind) folded before Flop
Seat 8: Dorex2007 (big blind) folded before Flop
Seat 9: RazvanBabanu folded before Flop (didn't bet)



PokerStars Hand #223672529277:  Hold'em No Limit ($0.01/$0.02 USD) - 2021/02/10 22:34:49 PT [2021/02/11 1:34:49 ET]
Table 'Atlantis III' 9-max Seat #7 is the button
Seat 1: dhabiles52 ($2.05 in chips) 
Seat 2: 60centPoker ($1.75 in chips) 
Seat 3: Achilles2582 ($3.93 in chips) 
Seat 4: tuz tuzovski ($2.31 in chips) 
Seat 6: Dumycbka ($2 in chips) 
Seat 7: hir142 ($0.74 in chips) 
Seat 8: Dorex2007 ($1.34 in chips) 
Seat 9: RazvanBabanu ($2.36 in chips) 
Dorex2007: posts small blind $0.01
RazvanBabanu: posts big blind $0.02
*** HOLE CARDS ***
Dealt to Dorex2007 [Qc 9d]
dhabiles52: folds 
60centPoker: folds 
Achilles2582: folds 
tuz tuzovski: folds 
Dumycbka: folds 
hir142: folds 
Dorex2007: calls $0.01
RazvanBabanu: checks 
*** FLOP *** [7h 9c 4d]
Dorex2007: bets $0.04
RazvanBabanu: folds 
Uncalled bet ($0.04) returned to Dorex2007
Dorex2007 collected $0.04 from pot
Dorex2007: doesn't show hand 
*** SUMMARY ***
Total pot $0.04 | Rake $0 
Board [7h 9c 4d]
Seat 1: dhabiles52 folded before Flop (didn't bet)
Seat 2: 60centPoker folded before Flop (didn't bet)
Seat 3: Achilles2582 folded before Flop (didn't bet)
Seat 4: tuz tuzovski folded before Flop (didn't bet)
Seat 6: Dumycbka folded before Flop (didn't bet)
Seat 7: hir142 (button) folded before Flop (didn't bet)
Seat 8: Dorex2007 (small blind) collected ($0.04)
Seat 9: RazvanBabanu (big blind) folded on the Flop



PokerStars Hand #223672534432:  Hold'em No Limit ($0.01/$0.02 USD) - 2021/02/10 22:35:18 PT [2021/02/11 1:35:18 ET]
Table 'Atlantis III' 9-max Seat #8 is the button
Seat 1: dhabiles52 ($2.05 in chips) 
Seat 2: 60centPoker ($1.75 in chips) 
Seat 3: Achilles2582 ($3.93 in chips) 
Seat 4: tuz tuzovski ($2.31 in chips) 
Seat 6: Dumycbka ($2 in chips) 
Seat 7: hir142 ($0.74 in chips) 
Seat 8: Dorex2007 ($1.36 in chips) 
Seat 9: RazvanBabanu ($2.34 in chips) 
RazvanBabanu: posts small blind $0.01
dhabiles52: posts big blind $0.02
*** HOLE CARDS ***
Dealt to Dorex2007 [Qh 2s]
60centPoker has timed out
60centPoker: folds 
Achilles2582: folds 
tuz tuzovski: folds 
Dumycbka: raises $0.06 to $0.08
hir142: calls $0.08
Dorex2007: folds 
RazvanBabanu: folds 
dhabiles52: calls $0.06
*** FLOP *** [9c 4c 8d]
dhabiles52: checks 
Dumycbka: checks 
hir142: checks 
*** TURN *** [9c 4c 8d] [5s]
dhabiles52: bets $0.19
Dumycbka: calls $0.19
hir142: folds 
*** RIVER *** [9c 4c 8d 5s] [4d]
dhabiles52: checks 
Dumycbka: checks 
*** SHOW DOWN ***
dhabiles52: shows [Tc Ts] (two pair, Tens and Fours)
Dumycbka: mucks hand 
dhabiles52 collected $0.61 from pot
*** SUMMARY ***
Total pot $0.63 | Rake $0.02 
Board [9c 4c 8d 5s 4d]
Seat 1: dhabiles52 (big blind) showed [Tc Ts] and won ($0.61) with two pair, Tens and Fours
Seat 2: 60centPoker folded before Flop (didn't bet)
Seat 3: Achilles2582 folded before Flop (didn't bet)
Seat 4: tuz tuzovski folded before Flop (didn't bet)
Seat 6: Dumycbka mucked [7h 8c]
Seat 7: hir142 folded on the Turn
Seat 8: Dorex2007 (button) folded before Flop (didn't bet)
Seat 9: RazvanBabanu (small blind) folded before Flop



PokerStars Hand #223672546279:  Hold'em No Limit ($0.01/$0.02 USD) - 2021/02/10 22:36:23 PT [2021/02/11 1:36:23 ET]
Table 'Atlantis III' 9-max Seat #9 is the button
Seat 1: dhabiles52 ($2.39 in chips) 
Seat 2: 60centPoker ($1.75 in chips) 
Seat 3: Achilles2582 ($3.93 in chips) 
Seat 6: Dumycbka ($2 in chips) 
Seat 7: hir142 ($0.66 in chips) 
Seat 8: Dorex2007 ($1.36 in chips) 
Seat 9: RazvanBabanu ($2.33 in chips) 
dhabiles52: posts small blind $0.01
60centPoker: posts big blind $0.02
*** HOLE CARDS ***
Dealt to Dorex2007 [Qd 6h]
Achilles2582: folds 
Dumycbka: folds 
hir142: raises $0.04 to $0.06
Dorex2007: folds 
RazvanBabanu: folds 
dhabiles52: folds 
60centPoker: folds 
Uncalled bet ($0.04) returned to hir142
hir142 collected $0.05 from pot
hir142: doesn't show hand 
*** SUMMARY ***
Total pot $0.05 | Rake $0 
Seat 1: dhabiles52 (small blind) folded before Flop
Seat 2: 60centPoker (big blind) folded before Flop
Seat 3: Achilles2582 folded before Flop (didn't bet)
Seat 6: Dumycbka folded before Flop (didn't bet)
Seat 7: hir142 collected ($0.05)
Seat 8: Dorex2007 folded before Flop (didn't bet)
Seat 9: RazvanBabanu (button) folded before Flop (didn't bet)



PokerStars Hand #223672550374:  Hold'em No Limit ($0.01/$0.02 USD) - 2021/02/10 22:36:45 PT [2021/02/11 1:36:45 ET]
Table 'Atlantis III' 9-max Seat #1 is the button
Seat 1: dhabiles52 ($2.38 in chips) 
Seat 2: 60centPoker ($1.73 in chips) 
Seat 3: Achilles2582 ($3.93 in chips) 
Seat 4: tuz tuzovski ($2.31 in chips) 
Seat 6: Dumycbka ($2 in chips) 
Seat 7: hir142 ($0.69 in chips) 
Seat 8: Dorex2007 ($1.36 in chips) 
Seat 9: RazvanBabanu ($2.33 in chips) 
60centPoker: posts small blind $0.01
Achilles2582: posts big blind $0.02
*** HOLE CARDS ***
Dealt to Dorex2007 [Ac 6c]
tuz tuzovski: folds 
Dumycbka: folds 
hir142: folds 
Dorex2007: raises $0.04 to $0.06
RazvanBabanu: folds 
dhabiles52: folds 
60centPoker: folds 
Achilles2582: folds 
Uncalled bet ($0.04) returned to Dorex2007
Dorex2007 collected $0.05 from pot
Dorex2007: doesn't show hand 
*** SUMMARY ***
Total pot $0.05 | Rake $0 
Seat 1: dhabiles52 (button) folded before Flop (didn't bet)
Seat 2: 60centPoker (small blind) folded before Flop
Seat 3: Achilles2582 (big blind) folded before Flop
Seat 4: tuz tuzovski folded before Flop (didn't bet)
Seat 6: Dumycbka folded before Flop (didn't bet)
Seat 7: hir142 folded before Flop (didn't bet)
Seat 8: Dorex2007 collected ($0.05)
Seat 9: RazvanBabanu folded before Flop (didn't bet)



PokerStars Hand #223672563380:  Hold'em No Limit ($0.01/$0.02 USD) - 2021/02/10 22:37:05 PT [2021/02/11 1:37:05 ET]
Table 'Atlantis III' 9-max Seat #2 is the button
Seat 1: dhabiles52 ($2.38 in chips) 
Seat 2: 60centPoker ($1.72 in chips) 
Seat 3: Achilles2582 ($3.91 in chips) 
Seat 4: tuz tuzovski ($2.31 in chips) 
Seat 6: Dumycbka ($2 in chips) 
Seat 7: hir142 ($0.69 in chips) 
Seat 8: Dorex2007 ($1.39 in chips) 
Seat 9: RazvanBabanu ($2.33 in chips) 
Achilles2582: posts small blind $0.01
tuz tuzovski: posts big blind $0.02
*** HOLE CARDS ***
Dealt to Dorex2007 [9h 3h]
Dumycbka: folds 
hir142: folds 
Dorex2007: folds 
RazvanBabanu: folds 
dhabiles52: raises $0.02 to $0.04
60centPoker: folds 
Achilles2582: calls $0.03
tuz tuzovski: folds 
*** FLOP *** [Kd 5s Jh]
Achilles2582: checks 
dhabiles52: checks 
*** TURN *** [Kd 5s Jh] [2d]
Achilles2582: bets $0.05
dhabiles52: calls $0.05
*** RIVER *** [Kd 5s Jh 2d] [Jd]
Achilles2582: bets $0.10
dhabiles52: raises $0.15 to $0.25
Achilles2582: folds 
Uncalled bet ($0.15) returned to dhabiles52
dhabiles52 collected $0.39 from pot
dhabiles52: doesn't show hand 
*** SUMMARY ***
Total pot $0.40 | Rake $0.01 
Board [Kd 5s Jh 2d Jd]
Seat 1: dhabiles52 collected ($0.39)
Seat 2: 60centPoker (button) folded before Flop (didn't bet)
Seat 3: Achilles2582 (small blind) folded on the River
Seat 4: tuz tuzovski (big blind) folded before Flop
Seat 6: Dumycbka folded before Flop (didn't bet)
Seat 7: hir142 folded before Flop (didn't bet)
Seat 8: Dorex2007 folded before Flop (didn't bet)
Seat 9: RazvanBabanu folded before Flop (didn't bet)



PokerStars Hand #223672576044:  Hold'em No Limit ($0.01/$0.02 USD) - 2021/02/10 22:38:15 PT [2021/02/11 1:38:15 ET]
Table 'Atlantis III' 9-max Seat #3 is the button
Seat 1: dhabiles52 ($2.58 in chips) 
Seat 2: 60centPoker ($1.72 in chips) 
Seat 3: Achilles2582 ($3.72 in chips) 
Seat 4: tuz tuzovski ($2.29 in chips) 
Seat 6: Dumycbka ($2 in chips) 
Seat 7: hir142 ($0.69 in chips) 
Seat 8: Dorex2007 ($1.39 in chips) 
Seat 9: RazvanBabanu ($2.33 in chips) 
tuz tuzovski: posts small blind $0.01
Dumycbka: posts big blind $0.02
*** HOLE CARDS ***
Dealt to Dorex2007 [6c Kd]
hir142: raises $0.04 to $0.06
Dorex2007: folds 
RazvanBabanu: folds 
dhabiles52: raises $0.15 to $0.21
60centPoker: folds 
Achilles2582: folds 
tuz tuzovski: folds 
Dumycbka: folds 
hir142: calls $0.15
*** FLOP *** [9s 3c 4s]
hir142: checks 
dhabiles52: bets $0.16
hir142: calls $0.16
*** TURN *** [9s 3c 4s] [Kc]
hir142: bets $0.32 and is all-in
dhabiles52: calls $0.32
*** RIVER *** [9s 3c 4s Kc] [3d]
*** SHOW DOWN ***
hir142: shows [Ad Jh] (a pair of Threes)
dhabiles52: shows [Qc Qd] (two pair, Queens and Threes)
dhabiles52 collected $1.36 from pot
*** SUMMARY ***
Total pot $1.41 | Rake $0.05 
Board [9s 3c 4s Kc 3d]
Seat 1: dhabiles52 showed [Qc Qd] and won ($1.36) with two pair, Queens and Threes
Seat 2: 60centPoker folded before Flop (didn't bet)
Seat 3: Achilles2582 (button) folded before Flop (didn't bet)
Seat 4: tuz tuzovski (small blind) folded before Flop
Seat 6: Dumycbka (big blind) folded before Flop
Seat 7: hir142 showed [Ad Jh] and lost with a pair of Threes
Seat 8: Dorex2007 folded before Flop (didn't bet)
Seat 9: RazvanBabanu folded before Flop (didn't bet)



PokerStars Hand #223672584721:  Hold'em No Limit ($0.01/$0.02 USD) - 2021/02/10 22:39:02 PT [2021/02/11 1:39:02 ET]
Table 'Atlantis III' 9-max Seat #4 is the button
Seat 1: dhabiles52 ($3.25 in chips) 
Seat 2: 60centPoker ($1.72 in chips) 
Seat 3: Achilles2582 ($3.72 in chips) 
Seat 4: tuz tuzovski ($2.28 in chips) 
Seat 6: Dumycbka ($2 in chips) 
Seat 8: Dorex2007 ($1.39 in chips) 
Seat 9: RazvanBabanu ($2.33 in chips) 
Dumycbka: posts small blind $0.01
Dorex2007: posts big blind $0.02
*** HOLE CARDS ***
Dealt to Dorex2007 [8c 2d]
hir142 leaves the table
RazvanBabanu: folds 
dhabiles52: folds 
60centPoker: folds 
hir142 joins the table at seat #7 
Achilles2582: folds 
tuz tuzovski: folds 
Dumycbka: raises $0.06 to $0.08
Dorex2007: folds 
Uncalled bet ($0.06) returned to Dumycbka
Dumycbka collected $0.04 from pot
Dumycbka: doesn't show hand 
*** SUMMARY ***
Total pot $0.04 | Rake $0 
Seat 1: dhabiles52 folded before Flop (didn't bet)
Seat 2: 60centPoker folded before Flop (didn't bet)
Seat 3: Achilles2582 folded before Flop (didn't bet)
Seat 4: tuz tuzovski (button) folded before Flop (didn't bet)
Seat 6: Dumycbka (small blind) collected ($0.04)
Seat 8: Dorex2007 (big blind) folded before Flop
Seat 9: RazvanBabanu folded before Flop (didn't bet)



PokerStars Hand #223672588433:  Hold'em No Limit ($0.01/$0.02 USD) - 2021/02/10 22:39:23 PT [2021/02/11 1:39:23 ET]
Table 'Atlantis III' 9-max Seat #6 is the button
Seat 1: dhabiles52 ($3.25 in chips) 
Seat 2: 60centPoker ($1.72 in chips) 
Seat 3: Achilles2582 ($3.72 in chips) 
Seat 4: tuz tuzovski ($2.28 in chips) 
Seat 6: Dumycbka ($2.02 in chips) 
Seat 8: Dorex2007 ($1.37 in chips) 
Seat 9: RazvanBabanu ($2.33 in chips) 
Dorex2007: posts small blind $0.01
RazvanBabanu: posts big blind $0.02
*** HOLE CARDS ***
Dealt to Dorex2007 [Ac Jh]
dhabiles52: folds 
60centPoker: folds 
Achilles2582: folds 
tuz tuzovski: folds 
Dumycbka: raises $0.06 to $0.08
Dorex2007: calls $0.07
RazvanBabanu: folds 
*** FLOP *** [Jc 2s 2c]
Dorex2007: bets $0.17
Dumycbka: calls $0.17
*** TURN *** [Jc 2s 2c] [6h]
Dorex2007: checks 
Dumycbka: bets $0.50
Dorex2007: calls $0.50
*** RIVER *** [Jc 2s 2c 6h] [Qd]
Dorex2007: checks 
Dumycbka: checks 
*** SHOW DOWN ***
Dorex2007: shows [Ac Jh] (two pair, Jacks and Deuces)
Dumycbka: mucks hand 
Dorex2007 collected $1.47 from pot
*** SUMMARY ***
Total pot $1.52 | Rake $0.05 
Board [Jc 2s 2c 6h Qd]
Seat 1: dhabiles52 folded before Flop (didn't bet)
Seat 2: 60centPoker folded before Flop (didn't bet)
Seat 3: Achilles2582 folded before Flop (didn't bet)
Seat 4: tuz tuzovski folded before Flop (didn't bet)
Seat 6: Dumycbka (button) mucked [9h Js]
Seat 8: Dorex2007 (small blind) showed [Ac Jh] and won ($1.47) with two pair, Jacks and Deuces
Seat 9: RazvanBabanu (big blind) folded before Flop



PokerStars Hand #223672598470:  Hold'em No Limit ($0.01/$0.02 USD) - 2021/02/10 22:40:17 PT [2021/02/11 1:40:17 ET]
Table 'Atlantis III' 9-max Seat #8 is the button
Seat 1: dhabiles52 ($3.25 in chips) 
Seat 2: 60centPoker ($1.72 in chips) 
Seat 3: Achilles2582 ($3.72 in chips) 
Seat 4: tuz tuzovski ($2.28 in chips) 
Seat 6: Dumycbka ($2 in chips) 
Seat 8: Dorex2007 ($2.09 in chips) 
Seat 9: RazvanBabanu ($2.31 in chips) 
RazvanBabanu: posts small blind $0.01
dhabiles52: posts big blind $0.02
hir142: sits out 
*** HOLE CARDS ***
Dealt to Dorex2007 [Kc 5d]
60centPoker: folds 
Achilles2582: folds 
tuz tuzovski: folds 
Dumycbka: raises $0.06 to $0.08
Dorex2007: folds 
RazvanBabanu: folds 
dhabiles52: folds 
Uncalled bet ($0.06) returned to Dumycbka
Dumycbka collected $0.05 from pot
Dumycbka: doesn't show hand 
*** SUMMARY ***
Total pot $0.05 | Rake $0 
Seat 1: dhabiles52 (big blind) folded before Flop
Seat 2: 60centPoker folded before Flop (didn't bet)
Seat 3: Achilles2582 folded before Flop (didn't bet)
Seat 4: tuz tuzovski folded before Flop (didn't bet)
Seat 6: Dumycbka collected ($0.05)
Seat 8: Dorex2007 (button) folded before Flop (didn't bet)
Seat 9: RazvanBabanu (small blind) folded before Flop



PokerStars Hand #223672604335:  Hold'em No Limit ($0.01/$0.02 USD) - 2021/02/10 22:40:49 PT [2021/02/11 1:40:49 ET]
Table 'Atlantis III' 9-max Seat #9 is the button
Seat 1: dhabiles52 ($3.23 in chips) 
Seat 2: 60centPoker ($1.72 in chips) 
Seat 3: Achilles2582 ($3.72 in chips) 
Seat 4: tuz tuzovski ($2.28 in chips) 
Seat 6: Dumycbka ($2.03 in chips) 
Seat 8: Dorex2007 ($2.09 in chips) 
Seat 9: RazvanBabanu ($2.30 in chips) 
dhabiles52: posts small blind $0.01
60centPoker: posts big blind $0.02
hir142: sits out 
*** HOLE CARDS ***
Dealt to Dorex2007 [Td Kh]
Achilles2582: raises $0.04 to $0.06
tuz tuzovski: folds 
Dumycbka: calls $0.06
Dorex2007: folds 
RazvanBabanu: folds 
dhabiles52: raises $0.20 to $0.26
60centPoker: folds 
Achilles2582: folds 
Dumycbka: folds 
Uncalled bet ($0.20) returned to dhabiles52
dhabiles52 collected $0.20 from pot
dhabiles52: doesn't show hand 
*** SUMMARY ***
Total pot $0.20 | Rake $0 
Seat 1: dhabiles52 (small blind) collected ($0.20)
Seat 2: 60centPoker (big blind) folded before Flop
Seat 3: Achilles2582 folded before Flop
Seat 4: tuz tuzovski folded before Flop (didn't bet)
Seat 6: Dumycbka folded before Flop
Seat 8: Dorex2007 folded before Flop (didn't bet)
Seat 9: RazvanBabanu (button) folded before Flop (didn't bet)



PokerStars Hand #223672612870:  Hold'em No Limit ($0.01/$0.02 USD) - 2021/02/10 22:41:36 PT [2021/02/11 1:41:36 ET]
Table 'Atlantis III' 9-max Seat #1 is the button
Seat 1: dhabiles52 ($3.37 in chips) 
Seat 2: 60centPoker ($1.70 in chips) 
Seat 3: Achilles2582 ($3.66 in chips) 
Seat 4: tuz tuzovski ($2.28 in chips) 
Seat 6: Dumycbka ($2 in chips) 
Seat 8: Dorex2007 ($2.09 in chips) 
Seat 9: RazvanBabanu ($2.30 in chips) 
60centPoker: posts small blind $0.01
Achilles2582: posts big blind $0.02
hir142: sits out 
*** HOLE CARDS ***
Dealt to Dorex2007 [9s 3s]
tuz tuzovski: folds 
Dumycbka: folds 
Dorex2007: folds 
RazvanBabanu: folds 
dhabiles52: folds 
60centPoker: folds 
Uncalled bet ($0.01) returned to Achilles2582
Achilles2582 collected $0.02 from pot
*** SUMMARY ***
Total pot $0.02 | Rake $0 
Seat 1: dhabiles52 (button) folded before Flop (didn't bet)
Seat 2: 60centPoker (small blind) folded before Flop
Seat 3: Achilles2582 (big blind) collected ($0.02)
Seat 4: tuz tuzovski folded before Flop (didn't bet)
Seat 6: Dumycbka folded before Flop (didn't bet)
Seat 8: Dorex2007 folded before Flop (didn't bet)
Seat 9: RazvanBabanu folded before Flop (didn't bet)



PokerStars Hand #223672615102:  Hold'em No Limit ($0.01/$0.02 USD) - 2021/02/10 22:41:48 PT [2021/02/11 1:41:48 ET]
Table 'Atlantis III' 9-max Seat #2 is the button
Seat 1: dhabiles52 ($3.37 in chips) 
Seat 2: 60centPoker ($1.69 in chips) 
Seat 3: Achilles2582 ($3.67 in chips) 
Seat 4: tuz tuzovski ($2.28 in chips) 
Seat 6: Dumycbka ($2 in chips) 
Seat 8: Dorex2007 ($2.09 in chips) 
Seat 9: RazvanBabanu ($2.30 in chips) 
Achilles2582: posts small blind $0.01
tuz tuzovski: posts big blind $0.02
hir142: sits out 
*** HOLE CARDS ***
Dealt to Dorex2007 [9d 6d]
Dumycbka: folds 
Dorex2007: folds 
RazvanBabanu: folds 
dhabiles52: folds 
60centPoker: raises $0.04 to $0.06
Achilles2582: folds 
tuz tuzovski: folds 
Uncalled bet ($0.04) returned to 60centPoker
60centPoker collected $0.05 from pot
60centPoker: doesn't show hand 
*** SUMMARY ***
Total pot $0.05 | Rake $0 
Seat 1: dhabiles52 folded before Flop (didn't bet)
Seat 2: 60centPoker (button) collected ($0.05)
Seat 3: Achilles2582 (small blind) folded before Flop
Seat 4: tuz tuzovski (big blind) folded before Flop
Seat 6: Dumycbka folded before Flop (didn't bet)
Seat 8: Dorex2007 folded before Flop (didn't bet)
Seat 9: RazvanBabanu folded before Flop (didn't bet)



PokerStars Hand #223672618387:  Hold'em No Limit ($0.01/$0.02 USD) - 2021/02/10 22:42:07 PT [2021/02/11 1:42:07 ET]
Table 'Atlantis III' 9-max Seat #3 is the button
Seat 1: dhabiles52 ($3.37 in chips) 
Seat 2: 60centPoker ($1.72 in chips) 
Seat 3: Achilles2582 ($3.66 in chips) 
Seat 4: tuz tuzovski ($2.26 in chips) 
Seat 6: Dumycbka ($2 in chips) 
Seat 8: Dorex2007 ($2.09 in chips) 
Seat 9: RazvanBabanu ($2.30 in chips) 
tuz tuzovski: posts small blind $0.01
Dumycbka: posts big blind $0.02
hir142: sits out 
*** HOLE CARDS ***
Dealt to Dorex2007 [Kh 8c]
Dorex2007: folds 
RazvanBabanu: folds 
dhabiles52: raises $0.02 to $0.04
60centPoker: folds 
Achilles2582: folds 
tuz tuzovski: folds 
Dumycbka: calls $0.02
*** FLOP *** [Qs 4d Th]
Dumycbka: checks 
dhabiles52: checks 
*** TURN *** [Qs 4d Th] [7s]
Dumycbka: checks 
dhabiles52: checks 
*** RIVER *** [Qs 4d Th 7s] [Qh]
Dumycbka: checks 
dhabiles52: checks 
*** SHOW DOWN ***
Dumycbka: shows [Ah Jc] (a pair of Queens)
dhabiles52: mucks hand 
Dumycbka collected $0.09 from pot
Gennadich11 was removed from the table for failing to post
Gennadich11 leaves the table
*** SUMMARY ***
Total pot $0.09 | Rake $0 
Board [Qs 4d Th 7s Qh]
Seat 1: dhabiles52 mucked [8d 5d]
Seat 2: 60centPoker folded before Flop (didn't bet)
Seat 3: Achilles2582 (button) folded before Flop (didn't bet)
Seat 4: tuz tuzovski (small blind) folded before Flop
Seat 6: Dumycbka (big blind) showed [Ah Jc] and won ($0.09) with a pair of Queens
Seat 8: Dorex2007 folded before Flop (didn't bet)
Seat 9: RazvanBabanu folded before Flop (didn't bet)



PokerStars Hand #223672626123:  Hold'em No Limit ($0.01/$0.02 USD) - 2021/02/10 22:42:49 PT [2021/02/11 1:42:49 ET]
Table 'Atlantis III' 9-max Seat #4 is the button
Seat 1: dhabiles52 ($3.33 in chips) 
Seat 2: 60centPoker ($1.72 in chips) 
Seat 3: Achilles2582 ($3.66 in chips) 
Seat 4: tuz tuzovski ($2.25 in chips) 
Seat 6: Dumycbka ($2.05 in chips) 
Seat 7: hir142 ($0.80 in chips) 
Seat 8: Dorex2007 ($2.09 in chips) 
Seat 9: RazvanBabanu ($2.30 in chips) 
Dumycbka: posts small blind $0.01
hir142: posts big blind $0.02
*** HOLE CARDS ***
Dealt to Dorex2007 [Th Ts]
Dorex2007: raises $0.04 to $0.06
RazvanBabanu: folds 
dhabiles52: folds 
60centPoker: folds 
Achilles2582: folds 
tuz tuzovski: folds 
Dumycbka: calls $0.05
60centPoker leaves the table
hir142: calls $0.04
*** FLOP *** [8c Jd 4d]
Dumycbka: checks 
hir142: checks 
Dorex2007: bets $0.17
Dumycbka: folds 
hir142: calls $0.17
*** TURN *** [8c Jd 4d] [Td]
hir142: bets $0.25
Dorex2007: raises $1 to $1.25
hir142: calls $0.32 and is all-in
Uncalled bet ($0.68) returned to Dorex2007
*** RIVER *** [8c Jd 4d Td] [Kh]
*** SHOW DOWN ***
hir142: shows [5s 5d] (a pair of Fives)
Dorex2007: shows [Th Ts] (three of a kind, Tens)
Dorex2007 collected $1.60 from pot
hir142 cashed out the hand for $0.30
*** SUMMARY ***
Total pot $1.66 | Rake $0.06 
Board [8c Jd 4d Td Kh]
Seat 1: dhabiles52 folded before Flop (didn't bet)
Seat 2: 60centPoker folded before Flop (didn't bet)
Seat 3: Achilles2582 folded before Flop (didn't bet)
Seat 4: tuz tuzovski (button) folded before Flop (didn't bet)
Seat 6: Dumycbka (small blind) folded on the Flop
Seat 7: hir142 (big blind) showed [5s 5d] and lost with a pair of Fives (cashed out).
Seat 8: Dorex2007 showed [Th Ts] and won ($1.60) with three of a kind, Tens
Seat 9: RazvanBabanu folded before Flop (didn't bet)



PokerStars Hand #223672636690:  Hold'em No Limit ($0.01/$0.02 USD) - 2021/02/10 22:43:48 PT [2021/02/11 1:43:48 ET]
Table 'Atlantis III' 9-max Seat #6 is the button
Seat 1: dhabiles52 ($3.33 in chips) 
Seat 3: Achilles2582 ($3.66 in chips) 
Seat 4: tuz tuzovski ($2.25 in chips) 
Seat 6: Dumycbka ($2 in chips) 
Seat 7: hir142 ($0.30 in chips) 
Seat 8: Dorex2007 ($2.89 in chips) 
Seat 9: RazvanBabanu ($2.30 in chips) 
hir142: posts small blind $0.01
Dorex2007: posts big blind $0.02
*** HOLE CARDS ***
Dealt to Dorex2007 [4c 5s]
RazvanBabanu: folds 
dhabiles52: folds 
Achilles2582: folds 
tuz tuzovski: folds 
Dumycbka: raises $0.06 to $0.08
hir142: calls $0.07
Dorex2007: folds 
*** FLOP *** [8d Ad 6d]
hir142: checks 
Dumycbka: checks 
*** TURN *** [8d Ad 6d] [Ts]
hir142: checks 
Dumycbka: bets $0.08
hir142: calls $0.08
*** RIVER *** [8d Ad 6d Ts] [Ac]
hir142: checks 
Dumycbka: bets $0.16
hir142: calls $0.14 and is all-in
Uncalled bet ($0.02) returned to Dumycbka
*** SHOW DOWN ***
Dumycbka: shows [5d Kd] (a flush, Ace high)
hir142: shows [Jd Kh] (a pair of Aces)
Dumycbka collected $0.60 from pot
*** SUMMARY ***
Total pot $0.62 | Rake $0.02 
Board [8d Ad 6d Ts Ac]
Seat 1: dhabiles52 folded before Flop (didn't bet)
Seat 3: Achilles2582 folded before Flop (didn't bet)
Seat 4: tuz tuzovski folded before Flop (didn't bet)
Seat 6: Dumycbka (button) showed [5d Kd] and won ($0.60) with a flush, Ace high
Seat 7: hir142 (small blind) showed [Jd Kh] and lost with a pair of Aces
Seat 8: Dorex2007 (big blind) folded before Flop
Seat 9: RazvanBabanu folded before Flop (didn't bet)



PokerStars Hand #223672648393:  Hold'em No Limit ($0.01/$0.02 USD) - 2021/02/10 22:44:53 PT [2021/02/11 1:44:53 ET]
Table 'Atlantis III' 9-max Seat #8 is the button
Seat 1: dhabiles52 ($3.33 in chips) 
Seat 3: Achilles2582 ($3.66 in chips) 
Seat 4: tuz tuzovski ($2.25 in chips) 
Seat 6: Dumycbka ($2.30 in chips) 
Seat 8: Dorex2007 ($2.87 in chips) 
Seat 9: RazvanBabanu ($2.30 in chips) 
RazvanBabanu: posts small blind $0.01
dhabiles52: posts big blind $0.02
*** HOLE CARDS ***
Dealt to Dorex2007 [9d 4d]
Achilles2582: raises $0.04 to $0.06
hir142 leaves the table
tuz tuzovski: folds 
Dumycbka: folds 
Dorex2007: folds 
RazvanBabanu: folds 
dhabiles52: calls $0.04
*** FLOP *** [5c Ah Jh]
dhabiles52: checks 
Achilles2582: checks 
*** TURN *** [5c Ah Jh] [3c]
dhabiles52: checks 
Achilles2582: checks 
*** RIVER *** [5c Ah Jh 3c] [7s]
dhabiles52: checks 
Achilles2582: checks 
*** SHOW DOWN ***
dhabiles52: shows [9s Ts] (high card Ace)
Achilles2582: shows [6s 6d] (a pair of Sixes)
Achilles2582 collected $0.13 from pot
*** SUMMARY ***
Total pot $0.13 | Rake $0 
Board [5c Ah Jh 3c 7s]
Seat 1: dhabiles52 (big blind) showed [9s Ts] and lost with high card Ace
Seat 3: Achilles2582 showed [6s 6d] and won ($0.13) with a pair of Sixes
Seat 4: tuz tuzovski folded before Flop (didn't bet)
Seat 6: Dumycbka folded before Flop (didn't bet)
Seat 8: Dorex2007 (button) folded before Flop (didn't bet)
Seat 9: RazvanBabanu (small blind) folded before Flop



PokerStars Hand #223672655561:  Hold'em No Limit ($0.01/$0.02 USD) - 2021/02/10 22:45:33 PT [2021/02/11 1:45:33 ET]
Table 'Atlantis III' 9-max Seat #9 is the button
Seat 3: Achilles2582 ($3.73 in chips) 
Seat 4: tuz tuzovski ($2.25 in chips) 
Seat 6: Dumycbka ($2.30 in chips) 
Seat 8: Dorex2007 ($2.87 in chips) 
Seat 9: RazvanBabanu ($2.29 in chips) 
Achilles2582: posts small blind $0.01
tuz tuzovski: posts big blind $0.02
*** HOLE CARDS ***
Dealt to Dorex2007 [3d Kc]
Dumycbka: folds 
Dorex2007: folds 
dhabiles52 leaves the table
RazvanBabanu: folds 
Achilles2582: raises $0.04 to $0.06
tuz tuzovski: folds 
Uncalled bet ($0.04) returned to Achilles2582
Achilles2582 collected $0.04 from pot
*** SUMMARY ***
Total pot $0.04 | Rake $0 
Seat 3: Achilles2582 (small blind) collected ($0.04)
Seat 4: tuz tuzovski (big blind) folded before Flop
Seat 6: Dumycbka folded before Flop (didn't bet)
Seat 8: Dorex2007 folded before Flop (didn't bet)
Seat 9: RazvanBabanu (button) folded before Flop (didn't bet)



PokerStars Hand #223672661940:  Hold'em No Limit ($0.01/$0.02 USD) - 2021/02/10 22:45:51 PT [2021/02/11 1:45:51 ET]
Table 'Atlantis III' 9-max Seat #3 is the button
Seat 3: Achilles2582 ($3.75 in chips) 
Seat 4: tuz tuzovski ($2.23 in chips) 
Seat 6: Dumycbka ($2.30 in chips) 
Seat 8: Dorex2007 ($2.87 in chips) 
Seat 9: RazvanBabanu ($2.29 in chips) 
tuz tuzovski: posts small blind $0.01
Dumycbka: posts big blind $0.02
*** HOLE CARDS ***
Dealt to Dorex2007 [Kd 2c]
Dorex2007: folds 
RazvanBabanu: folds 
Achilles2582: raises $0.04 to $0.06
tuz tuzovski: folds 
Dumycbka: calls $0.04
*** FLOP *** [Jd As 5c]
Dumycbka: checks 
Achilles2582: checks 
*** TURN *** [Jd As 5c] [7s]
Dumycbka: checks 
Achilles2582: checks 
*** RIVER *** [Jd As 5c 7s] [6d]
Dumycbka: checks 
Achilles2582: checks 
*** SHOW DOWN ***
Dumycbka: shows [Td Kh] (high card Ace)
Achilles2582: shows [Ks Tc] (high card Ace)
Dumycbka collected $0.07 from pot
Achilles2582 collected $0.06 from pot
*** SUMMARY ***
Total pot $0.13 | Rake $0 
Board [Jd As 5c 7s 6d]
Seat 3: Achilles2582 (button) showed [Ks Tc] and won ($0.06) with high card Ace
Seat 4: tuz tuzovski (small blind) folded before Flop
Seat 6: Dumycbka (big blind) showed [Td Kh] and won ($0.07) with high card Ace
Seat 8: Dorex2007 folded before Flop (didn't bet)
Seat 9: RazvanBabanu folded before Flop (didn't bet)



PokerStars Hand #223672670146:  Hold'em No Limit ($0.01/$0.02 USD) - 2021/02/10 22:46:37 PT [2021/02/11 1:46:37 ET]
Table 'Atlantis III' 9-max Seat #4 is the button
Seat 3: Achilles2582 ($3.75 in chips) 
Seat 4: tuz tuzovski ($2.22 in chips) 
Seat 6: Dumycbka ($2.31 in chips) 
Seat 8: Dorex2007 ($2.87 in chips) 
Seat 9: RazvanBabanu ($2.29 in chips) 
Dumycbka: posts small blind $0.01
Dorex2007: posts big blind $0.02
*** HOLE CARDS ***
Dealt to Dorex2007 [7h 3d]
RazvanBabanu: folds 
Achilles2582: folds 
tuz tuzovski: folds 
RazvanBabanu leaves the table
Dumycbka: raises $0.06 to $0.08
Dorex2007: folds 
Uncalled bet ($0.06) returned to Dumycbka
Dumycbka collected $0.04 from pot
Dumycbka: doesn't show hand 
*** SUMMARY ***
Total pot $0.04 | Rake $0 
Seat 3: Achilles2582 folded before Flop (didn't bet)
Seat 4: tuz tuzovski (button) folded before Flop (didn't bet)
Seat 6: Dumycbka (small blind) collected ($0.04)
Seat 8: Dorex2007 (big blind) folded before Flop
Seat 9: RazvanBabanu folded before Flop (didn't bet)



PokerStars Hand #223672672652:  Hold'em No Limit ($0.01/$0.02 USD) - 2021/02/10 22:46:51 PT [2021/02/11 1:46:51 ET]
Table 'Atlantis III' 9-max Seat #6 is the button
Seat 3: Achilles2582 ($3.75 in chips) 
Seat 4: tuz tuzovski ($2.22 in chips) 
Seat 6: Dumycbka ($2.33 in chips) 
Seat 8: Dorex2007 ($2.85 in chips) 
Dorex2007: posts small blind $0.01
Achilles2582: posts big blind $0.02
*** HOLE CARDS ***
Dealt to Dorex2007 [Qd 5h]
tuz tuzovski: folds 
Dumycbka: folds 
Dorex2007: folds 
Uncalled bet ($0.01) returned to Achilles2582
Achilles2582 collected $0.02 from pot
*** SUMMARY ***
Total pot $0.02 | Rake $0 
Seat 3: Achilles2582 (big blind) collected ($0.02)
Seat 4: tuz tuzovski folded before Flop (didn't bet)
Seat 6: Dumycbka (button) folded before Flop (didn't bet)
Seat 8: Dorex2007 (small blind) folded before Flop



