PokerStars Hand #223594729520:  Hold'em No Limit ($0.01/$0.02 USD) - 2021/02/08 17:10:46 PT [2021/02/08 20:10:46 ET]
Table 'Echemmon III' 9-max Seat #5 is the button
Seat 1: Grand7776 ($3.04 in chips) 
Seat 2: Dorex2007 ($1.50 in chips) 
Seat 3: indiana8040 ($0.80 in chips) 
Seat 5: wbtf22 ($1.64 in chips) 
Seat 9: pfsfatima ($0.35 in chips) 
pfsfatima: posts small blind $0.01
Grand7776: posts big blind $0.02
Dorex2007: posts big blind $0.02
indiana8040: posts big blind $0.02
*** HOLE CARDS ***
Dealt to Dorex2007 [Ac Ks]
Dorex2007: raises $0.04 to $0.06
indiana8040: calls $0.04
wbtf22: folds 
pfsfatima: folds 
Grand7776: calls $0.04
*** FLOP *** [3h Qd Js]
Grand7776: checks 
Dorex2007: checks 
indiana8040: checks 
*** TURN *** [3h Qd Js] [Kh]
Grand7776: bets $0.08
Dorex2007: calls $0.08
indiana8040: folds 
*** RIVER *** [3h Qd Js Kh] [4s]
Grand7776: checks 
Dorex2007: checks 
*** SHOW DOWN ***
Grand7776: shows [Ah Qh] (a pair of Queens)
Dorex2007: shows [Ac Ks] (a pair of Kings)
Dorex2007 collected $0.34 from pot
*** SUMMARY ***
Total pot $0.35 | Rake $0.01 
Board [3h Qd Js Kh 4s]
Seat 1: Grand7776 (big blind) showed [Ah Qh] and lost with a pair of Queens
Seat 2: Dorex2007 showed [Ac Ks] and won ($0.34) with a pair of Kings
Seat 3: indiana8040 folded on the Turn
Seat 5: wbtf22 (button) folded before Flop (didn't bet)
Seat 9: pfsfatima (small blind) folded before Flop



PokerStars Hand #223594745032:  Hold'em No Limit ($0.01/$0.02 USD) - 2021/02/08 17:11:28 PT [2021/02/08 20:11:28 ET]
Table 'Echemmon III' 9-max Seat #9 is the button
Seat 1: Grand7776 ($2.90 in chips) 
Seat 2: Dorex2007 ($1.70 in chips) 
Seat 3: indiana8040 ($0.74 in chips) 
Seat 5: wbtf22 ($1.64 in chips) 
Seat 9: pfsfatima ($0.34 in chips) 
Grand7776: posts small blind $0.01
Dorex2007: posts big blind $0.02
*** HOLE CARDS ***
Dealt to Dorex2007 [Ts 7d]
indiana8040: calls $0.02
wbtf22: folds 
pfsfatima: raises $0.32 to $0.34 and is all-in
Grand7776: folds 
Dorex2007: folds 
indiana8040: folds 
Uncalled bet ($0.32) returned to pfsfatima
pfsfatima collected $0.07 from pot
pfsfatima: doesn't show hand 
*** SUMMARY ***
Total pot $0.07 | Rake $0 
Seat 1: Grand7776 (small blind) folded before Flop
Seat 2: Dorex2007 (big blind) folded before Flop
Seat 3: indiana8040 folded before Flop
Seat 5: wbtf22 folded before Flop (didn't bet)
Seat 9: pfsfatima (button) collected ($0.07)



