PokerStars Hand #227945457311:  Hold'em No Limit ($0.01/$0.02 USD) - 2021/06/29 20:24:30 PT [2021/06/29 23:24:30 ET]
Table 'Sibylla II' 9-max Seat #3 is the button
Seat 1: viggoromero ($1 in chips) 
Seat 3: soultee88 ($2 in chips) 
Seat 4: MauriFierro27 ($3.81 in chips) 
Seat 5: Dorex2007 ($2 in chips) 
Seat 6: padelante2020 ($2.75 in chips) 
Seat 8: blopisanz ($1.91 in chips) 
MauriFierro27: posts small blind $0.01
Dorex2007: posts big blind $0.02
Xósem: sits out 
*** HOLE CARDS ***
Dealt to Dorex2007 [9d 9h]
padelante2020: folds 
blopisanz: folds 
viggoromero: folds 
soultee88: folds 
MauriFierro27: raises $0.08 to $0.10
Dorex2007: raises $0.22 to $0.32
MauriFierro27: folds 
Uncalled bet ($0.22) returned to Dorex2007
Dorex2007 collected $0.20 from pot
Dorex2007: doesn't show hand 
*** SUMMARY ***
Total pot $0.20 | Rake $0 
Seat 1: viggoromero folded before Flop (didn't bet)
Seat 3: soultee88 (button) folded before Flop (didn't bet)
Seat 4: MauriFierro27 (small blind) folded before Flop
Seat 5: Dorex2007 (big blind) collected ($0.20)
Seat 6: padelante2020 folded before Flop (didn't bet)
Seat 8: blopisanz folded before Flop (didn't bet)



PokerStars Hand #227945462040:  Hold'em No Limit ($0.01/$0.02 USD) - 2021/06/29 20:24:59 PT [2021/06/29 23:24:59 ET]
Table 'Sibylla II' 9-max Seat #4 is the button
Seat 1: viggoromero ($1 in chips) 
Seat 3: soultee88 ($2 in chips) 
Seat 4: MauriFierro27 ($3.71 in chips) 
Seat 5: Dorex2007 ($2.10 in chips) 
Seat 6: padelante2020 ($2.75 in chips) 
Seat 8: blopisanz ($1.91 in chips) 
Dorex2007: posts small blind $0.01
padelante2020: posts big blind $0.02
Xósem: sits out 
*** HOLE CARDS ***
Dealt to Dorex2007 [6d 4s]
blopisanz: folds 
viggoromero: folds 
soultee88: raises $0.03 to $0.05
MauriFierro27: folds 
Dorex2007: folds 
padelante2020: calls $0.03
*** FLOP *** [4h 5d 9h]
padelante2020: bets $0.06
huesazo25 leaves the table
soultee88: calls $0.06
*** TURN *** [4h 5d 9h] [Qc]
padelante2020: checks 
soultee88: checks 
*** RIVER *** [4h 5d 9h Qc] [Tc]
As Leproso joins the table at seat #2 
padelante2020: bets $0.13
soultee88: folds 
Uncalled bet ($0.13) returned to padelante2020
padelante2020 collected $0.22 from pot
padelante2020: doesn't show hand 
*** SUMMARY ***
Total pot $0.23 | Rake $0.01 
Board [4h 5d 9h Qc Tc]
Seat 1: viggoromero folded before Flop (didn't bet)
Seat 3: soultee88 folded on the River
Seat 4: MauriFierro27 (button) folded before Flop (didn't bet)
Seat 5: Dorex2007 (small blind) folded before Flop
Seat 6: padelante2020 (big blind) collected ($0.22)
Seat 8: blopisanz folded before Flop (didn't bet)



PokerStars Hand #227945471675:  Hold'em No Limit ($0.01/$0.02 USD) - 2021/06/29 20:25:56 PT [2021/06/29 23:25:56 ET]
Table 'Sibylla II' 9-max Seat #5 is the button
Seat 1: viggoromero ($1 in chips) 
Seat 3: soultee88 ($2 in chips) 
Seat 4: MauriFierro27 ($3.71 in chips) 
Seat 5: Dorex2007 ($2.09 in chips) 
Seat 6: padelante2020 ($2.86 in chips) 
Seat 8: blopisanz ($1.91 in chips) 
padelante2020: posts small blind $0.01
blopisanz: posts big blind $0.02
Xósem: sits out 
As Leproso: sits out 
*** HOLE CARDS ***
Dealt to Dorex2007 [2d Ks]
viggoromero: calls $0.02
soultee88: folds 
MauriFierro27: folds 
Dorex2007: folds 
padelante2020: raises $0.04 to $0.06
blopisanz: folds 
viggoromero: calls $0.04
*** FLOP *** [8h Ah 2h]
padelante2020: checks 
viggoromero: checks 
*** TURN *** [8h Ah 2h] [8c]
padelante2020: bets $0.11
viggoromero: calls $0.11
*** RIVER *** [8h Ah 2h 8c] [Td]
padelante2020: bets $0.26
viggoromero: folds 
Uncalled bet ($0.26) returned to padelante2020
padelante2020 collected $0.35 from pot
padelante2020: doesn't show hand 
*** SUMMARY ***
Total pot $0.36 | Rake $0.01 
Board [8h Ah 2h 8c Td]
Seat 1: viggoromero folded on the River
Seat 3: soultee88 folded before Flop (didn't bet)
Seat 4: MauriFierro27 folded before Flop (didn't bet)
Seat 5: Dorex2007 (button) folded before Flop (didn't bet)
Seat 6: padelante2020 (small blind) collected ($0.35)
Seat 8: blopisanz (big blind) folded before Flop



PokerStars Hand #227945483436:  Hold'em No Limit ($0.01/$0.02 USD) - 2021/06/29 20:27:05 PT [2021/06/29 23:27:05 ET]
Table 'Sibylla II' 9-max Seat #6 is the button
Seat 1: viggoromero ($0.83 in chips) 
Seat 2: As Leproso ($1.60 in chips) 
Seat 3: soultee88 ($2 in chips) 
Seat 4: MauriFierro27 ($3.71 in chips) 
Seat 5: Dorex2007 ($2.09 in chips) 
Seat 6: padelante2020 ($3.04 in chips) 
Seat 8: blopisanz ($1.89 in chips) 
Seat 9: Xósem ($2 in chips) 
blopisanz: posts small blind $0.01
Xósem: posts big blind $0.02
As Leproso: posts big blind $0.02
*** HOLE CARDS ***
Dealt to Dorex2007 [Jd 7d]
viggoromero: calls $0.02
As Leproso: raises $0.05 to $0.07
soultee88: folds 
MauriFierro27: calls $0.07
Dorex2007: folds 
padelante2020: calls $0.07
blopisanz: folds 
Xósem: folds 
viggoromero: calls $0.05
*** FLOP *** [Tc Td 6s]
viggoromero: checks 
As Leproso: bets $0.07
MauriFierro27: folds 
padelante2020: folds 
viggoromero: folds 
Uncalled bet ($0.07) returned to As Leproso
As Leproso collected $0.30 from pot
As Leproso: doesn't show hand 
*** SUMMARY ***
Total pot $0.31 | Rake $0.01 
Board [Tc Td 6s]
Seat 1: viggoromero folded on the Flop
Seat 2: As Leproso collected ($0.30)
Seat 3: soultee88 folded before Flop (didn't bet)
Seat 4: MauriFierro27 folded on the Flop
Seat 5: Dorex2007 folded before Flop (didn't bet)
Seat 6: padelante2020 (button) folded on the Flop
Seat 8: blopisanz (small blind) folded before Flop
Seat 9: Xósem (big blind) folded before Flop



PokerStars Hand #227945493641:  Hold'em No Limit ($0.01/$0.02 USD) - 2021/06/29 20:28:05 PT [2021/06/29 23:28:05 ET]
Table 'Sibylla II' 9-max Seat #8 is the button
Seat 1: viggoromero ($0.76 in chips) 
Seat 2: As Leproso ($1.83 in chips) 
Seat 3: soultee88 ($2 in chips) 
Seat 4: MauriFierro27 ($3.64 in chips) 
Seat 5: Dorex2007 ($2.09 in chips) 
Seat 6: padelante2020 ($2.97 in chips) 
Seat 8: blopisanz ($1.88 in chips) 
Seat 9: Xósem ($1.98 in chips) 
Xósem: posts small blind $0.01
viggoromero: posts big blind $0.02
*** HOLE CARDS ***
Dealt to Dorex2007 [8c Td]
As Leproso: folds 
soultee88 has timed out
soultee88: folds 
MauriFierro27: folds 
Dorex2007: folds 
padelante2020 has timed out
padelante2020: folds 
blopisanz: folds 
Xósem: folds 
Uncalled bet ($0.01) returned to viggoromero
viggoromero collected $0.02 from pot
viggoromero: doesn't show hand 
*** SUMMARY ***
Total pot $0.02 | Rake $0 
Seat 1: viggoromero (big blind) collected ($0.02)
Seat 2: As Leproso folded before Flop (didn't bet)
Seat 3: soultee88 folded before Flop (didn't bet)
Seat 4: MauriFierro27 folded before Flop (didn't bet)
Seat 5: Dorex2007 folded before Flop (didn't bet)
Seat 6: padelante2020 folded before Flop (didn't bet)
Seat 8: blopisanz (button) folded before Flop (didn't bet)
Seat 9: Xósem (small blind) folded before Flop



PokerStars Hand #227945499057:  Hold'em No Limit ($0.01/$0.02 USD) - 2021/06/29 20:28:38 PT [2021/06/29 23:28:38 ET]
Table 'Sibylla II' 9-max Seat #9 is the button
Seat 1: viggoromero ($0.77 in chips) 
Seat 2: As Leproso ($1.83 in chips) 
Seat 3: soultee88 ($2 in chips) 
Seat 4: MauriFierro27 ($3.64 in chips) 
Seat 5: Dorex2007 ($2.09 in chips) 
Seat 8: blopisanz ($1.88 in chips) 
Seat 9: Xósem ($1.97 in chips) 
viggoromero: posts small blind $0.01
As Leproso: posts big blind $0.02
*** HOLE CARDS ***
Dealt to Dorex2007 [4c 3h]
soultee88: folds 
MauriFierro27: folds 
Dorex2007: folds 
blopisanz: raises $0.02 to $0.04
Xósem: folds 
viggoromero: calls $0.03
As Leproso: raises $0.04 to $0.08
blopisanz: calls $0.04
viggoromero: calls $0.04
*** FLOP *** [5s 9h 2d]
viggoromero: checks 
As Leproso: bets $0.08
blopisanz: folds 
viggoromero: calls $0.08
*** TURN *** [5s 9h 2d] [6h]
viggoromero: checks 
As Leproso: bets $0.09
viggoromero: calls $0.09
*** RIVER *** [5s 9h 2d 6h] [4h]
viggoromero: checks 
As Leproso: checks 
*** SHOW DOWN ***
viggoromero: shows [6d 7h] (a pair of Sixes)
As Leproso: shows [Ad Ah] (a pair of Aces)
As Leproso collected $0.56 from pot
*** SUMMARY ***
Total pot $0.58 | Rake $0.02 
Board [5s 9h 2d 6h 4h]
Seat 1: viggoromero (small blind) showed [6d 7h] and lost with a pair of Sixes
Seat 2: As Leproso (big blind) showed [Ad Ah] and won ($0.56) with a pair of Aces
Seat 3: soultee88 folded before Flop (didn't bet)
Seat 4: MauriFierro27 folded before Flop (didn't bet)
Seat 5: Dorex2007 folded before Flop (didn't bet)
Seat 8: blopisanz folded on the Flop
Seat 9: Xósem (button) folded before Flop (didn't bet)



PokerStars Hand #227945510096:  Hold'em No Limit ($0.01/$0.02 USD) - 2021/06/29 20:29:44 PT [2021/06/29 23:29:44 ET]
Table 'Sibylla II' 9-max Seat #1 is the button
Seat 1: viggoromero ($0.52 in chips) 
Seat 2: As Leproso ($2.14 in chips) 
Seat 3: soultee88 ($2 in chips) 
Seat 4: MauriFierro27 ($3.64 in chips) 
Seat 5: Dorex2007 ($2.09 in chips) 
Seat 6: padelante2020 ($2.97 in chips) 
Seat 8: blopisanz ($1.80 in chips) 
Seat 9: Xósem ($1.97 in chips) 
As Leproso: posts small blind $0.01
soultee88: posts big blind $0.02
*** HOLE CARDS ***
Dealt to Dorex2007 [7h 3c]
MauriFierro27: folds 
Dorex2007: folds 
padelante2020: folds 
blopisanz: folds 
Xósem: folds 
viggoromero: folds 
As Leproso: folds 
Uncalled bet ($0.01) returned to soultee88
soultee88 collected $0.02 from pot
soultee88: doesn't show hand 
*** SUMMARY ***
Total pot $0.02 | Rake $0 
Seat 1: viggoromero (button) folded before Flop (didn't bet)
Seat 2: As Leproso (small blind) folded before Flop
Seat 3: soultee88 (big blind) collected ($0.02)
Seat 4: MauriFierro27 folded before Flop (didn't bet)
Seat 5: Dorex2007 folded before Flop (didn't bet)
Seat 6: padelante2020 folded before Flop (didn't bet)
Seat 8: blopisanz folded before Flop (didn't bet)
Seat 9: Xósem folded before Flop (didn't bet)



PokerStars Hand #227945523930:  Hold'em No Limit ($0.01/$0.02 USD) - 2021/06/29 20:30:13 PT [2021/06/29 23:30:13 ET]
Table 'Sibylla II' 9-max Seat #2 is the button
Seat 1: viggoromero ($0.52 in chips) 
Seat 2: As Leproso ($2.13 in chips) 
Seat 3: soultee88 ($2.01 in chips) 
Seat 4: MauriFierro27 ($3.64 in chips) 
Seat 5: Dorex2007 ($2.09 in chips) 
Seat 6: padelante2020 ($2.97 in chips) 
Seat 8: blopisanz ($1.80 in chips) 
Seat 9: Xósem ($1.97 in chips) 
soultee88: posts small blind $0.01
MauriFierro27: posts big blind $0.02
*** HOLE CARDS ***
Dealt to Dorex2007 [9d 9c]
Dorex2007: raises $0.04 to $0.06
padelante2020: raises $0.15 to $0.21
blopisanz: folds 
Xósem: folds 
viggoromero: folds 
As Leproso: folds 
soultee88: folds 
MauriFierro27: calls $0.19
Dorex2007: folds 
*** FLOP *** [6s 7h 8s]
MauriFierro27: checks 
padelante2020: checks 
*** TURN *** [6s 7h 8s] [7d]
MauriFierro27: bets $0.28
padelante2020: folds 
Uncalled bet ($0.28) returned to MauriFierro27
MauriFierro27 collected $0.47 from pot
*** SUMMARY ***
Total pot $0.49 | Rake $0.02 
Board [6s 7h 8s 7d]
Seat 1: viggoromero folded before Flop (didn't bet)
Seat 2: As Leproso (button) folded before Flop (didn't bet)
Seat 3: soultee88 (small blind) folded before Flop
Seat 4: MauriFierro27 (big blind) collected ($0.47)
Seat 5: Dorex2007 folded before Flop
Seat 6: padelante2020 folded on the Turn
Seat 8: blopisanz folded before Flop (didn't bet)
Seat 9: Xósem folded before Flop (didn't bet)



PokerStars Hand #227945532481:  Hold'em No Limit ($0.01/$0.02 USD) - 2021/06/29 20:31:05 PT [2021/06/29 23:31:05 ET]
Table 'Sibylla II' 9-max Seat #3 is the button
Seat 1: viggoromero ($0.52 in chips) 
Seat 2: As Leproso ($2.13 in chips) 
Seat 3: soultee88 ($2 in chips) 
Seat 4: MauriFierro27 ($3.90 in chips) 
Seat 5: Dorex2007 ($2.03 in chips) 
Seat 6: padelante2020 ($2.76 in chips) 
Seat 8: blopisanz ($1.80 in chips) 
Seat 9: Xósem ($2 in chips) 
MauriFierro27: posts small blind $0.01
Dorex2007: posts big blind $0.02
*** HOLE CARDS ***
Dealt to Dorex2007 [9s 4s]
padelante2020: raises $0.02 to $0.04
blopisanz: folds 
Xósem: folds 
viggoromero: folds 
As Leproso: folds 
soultee88: folds 
MauriFierro27: calls $0.03
Dorex2007: folds 
*** FLOP *** [4d 6h 8c]
MauriFierro27: checks 
padelante2020: bets $0.10
MauriFierro27: calls $0.10
*** TURN *** [4d 6h 8c] [2c]
MauriFierro27: checks 
padelante2020: bets $0.22
MauriFierro27: folds 
Uncalled bet ($0.22) returned to padelante2020
padelante2020 collected $0.29 from pot
padelante2020: doesn't show hand 
*** SUMMARY ***
Total pot $0.30 | Rake $0.01 
Board [4d 6h 8c 2c]
Seat 1: viggoromero folded before Flop (didn't bet)
Seat 2: As Leproso folded before Flop (didn't bet)
Seat 3: soultee88 (button) folded before Flop (didn't bet)
Seat 4: MauriFierro27 (small blind) folded on the Turn
Seat 5: Dorex2007 (big blind) folded before Flop
Seat 6: padelante2020 collected ($0.29)
Seat 8: blopisanz folded before Flop (didn't bet)
Seat 9: Xósem folded before Flop (didn't bet)



PokerStars Hand #227945539197:  Hold'em No Limit ($0.01/$0.02 USD) - 2021/06/29 20:31:45 PT [2021/06/29 23:31:45 ET]
Table 'Sibylla II' 9-max Seat #4 is the button
Seat 1: viggoromero ($0.52 in chips) 
Seat 2: As Leproso ($2.13 in chips) 
Seat 3: soultee88 ($2 in chips) 
Seat 4: MauriFierro27 ($3.76 in chips) 
Seat 5: Dorex2007 ($2.01 in chips) 
Seat 6: padelante2020 ($2.91 in chips) 
Seat 8: blopisanz ($1.80 in chips) 
Seat 9: Xósem ($2 in chips) 
Dorex2007: posts small blind $0.01
padelante2020: posts big blind $0.02
*** HOLE CARDS ***
Dealt to Dorex2007 [Js Qs]
blopisanz: folds 
Xósem: folds 
viggoromero: calls $0.02
As Leproso: folds 
soultee88: folds 
MauriFierro27: folds 
Dorex2007: calls $0.01
padelante2020: raises $0.06 to $0.08
viggoromero: calls $0.06
Dorex2007: calls $0.06
*** FLOP *** [8d Kh Jd]
Dorex2007: checks 
padelante2020: checks 
viggoromero: checks 
*** TURN *** [8d Kh Jd] [Jc]
Dorex2007: bets $0.15
padelante2020: folds 
viggoromero: folds 
Uncalled bet ($0.15) returned to Dorex2007
Dorex2007 collected $0.23 from pot
Dorex2007: doesn't show hand 
*** SUMMARY ***
Total pot $0.24 | Rake $0.01 
Board [8d Kh Jd Jc]
Seat 1: viggoromero folded on the Turn
Seat 2: As Leproso folded before Flop (didn't bet)
Seat 3: soultee88 folded before Flop (didn't bet)
Seat 4: MauriFierro27 (button) folded before Flop (didn't bet)
Seat 5: Dorex2007 (small blind) collected ($0.23)
Seat 6: padelante2020 (big blind) folded on the Turn
Seat 8: blopisanz folded before Flop (didn't bet)
Seat 9: Xósem folded before Flop (didn't bet)



PokerStars Hand #227945548222:  Hold'em No Limit ($0.01/$0.02 USD) - 2021/06/29 20:32:40 PT [2021/06/29 23:32:40 ET]
Table 'Sibylla II' 9-max Seat #5 is the button
Seat 1: viggoromero ($0.44 in chips) 
Seat 2: As Leproso ($2.13 in chips) 
Seat 3: soultee88 ($2 in chips) 
Seat 4: MauriFierro27 ($3.76 in chips) 
Seat 5: Dorex2007 ($2.16 in chips) 
Seat 6: padelante2020 ($2.83 in chips) 
Seat 8: blopisanz ($1.80 in chips) 
Seat 9: Xósem ($2 in chips) 
padelante2020: posts small blind $0.01
blopisanz: posts big blind $0.02
*** HOLE CARDS ***
Dealt to Dorex2007 [Td Qh]
Xósem: folds 
viggoromero: calls $0.02
As Leproso: folds 
soultee88: folds 
MauriFierro27 has timed out
MauriFierro27: folds 
Dorex2007: calls $0.02
padelante2020: raises $0.02 to $0.04
blopisanz: calls $0.02
viggoromero: calls $0.02
Dorex2007: calls $0.02
*** FLOP *** [9d 8c 3d]
padelante2020: bets $0.09
blopisanz: folds 
viggoromero: calls $0.09
Dorex2007: folds 
*** TURN *** [9d 8c 3d] [4d]
padelante2020: bets $0.19
viggoromero: raises $0.12 to $0.31 and is all-in
padelante2020: calls $0.12
*** RIVER *** [9d 8c 3d 4d] [7d]
*** SHOW DOWN ***
padelante2020: shows [Jc 8h] (a pair of Eights)
viggoromero: shows [2d Kd] (a flush, King high)
viggoromero collected $0.93 from pot
*** SUMMARY ***
Total pot $0.96 | Rake $0.03 
Board [9d 8c 3d 4d 7d]
Seat 1: viggoromero showed [2d Kd] and won ($0.93) with a flush, King high
Seat 2: As Leproso folded before Flop (didn't bet)
Seat 3: soultee88 folded before Flop (didn't bet)
Seat 4: MauriFierro27 folded before Flop (didn't bet)
Seat 5: Dorex2007 (button) folded on the Flop
Seat 6: padelante2020 (small blind) showed [Jc 8h] and lost with a pair of Eights
Seat 8: blopisanz (big blind) folded on the Flop
Seat 9: Xósem folded before Flop (didn't bet)



PokerStars Hand #227945564889:  Hold'em No Limit ($0.01/$0.02 USD) - 2021/06/29 20:34:22 PT [2021/06/29 23:34:22 ET]
Table 'Sibylla II' 9-max Seat #6 is the button
Seat 1: viggoromero ($0.93 in chips) 
Seat 2: As Leproso ($2.13 in chips) 
Seat 3: soultee88 ($2 in chips) 
Seat 4: MauriFierro27 ($3.76 in chips) 
Seat 5: Dorex2007 ($2.12 in chips) 
Seat 6: padelante2020 ($2.39 in chips) 
Seat 8: blopisanz ($1.76 in chips) 
Seat 9: Xósem ($2 in chips) 
blopisanz: posts small blind $0.01
Xósem: posts big blind $0.02
*** HOLE CARDS ***
Dealt to Dorex2007 [Kh 6d]
viggoromero: folds 
As Leproso: folds 
soultee88: folds 
MauriFierro27: raises $0.03 to $0.05
Dorex2007: folds 
padelante2020: folds 
blopisanz: folds 
Xósem: folds 
Uncalled bet ($0.03) returned to MauriFierro27
MauriFierro27 collected $0.05 from pot
*** SUMMARY ***
Total pot $0.05 | Rake $0 
Seat 1: viggoromero folded before Flop (didn't bet)
Seat 2: As Leproso folded before Flop (didn't bet)
Seat 3: soultee88 folded before Flop (didn't bet)
Seat 4: MauriFierro27 collected ($0.05)
Seat 5: Dorex2007 folded before Flop (didn't bet)
Seat 6: padelante2020 (button) folded before Flop (didn't bet)
Seat 8: blopisanz (small blind) folded before Flop
Seat 9: Xósem (big blind) folded before Flop



PokerStars Hand #227945569243:  Hold'em No Limit ($0.01/$0.02 USD) - 2021/06/29 20:34:49 PT [2021/06/29 23:34:49 ET]
Table 'Sibylla II' 9-max Seat #8 is the button
Seat 1: viggoromero ($0.93 in chips) 
Seat 2: As Leproso ($2.13 in chips) 
Seat 3: soultee88 ($2 in chips) 
Seat 4: MauriFierro27 ($3.79 in chips) 
Seat 5: Dorex2007 ($2.12 in chips) 
Seat 6: padelante2020 ($2.39 in chips) 
Seat 7: hallsy89 ($0.80 in chips) 
Seat 8: blopisanz ($1.75 in chips) 
Seat 9: Xósem ($1.98 in chips) 
Xósem: posts small blind $0.01
viggoromero: posts big blind $0.02
hallsy89: posts small & big blinds $0.03
*** HOLE CARDS ***
Dealt to Dorex2007 [Qd 6h]
As Leproso: calls $0.02
soultee88: folds 
MauriFierro27: folds 
Dorex2007: folds 
padelante2020 has timed out
padelante2020: folds 
hallsy89: raises $0.04 to $0.06
blopisanz: folds 
Xósem: folds 
viggoromero: calls $0.04
MauriFierro27 leaves the table
As Leproso: calls $0.04
*** FLOP *** [Qc 3c 4s]
viggoromero: checks 
As Leproso: checks 
hallsy89: bets $0.08
viggoromero: folds 
As Leproso: folds 
Uncalled bet ($0.08) returned to hallsy89
hallsy89 collected $0.19 from pot
hallsy89: doesn't show hand 
*** SUMMARY ***
Total pot $0.20 | Rake $0.01 
Board [Qc 3c 4s]
Seat 1: viggoromero (big blind) folded on the Flop
Seat 2: As Leproso folded on the Flop
Seat 3: soultee88 folded before Flop (didn't bet)
Seat 4: MauriFierro27 folded before Flop (didn't bet)
Seat 5: Dorex2007 folded before Flop (didn't bet)
Seat 6: padelante2020 folded before Flop (didn't bet)
Seat 7: hallsy89 collected ($0.19)
Seat 8: blopisanz (button) folded before Flop (didn't bet)
Seat 9: Xósem (small blind) folded before Flop



PokerStars Hand #227945582851:  Hold'em No Limit ($0.01/$0.02 USD) - 2021/06/29 20:36:14 PT [2021/06/29 23:36:14 ET]
Table 'Sibylla II' 9-max Seat #9 is the button
Seat 1: viggoromero ($0.87 in chips) 
Seat 2: As Leproso ($2.07 in chips) 
Seat 3: soultee88 ($2 in chips) 
Seat 5: Dorex2007 ($2.12 in chips) 
Seat 6: padelante2020 ($2.39 in chips) 
Seat 7: hallsy89 ($0.92 in chips) 
Seat 8: blopisanz ($1.75 in chips) 
Seat 9: Xósem ($2 in chips) 
viggoromero: posts small blind $0.01
As Leproso: posts big blind $0.02
*** HOLE CARDS ***
Dealt to Dorex2007 [Td Qh]
soultee88: folds 
Dorex2007: folds 
padelante2020: folds 
hallsy89: folds 
blopisanz: folds 
Xósem: folds 
viggoromero: calls $0.01
As Leproso: checks 
*** FLOP *** [8h Kh 9d]
viggoromero: checks 
As Leproso: checks 
*** TURN *** [8h Kh 9d] [2c]
viggoromero: bets $0.08
As Leproso: folds 
Uncalled bet ($0.08) returned to viggoromero
viggoromero collected $0.04 from pot
viggoromero: doesn't show hand 
*** SUMMARY ***
Total pot $0.04 | Rake $0 
Board [8h Kh 9d 2c]
Seat 1: viggoromero (small blind) collected ($0.04)
Seat 2: As Leproso (big blind) folded on the Turn
Seat 3: soultee88 folded before Flop (didn't bet)
Seat 5: Dorex2007 folded before Flop (didn't bet)
Seat 6: padelante2020 folded before Flop (didn't bet)
Seat 7: hallsy89 folded before Flop (didn't bet)
Seat 8: blopisanz folded before Flop (didn't bet)
Seat 9: Xósem (button) folded before Flop (didn't bet)



PokerStars Hand #227945588809:  Hold'em No Limit ($0.01/$0.02 USD) - 2021/06/29 20:36:51 PT [2021/06/29 23:36:51 ET]
Table 'Sibylla II' 9-max Seat #1 is the button
Seat 1: viggoromero ($0.89 in chips) 
Seat 2: As Leproso ($2.05 in chips) 
Seat 3: soultee88 ($2 in chips) 
Seat 5: Dorex2007 ($2.12 in chips) 
Seat 6: padelante2020 ($2.39 in chips) 
Seat 7: hallsy89 ($0.92 in chips) 
Seat 8: blopisanz ($1.75 in chips) 
Seat 9: Xósem ($2 in chips) 
As Leproso: posts small blind $0.01
soultee88: posts big blind $0.02
*** HOLE CARDS ***
Dealt to Dorex2007 [3h 4h]
Dorex2007: folds 
padelante2020: raises $0.02 to $0.04
hallsy89: folds 
blopisanz: folds 
Xósem: calls $0.04
viggoromero: folds 
As Leproso: folds 
soultee88: folds 
*** FLOP *** [Kd 7c 6d]
padelante2020: checks 
Xósem: checks 
*** TURN *** [Kd 7c 6d] [Tc]
padelante2020: bets $0.06
Xósem: folds 
Uncalled bet ($0.06) returned to padelante2020
padelante2020 collected $0.11 from pot
padelante2020: doesn't show hand 
*** SUMMARY ***
Total pot $0.11 | Rake $0 
Board [Kd 7c 6d Tc]
Seat 1: viggoromero (button) folded before Flop (didn't bet)
Seat 2: As Leproso (small blind) folded before Flop
Seat 3: soultee88 (big blind) folded before Flop
Seat 5: Dorex2007 folded before Flop (didn't bet)
Seat 6: padelante2020 collected ($0.11)
Seat 7: hallsy89 folded before Flop (didn't bet)
Seat 8: blopisanz folded before Flop (didn't bet)
Seat 9: Xósem folded on the Turn



PokerStars Hand #227945597007:  Hold'em No Limit ($0.01/$0.02 USD) - 2021/06/29 20:37:43 PT [2021/06/29 23:37:43 ET]
Table 'Sibylla II' 9-max Seat #2 is the button
Seat 1: viggoromero ($0.89 in chips) 
Seat 2: As Leproso ($2.04 in chips) 
Seat 3: soultee88 ($2 in chips) 
Seat 5: Dorex2007 ($2.12 in chips) 
Seat 6: padelante2020 ($2.46 in chips) 
Seat 7: hallsy89 ($0.92 in chips) 
Seat 8: blopisanz ($1.75 in chips) 
Seat 9: Xósem ($1.96 in chips) 
soultee88: posts small blind $0.01
Dorex2007: posts big blind $0.02
*** HOLE CARDS ***
Dealt to Dorex2007 [Td 9s]
padelante2020: raises $0.02 to $0.04
hallsy89: folds 
blopisanz: folds 
Xósem: folds 
viggoromero: calls $0.04
As Leproso: folds 
soultee88: folds 
Dorex2007: folds 
*** FLOP *** [8s Js 4d]
padelante2020: checks 
viggoromero: bets $0.04
padelante2020: folds 
Uncalled bet ($0.04) returned to viggoromero
viggoromero collected $0.11 from pot
viggoromero: doesn't show hand 
*** SUMMARY ***
Total pot $0.11 | Rake $0 
Board [8s Js 4d]
Seat 1: viggoromero collected ($0.11)
Seat 2: As Leproso (button) folded before Flop (didn't bet)
Seat 3: soultee88 (small blind) folded before Flop
Seat 5: Dorex2007 (big blind) folded before Flop
Seat 6: padelante2020 folded on the Flop
Seat 7: hallsy89 folded before Flop (didn't bet)
Seat 8: blopisanz folded before Flop (didn't bet)
Seat 9: Xósem folded before Flop (didn't bet)



PokerStars Hand #227945602726:  Hold'em No Limit ($0.01/$0.02 USD) - 2021/06/29 20:38:19 PT [2021/06/29 23:38:19 ET]
Table 'Sibylla II' 9-max Seat #3 is the button
Seat 1: viggoromero ($0.96 in chips) 
Seat 2: As Leproso ($2.04 in chips) 
Seat 3: soultee88 ($2 in chips) 
Seat 5: Dorex2007 ($2.10 in chips) 
Seat 6: padelante2020 ($2.42 in chips) 
Seat 7: hallsy89 ($0.92 in chips) 
Seat 8: blopisanz ($1.75 in chips) 
Seat 9: Xósem ($1.96 in chips) 
Dorex2007: posts small blind $0.01
padelante2020: posts big blind $0.02
*** HOLE CARDS ***
Dealt to Dorex2007 [Ad 2c]
hallsy89: folds 
blopisanz: folds 
Xósem: folds 
viggoromero: calls $0.02
As Leproso: folds 
soultee88: raises $0.05 to $0.07
Dorex2007: folds 
padelante2020: folds 
viggoromero: calls $0.05
*** FLOP *** [Qs Tc 4d]
viggoromero: checks 
soultee88: checks 
*** TURN *** [Qs Tc 4d] [Td]
Dak Spur joins the table at seat #4 
viggoromero: checks 
soultee88: bets $0.11
viggoromero: calls $0.11
*** RIVER *** [Qs Tc 4d Td] [Jc]
viggoromero: checks 
soultee88: bets $0.15
viggoromero: calls $0.15
*** SHOW DOWN ***
soultee88: shows [Th Kc] (three of a kind, Tens)
viggoromero: mucks hand 
soultee88 collected $0.67 from pot
*** SUMMARY ***
Total pot $0.69 | Rake $0.02 
Board [Qs Tc 4d Td Jc]
Seat 1: viggoromero mucked [Jd 3d]
Seat 2: As Leproso folded before Flop (didn't bet)
Seat 3: soultee88 (button) showed [Th Kc] and won ($0.67) with three of a kind, Tens
Seat 5: Dorex2007 (small blind) folded before Flop
Seat 6: padelante2020 (big blind) folded before Flop
Seat 7: hallsy89 folded before Flop (didn't bet)
Seat 8: blopisanz folded before Flop (didn't bet)
Seat 9: Xósem folded before Flop (didn't bet)



PokerStars Hand #227945619416:  Hold'em No Limit ($0.01/$0.02 USD) - 2021/06/29 20:40:04 PT [2021/06/29 23:40:04 ET]
Table 'Sibylla II' 9-max Seat #5 is the button
Seat 1: viggoromero ($0.63 in chips) 
Seat 2: As Leproso ($2.04 in chips) 
Seat 3: soultee88 ($2.34 in chips) 
Seat 4: Dak Spur ($1.78 in chips) 
Seat 5: Dorex2007 ($2.09 in chips) 
Seat 6: padelante2020 ($2.40 in chips) 
Seat 7: hallsy89 ($0.92 in chips) 
Seat 8: blopisanz ($1.75 in chips) 
Seat 9: Xósem ($1.96 in chips) 
padelante2020: posts small blind $0.01
hallsy89: posts big blind $0.02
Dak Spur: posts big blind $0.02
*** HOLE CARDS ***
Dealt to Dorex2007 [9h 9c]
blopisanz: folds 
Xósem: folds 
viggoromero: folds 
As Leproso: calls $0.02
soultee88: folds 
Dak Spur: checks 
Dorex2007: raises $0.04 to $0.06
padelante2020: calls $0.05
hallsy89: folds 
As Leproso: calls $0.04
Dak Spur: folds 
*** FLOP *** [Qc Qd 5c]
padelante2020: checks 
As Leproso: checks 
Dorex2007: bets $0.14
padelante2020: calls $0.14
As Leproso: folds 
*** TURN *** [Qc Qd 5c] [3h]
padelante2020: checks 
Dorex2007: bets $0.24
padelante2020: folds 
Uncalled bet ($0.24) returned to Dorex2007
Dorex2007 collected $0.48 from pot
Dorex2007: doesn't show hand 
*** SUMMARY ***
Total pot $0.50 | Rake $0.02 
Board [Qc Qd 5c 3h]
Seat 1: viggoromero folded before Flop (didn't bet)
Seat 2: As Leproso folded on the Flop
Seat 3: soultee88 folded before Flop (didn't bet)
Seat 4: Dak Spur folded before Flop (didn't bet)
Seat 5: Dorex2007 (button) collected ($0.48)
Seat 6: padelante2020 (small blind) folded on the Turn
Seat 7: hallsy89 (big blind) folded before Flop
Seat 8: blopisanz folded before Flop (didn't bet)
Seat 9: Xósem folded before Flop (didn't bet)



PokerStars Hand #227945635456:  Hold'em No Limit ($0.01/$0.02 USD) - 2021/06/29 20:41:45 PT [2021/06/29 23:41:45 ET]
Table 'Sibylla II' 9-max Seat #6 is the button
Seat 1: viggoromero ($0.63 in chips) 
Seat 2: As Leproso ($1.98 in chips) 
Seat 3: soultee88 ($2.34 in chips) 
Seat 4: Dak Spur ($1.76 in chips) 
Seat 5: Dorex2007 ($2.37 in chips) 
Seat 6: padelante2020 ($2.20 in chips) 
Seat 7: hallsy89 ($0.90 in chips) 
Seat 8: blopisanz ($1.75 in chips) 
Seat 9: Xósem ($1.96 in chips) 
hallsy89: posts small blind $0.01
blopisanz: posts big blind $0.02
*** HOLE CARDS ***
Dealt to Dorex2007 [6c Td]
Xósem: raises $0.04 to $0.06
viggoromero: calls $0.06
As Leproso: folds 
soultee88: folds 
Dak Spur: folds 
Dorex2007: folds 
padelante2020: folds 
hallsy89: folds 
blopisanz: folds 
*** FLOP *** [7c 4s Jd]
Xósem: bets $0.11
viggoromero: folds 
Uncalled bet ($0.11) returned to Xósem
Xósem collected $0.14 from pot
Xósem: doesn't show hand 
*** SUMMARY ***
Total pot $0.15 | Rake $0.01 
Board [7c 4s Jd]
Seat 1: viggoromero folded on the Flop
Seat 2: As Leproso folded before Flop (didn't bet)
Seat 3: soultee88 folded before Flop (didn't bet)
Seat 4: Dak Spur folded before Flop (didn't bet)
Seat 5: Dorex2007 folded before Flop (didn't bet)
Seat 6: padelante2020 (button) folded before Flop (didn't bet)
Seat 7: hallsy89 (small blind) folded before Flop
Seat 8: blopisanz (big blind) folded before Flop
Seat 9: Xósem collected ($0.14)



PokerStars Hand #227945651592:  Hold'em No Limit ($0.01/$0.02 USD) - 2021/06/29 20:42:29 PT [2021/06/29 23:42:29 ET]
Table 'Sibylla II' 9-max Seat #7 is the button
Seat 1: viggoromero ($0.57 in chips) 
Seat 2: As Leproso ($1.98 in chips) 
Seat 3: soultee88 ($2.34 in chips) 
Seat 4: Dak Spur ($1.76 in chips) 
Seat 5: Dorex2007 ($2.37 in chips) 
Seat 6: padelante2020 ($2.20 in chips) 
Seat 7: hallsy89 ($0.89 in chips) 
Seat 8: blopisanz ($1.73 in chips) 
Seat 9: Xósem ($2.04 in chips) 
blopisanz: posts small blind $0.01
Xósem: posts big blind $0.02
*** HOLE CARDS ***
Dealt to Dorex2007 [2h Js]
viggoromero: raises $0.18 to $0.20
As Leproso: folds 
soultee88: folds 
Dak Spur: calls $0.20
Dorex2007: folds 
padelante2020: folds 
hallsy89: folds 
blopisanz: folds 
Xósem: folds 
*** FLOP *** [4h 3d Jd]
viggoromero: bets $0.37 and is all-in
Dak Spur: calls $0.37
*** TURN *** [4h 3d Jd] [2c]
*** RIVER *** [4h 3d Jd 2c] [8h]
*** SHOW DOWN ***
viggoromero: shows [Qh 9h] (high card Queen)
Dak Spur: shows [Kc Ad] (high card Ace)
Dak Spur collected $1.13 from pot
*** SUMMARY ***
Total pot $1.17 | Rake $0.04 
Board [4h 3d Jd 2c 8h]
Seat 1: viggoromero showed [Qh 9h] and lost with high card Queen
Seat 2: As Leproso folded before Flop (didn't bet)
Seat 3: soultee88 folded before Flop (didn't bet)
Seat 4: Dak Spur showed [Kc Ad] and won ($1.13) with high card Ace
Seat 5: Dorex2007 folded before Flop (didn't bet)
Seat 6: padelante2020 folded before Flop (didn't bet)
Seat 7: hallsy89 (button) folded before Flop (didn't bet)
Seat 8: blopisanz (small blind) folded before Flop
Seat 9: Xósem (big blind) folded before Flop



PokerStars Hand #227945660988:  Hold'em No Limit ($0.01/$0.02 USD) - 2021/06/29 20:43:29 PT [2021/06/29 23:43:29 ET]
Table 'Sibylla II' 9-max Seat #8 is the button
Seat 2: As Leproso ($1.98 in chips) 
Seat 3: soultee88 ($2.34 in chips) 
Seat 4: Dak Spur ($2.32 in chips) 
Seat 5: Dorex2007 ($2.37 in chips) 
Seat 6: padelante2020 ($2.20 in chips) 
Seat 7: hallsy89 ($0.89 in chips) 
Seat 8: blopisanz ($1.72 in chips) 
Seat 9: Xósem ($2.02 in chips) 
Xósem: posts small blind $0.01
As Leproso: posts big blind $0.02
*** HOLE CARDS ***
Dealt to Dorex2007 [Kc 7s]
soultee88: folds 
viggoromero leaves the table
Dak Spur: folds 
Dorex2007: folds 
padelante2020: raises $0.02 to $0.04
NoMMoney joins the table at seat #1 
hallsy89: folds 
blopisanz: calls $0.04
Xósem: folds 
As Leproso: folds 
*** FLOP *** [7h 8h Qc]
padelante2020: checks 
blopisanz: checks 
*** TURN *** [7h 8h Qc] [3c]
padelante2020: bets $0.06
blopisanz: folds 
Uncalled bet ($0.06) returned to padelante2020
padelante2020 collected $0.11 from pot
padelante2020: doesn't show hand 
*** SUMMARY ***
Total pot $0.11 | Rake $0 
Board [7h 8h Qc 3c]
Seat 2: As Leproso (big blind) folded before Flop
Seat 3: soultee88 folded before Flop (didn't bet)
Seat 4: Dak Spur folded before Flop (didn't bet)
Seat 5: Dorex2007 folded before Flop (didn't bet)
Seat 6: padelante2020 collected ($0.11)
Seat 7: hallsy89 folded before Flop (didn't bet)
Seat 8: blopisanz (button) folded on the Turn
Seat 9: Xósem (small blind) folded before Flop



PokerStars Hand #227945671765:  Hold'em No Limit ($0.01/$0.02 USD) - 2021/06/29 20:44:38 PT [2021/06/29 23:44:38 ET]
Table 'Sibylla II' 9-max Seat #9 is the button
Seat 2: As Leproso ($1.96 in chips) 
Seat 3: soultee88 ($2.34 in chips) 
Seat 4: Dak Spur ($2.32 in chips) 
Seat 5: Dorex2007 ($2.37 in chips) 
Seat 6: padelante2020 ($2.27 in chips) 
Seat 7: hallsy89 ($0.89 in chips) 
Seat 8: blopisanz ($1.68 in chips) 
Seat 9: Xósem ($2.01 in chips) 
As Leproso: posts small blind $0.01
soultee88: posts big blind $0.02
*** HOLE CARDS ***
Dealt to Dorex2007 [5s Ac]
Dak Spur: raises $0.03 to $0.05
Dorex2007: folds 
padelante2020 has timed out
padelante2020: folds 
hallsy89: folds 
blopisanz: folds 
Xósem: raises $0.03 to $0.08
As Leproso: folds 
soultee88: folds 
Dak Spur: calls $0.03
*** FLOP *** [As 2h 5d]
Dak Spur: checks 
Xósem: bets $0.09
Dak Spur: calls $0.09
*** TURN *** [As 2h 5d] [Qc]
Dak Spur: checks 
Xósem: checks 
*** RIVER *** [As 2h 5d Qc] [5c]
Dak Spur: checks 
Xósem: checks 
*** SHOW DOWN ***
Dak Spur: shows [Tc Ad] (two pair, Aces and Fives)
Xósem: mucks hand 
Dak Spur collected $0.36 from pot
*** SUMMARY ***
Total pot $0.37 | Rake $0.01 
Board [As 2h 5d Qc 5c]
Seat 2: As Leproso (small blind) folded before Flop
Seat 3: soultee88 (big blind) folded before Flop
Seat 4: Dak Spur showed [Tc Ad] and won ($0.36) with two pair, Aces and Fives
Seat 5: Dorex2007 folded before Flop (didn't bet)
Seat 6: padelante2020 folded before Flop (didn't bet)
Seat 7: hallsy89 folded before Flop (didn't bet)
Seat 8: blopisanz folded before Flop (didn't bet)
Seat 9: Xósem (button) mucked [Kd Kh]



PokerStars Hand #227945683406:  Hold'em No Limit ($0.01/$0.02 USD) - 2021/06/29 20:45:52 PT [2021/06/29 23:45:52 ET]
Table 'Sibylla II' 9-max Seat #2 is the button
Seat 2: As Leproso ($1.95 in chips) 
Seat 3: soultee88 ($2.32 in chips) 
Seat 4: Dak Spur ($2.51 in chips) 
Seat 5: Dorex2007 ($2.37 in chips) 
Seat 6: padelante2020 ($2.27 in chips) 
Seat 7: hallsy89 ($0.89 in chips) 
Seat 8: blopisanz ($1.68 in chips) 
Seat 9: Xósem ($1.84 in chips) 
soultee88: posts small blind $0.01
Dak Spur: posts big blind $0.02
NoMMoney: sits out 
*** HOLE CARDS ***
Dealt to Dorex2007 [Qd 9d]
Dorex2007: folds 
padelante2020: raises $0.02 to $0.04
hallsy89: folds 
blopisanz: folds 
Xósem: calls $0.04
As Leproso: folds 
soultee88: folds 
Dak Spur: calls $0.02
*** FLOP *** [6s 9s 8s]
Dak Spur: checks 
padelante2020: checks 
Xósem: bets $0.07
Dak Spur: folds 
padelante2020: calls $0.07
*** TURN *** [6s 9s 8s] [3h]
padelante2020: checks 
Xósem: bets $0.13
padelante2020: calls $0.13
*** RIVER *** [6s 9s 8s 3h] [9h]
padelante2020: bets $0.30
Xósem: calls $0.30
*** SHOW DOWN ***
padelante2020: shows [Ac 6h] (two pair, Nines and Sixes)
Xósem: shows [Ks Js] (a flush, King high)
Xósem collected $1.09 from pot
*** SUMMARY ***
Total pot $1.13 | Rake $0.04 
Board [6s 9s 8s 3h 9h]
Seat 2: As Leproso (button) folded before Flop (didn't bet)
Seat 3: soultee88 (small blind) folded before Flop
Seat 4: Dak Spur (big blind) folded on the Flop
Seat 5: Dorex2007 folded before Flop (didn't bet)
Seat 6: padelante2020 showed [Ac 6h] and lost with two pair, Nines and Sixes
Seat 7: hallsy89 folded before Flop (didn't bet)
Seat 8: blopisanz folded before Flop (didn't bet)
Seat 9: Xósem showed [Ks Js] and won ($1.09) with a flush, King high



PokerStars Hand #227945694614:  Hold'em No Limit ($0.01/$0.02 USD) - 2021/06/29 20:47:03 PT [2021/06/29 23:47:03 ET]
Table 'Sibylla II' 9-max Seat #3 is the button
Seat 2: As Leproso ($1.95 in chips) 
Seat 3: soultee88 ($2.31 in chips) 
Seat 4: Dak Spur ($2.47 in chips) 
Seat 5: Dorex2007 ($2.37 in chips) 
Seat 6: padelante2020 ($1.73 in chips) 
Seat 7: hallsy89 ($0.89 in chips) 
Seat 8: blopisanz ($1.68 in chips) 
Seat 9: Xósem ($2.39 in chips) 
Dak Spur: posts small blind $0.01
Dorex2007: posts big blind $0.02
NoMMoney: sits out 
*** HOLE CARDS ***
Dealt to Dorex2007 [6c 3c]
padelante2020: folds 
hallsy89: folds 
blopisanz: folds 
Xósem: raises $0.02 to $0.04
As Leproso: folds 
soultee88: folds 
Dak Spur: raises $0.08 to $0.12
Dorex2007: folds 
Xósem: calls $0.08
*** FLOP *** [4c 9c 7s]
Dak Spur: bets $0.10
Xósem: calls $0.10
*** TURN *** [4c 9c 7s] [Ac]
Dak Spur: bets $0.12
Xósem: folds 
Uncalled bet ($0.12) returned to Dak Spur
Dak Spur collected $0.44 from pot
*** SUMMARY ***
Total pot $0.46 | Rake $0.02 
Board [4c 9c 7s Ac]
Seat 2: As Leproso folded before Flop (didn't bet)
Seat 3: soultee88 (button) folded before Flop (didn't bet)
Seat 4: Dak Spur (small blind) collected ($0.44)
Seat 5: Dorex2007 (big blind) folded before Flop
Seat 6: padelante2020 folded before Flop (didn't bet)
Seat 7: hallsy89 folded before Flop (didn't bet)
Seat 8: blopisanz folded before Flop (didn't bet)
Seat 9: Xósem folded on the Turn



PokerStars Hand #227945706694:  Hold'em No Limit ($0.01/$0.02 USD) - 2021/06/29 20:48:19 PT [2021/06/29 23:48:19 ET]
Table 'Sibylla II' 9-max Seat #4 is the button
Seat 2: As Leproso ($1.95 in chips) 
Seat 3: soultee88 ($2.31 in chips) 
Seat 4: Dak Spur ($2.69 in chips) 
Seat 5: Dorex2007 ($2.35 in chips) 
Seat 6: padelante2020 ($1.73 in chips) 
Seat 7: hallsy89 ($0.89 in chips) 
Seat 8: blopisanz ($1.68 in chips) 
Seat 9: Xósem ($2.17 in chips) 
Dorex2007: posts small blind $0.01
padelante2020: posts big blind $0.02
NoMMoney: sits out 
*** HOLE CARDS ***
Dealt to Dorex2007 [7d 8s]
hallsy89: raises $0.02 to $0.04
blopisanz: folds 
Xósem: folds 
As Leproso: folds 
soultee88: folds 
Dak Spur: folds 
Dorex2007: folds 
padelante2020: raises $0.04 to $0.08
hallsy89: calls $0.04
*** FLOP *** [Js 2s 2d]
padelante2020: checks 
hallsy89: checks 
*** TURN *** [Js 2s 2d] [Qs]
padelante2020: bets $0.12
hallsy89: calls $0.12
*** RIVER *** [Js 2s 2d Qs] [6h]
padelante2020: bets $0.23
hallsy89: raises $0.25 to $0.48
padelante2020: calls $0.25
*** SHOW DOWN ***
hallsy89: shows [Qd Ac] (two pair, Queens and Deuces)
padelante2020: mucks hand 
hallsy89 collected $1.32 from pot
*** SUMMARY ***
Total pot $1.37 | Rake $0.05 
Board [Js 2s 2d Qs 6h]
Seat 2: As Leproso folded before Flop (didn't bet)
Seat 3: soultee88 folded before Flop (didn't bet)
Seat 4: Dak Spur (button) folded before Flop (didn't bet)
Seat 5: Dorex2007 (small blind) folded before Flop
Seat 6: padelante2020 (big blind) mucked [9h Qh]
Seat 7: hallsy89 showed [Qd Ac] and won ($1.32) with two pair, Queens and Deuces
Seat 8: blopisanz folded before Flop (didn't bet)
Seat 9: Xósem folded before Flop (didn't bet)



PokerStars Hand #227945715289:  Hold'em No Limit ($0.01/$0.02 USD) - 2021/06/29 20:49:14 PT [2021/06/29 23:49:14 ET]
Table 'Sibylla II' 9-max Seat #5 is the button
Seat 2: As Leproso ($1.95 in chips) 
Seat 3: soultee88 ($2.31 in chips) 
Seat 4: Dak Spur ($2.69 in chips) 
Seat 5: Dorex2007 ($2.34 in chips) 
Seat 6: padelante2020 ($1.05 in chips) 
Seat 8: blopisanz ($1.68 in chips) 
Seat 9: Xósem ($2.17 in chips) 
padelante2020: posts small blind $0.01
hallsy89: is sitting out 
blopisanz: posts big blind $0.02
NoMMoney: sits out 
*** HOLE CARDS ***
Dealt to Dorex2007 [4c Kd]
Xósem: raises $0.04 to $0.06
As Leproso: folds 
soultee88: folds 
Dak Spur: folds 
Dorex2007: folds 
padelante2020: folds 
blopisanz: folds 
Uncalled bet ($0.04) returned to Xósem
Xósem collected $0.05 from pot
Xósem: doesn't show hand 
*** SUMMARY ***
Total pot $0.05 | Rake $0 
Seat 2: As Leproso folded before Flop (didn't bet)
Seat 3: soultee88 folded before Flop (didn't bet)
Seat 4: Dak Spur folded before Flop (didn't bet)
Seat 5: Dorex2007 (button) folded before Flop (didn't bet)
Seat 6: padelante2020 (small blind) folded before Flop
Seat 8: blopisanz (big blind) folded before Flop
Seat 9: Xósem collected ($0.05)



PokerStars Hand #227945720244:  Hold'em No Limit ($0.01/$0.02 USD) - 2021/06/29 20:49:46 PT [2021/06/29 23:49:46 ET]
Table 'Sibylla II' 9-max Seat #6 is the button
Seat 2: As Leproso ($1.95 in chips) 
Seat 3: soultee88 ($2.31 in chips) 
Seat 4: Dak Spur ($2.69 in chips) 
Seat 5: Dorex2007 ($2.34 in chips) 
Seat 6: padelante2020 ($1.04 in chips) 
Seat 8: blopisanz ($1.66 in chips) 
Seat 9: Xósem ($2.20 in chips) 
blopisanz: posts small blind $0.01
Xósem: posts big blind $0.02
NoMMoney: sits out 
*** HOLE CARDS ***
Dealt to Dorex2007 [Jc 4s]
As Leproso: calls $0.02
soultee88: folds 
Dak Spur: folds 
Dorex2007: folds 
padelante2020: raises $0.04 to $0.06
blopisanz: folds 
Xósem: calls $0.04
As Leproso: calls $0.04
*** FLOP *** [2d 9c 5s]
Xósem: bets $0.09
As Leproso: calls $0.09
padelante2020: calls $0.09
*** TURN *** [2d 9c 5s] [Qd]
Xósem: checks 
As Leproso: bets $0.03
padelante2020: calls $0.03
Xósem: calls $0.03
*** RIVER *** [2d 9c 5s Qd] [Jd]
Xósem: checks 
As Leproso: checks 
padelante2020: bets $0.40
Xósem: folds 
As Leproso: folds 
Uncalled bet ($0.40) returned to padelante2020
padelante2020 collected $0.53 from pot
padelante2020: doesn't show hand 
*** SUMMARY ***
Total pot $0.55 | Rake $0.02 
Board [2d 9c 5s Qd Jd]
Seat 2: As Leproso folded on the River
Seat 3: soultee88 folded before Flop (didn't bet)
Seat 4: Dak Spur folded before Flop (didn't bet)
Seat 5: Dorex2007 folded before Flop (didn't bet)
Seat 6: padelante2020 (button) collected ($0.53)
Seat 8: blopisanz (small blind) folded before Flop
Seat 9: Xósem (big blind) folded on the River



PokerStars Hand #227945731895:  Hold'em No Limit ($0.01/$0.02 USD) - 2021/06/29 20:51:02 PT [2021/06/29 23:51:02 ET]
Table 'Sibylla II' 9-max Seat #8 is the button
Seat 1: NoMMoney ($1.60 in chips) 
Seat 2: As Leproso ($1.77 in chips) 
Seat 3: soultee88 ($2.31 in chips) 
Seat 4: Dak Spur ($2.69 in chips) 
Seat 5: Dorex2007 ($2.34 in chips) 
Seat 6: padelante2020 ($1.39 in chips) 
Seat 8: blopisanz ($1.65 in chips) 
Seat 9: Xósem ($2.02 in chips) 
Xósem: posts small blind $0.01
NoMMoney: posts big blind $0.02
*** HOLE CARDS ***
Dealt to Dorex2007 [6h 4s]
As Leproso: folds 
soultee88: folds 
Dak Spur: folds 
Dorex2007: folds 
padelante2020: raises $0.08 to $0.10
blopisanz: folds 
Xósem: folds 
NoMMoney: folds 
Uncalled bet ($0.08) returned to padelante2020
padelante2020 collected $0.05 from pot
padelante2020: doesn't show hand 
*** SUMMARY ***
Total pot $0.05 | Rake $0 
Seat 1: NoMMoney (big blind) folded before Flop
Seat 2: As Leproso folded before Flop (didn't bet)
Seat 3: soultee88 folded before Flop (didn't bet)
Seat 4: Dak Spur folded before Flop (didn't bet)
Seat 5: Dorex2007 folded before Flop (didn't bet)
Seat 6: padelante2020 collected ($0.05)
Seat 8: blopisanz (button) folded before Flop (didn't bet)
Seat 9: Xósem (small blind) folded before Flop



PokerStars Hand #227945734699:  Hold'em No Limit ($0.01/$0.02 USD) - 2021/06/29 20:51:20 PT [2021/06/29 23:51:20 ET]
Table 'Sibylla II' 9-max Seat #9 is the button
Seat 1: NoMMoney ($1.58 in chips) 
Seat 2: As Leproso ($1.77 in chips) 
Seat 3: soultee88 ($2.31 in chips) 
Seat 4: Dak Spur ($2.69 in chips) 
Seat 5: Dorex2007 ($2.34 in chips) 
Seat 6: padelante2020 ($1.42 in chips) 
Seat 8: blopisanz ($1.65 in chips) 
Seat 9: Xósem ($2.01 in chips) 
NoMMoney: posts small blind $0.01
As Leproso: posts big blind $0.02
*** HOLE CARDS ***
Dealt to Dorex2007 [Th 6c]
soultee88: folds 
Dak Spur: folds 
Dorex2007: folds 
padelante2020: raises $0.02 to $0.04
blopisanz: folds 
Xósem: folds 
NoMMoney: calls $0.03
As Leproso: folds 
*** FLOP *** [Ks 7s 4s]
NoMMoney: checks 
padelante2020: checks 
*** TURN *** [Ks 7s 4s] [Js]
NoMMoney: checks 
padelante2020: bets $0.04
NoMMoney: folds 
Uncalled bet ($0.04) returned to padelante2020
padelante2020 collected $0.10 from pot
padelante2020: doesn't show hand 
*** SUMMARY ***
Total pot $0.10 | Rake $0 
Board [Ks 7s 4s Js]
Seat 1: NoMMoney (small blind) folded on the Turn
Seat 2: As Leproso (big blind) folded before Flop
Seat 3: soultee88 folded before Flop (didn't bet)
Seat 4: Dak Spur folded before Flop (didn't bet)
Seat 5: Dorex2007 folded before Flop (didn't bet)
Seat 6: padelante2020 collected ($0.10)
Seat 8: blopisanz folded before Flop (didn't bet)
Seat 9: Xósem (button) folded before Flop (didn't bet)



PokerStars Hand #227945750050:  Hold'em No Limit ($0.01/$0.02 USD) - 2021/06/29 20:52:02 PT [2021/06/29 23:52:02 ET]
Table 'Sibylla II' 9-max Seat #1 is the button
Seat 1: NoMMoney ($1.54 in chips) 
Seat 2: As Leproso ($1.75 in chips) 
Seat 3: soultee88 ($2.31 in chips) 
Seat 4: Dak Spur ($2.69 in chips) 
Seat 5: Dorex2007 ($2.34 in chips) 
Seat 6: padelante2020 ($1.48 in chips) 
Seat 8: blopisanz ($1.65 in chips) 
Seat 9: Xósem ($2.01 in chips) 
As Leproso: posts small blind $0.01
soultee88: posts big blind $0.02
*** HOLE CARDS ***
Dealt to Dorex2007 [7c 3c]
Dak Spur: folds 
Dorex2007: folds 
padelante2020: folds 
blopisanz: folds 
Xósem: folds 
NoMMoney: folds 
As Leproso: calls $0.01
soultee88: raises $0.08 to $0.10
As Leproso: calls $0.08
*** FLOP *** [Kh Qd 8h]
As Leproso: checks 
soultee88: bets $0.10
As Leproso: folds 
Uncalled bet ($0.10) returned to soultee88
soultee88 collected $0.19 from pot
soultee88: doesn't show hand 
*** SUMMARY ***
Total pot $0.20 | Rake $0.01 
Board [Kh Qd 8h]
Seat 1: NoMMoney (button) folded before Flop (didn't bet)
Seat 2: As Leproso (small blind) folded on the Flop
Seat 3: soultee88 (big blind) collected ($0.19)
Seat 4: Dak Spur folded before Flop (didn't bet)
Seat 5: Dorex2007 folded before Flop (didn't bet)
Seat 6: padelante2020 folded before Flop (didn't bet)
Seat 8: blopisanz folded before Flop (didn't bet)
Seat 9: Xósem folded before Flop (didn't bet)



PokerStars Hand #227945756628:  Hold'em No Limit ($0.01/$0.02 USD) - 2021/06/29 20:52:45 PT [2021/06/29 23:52:45 ET]
Table 'Sibylla II' 9-max Seat #2 is the button
Seat 1: NoMMoney ($1.54 in chips) 
Seat 2: As Leproso ($1.65 in chips) 
Seat 3: soultee88 ($2.40 in chips) 
Seat 4: Dak Spur ($2.69 in chips) 
Seat 5: Dorex2007 ($2.34 in chips) 
Seat 6: padelante2020 ($1.48 in chips) 
Seat 8: blopisanz ($1.65 in chips) 
Seat 9: Xósem ($2.01 in chips) 
soultee88: posts small blind $0.01
Dak Spur: posts big blind $0.02
*** HOLE CARDS ***
Dealt to Dorex2007 [Ad Qc]
Dorex2007: raises $0.04 to $0.06
padelante2020: raises $0.04 to $0.10
blopisanz: folds 
Xósem: folds 
NoMMoney: folds 
As Leproso: folds 
soultee88: folds 
Dak Spur: calls $0.08
Dorex2007: raises $2.24 to $2.34 and is all-in
padelante2020: folds 
Dak Spur: folds 
Uncalled bet ($2.24) returned to Dorex2007
Dorex2007 collected $0.31 from pot
Dorex2007: doesn't show hand 
*** SUMMARY ***
Total pot $0.31 | Rake $0 
Seat 1: NoMMoney folded before Flop (didn't bet)
Seat 2: As Leproso (button) folded before Flop (didn't bet)
Seat 3: soultee88 (small blind) folded before Flop
Seat 4: Dak Spur (big blind) folded before Flop
Seat 5: Dorex2007 collected ($0.31)
Seat 6: padelante2020 folded before Flop
Seat 8: blopisanz folded before Flop (didn't bet)
Seat 9: Xósem folded before Flop (didn't bet)



PokerStars Hand #227945764166:  Hold'em No Limit ($0.01/$0.02 USD) - 2021/06/29 20:53:34 PT [2021/06/29 23:53:34 ET]
Table 'Sibylla II' 9-max Seat #3 is the button
Seat 1: NoMMoney ($1.54 in chips) 
Seat 2: As Leproso ($1.65 in chips) 
Seat 3: soultee88 ($2.39 in chips) 
Seat 4: Dak Spur ($2.59 in chips) 
Seat 5: Dorex2007 ($2.55 in chips) 
Seat 6: padelante2020 ($1.38 in chips) 
Seat 8: blopisanz ($1.65 in chips) 
Seat 9: Xósem ($2.01 in chips) 
Dak Spur: posts small blind $0.01
Dorex2007: posts big blind $0.02
*** HOLE CARDS ***
Dealt to Dorex2007 [4c 5d]
padelante2020: folds 
blopisanz: folds 
Xósem: folds 
NoMMoney: folds 
As Leproso: folds 
soultee88: folds 
Dak Spur: raises $0.04 to $0.06
Dorex2007: folds 
Uncalled bet ($0.04) returned to Dak Spur
Dak Spur collected $0.04 from pot
*** SUMMARY ***
Total pot $0.04 | Rake $0 
Seat 1: NoMMoney folded before Flop (didn't bet)
Seat 2: As Leproso folded before Flop (didn't bet)
Seat 3: soultee88 (button) folded before Flop (didn't bet)
Seat 4: Dak Spur (small blind) collected ($0.04)
Seat 5: Dorex2007 (big blind) folded before Flop
Seat 6: padelante2020 folded before Flop (didn't bet)
Seat 8: blopisanz folded before Flop (didn't bet)
Seat 9: Xósem folded before Flop (didn't bet)



PokerStars Hand #227945767154:  Hold'em No Limit ($0.01/$0.02 USD) - 2021/06/29 20:53:53 PT [2021/06/29 23:53:53 ET]
Table 'Sibylla II' 9-max Seat #4 is the button
Seat 1: NoMMoney ($1.54 in chips) 
Seat 2: As Leproso ($1.65 in chips) 
Seat 3: soultee88 ($2.39 in chips) 
Seat 4: Dak Spur ($2.61 in chips) 
Seat 5: Dorex2007 ($2.53 in chips) 
Seat 6: padelante2020 ($1.38 in chips) 
Seat 8: blopisanz ($1.65 in chips) 
Seat 9: Xósem ($2.01 in chips) 
Dorex2007: posts small blind $0.01
padelante2020: posts big blind $0.02
*** HOLE CARDS ***
Dealt to Dorex2007 [As Qc]
blopisanz: folds 
Xósem: folds 
NoMMoney: folds 
As Leproso: folds 
soultee88: folds 
Dak Spur: folds 
Dorex2007: raises $0.04 to $0.06
padelante2020: calls $0.04
*** FLOP *** [Kd 8d 2d]
Dorex2007: checks 
padelante2020: checks 
*** TURN *** [Kd 8d 2d] [Jc]
Dorex2007: bets $0.06
padelante2020: calls $0.06
*** RIVER *** [Kd 8d 2d Jc] [3d]
Dorex2007: bets $0.12
padelante2020: raises $0.12 to $0.24
Dorex2007: folds 
Uncalled bet ($0.12) returned to padelante2020
padelante2020 collected $0.46 from pot
padelante2020: doesn't show hand 
*** SUMMARY ***
Total pot $0.48 | Rake $0.02 
Board [Kd 8d 2d Jc 3d]
Seat 1: NoMMoney folded before Flop (didn't bet)
Seat 2: As Leproso folded before Flop (didn't bet)
Seat 3: soultee88 folded before Flop (didn't bet)
Seat 4: Dak Spur (button) folded before Flop (didn't bet)
Seat 5: Dorex2007 (small blind) folded on the River
Seat 6: padelante2020 (big blind) collected ($0.46)
Seat 8: blopisanz folded before Flop (didn't bet)
Seat 9: Xósem folded before Flop (didn't bet)



PokerStars Hand #227945773101:  Hold'em No Limit ($0.01/$0.02 USD) - 2021/06/29 20:54:32 PT [2021/06/29 23:54:32 ET]
Table 'Sibylla II' 9-max Seat #5 is the button
Seat 1: NoMMoney ($1.54 in chips) 
Seat 2: As Leproso ($1.65 in chips) 
Seat 3: soultee88 ($2.39 in chips) 
Seat 4: Dak Spur ($2.61 in chips) 
Seat 5: Dorex2007 ($2.29 in chips) 
Seat 6: padelante2020 ($1.60 in chips) 
Seat 7: hallsy89 ($1.53 in chips) 
Seat 8: blopisanz ($1.65 in chips) 
Seat 9: Xósem ($2.01 in chips) 
padelante2020: posts small blind $0.01
hallsy89: posts big blind $0.02
*** HOLE CARDS ***
Dealt to Dorex2007 [8h Qd]
blopisanz: folds 
Xósem: folds 
NoMMoney: folds 
As Leproso: folds 
soultee88: folds 
Dak Spur: folds 
Dorex2007: folds 
padelante2020: raises $0.02 to $0.04
hallsy89: folds 
Uncalled bet ($0.02) returned to padelante2020
padelante2020 collected $0.04 from pot
padelante2020: doesn't show hand 
*** SUMMARY ***
Total pot $0.04 | Rake $0 
Seat 1: NoMMoney folded before Flop (didn't bet)
Seat 2: As Leproso folded before Flop (didn't bet)
Seat 3: soultee88 folded before Flop (didn't bet)
Seat 4: Dak Spur folded before Flop (didn't bet)
Seat 5: Dorex2007 (button) folded before Flop (didn't bet)
Seat 6: padelante2020 (small blind) collected ($0.04)
Seat 7: hallsy89 (big blind) folded before Flop
Seat 8: blopisanz folded before Flop (didn't bet)
Seat 9: Xósem folded before Flop (didn't bet)



PokerStars Hand #227945776489:  Hold'em No Limit ($0.01/$0.02 USD) - 2021/06/29 20:54:55 PT [2021/06/29 23:54:55 ET]
Table 'Sibylla II' 9-max Seat #6 is the button
Seat 1: NoMMoney ($1.54 in chips) 
Seat 2: As Leproso ($1.65 in chips) 
Seat 3: soultee88 ($2.39 in chips) 
Seat 4: Dak Spur ($2.61 in chips) 
Seat 5: Dorex2007 ($2.29 in chips) 
Seat 6: padelante2020 ($1.62 in chips) 
Seat 7: hallsy89 ($1.51 in chips) 
Seat 8: blopisanz ($1.65 in chips) 
Seat 9: Xósem ($2.01 in chips) 
hallsy89: posts small blind $0.01
blopisanz: posts big blind $0.02
*** HOLE CARDS ***
Dealt to Dorex2007 [Js Jh]
Xósem: folds 
NoMMoney: folds 
As Leproso: folds 
soultee88: folds 
Dak Spur: folds 
Dorex2007: raises $0.04 to $0.06
padelante2020: folds 
hallsy89: folds 
blopisanz: calls $0.04
*** FLOP *** [8s As Ts]
blopisanz: checks 
Dorex2007: bets $0.13
blopisanz: folds 
Uncalled bet ($0.13) returned to Dorex2007
Dorex2007 collected $0.13 from pot
Dorex2007: doesn't show hand 
*** SUMMARY ***
Total pot $0.13 | Rake $0 
Board [8s As Ts]
Seat 1: NoMMoney folded before Flop (didn't bet)
Seat 2: As Leproso folded before Flop (didn't bet)
Seat 3: soultee88 folded before Flop (didn't bet)
Seat 4: Dak Spur folded before Flop (didn't bet)
Seat 5: Dorex2007 collected ($0.13)
Seat 6: padelante2020 (button) folded before Flop (didn't bet)
Seat 7: hallsy89 (small blind) folded before Flop
Seat 8: blopisanz (big blind) folded on the Flop
Seat 9: Xósem folded before Flop (didn't bet)



PokerStars Hand #227945782084:  Hold'em No Limit ($0.01/$0.02 USD) - 2021/06/29 20:55:38 PT [2021/06/29 23:55:38 ET]
Table 'Sibylla II' 9-max Seat #7 is the button
Seat 1: NoMMoney ($1.54 in chips) 
Seat 2: As Leproso ($1.65 in chips) 
Seat 3: soultee88 ($2.39 in chips) 
Seat 4: Dak Spur ($2.61 in chips) 
Seat 5: Dorex2007 ($2.36 in chips) 
Seat 6: padelante2020 ($1.62 in chips) 
Seat 7: hallsy89 ($1.50 in chips) 
Seat 8: blopisanz ($1.59 in chips) 
Seat 9: Xósem ($2.01 in chips) 
blopisanz: posts small blind $0.01
Xósem: posts big blind $0.02
*** HOLE CARDS ***
Dealt to Dorex2007 [5h 3s]
NoMMoney: raises $0.04 to $0.06
As Leproso: folds 
soultee88: folds 
Dak Spur: folds 
Dorex2007: folds 
padelante2020: folds 
hallsy89: calls $0.06
blopisanz: calls $0.05
Xósem: folds 
*** FLOP *** [7s 9d 6d]
blopisanz: bets $0.04
NoMMoney: calls $0.04
hallsy89: calls $0.04
*** TURN *** [7s 9d 6d] [2d]
blopisanz: bets $1.46
NoMMoney: folds 
As Leproso leaves the table
hallsy89: folds 
Uncalled bet ($1.46) returned to blopisanz
blopisanz collected $0.31 from pot
blopisanz: doesn't show hand 
*** SUMMARY ***
Total pot $0.32 | Rake $0.01 
Board [7s 9d 6d 2d]
Seat 1: NoMMoney folded on the Turn
Seat 2: As Leproso folded before Flop (didn't bet)
Seat 3: soultee88 folded before Flop (didn't bet)
Seat 4: Dak Spur folded before Flop (didn't bet)
Seat 5: Dorex2007 folded before Flop (didn't bet)
Seat 6: padelante2020 folded before Flop (didn't bet)
Seat 7: hallsy89 (button) folded on the Turn
Seat 8: blopisanz (small blind) collected ($0.31)
Seat 9: Xósem (big blind) folded before Flop



PokerStars Hand #227945791341:  Hold'em No Limit ($0.01/$0.02 USD) - 2021/06/29 20:56:52 PT [2021/06/29 23:56:52 ET]
Table 'Sibylla II' 9-max Seat #8 is the button
Seat 1: NoMMoney ($1.44 in chips) 
Seat 3: soultee88 ($2.39 in chips) 
Seat 4: Dak Spur ($2.61 in chips) 
Seat 5: Dorex2007 ($2.36 in chips) 
Seat 6: padelante2020 ($1.62 in chips) 
Seat 7: hallsy89 ($1.40 in chips) 
Seat 8: blopisanz ($1.80 in chips) 
Seat 9: Xósem ($1.99 in chips) 
Xósem: posts small blind $0.01
NoMMoney: posts big blind $0.02
*** HOLE CARDS ***
Dealt to Dorex2007 [5c 6h]
soultee88: folds 
Dak Spur: raises $0.03 to $0.05
Dorex2007: folds 
padelante2020: raises $0.03 to $0.08
hallsy89: folds 
blopisanz: folds 
Xósem: folds 
NoMMoney: folds 
Dak Spur: calls $0.03
*** FLOP *** [3c As 9d]
Dak Spur: checks 
padelante2020: bets $0.04
Dak Spur: calls $0.04
*** TURN *** [3c As 9d] [9s]
The Lapata joins the table at seat #2 
Dak Spur: checks 
padelante2020: checks 
*** RIVER *** [3c As 9d 9s] [5h]
Dak Spur: checks 
padelante2020: bets $0.20
Dak Spur: calls $0.20
*** SHOW DOWN ***
padelante2020: shows [Ad Qd] (two pair, Aces and Nines)
Dak Spur: mucks hand 
padelante2020 collected $0.65 from pot
*** SUMMARY ***
Total pot $0.67 | Rake $0.02 
Board [3c As 9d 9s 5h]
Seat 1: NoMMoney (big blind) folded before Flop
Seat 3: soultee88 folded before Flop (didn't bet)
Seat 4: Dak Spur mucked [6c Ac]
Seat 5: Dorex2007 folded before Flop (didn't bet)
Seat 6: padelante2020 showed [Ad Qd] and won ($0.65) with two pair, Aces and Nines
Seat 7: hallsy89 folded before Flop (didn't bet)
Seat 8: blopisanz (button) folded before Flop (didn't bet)
Seat 9: Xósem (small blind) folded before Flop



PokerStars Hand #227945798046:  Hold'em No Limit ($0.01/$0.02 USD) - 2021/06/29 20:57:45 PT [2021/06/29 23:57:45 ET]
Table 'Sibylla II' 9-max Seat #9 is the button
Seat 1: NoMMoney ($1.42 in chips) 
Seat 2: The Lapata ($2 in chips) 
Seat 3: soultee88 ($2.39 in chips) 
Seat 4: Dak Spur ($2.29 in chips) 
Seat 5: Dorex2007 ($2.36 in chips) 
Seat 6: padelante2020 ($1.95 in chips) 
Seat 7: hallsy89 ($1.40 in chips) 
Seat 8: blopisanz ($1.80 in chips) 
Seat 9: Xósem ($1.98 in chips) 
NoMMoney: posts small blind $0.01
The Lapata: posts big blind $0.02
*** HOLE CARDS ***
Dealt to Dorex2007 [4c Kh]
soultee88: folds 
Dak Spur: raises $0.03 to $0.05
Dorex2007: folds 
padelante2020: calls $0.05
hallsy89: folds 
blopisanz: folds 
Xósem: calls $0.05
NoMMoney: calls $0.04
The Lapata: calls $0.03
*** FLOP *** [Kd 4d 4h]
NoMMoney: checks 
The Lapata: checks 
Dak Spur: checks 
padelante2020: bets $0.14
Xósem: folds 
NoMMoney: folds 
The Lapata: folds 
Dak Spur: folds 
Uncalled bet ($0.14) returned to padelante2020
padelante2020 collected $0.24 from pot
padelante2020: doesn't show hand 
*** SUMMARY ***
Total pot $0.25 | Rake $0.01 
Board [Kd 4d 4h]
Seat 1: NoMMoney (small blind) folded on the Flop
Seat 2: The Lapata (big blind) folded on the Flop
Seat 3: soultee88 folded before Flop (didn't bet)
Seat 4: Dak Spur folded on the Flop
Seat 5: Dorex2007 folded before Flop (didn't bet)
Seat 6: padelante2020 collected ($0.24)
Seat 7: hallsy89 folded before Flop (didn't bet)
Seat 8: blopisanz folded before Flop (didn't bet)
Seat 9: Xósem (button) folded on the Flop



PokerStars Hand #227945803967:  Hold'em No Limit ($0.01/$0.02 USD) - 2021/06/29 20:58:32 PT [2021/06/29 23:58:32 ET]
Table 'Sibylla II' 9-max Seat #1 is the button
Seat 1: NoMMoney ($1.37 in chips) 
Seat 2: The Lapata ($2 in chips) 
Seat 3: soultee88 ($2.39 in chips) 
Seat 4: Dak Spur ($2.24 in chips) 
Seat 5: Dorex2007 ($2.36 in chips) 
Seat 6: padelante2020 ($2.14 in chips) 
Seat 7: hallsy89 ($1.40 in chips) 
Seat 8: blopisanz ($1.80 in chips) 
Seat 9: Xósem ($1.93 in chips) 
The Lapata: posts small blind $0.01
soultee88: posts big blind $0.02
*** HOLE CARDS ***
Dealt to Dorex2007 [9c Qd]
Dak Spur: raises $0.03 to $0.05
Dorex2007: folds 
padelante2020: raises $0.03 to $0.08
hallsy89: folds 
blopisanz: folds 
Xósem: folds 
NoMMoney: folds 
The Lapata: folds 
soultee88: folds 
Dak Spur: calls $0.03
*** FLOP *** [2h 7s 7d]
Dak Spur: checks 
padelante2020: checks 
*** TURN *** [2h 7s 7d] [5h]
Dak Spur: checks 
padelante2020: bets $0.10
Dak Spur: calls $0.10
*** RIVER *** [2h 7s 7d 5h] [Kh]
Dak Spur: checks 
padelante2020: bets $0.22
Dak Spur: calls $0.22
*** SHOW DOWN ***
padelante2020: shows [As 6d] (a pair of Sevens)
Dak Spur: shows [8h 8s] (two pair, Eights and Sevens)
Dak Spur collected $0.80 from pot
*** SUMMARY ***
Total pot $0.83 | Rake $0.03 
Board [2h 7s 7d 5h Kh]
Seat 1: NoMMoney (button) folded before Flop (didn't bet)
Seat 2: The Lapata (small blind) folded before Flop
Seat 3: soultee88 (big blind) folded before Flop
Seat 4: Dak Spur showed [8h 8s] and won ($0.80) with two pair, Eights and Sevens
Seat 5: Dorex2007 folded before Flop (didn't bet)
Seat 6: padelante2020 showed [As 6d] and lost with a pair of Sevens
Seat 7: hallsy89 folded before Flop (didn't bet)
Seat 8: blopisanz folded before Flop (didn't bet)
Seat 9: Xósem folded before Flop (didn't bet)



PokerStars Hand #227945810106:  Hold'em No Limit ($0.01/$0.02 USD) - 2021/06/29 20:59:21 PT [2021/06/29 23:59:21 ET]
Table 'Sibylla II' 9-max Seat #2 is the button
Seat 1: NoMMoney ($1.37 in chips) 
Seat 2: The Lapata ($2 in chips) 
Seat 3: soultee88 ($2.37 in chips) 
Seat 4: Dak Spur ($2.64 in chips) 
Seat 5: Dorex2007 ($2.36 in chips) 
Seat 6: padelante2020 ($1.74 in chips) 
Seat 7: hallsy89 ($1.40 in chips) 
Seat 8: blopisanz ($1.80 in chips) 
Seat 9: Xósem ($2 in chips) 
soultee88: posts small blind $0.01
Dak Spur: posts big blind $0.02
*** HOLE CARDS ***
Dealt to Dorex2007 [5d 2d]
Dorex2007: folds 
padelante2020: folds 
hallsy89: folds 
blopisanz: folds 
Xósem: folds 
NoMMoney: folds 
The Lapata: raises $0.03 to $0.05
soultee88: folds 
Dak Spur: calls $0.03
*** FLOP *** [Qc 4c Tc]
Dak Spur: checks 
The Lapata: bets $0.04
Dak Spur: calls $0.04
*** TURN *** [Qc 4c Tc] [5h]
Dak Spur: checks 
The Lapata: checks 
*** RIVER *** [Qc 4c Tc 5h] [6h]
Dak Spur: bets $0.11
The Lapata: raises $0.27 to $0.38
Dak Spur: folds 
Uncalled bet ($0.27) returned to The Lapata
The Lapata collected $0.40 from pot
The Lapata: doesn't show hand 
*** SUMMARY ***
Total pot $0.41 | Rake $0.01 
Board [Qc 4c Tc 5h 6h]
Seat 1: NoMMoney folded before Flop (didn't bet)
Seat 2: The Lapata (button) collected ($0.40)
Seat 3: soultee88 (small blind) folded before Flop
Seat 4: Dak Spur (big blind) folded on the River
Seat 5: Dorex2007 folded before Flop (didn't bet)
Seat 6: padelante2020 folded before Flop (didn't bet)
Seat 7: hallsy89 folded before Flop (didn't bet)
Seat 8: blopisanz folded before Flop (didn't bet)
Seat 9: Xósem folded before Flop (didn't bet)



