PokerStars Hand #233609029483:  Hold'em No Limit ($0.01/$0.02 USD) - 2022/01/29 19:55:37 PT [2022/01/29 22:55:37 ET]
Table 'Europa III' 9-max Seat #9 is the button
Seat 1: jl1955 ($1.53 in chips) 
Seat 2: happystone71 ($1.94 in chips) 
Seat 3: Michael@1647 ($2 in chips) 
Seat 4: signaturefro ($2.56 in chips) 
Seat 5: GMillerr ($0.94 in chips) 
Seat 6: Dorex2007 ($2.09 in chips) 
Seat 8: Kadinhodotrevo ($2.08 in chips) 
Seat 9: tom905 ($1.42 in chips) 
jl1955: posts small blind $0.01
happystone71: posts big blind $0.02
*** HOLE CARDS ***
Dealt to Dorex2007 [7c 8s]
Michael@1647: raises $0.04 to $0.06
signaturefro: calls $0.06
GMillerr: folds 
Dorex2007: folds 
Kadinhodotrevo has timed out
Kadinhodotrevo: folds 
tom905: folds 
jl1955: folds 
happystone71: calls $0.04
*** FLOP *** [Tc 6d 9d]
Hammerr2 joins the table at seat #7 
happystone71: checks 
Michael@1647: checks 
signaturefro: checks 
*** TURN *** [Tc 6d 9d] [Td]
happystone71: bets $0.09
Michael@1647: folds 
signaturefro: folds 
Uncalled bet ($0.09) returned to happystone71
happystone71 collected $0.18 from pot
*** SUMMARY ***
Total pot $0.19 | Rake $0.01 
Board [Tc 6d 9d Td]
Seat 1: jl1955 (small blind) folded before Flop
Seat 2: happystone71 (big blind) collected ($0.18)
Seat 3: Michael@1647 folded on the Turn
Seat 4: signaturefro folded on the Turn
Seat 5: GMillerr folded before Flop (didn't bet)
Seat 6: Dorex2007 folded before Flop (didn't bet)
Seat 8: Kadinhodotrevo folded before Flop (didn't bet)
Seat 9: tom905 (button) folded before Flop (didn't bet)



PokerStars Hand #233609040852:  Hold'em No Limit ($0.01/$0.02 USD) - 2022/01/29 19:56:41 PT [2022/01/29 22:56:41 ET]
Table 'Europa III' 9-max Seat #1 is the button
Seat 1: jl1955 ($1.52 in chips) 
Seat 2: happystone71 ($2.06 in chips) 
Seat 3: Michael@1647 ($1.94 in chips) 
Seat 4: signaturefro ($2.50 in chips) 
Seat 5: GMillerr ($0.94 in chips) 
Seat 6: Dorex2007 ($2.09 in chips) 
Seat 7: Hammerr2 ($1.43 in chips) 
Seat 8: Kadinhodotrevo ($2.08 in chips) 
Seat 9: tom905 ($1.42 in chips) 
happystone71: posts small blind $0.01
Michael@1647: posts big blind $0.02
Hammerr2: posts big blind $0.02
*** HOLE CARDS ***
Dealt to Dorex2007 [Js 4d]
signaturefro: folds 
GMillerr: calls $0.02
Dorex2007: folds 
Hammerr2: checks 
Kadinhodotrevo: calls $0.02
tom905: folds 
jl1955: folds 
happystone71: folds 
Michael@1647: checks 
*** FLOP *** [2h 5d 8c]
Michael@1647: checks 
GMillerr: checks 
Hammerr2: bets $0.04
Kadinhodotrevo: folds 
Michael@1647: folds 
GMillerr: folds 
Uncalled bet ($0.04) returned to Hammerr2
Hammerr2 collected $0.09 from pot
Hammerr2: doesn't show hand 
*** SUMMARY ***
Total pot $0.09 | Rake $0 
Board [2h 5d 8c]
Seat 1: jl1955 (button) folded before Flop (didn't bet)
Seat 2: happystone71 (small blind) folded before Flop
Seat 3: Michael@1647 (big blind) folded on the Flop
Seat 4: signaturefro folded before Flop (didn't bet)
Seat 5: GMillerr folded on the Flop
Seat 6: Dorex2007 folded before Flop (didn't bet)
Seat 7: Hammerr2 collected ($0.09)
Seat 8: Kadinhodotrevo folded on the Flop
Seat 9: tom905 folded before Flop (didn't bet)



