PokerStars Hand #237938670514:  Hold'em No Limit ($0.02/$0.05 USD) - 2022/08/11 21:24:22 PT [2022/08/12 0:24:22 ET]
Table 'Bruchsalia III' 9-max Seat #6 is the button
Seat 1: zanozaN1 ($5.13 in chips) 
Seat 3: geniuss ($5 in chips) 
Seat 4: SetOnesGoal ($7.03 in chips) 
Seat 5: Dorex2007 ($5 in chips) 
Seat 6: moitzigu ($5 in chips) 
Seat 7: FLASH_RJ ($10.63 in chips) 
Seat 9: dini1969 ($4 in chips) 
FLASH_RJ: posts small blind $0.02
dini1969: posts big blind $0.05
gilson-omena: sits out 
Dorex2007: posts big blind $0.05
*** HOLE CARDS ***
Dealt to Dorex2007 [2s 8d]
zanozaN1: folds 
geniuss: folds 
SetOnesGoal: folds 
Dorex2007: checks 
moitzigu: folds 
FLASH_RJ: folds 
Haras 3A leaves the table
dini1969: checks 
*** FLOP *** [8h Js 8s]
dini1969: checks 
Dorex2007: checks 
*** TURN *** [8h Js 8s] [3c]
dini1969: checks 
Dorex2007: bets $0.08
dini1969: calls $0.08
*** RIVER *** [8h Js 8s 3c] [Jd]
dini1969: checks 
Dorex2007: checks 
*** SHOW DOWN ***
dini1969: shows [9c Ad] (two pair, Jacks and Eights)
Dorex2007: shows [2s 8d] (a full house, Eights full of Jacks)
Dorex2007 collected $0.27 from pot
*** SUMMARY ***
Total pot $0.28 | Rake $0.01 
Board [8h Js 8s 3c Jd]
Seat 1: zanozaN1 folded before Flop (didn't bet)
Seat 3: geniuss folded before Flop (didn't bet)
Seat 4: SetOnesGoal folded before Flop (didn't bet)
Seat 5: Dorex2007 showed [2s 8d] and won ($0.27) with a full house, Eights full of Jacks
Seat 6: moitzigu (button) folded before Flop (didn't bet)
Seat 7: FLASH_RJ (small blind) folded before Flop
Seat 9: dini1969 (big blind) showed [9c Ad] and lost with two pair, Jacks and Eights



PokerStars Hand #237938684460:  Hold'em No Limit ($0.02/$0.05 USD) - 2022/08/11 21:25:12 PT [2022/08/12 0:25:12 ET]
Table 'Bruchsalia III' 9-max Seat #7 is the button
Seat 1: zanozaN1 ($5.13 in chips) 
Seat 2: gilson-omena ($2 in chips) 
Seat 3: geniuss ($5 in chips) 
Seat 4: SetOnesGoal ($7.03 in chips) 
Seat 5: Dorex2007 ($5.14 in chips) 
Seat 6: moitzigu ($5 in chips) 
Seat 7: FLASH_RJ ($10.61 in chips) 
Seat 9: dini1969 ($3.87 in chips) 
dini1969: posts small blind $0.02
zanozaN1: posts big blind $0.05
gilson-omena: posts big blind $0.05
*** HOLE CARDS ***
Dealt to Dorex2007 [Qh Qc]
gilson-omena: raises $0.05 to $0.10
geniuss: folds 
SetOnesGoal: folds 
saxofonis981 joins the table at seat #8 
Dorex2007: raises $0.25 to $0.35
moitzigu: folds 
FLASH_RJ: folds 
dini1969: folds 
zanozaN1: folds 
gilson-omena: calls $0.25
*** FLOP *** [5c Tc Ts]
gilson-omena: checks 
Dorex2007: bets $0.74
gilson-omena: calls $0.74
*** TURN *** [5c Tc Ts] [7d]
gilson-omena: checks 
Dorex2007: bets $1
gilson-omena: calls $0.91 and is all-in
Uncalled bet ($0.09) returned to Dorex2007
*** RIVER *** [5c Tc Ts 7d] [Td]
*** SHOW DOWN ***
gilson-omena: shows [Ad 8c] (three of a kind, Tens)
Dorex2007: shows [Qh Qc] (a full house, Tens full of Queens)
gilson-omena cashed out the hand for $0.27
Dorex2007 cashed out the hand for $3.59 | Cash Out Fee $0.04
*** SUMMARY ***
Total pot $4.07 | Rake $0.17 
Board [5c Tc Ts 7d Td]
Seat 1: zanozaN1 (big blind) folded before Flop
Seat 2: gilson-omena showed [Ad 8c] and lost with three of a kind, Tens (cashed out).
Seat 3: geniuss folded before Flop (didn't bet)
Seat 4: SetOnesGoal folded before Flop (didn't bet)
Seat 5: Dorex2007 showed [Qh Qc] and won ($3.90) with a full house, Tens full of Queens (pot not awarded as player cashed out)
Seat 6: moitzigu folded before Flop (didn't bet)
Seat 7: FLASH_RJ (button) folded before Flop (didn't bet)
Seat 9: dini1969 (small blind) folded before Flop



PokerStars Hand #237938691874:  Hold'em No Limit ($0.02/$0.05 USD) - 2022/08/11 21:26:11 PT [2022/08/12 0:26:11 ET]
Table 'Bruchsalia III' 9-max Seat #9 is the button
Seat 1: zanozaN1 ($5.08 in chips) 
Seat 2: gilson-omena ($0.27 in chips) 
Seat 3: geniuss ($5 in chips) 
Seat 4: SetOnesGoal ($7.03 in chips) 
Seat 5: Dorex2007 ($6.73 in chips) 
Seat 6: moitzigu ($5 in chips) 
Seat 7: FLASH_RJ ($10.61 in chips) 
Seat 9: dini1969 ($3.85 in chips) 
zanozaN1: posts small blind $0.02
gilson-omena: posts big blind $0.05
saxofonis981: sits out 
*** HOLE CARDS ***
Dealt to Dorex2007 [3c 9s]
geniuss: folds 
SetOnesGoal: folds 
Dorex2007: folds 
moitzigu: folds 
FLASH_RJ: calls $0.05
dini1969: calls $0.05
zanozaN1: calls $0.03
gilson-omena: checks 
*** FLOP *** [Qc 3s 5s]
zanozaN1: checks 
gilson-omena: bets $0.05
FLASH_RJ: calls $0.05
dini1969: calls $0.05
zanozaN1: calls $0.05
*** TURN *** [Qc 3s 5s] [Th]
zanozaN1: checks 
gilson-omena: checks 
FLASH_RJ: checks 
dini1969: bets $0.05
zanozaN1: folds 
gilson-omena: folds 
FLASH_RJ: calls $0.05
*** RIVER *** [Qc 3s 5s Th] [4c]
FLASH_RJ: checks 
dini1969: checks 
*** SHOW DOWN ***
FLASH_RJ: shows [7c 7s] (a pair of Sevens)
dini1969: shows [Qs 6c] (a pair of Queens)
dini1969 collected $0.48 from pot
*** SUMMARY ***
Total pot $0.50 | Rake $0.02 
Board [Qc 3s 5s Th 4c]
Seat 1: zanozaN1 (small blind) folded on the Turn
Seat 2: gilson-omena (big blind) folded on the Turn
Seat 3: geniuss folded before Flop (didn't bet)
Seat 4: SetOnesGoal folded before Flop (didn't bet)
Seat 5: Dorex2007 folded before Flop (didn't bet)
Seat 6: moitzigu folded before Flop (didn't bet)
Seat 7: FLASH_RJ showed [7c 7s] and lost with a pair of Sevens
Seat 9: dini1969 (button) showed [Qs 6c] and won ($0.48) with a pair of Queens



PokerStars Hand #237938702426:  Hold'em No Limit ($0.02/$0.05 USD) - 2022/08/11 21:27:35 PT [2022/08/12 0:27:35 ET]
Table 'Bruchsalia III' 9-max Seat #1 is the button
Seat 1: zanozaN1 ($5 in chips) 
Seat 2: gilson-omena ($0.17 in chips) 
Seat 3: geniuss ($5 in chips) 
Seat 4: SetOnesGoal ($7.03 in chips) 
Seat 5: Dorex2007 ($6.73 in chips) 
Seat 6: moitzigu ($5 in chips) 
Seat 7: FLASH_RJ ($10.46 in chips) 
Seat 8: saxofonis981 ($4 in chips) 
Seat 9: dini1969 ($4.18 in chips) 
gilson-omena: posts small blind $0.02
geniuss: posts big blind $0.05
saxofonis981: posts big blind $0.05
*** HOLE CARDS ***
Dealt to Dorex2007 [7c 4s]
SetOnesGoal: folds 
Dorex2007: folds 
moitzigu: folds 
FLASH_RJ: calls $0.05
saxofonis981: checks 
dini1969: calls $0.05
zanozaN1: raises $0.30 to $0.35
gilson-omena: folds 
geniuss: folds 
FLASH_RJ: calls $0.30
saxofonis981: folds 
dini1969: folds 
*** FLOP *** [6s 6h 2c]
FLASH_RJ: checks 
zanozaN1: bets $0.55
FLASH_RJ: folds 
Uncalled bet ($0.55) returned to zanozaN1
zanozaN1 collected $0.83 from pot
zanozaN1: doesn't show hand 
*** SUMMARY ***
Total pot $0.87 | Rake $0.04 
Board [6s 6h 2c]
Seat 1: zanozaN1 (button) collected ($0.83)
Seat 2: gilson-omena (small blind) folded before Flop
Seat 3: geniuss (big blind) folded before Flop
Seat 4: SetOnesGoal folded before Flop (didn't bet)
Seat 5: Dorex2007 folded before Flop (didn't bet)
Seat 6: moitzigu folded before Flop (didn't bet)
Seat 7: FLASH_RJ folded on the Flop
Seat 8: saxofonis981 folded before Flop (didn't bet)
Seat 9: dini1969 folded before Flop



PokerStars Hand #237938710003:  Hold'em No Limit ($0.02/$0.05 USD) - 2022/08/11 21:28:35 PT [2022/08/12 0:28:35 ET]
Table 'Bruchsalia III' 9-max Seat #2 is the button
Seat 1: zanozaN1 ($5.48 in chips) 
Seat 2: gilson-omena ($0.15 in chips) 
Seat 3: geniuss ($5 in chips) 
Seat 4: SetOnesGoal ($7.03 in chips) 
Seat 5: Dorex2007 ($6.73 in chips) 
Seat 6: moitzigu ($5 in chips) 
Seat 7: FLASH_RJ ($10.11 in chips) 
Seat 8: saxofonis981 ($3.95 in chips) 
Seat 9: dini1969 ($4.13 in chips) 
geniuss: posts small blind $0.02
SetOnesGoal: posts big blind $0.05
*** HOLE CARDS ***
Dealt to Dorex2007 [2d 4s]
Dorex2007: folds 
moitzigu: folds 
FLASH_RJ: folds 
saxofonis981: calls $0.05
dini1969: calls $0.05
zanozaN1: folds 
gilson-omena: calls $0.05
geniuss: raises $0.20 to $0.25
SetOnesGoal: raises $0.40 to $0.65
saxofonis981: folds 
dini1969: folds 
gilson-omena: folds 
geniuss: calls $0.40
*** FLOP *** [Kh 8d As]
geniuss: checks 
SetOnesGoal: bets $0.50
geniuss: folds 
Uncalled bet ($0.50) returned to SetOnesGoal
SetOnesGoal collected $1.39 from pot
SetOnesGoal: doesn't show hand 
*** SUMMARY ***
Total pot $1.45 | Rake $0.06 
Board [Kh 8d As]
Seat 1: zanozaN1 folded before Flop (didn't bet)
Seat 2: gilson-omena (button) folded before Flop
Seat 3: geniuss (small blind) folded on the Flop
Seat 4: SetOnesGoal (big blind) collected ($1.39)
Seat 5: Dorex2007 folded before Flop (didn't bet)
Seat 6: moitzigu folded before Flop (didn't bet)
Seat 7: FLASH_RJ folded before Flop (didn't bet)
Seat 8: saxofonis981 folded before Flop
Seat 9: dini1969 folded before Flop



PokerStars Hand #237938720343:  Hold'em No Limit ($0.02/$0.05 USD) - 2022/08/11 21:29:58 PT [2022/08/12 0:29:58 ET]
Table 'Bruchsalia III' 9-max Seat #3 is the button
Seat 1: zanozaN1 ($5.48 in chips) 
Seat 2: gilson-omena ($0.10 in chips) 
Seat 3: geniuss ($5 in chips) 
Seat 4: SetOnesGoal ($7.77 in chips) 
Seat 5: Dorex2007 ($6.73 in chips) 
Seat 6: moitzigu ($5 in chips) 
Seat 7: FLASH_RJ ($10.11 in chips) 
Seat 8: saxofonis981 ($3.90 in chips) 
Seat 9: dini1969 ($4.08 in chips) 
SetOnesGoal: posts small blind $0.02
Dorex2007: posts big blind $0.05
*** HOLE CARDS ***
Dealt to Dorex2007 [3s Th]
moitzigu: folds 
FLASH_RJ: folds 
saxofonis981: folds 
dini1969: calls $0.05
zanozaN1: folds 
gilson-omena: calls $0.05
geniuss: folds 
SetOnesGoal: calls $0.03
Dorex2007: checks 
*** FLOP *** [4d 3c 7s]
SetOnesGoal: checks 
Dorex2007: checks 
dini1969: checks 
gilson-omena: bets $0.05 and is all-in
SetOnesGoal: calls $0.05
Dorex2007: calls $0.05
dini1969: calls $0.05
*** TURN *** [4d 3c 7s] [9c]
SetOnesGoal: checks 
Dorex2007: checks 
dini1969: checks 
*** RIVER *** [4d 3c 7s 9c] [2s]
SetOnesGoal: checks 
Dorex2007: checks 
dini1969: checks 
*** SHOW DOWN ***
SetOnesGoal: shows [3d 6s] (a pair of Threes)
Dorex2007: shows [3s Th] (a pair of Threes - Ten kicker)
dini1969: mucks hand 
gilson-omena: shows [7d 9s] (two pair, Nines and Sevens)
gilson-omena collected $0.38 from pot
*** SUMMARY ***
Total pot $0.40 | Rake $0.02 
Board [4d 3c 7s 9c 2s]
Seat 1: zanozaN1 folded before Flop (didn't bet)
Seat 2: gilson-omena showed [7d 9s] and won ($0.38) with two pair, Nines and Sevens
Seat 3: geniuss (button) folded before Flop (didn't bet)
Seat 4: SetOnesGoal (small blind) showed [3d 6s] and lost with a pair of Threes
Seat 5: Dorex2007 (big blind) showed [3s Th] and lost with a pair of Threes
Seat 6: moitzigu folded before Flop (didn't bet)
Seat 7: FLASH_RJ folded before Flop (didn't bet)
Seat 8: saxofonis981 folded before Flop (didn't bet)
Seat 9: dini1969 mucked [Ts 6c]



PokerStars Hand #237938731638:  Hold'em No Limit ($0.02/$0.05 USD) - 2022/08/11 21:31:28 PT [2022/08/12 0:31:28 ET]
Table 'Bruchsalia III' 9-max Seat #4 is the button
Seat 1: zanozaN1 ($5.48 in chips) 
Seat 2: gilson-omena ($0.38 in chips) 
Seat 3: geniuss ($5 in chips) 
Seat 4: SetOnesGoal ($7.67 in chips) 
Seat 5: Dorex2007 ($6.63 in chips) 
Seat 6: moitzigu ($5 in chips) 
Seat 7: FLASH_RJ ($10.11 in chips) 
Seat 8: saxofonis981 ($3.90 in chips) 
Seat 9: dini1969 ($3.98 in chips) 
Dorex2007: posts small blind $0.02
moitzigu: posts big blind $0.05
*** HOLE CARDS ***
Dealt to Dorex2007 [Ac 8d]
FLASH_RJ: folds 
saxofonis981: folds 
dini1969: raises $0.10 to $0.15
zanozaN1: folds 
gilson-omena has timed out
gilson-omena: folds 
geniuss: folds 
SetOnesGoal: folds 
Dorex2007: folds 
moitzigu: calls $0.10
*** FLOP *** [4c 9s 7c]
moitzigu: bets $0.20
dini1969: folds 
Uncalled bet ($0.20) returned to moitzigu
moitzigu collected $0.31 from pot
moitzigu: doesn't show hand 
*** SUMMARY ***
Total pot $0.32 | Rake $0.01 
Board [4c 9s 7c]
Seat 1: zanozaN1 folded before Flop (didn't bet)
Seat 2: gilson-omena folded before Flop (didn't bet)
Seat 3: geniuss folded before Flop (didn't bet)
Seat 4: SetOnesGoal (button) folded before Flop (didn't bet)
Seat 5: Dorex2007 (small blind) folded before Flop
Seat 6: moitzigu (big blind) collected ($0.31)
Seat 7: FLASH_RJ folded before Flop (didn't bet)
Seat 8: saxofonis981 folded before Flop (didn't bet)
Seat 9: dini1969 folded on the Flop



PokerStars Hand #237938738070:  Hold'em No Limit ($0.02/$0.05 USD) - 2022/08/11 21:32:20 PT [2022/08/12 0:32:20 ET]
Table 'Bruchsalia III' 9-max Seat #5 is the button
Seat 1: zanozaN1 ($5.48 in chips) 
Seat 2: gilson-omena ($0.38 in chips) 
Seat 3: geniuss ($5 in chips) 
Seat 4: SetOnesGoal ($7.67 in chips) 
Seat 5: Dorex2007 ($6.61 in chips) 
Seat 6: moitzigu ($5.16 in chips) 
Seat 7: FLASH_RJ ($10.11 in chips) 
Seat 8: saxofonis981 ($3.90 in chips) 
Seat 9: dini1969 ($3.83 in chips) 
moitzigu: posts small blind $0.02
FLASH_RJ: posts big blind $0.05
*** HOLE CARDS ***
Dealt to Dorex2007 [Kh Js]
saxofonis981: calls $0.05
dini1969: calls $0.05
zanozaN1: folds 
gilson-omena: raises $0.33 to $0.38 and is all-in
geniuss: folds 
SetOnesGoal: folds 
Dorex2007: folds 
moitzigu: folds 
FLASH_RJ: folds 
saxofonis981: calls $0.33
dini1969: folds 
*** FLOP *** [Tc Jd Th]
*** TURN *** [Tc Jd Th] [Td]
*** RIVER *** [Tc Jd Th Td] [9h]
*** SHOW DOWN ***
saxofonis981: shows [Ks Ts] (four of a kind, Tens)
gilson-omena: shows [Qc Ac] (three of a kind, Tens)
saxofonis981 collected $0.84 from pot
*** SUMMARY ***
Total pot $0.88 | Rake $0.04 
Board [Tc Jd Th Td 9h]
Seat 1: zanozaN1 folded before Flop (didn't bet)
Seat 2: gilson-omena showed [Qc Ac] and lost with three of a kind, Tens
Seat 3: geniuss folded before Flop (didn't bet)
Seat 4: SetOnesGoal folded before Flop (didn't bet)
Seat 5: Dorex2007 (button) folded before Flop (didn't bet)
Seat 6: moitzigu (small blind) folded before Flop
Seat 7: FLASH_RJ (big blind) folded before Flop
Seat 8: saxofonis981 showed [Ks Ts] and won ($0.84) with four of a kind, Tens
Seat 9: dini1969 folded before Flop



PokerStars Hand #237938743363:  Hold'em No Limit ($0.02/$0.05 USD) - 2022/08/11 21:33:03 PT [2022/08/12 0:33:03 ET]
Table 'Bruchsalia III' 9-max Seat #6 is the button
Seat 1: zanozaN1 ($5.48 in chips) 
Seat 3: geniuss ($5 in chips) 
Seat 4: SetOnesGoal ($7.67 in chips) 
Seat 5: Dorex2007 ($6.61 in chips) 
Seat 6: moitzigu ($5.14 in chips) 
Seat 7: FLASH_RJ ($10.06 in chips) 
Seat 8: saxofonis981 ($4.36 in chips) 
Seat 9: dini1969 ($3.78 in chips) 
FLASH_RJ: posts small blind $0.02
saxofonis981: posts big blind $0.05
*** HOLE CARDS ***
Dealt to Dorex2007 [8d 5h]
dini1969: calls $0.05
zanozaN1: folds 
geniuss: folds 
SetOnesGoal: folds 
Dorex2007: folds 
moitzigu: folds 
FLASH_RJ: calls $0.03
saxofonis981: checks 
*** FLOP *** [Jc 4c Jh]
FLASH_RJ: checks 
saxofonis981: checks 
dini1969: checks 
*** TURN *** [Jc 4c Jh] [6s]
FLASH_RJ: checks 
saxofonis981: bets $0.07
dini1969: folds 
FLASH_RJ: folds 
Uncalled bet ($0.07) returned to saxofonis981
saxofonis981 collected $0.14 from pot
*** SUMMARY ***
Total pot $0.15 | Rake $0.01 
Board [Jc 4c Jh 6s]
Seat 1: zanozaN1 folded before Flop (didn't bet)
Seat 3: geniuss folded before Flop (didn't bet)
Seat 4: SetOnesGoal folded before Flop (didn't bet)
Seat 5: Dorex2007 folded before Flop (didn't bet)
Seat 6: moitzigu (button) folded before Flop (didn't bet)
Seat 7: FLASH_RJ (small blind) folded on the Turn
Seat 8: saxofonis981 (big blind) collected ($0.14)
Seat 9: dini1969 folded on the Turn



PokerStars Hand #237938753900:  Hold'em No Limit ($0.02/$0.05 USD) - 2022/08/11 21:34:30 PT [2022/08/12 0:34:30 ET]
Table 'Bruchsalia III' 9-max Seat #7 is the button
Seat 1: zanozaN1 ($5.48 in chips) 
Seat 2: gilson-omena ($2 in chips) 
Seat 3: geniuss ($5 in chips) 
Seat 4: SetOnesGoal ($7.67 in chips) 
Seat 5: Dorex2007 ($6.61 in chips) 
Seat 6: moitzigu ($5.14 in chips) 
Seat 7: FLASH_RJ ($10.01 in chips) 
Seat 8: saxofonis981 ($4.45 in chips) 
Seat 9: dini1969 ($3.73 in chips) 
saxofonis981: posts small blind $0.02
dini1969: posts big blind $0.05
*** HOLE CARDS ***
Dealt to Dorex2007 [8d Qs]
zanozaN1: folds 
gilson-omena: calls $0.05
geniuss: folds 
SetOnesGoal: folds 
Dorex2007: folds 
moitzigu: folds 
FLASH_RJ: folds 
saxofonis981: folds 
dini1969: checks 
*** FLOP *** [7d 9s 8c]
dini1969: checks 
gilson-omena: bets $0.10
dini1969: calls $0.10
*** TURN *** [7d 9s 8c] [9h]
dini1969: checks 
gilson-omena: bets $0.30
dini1969: folds 
Uncalled bet ($0.30) returned to gilson-omena
gilson-omena collected $0.31 from pot
*** SUMMARY ***
Total pot $0.32 | Rake $0.01 
Board [7d 9s 8c 9h]
Seat 1: zanozaN1 folded before Flop (didn't bet)
Seat 2: gilson-omena collected ($0.31)
Seat 3: geniuss folded before Flop (didn't bet)
Seat 4: SetOnesGoal folded before Flop (didn't bet)
Seat 5: Dorex2007 folded before Flop (didn't bet)
Seat 6: moitzigu folded before Flop (didn't bet)
Seat 7: FLASH_RJ (button) folded before Flop (didn't bet)
Seat 8: saxofonis981 (small blind) folded before Flop
Seat 9: dini1969 (big blind) folded on the Turn



PokerStars Hand #237938761925:  Hold'em No Limit ($0.02/$0.05 USD) - 2022/08/11 21:35:36 PT [2022/08/12 0:35:36 ET]
Table 'Bruchsalia III' 9-max Seat #8 is the button
Seat 1: zanozaN1 ($5.48 in chips) 
Seat 2: gilson-omena ($2.16 in chips) 
Seat 3: geniuss ($5 in chips) 
Seat 4: SetOnesGoal ($7.67 in chips) 
Seat 5: Dorex2007 ($6.61 in chips) 
Seat 6: moitzigu ($5.14 in chips) 
Seat 7: FLASH_RJ ($10.01 in chips) 
Seat 8: saxofonis981 ($4.43 in chips) 
Seat 9: dini1969 ($3.58 in chips) 
dini1969: posts small blind $0.02
zanozaN1: posts big blind $0.05
*** HOLE CARDS ***
Dealt to Dorex2007 [Kd 7s]
gilson-omena has timed out
gilson-omena: folds 
geniuss: folds 
SetOnesGoal: folds 
Dorex2007: folds 
moitzigu: folds 
FLASH_RJ: folds 
saxofonis981: raises $0.10 to $0.15
dini1969: folds 
zanozaN1: folds 
Uncalled bet ($0.10) returned to saxofonis981
saxofonis981 collected $0.12 from pot
*** SUMMARY ***
Total pot $0.12 | Rake $0 
Seat 1: zanozaN1 (big blind) folded before Flop
Seat 2: gilson-omena folded before Flop (didn't bet)
Seat 3: geniuss folded before Flop (didn't bet)
Seat 4: SetOnesGoal folded before Flop (didn't bet)
Seat 5: Dorex2007 folded before Flop (didn't bet)
Seat 6: moitzigu folded before Flop (didn't bet)
Seat 7: FLASH_RJ folded before Flop (didn't bet)
Seat 8: saxofonis981 (button) collected ($0.12)
Seat 9: dini1969 (small blind) folded before Flop



PokerStars Hand #237938764976:  Hold'em No Limit ($0.02/$0.05 USD) - 2022/08/11 21:36:02 PT [2022/08/12 0:36:02 ET]
Table 'Bruchsalia III' 9-max Seat #9 is the button
Seat 1: zanozaN1 ($5.43 in chips) 
Seat 2: gilson-omena ($2.16 in chips) 
Seat 3: geniuss ($5 in chips) 
Seat 4: SetOnesGoal ($7.67 in chips) 
Seat 5: Dorex2007 ($6.61 in chips) 
Seat 6: moitzigu ($5.14 in chips) 
Seat 7: FLASH_RJ ($10.01 in chips) 
Seat 8: saxofonis981 ($4.50 in chips) 
Seat 9: dini1969 ($3.56 in chips) 
zanozaN1: posts small blind $0.02
gilson-omena: posts big blind $0.05
*** HOLE CARDS ***
Dealt to Dorex2007 [Js 6h]
geniuss: folds 
SetOnesGoal: folds 
Dorex2007: folds 
moitzigu: folds 
FLASH_RJ: folds 
saxofonis981: raises $0.05 to $0.10
dini1969: calls $0.10
zanozaN1: folds 
gilson-omena: calls $0.05
*** FLOP *** [3d 8s 4h]
gilson-omena: checks 
saxofonis981: bets $0.15
dini1969: calls $0.15
gilson-omena: folds 
*** TURN *** [3d 8s 4h] [2h]
saxofonis981: bets $0.29
dini1969: calls $0.29
*** RIVER *** [3d 8s 4h 2h] [8c]
saxofonis981: bets $0.57
dini1969: calls $0.57
*** SHOW DOWN ***
saxofonis981: shows [Ac 9s] (a pair of Eights)
dini1969: shows [Kd Kc] (two pair, Kings and Eights)
dini1969 collected $2.24 from pot
*** SUMMARY ***
Total pot $2.34 | Rake $0.10 
Board [3d 8s 4h 2h 8c]
Seat 1: zanozaN1 (small blind) folded before Flop
Seat 2: gilson-omena (big blind) folded on the Flop
Seat 3: geniuss folded before Flop (didn't bet)
Seat 4: SetOnesGoal folded before Flop (didn't bet)
Seat 5: Dorex2007 folded before Flop (didn't bet)
Seat 6: moitzigu folded before Flop (didn't bet)
Seat 7: FLASH_RJ folded before Flop (didn't bet)
Seat 8: saxofonis981 showed [Ac 9s] and lost with a pair of Eights
Seat 9: dini1969 (button) showed [Kd Kc] and won ($2.24) with two pair, Kings and Eights



PokerStars Hand #237938774460:  Hold'em No Limit ($0.02/$0.05 USD) - 2022/08/11 21:37:19 PT [2022/08/12 0:37:19 ET]
Table 'Bruchsalia III' 9-max Seat #1 is the button
Seat 1: zanozaN1 ($5.41 in chips) 
Seat 2: gilson-omena ($2.06 in chips) 
Seat 3: geniuss ($5 in chips) 
Seat 4: SetOnesGoal ($7.67 in chips) 
Seat 5: Dorex2007 ($6.61 in chips) 
Seat 6: moitzigu ($5.14 in chips) 
Seat 7: FLASH_RJ ($10.01 in chips) 
Seat 8: saxofonis981 ($3.39 in chips) 
Seat 9: dini1969 ($4.69 in chips) 
gilson-omena: posts small blind $0.02
geniuss: posts big blind $0.05
*** HOLE CARDS ***
Dealt to Dorex2007 [3h 4c]
SetOnesGoal: folds 
Dorex2007: folds 
moitzigu: folds 
FLASH_RJ: folds 
saxofonis981: calls $0.05
dini1969: calls $0.05
zanozaN1: folds 
gilson-omena: calls $0.03
geniuss: checks 
*** FLOP *** [Td Qc 6h]
gilson-omena: checks 
geniuss: checks 
saxofonis981: bets $0.05
dini1969: folds 
gilson-omena: calls $0.05
geniuss: folds 
*** TURN *** [Td Qc 6h] [5c]
gilson-omena: checks 
saxofonis981: bets $0.05
gilson-omena: raises $0.25 to $0.30
saxofonis981: calls $0.25
*** RIVER *** [Td Qc 6h 5c] [7h]
gilson-omena: bets $0.25
saxofonis981: calls $0.25
*** SHOW DOWN ***
gilson-omena: shows [5d 6s] (two pair, Sixes and Fives)
saxofonis981: mucks hand 
gilson-omena collected $1.34 from pot
*** SUMMARY ***
Total pot $1.40 | Rake $0.06 
Board [Td Qc 6h 5c 7h]
Seat 1: zanozaN1 (button) folded before Flop (didn't bet)
Seat 2: gilson-omena (small blind) showed [5d 6s] and won ($1.34) with two pair, Sixes and Fives
Seat 3: geniuss (big blind) folded on the Flop
Seat 4: SetOnesGoal folded before Flop (didn't bet)
Seat 5: Dorex2007 folded before Flop (didn't bet)
Seat 6: moitzigu folded before Flop (didn't bet)
Seat 7: FLASH_RJ folded before Flop (didn't bet)
Seat 8: saxofonis981 mucked [8d Ts]
Seat 9: dini1969 folded on the Flop



PokerStars Hand #237938784373:  Hold'em No Limit ($0.02/$0.05 USD) - 2022/08/11 21:38:41 PT [2022/08/12 0:38:41 ET]
Table 'Bruchsalia III' 9-max Seat #2 is the button
Seat 1: zanozaN1 ($5.41 in chips) 
Seat 2: gilson-omena ($2.75 in chips) 
Seat 3: geniuss ($5 in chips) 
Seat 4: SetOnesGoal ($7.67 in chips) 
Seat 5: Dorex2007 ($6.61 in chips) 
Seat 6: moitzigu ($5.14 in chips) 
Seat 7: FLASH_RJ ($10.01 in chips) 
Seat 8: saxofonis981 ($2.74 in chips) 
Seat 9: dini1969 ($4.64 in chips) 
geniuss: posts small blind $0.02
SetOnesGoal: posts big blind $0.05
*** HOLE CARDS ***
Dealt to Dorex2007 [5c 5d]
Dorex2007: calls $0.05
moitzigu: raises $0.15 to $0.20
FLASH_RJ: folds 
saxofonis981: folds 
dini1969: calls $0.20
zanozaN1: folds 
gilson-omena: folds 
geniuss: folds 
SetOnesGoal: folds 
Dorex2007: calls $0.15
*** FLOP *** [6h 7d Qh]
Dorex2007: checks 
moitzigu: checks 
dini1969: checks 
*** TURN *** [6h 7d Qh] [Td]
Dorex2007: checks 
moitzigu: bets $0.20
dini1969: folds 
Dorex2007: folds 
Uncalled bet ($0.20) returned to moitzigu
moitzigu collected $0.64 from pot
moitzigu: doesn't show hand 
*** SUMMARY ***
Total pot $0.67 | Rake $0.03 
Board [6h 7d Qh Td]
Seat 1: zanozaN1 folded before Flop (didn't bet)
Seat 2: gilson-omena (button) folded before Flop (didn't bet)
Seat 3: geniuss (small blind) folded before Flop
Seat 4: SetOnesGoal (big blind) folded before Flop
Seat 5: Dorex2007 folded on the Turn
Seat 6: moitzigu collected ($0.64)
Seat 7: FLASH_RJ folded before Flop (didn't bet)
Seat 8: saxofonis981 folded before Flop (didn't bet)
Seat 9: dini1969 folded on the Turn



PokerStars Hand #237938792722:  Hold'em No Limit ($0.02/$0.05 USD) - 2022/08/11 21:39:51 PT [2022/08/12 0:39:51 ET]
Table 'Bruchsalia III' 9-max Seat #3 is the button
Seat 1: zanozaN1 ($5.41 in chips) 
Seat 2: gilson-omena ($2.75 in chips) 
Seat 3: geniuss ($5 in chips) 
Seat 4: SetOnesGoal ($7.62 in chips) 
Seat 5: Dorex2007 ($6.41 in chips) 
Seat 6: moitzigu ($5.58 in chips) 
Seat 7: FLASH_RJ ($10.01 in chips) 
Seat 8: saxofonis981 ($2.74 in chips) 
Seat 9: dini1969 ($4.44 in chips) 
SetOnesGoal: posts small blind $0.02
Dorex2007: posts big blind $0.05
*** HOLE CARDS ***
Dealt to Dorex2007 [Ah Th]
moitzigu: folds 
FLASH_RJ: folds 
saxofonis981: folds 
dini1969: folds 
zanozaN1: folds 
gilson-omena: folds 
geniuss: folds 
SetOnesGoal: raises $0.07 to $0.12
Dorex2007: raises $0.18 to $0.30
SetOnesGoal: raises $0.75 to $1.05
Dorex2007: folds 
Uncalled bet ($0.75) returned to SetOnesGoal
SetOnesGoal collected $0.60 from pot
*** SUMMARY ***
Total pot $0.60 | Rake $0 
Seat 1: zanozaN1 folded before Flop (didn't bet)
Seat 2: gilson-omena folded before Flop (didn't bet)
Seat 3: geniuss (button) folded before Flop (didn't bet)
Seat 4: SetOnesGoal (small blind) collected ($0.60)
Seat 5: Dorex2007 (big blind) folded before Flop
Seat 6: moitzigu folded before Flop (didn't bet)
Seat 7: FLASH_RJ folded before Flop (didn't bet)
Seat 8: saxofonis981 folded before Flop (didn't bet)
Seat 9: dini1969 folded before Flop (didn't bet)



PokerStars Hand #237938799716:  Hold'em No Limit ($0.02/$0.05 USD) - 2022/08/11 21:40:48 PT [2022/08/12 0:40:48 ET]
Table 'Bruchsalia III' 9-max Seat #4 is the button
Seat 1: zanozaN1 ($5.41 in chips) 
Seat 2: gilson-omena ($2.75 in chips) 
Seat 3: geniuss ($5 in chips) 
Seat 4: SetOnesGoal ($7.92 in chips) 
Seat 5: Dorex2007 ($6.11 in chips) 
Seat 6: moitzigu ($5.58 in chips) 
Seat 7: FLASH_RJ ($10.01 in chips) 
Seat 8: saxofonis981 ($2.74 in chips) 
Seat 9: dini1969 ($4.44 in chips) 
Dorex2007: posts small blind $0.02
moitzigu: posts big blind $0.05
*** HOLE CARDS ***
Dealt to Dorex2007 [7s 9d]
FLASH_RJ: folds 
saxofonis981: folds 
SetOnesGoal is disconnected 
dini1969: raises $0.15 to $0.20
zanozaN1: folds 
gilson-omena: folds 
geniuss: folds 
SetOnesGoal is connected 
SetOnesGoal: folds 
Dorex2007: folds 
moitzigu: folds 
Uncalled bet ($0.15) returned to dini1969
dini1969 collected $0.12 from pot
*** SUMMARY ***
Total pot $0.12 | Rake $0 
Seat 1: zanozaN1 folded before Flop (didn't bet)
Seat 2: gilson-omena folded before Flop (didn't bet)
Seat 3: geniuss folded before Flop (didn't bet)
Seat 4: SetOnesGoal (button) folded before Flop (didn't bet)
Seat 5: Dorex2007 (small blind) folded before Flop
Seat 6: moitzigu (big blind) folded before Flop
Seat 7: FLASH_RJ folded before Flop (didn't bet)
Seat 8: saxofonis981 folded before Flop (didn't bet)
Seat 9: dini1969 collected ($0.12)



PokerStars Hand #237938803552:  Hold'em No Limit ($0.02/$0.05 USD) - 2022/08/11 21:41:21 PT [2022/08/12 0:41:21 ET]
Table 'Bruchsalia III' 9-max Seat #5 is the button
Seat 1: zanozaN1 ($5.41 in chips) 
Seat 2: gilson-omena ($2.75 in chips) 
Seat 3: geniuss ($5 in chips) 
Seat 4: SetOnesGoal ($7.92 in chips) 
Seat 5: Dorex2007 ($6.09 in chips) 
Seat 6: moitzigu ($5.53 in chips) 
Seat 7: FLASH_RJ ($10.01 in chips) 
Seat 8: saxofonis981 ($2.74 in chips) 
Seat 9: dini1969 ($4.51 in chips) 
moitzigu: posts small blind $0.02
FLASH_RJ: posts big blind $0.05
*** HOLE CARDS ***
Dealt to Dorex2007 [2h Qc]
saxofonis981: folds 
dini1969: folds 
zanozaN1: folds 
dini1969 leaves the table
gilson-omena: folds 
geniuss: folds 
SetOnesGoal: raises $0.07 to $0.12
Dorex2007: folds 
GAROTAO joins the table at seat #9 
moitzigu: calls $0.10
FLASH_RJ: calls $0.07
*** FLOP *** [Kd Qs Jd]
moitzigu: checks 
FLASH_RJ: checks 
SetOnesGoal: checks 
*** TURN *** [Kd Qs Jd] [3s]
moitzigu: bets $0.15
FLASH_RJ: calls $0.15
SetOnesGoal: calls $0.15
*** RIVER *** [Kd Qs Jd 3s] [9s]
moitzigu: bets $0.40
FLASH_RJ: raises $3.90 to $4.30
SetOnesGoal: folds 
moitzigu: calls $3.90
*** SHOW DOWN ***
FLASH_RJ: shows [8h Tc] (a straight, Nine to King)
moitzigu: shows [7s 8s] (a flush, Queen high)
moitzigu collected $9.02 from pot
*** SUMMARY ***
Total pot $9.41 | Rake $0.39 
Board [Kd Qs Jd 3s 9s]
Seat 1: zanozaN1 folded before Flop (didn't bet)
Seat 2: gilson-omena folded before Flop (didn't bet)
Seat 3: geniuss folded before Flop (didn't bet)
Seat 4: SetOnesGoal folded on the River
Seat 5: Dorex2007 (button) folded before Flop (didn't bet)
Seat 6: moitzigu (small blind) showed [7s 8s] and won ($9.02) with a flush, Queen high
Seat 7: FLASH_RJ (big blind) showed [8h Tc] and lost with a straight, Nine to King
Seat 8: saxofonis981 folded before Flop (didn't bet)
Seat 9: dini1969 folded before Flop (didn't bet)



PokerStars Hand #237938817694:  Hold'em No Limit ($0.02/$0.05 USD) - 2022/08/11 21:43:21 PT [2022/08/12 0:43:21 ET]
Table 'Bruchsalia III' 9-max Seat #6 is the button
Seat 1: zanozaN1 ($5.41 in chips) 
Seat 2: gilson-omena ($2.75 in chips) 
Seat 3: geniuss ($5 in chips) 
Seat 4: SetOnesGoal ($7.65 in chips) 
Seat 5: Dorex2007 ($6.09 in chips) 
Seat 6: moitzigu ($9.98 in chips) 
Seat 7: FLASH_RJ ($5.44 in chips) 
Seat 8: saxofonis981 ($2.74 in chips) 
FLASH_RJ: posts small blind $0.02
saxofonis981: posts big blind $0.05
GAROTAO: sits out 
*** HOLE CARDS ***
Dealt to Dorex2007 [Ad 4d]
zanozaN1: folds 
gilson-omena: calls $0.05
geniuss: folds 
SetOnesGoal: folds 
Dorex2007: calls $0.05
moitzigu: folds 
FLASH_RJ: calls $0.03
saxofonis981: checks 
*** FLOP *** [9s 9d 2c]
FLASH_RJ: checks 
saxofonis981: bets $0.05
gilson-omena: folds 
Dorex2007: folds 
FLASH_RJ: folds 
Uncalled bet ($0.05) returned to saxofonis981
saxofonis981 collected $0.19 from pot
*** SUMMARY ***
Total pot $0.20 | Rake $0.01 
Board [9s 9d 2c]
Seat 1: zanozaN1 folded before Flop (didn't bet)
Seat 2: gilson-omena folded on the Flop
Seat 3: geniuss folded before Flop (didn't bet)
Seat 4: SetOnesGoal folded before Flop (didn't bet)
Seat 5: Dorex2007 folded on the Flop
Seat 6: moitzigu (button) folded before Flop (didn't bet)
Seat 7: FLASH_RJ (small blind) folded on the Flop
Seat 8: saxofonis981 (big blind) collected ($0.19)



PokerStars Hand #237938823231:  Hold'em No Limit ($0.02/$0.05 USD) - 2022/08/11 21:44:08 PT [2022/08/12 0:44:08 ET]
Table 'Bruchsalia III' 9-max Seat #7 is the button
Seat 1: zanozaN1 ($5.41 in chips) 
Seat 2: gilson-omena ($2.70 in chips) 
Seat 3: geniuss ($5 in chips) 
Seat 4: SetOnesGoal ($7.65 in chips) 
Seat 5: Dorex2007 ($6.04 in chips) 
Seat 6: moitzigu ($9.98 in chips) 
Seat 7: FLASH_RJ ($5.39 in chips) 
Seat 8: saxofonis981 ($2.88 in chips) 
Seat 9: GAROTAO ($5.48 in chips) 
saxofonis981: posts small blind $0.02
GAROTAO: posts big blind $0.05
*** HOLE CARDS ***
Dealt to Dorex2007 [Jh 2s]
zanozaN1: folds 
gilson-omena: folds 
geniuss: folds 
SetOnesGoal: folds 
Dorex2007: folds 
moitzigu: folds 
FLASH_RJ: calls $0.05
saxofonis981: calls $0.03
GAROTAO: checks 
*** FLOP *** [Qd Qh 3h]
saxofonis981: bets $0.07
GAROTAO: folds 
FLASH_RJ: folds 
Uncalled bet ($0.07) returned to saxofonis981
saxofonis981 collected $0.14 from pot
*** SUMMARY ***
Total pot $0.15 | Rake $0.01 
Board [Qd Qh 3h]
Seat 1: zanozaN1 folded before Flop (didn't bet)
Seat 2: gilson-omena folded before Flop (didn't bet)
Seat 3: geniuss folded before Flop (didn't bet)
Seat 4: SetOnesGoal folded before Flop (didn't bet)
Seat 5: Dorex2007 folded before Flop (didn't bet)
Seat 6: moitzigu folded before Flop (didn't bet)
Seat 7: FLASH_RJ (button) folded on the Flop
Seat 8: saxofonis981 (small blind) collected ($0.14)
Seat 9: GAROTAO (big blind) folded on the Flop



PokerStars Hand #237938828215:  Hold'em No Limit ($0.02/$0.05 USD) - 2022/08/11 21:44:50 PT [2022/08/12 0:44:50 ET]
Table 'Bruchsalia III' 9-max Seat #8 is the button
Seat 1: zanozaN1 ($5.41 in chips) 
Seat 2: gilson-omena ($2.70 in chips) 
Seat 3: geniuss ($5 in chips) 
Seat 4: SetOnesGoal ($7.65 in chips) 
Seat 5: Dorex2007 ($6.04 in chips) 
Seat 6: moitzigu ($9.98 in chips) 
Seat 7: FLASH_RJ ($5.34 in chips) 
Seat 8: saxofonis981 ($2.97 in chips) 
Seat 9: GAROTAO ($5.43 in chips) 
GAROTAO: posts small blind $0.02
zanozaN1: posts big blind $0.05
*** HOLE CARDS ***
Dealt to Dorex2007 [2h 5s]
gilson-omena has timed out
gilson-omena: folds 
geniuss: folds 
SetOnesGoal: folds 
Dorex2007: folds 
moitzigu: folds 
FLASH_RJ: folds 
saxofonis981: raises $0.05 to $0.10
GAROTAO: folds 
zanozaN1: folds 
Uncalled bet ($0.05) returned to saxofonis981
saxofonis981 collected $0.12 from pot
*** SUMMARY ***
Total pot $0.12 | Rake $0 
Seat 1: zanozaN1 (big blind) folded before Flop
Seat 2: gilson-omena folded before Flop (didn't bet)
Seat 3: geniuss folded before Flop (didn't bet)
Seat 4: SetOnesGoal folded before Flop (didn't bet)
Seat 5: Dorex2007 folded before Flop (didn't bet)
Seat 6: moitzigu folded before Flop (didn't bet)
Seat 7: FLASH_RJ folded before Flop (didn't bet)
Seat 8: saxofonis981 (button) collected ($0.12)
Seat 9: GAROTAO (small blind) folded before Flop



PokerStars Hand #237938831641:  Hold'em No Limit ($0.02/$0.05 USD) - 2022/08/11 21:45:19 PT [2022/08/12 0:45:19 ET]
Table 'Bruchsalia III' 9-max Seat #9 is the button
Seat 1: zanozaN1 ($5.36 in chips) 
Seat 2: gilson-omena ($2.70 in chips) 
Seat 3: geniuss ($5 in chips) 
Seat 4: SetOnesGoal ($7.65 in chips) 
Seat 5: Dorex2007 ($6.04 in chips) 
Seat 6: moitzigu ($9.98 in chips) 
Seat 7: FLASH_RJ ($5.34 in chips) 
Seat 8: saxofonis981 ($3.04 in chips) 
Seat 9: GAROTAO ($5.41 in chips) 
zanozaN1: posts small blind $0.02
gilson-omena: posts big blind $0.05
*** HOLE CARDS ***
Dealt to Dorex2007 [Kc 2d]
geniuss: folds 
SetOnesGoal: folds 
Dorex2007: folds 
moitzigu: folds 
FLASH_RJ: folds 
saxofonis981: raises $0.05 to $0.10
GAROTAO: folds 
zanozaN1: folds 
gilson-omena: calls $0.05
*** FLOP *** [As 8c 5d]
gilson-omena: checks 
saxofonis981: bets $0.10
gilson-omena: folds 
Uncalled bet ($0.10) returned to saxofonis981
saxofonis981 collected $0.21 from pot
*** SUMMARY ***
Total pot $0.22 | Rake $0.01 
Board [As 8c 5d]
Seat 1: zanozaN1 (small blind) folded before Flop
Seat 2: gilson-omena (big blind) folded on the Flop
Seat 3: geniuss folded before Flop (didn't bet)
Seat 4: SetOnesGoal folded before Flop (didn't bet)
Seat 5: Dorex2007 folded before Flop (didn't bet)
Seat 6: moitzigu folded before Flop (didn't bet)
Seat 7: FLASH_RJ folded before Flop (didn't bet)
Seat 8: saxofonis981 collected ($0.21)
Seat 9: GAROTAO (button) folded before Flop (didn't bet)



