PokerStars Hand #237561050536:  Hold'em No Limit ($0.02/$0.05 USD) - 2022/07/24 12:15:12 PT [2022/07/24 15:15:12 ET]
Table 'Nyanza' 9-max Seat #3 is the button
Seat 1: lauraman ($5.18 in chips) 
Seat 2: Dorex2007 ($5 in chips) 
Seat 3: FACCHETADE$ ($5.25 in chips) 
Seat 4:  $DCarv13$ ($4.95 in chips) 
Seat 5: tanyaa1956 ($5 in chips) 
Seat 7: manu0503303 ($4.50 in chips) 
Seat 9: JugEars88 ($4.93 in chips) 
 $DCarv13$: posts small blind $0.02
tanyaa1956: posts big blind $0.05
FinnT97: sits out 
Dorex2007: posts big blind $0.05
*** HOLE CARDS ***
Dealt to Dorex2007 [Kd Ad]
manu0503303: calls $0.05
JugEars88 has timed out
JugEars88: folds 
stutjemehespe joins the table at seat #6 
lauraman: raises $0.15 to $0.20
Dorex2007: raises $0.30 to $0.50
FACCHETADE$: folds 
 $DCarv13$: folds 
tanyaa1956: folds 
manu0503303: folds 
lauraman: folds 
Uncalled bet ($0.30) returned to Dorex2007
Dorex2007 collected $0.52 from pot
*** SUMMARY ***
Total pot $0.52 | Rake $0 
Seat 1: lauraman folded before Flop
Seat 2: Dorex2007 collected ($0.52)
Seat 3: FACCHETADE$ (button) folded before Flop (didn't bet)
Seat 4:  $DCarv13$ (small blind) folded before Flop
Seat 5: tanyaa1956 (big blind) folded before Flop
Seat 7: manu0503303 folded before Flop
Seat 9: JugEars88 folded before Flop (didn't bet)



PokerStars Hand #237561070873:  Hold'em No Limit ($0.02/$0.05 USD) - 2022/07/24 12:15:53 PT [2022/07/24 15:15:53 ET]
Table 'Nyanza' 9-max Seat #4 is the button
Seat 1: lauraman ($4.98 in chips) 
Seat 2: Dorex2007 ($5.32 in chips) 
Seat 3: FACCHETADE$ ($5.25 in chips) 
Seat 4:  $DCarv13$ ($4.93 in chips) 
Seat 5: tanyaa1956 ($5 in chips) 
Seat 6: stutjemehespe ($2.53 in chips) 
Seat 7: manu0503303 ($4.45 in chips) 
Seat 9: JugEars88 ($4.93 in chips) 
tanyaa1956: posts small blind $0.02
stutjemehespe: posts big blind $0.05
FinnT97: sits out 
*** HOLE CARDS ***
Dealt to Dorex2007 [8c 3c]
manu0503303: folds 
JugEars88 has timed out
JugEars88: folds 
lauraman: folds 
Dorex2007: folds 
FACCHETADE$: folds 
 $DCarv13$: folds 
tanyaa1956: folds 
Uncalled bet ($0.03) returned to stutjemehespe
stutjemehespe collected $0.04 from pot
*** SUMMARY ***
Total pot $0.04 | Rake $0 
Seat 1: lauraman folded before Flop (didn't bet)
Seat 2: Dorex2007 folded before Flop (didn't bet)
Seat 3: FACCHETADE$ folded before Flop (didn't bet)
Seat 4:  $DCarv13$ (button) folded before Flop (didn't bet)
Seat 5: tanyaa1956 (small blind) folded before Flop
Seat 6: stutjemehespe (big blind) collected ($0.04)
Seat 7: manu0503303 folded before Flop (didn't bet)
Seat 9: JugEars88 folded before Flop (didn't bet)



PokerStars Hand #237561081579:  Hold'em No Limit ($0.02/$0.05 USD) - 2022/07/24 12:16:17 PT [2022/07/24 15:16:17 ET]
Table 'Nyanza' 9-max Seat #5 is the button
Seat 1: lauraman ($4.98 in chips) 
Seat 2: Dorex2007 ($5.32 in chips) 
Seat 3: FACCHETADE$ ($5.25 in chips) 
Seat 4:  $DCarv13$ ($4.93 in chips) 
Seat 5: tanyaa1956 ($5 in chips) 
Seat 6: stutjemehespe ($2.55 in chips) 
Seat 7: manu0503303 ($4.45 in chips) 
Seat 9: JugEars88 ($4.93 in chips) 
stutjemehespe: posts small blind $0.02
manu0503303: posts big blind $0.05
FinnT97: sits out 
*** HOLE CARDS ***
Dealt to Dorex2007 [Th 2h]
JugEars88: calls $0.05
lauraman: folds 
Dorex2007: folds 
FACCHETADE$: calls $0.05
 $DCarv13$: folds 
tanyaa1956: folds 
stutjemehespe: folds 
manu0503303: checks 
*** FLOP *** [9h Ks Ts]
manu0503303: checks 
JugEars88: checks 
FACCHETADE$: checks 
*** TURN *** [9h Ks Ts] [8s]
manu0503303: checks 
JugEars88: checks 
FACCHETADE$: checks 
*** RIVER *** [9h Ks Ts 8s] [Kh]
manu0503303: checks 
JugEars88: checks 
FACCHETADE$: checks 
*** SHOW DOWN ***
manu0503303: shows [Jh 3d] (a pair of Kings)
JugEars88: shows [5d Ad] (a pair of Kings - Ace kicker)
FACCHETADE$: shows [7d 7h] (two pair, Kings and Sevens)
FACCHETADE$ collected $0.16 from pot
*** SUMMARY ***
Total pot $0.17 | Rake $0.01 
Board [9h Ks Ts 8s Kh]
Seat 1: lauraman folded before Flop (didn't bet)
Seat 2: Dorex2007 folded before Flop (didn't bet)
Seat 3: FACCHETADE$ showed [7d 7h] and won ($0.16) with two pair, Kings and Sevens
Seat 4:  $DCarv13$ folded before Flop (didn't bet)
Seat 5: tanyaa1956 (button) folded before Flop (didn't bet)
Seat 6: stutjemehespe (small blind) folded before Flop
Seat 7: manu0503303 (big blind) showed [Jh 3d] and lost with a pair of Kings
Seat 9: JugEars88 showed [5d Ad] and lost with a pair of Kings



PokerStars Hand #237561215074:  Hold'em No Limit ($0.02/$0.05 USD) - 2022/07/24 12:21:05 PT [2022/07/24 15:21:05 ET]
Table 'Nyanza' 9-max Seat #3 is the button
Seat 1: lauraman ($5.71 in chips) 
Seat 2: Dorex2007 ($5.32 in chips) 
Seat 3: FACCHETADE$ ($5.29 in chips) 
Seat 4:  $DCarv13$ ($4.78 in chips) 
Seat 5: tanyaa1956 ($5.17 in chips) 
Seat 6: stutjemehespe ($1.99 in chips) 
Seat 7: manu0503303 ($4.21 in chips) 
Seat 8: FinnT97 ($4.88 in chips) 
Seat 9: JugEars88 ($4.93 in chips) 
 $DCarv13$: posts small blind $0.02
tanyaa1956: posts big blind $0.05
Dorex2007: posts small & big blinds $0.07
*** HOLE CARDS ***
Dealt to Dorex2007 [5h 2c]
stutjemehespe: folds 
manu0503303: folds 
FinnT97: folds 
JugEars88: folds 
lauraman: folds 
Dorex2007: raises $0.10 to $0.15
FACCHETADE$: folds 
 $DCarv13$: folds 
tanyaa1956: folds 
Uncalled bet ($0.10) returned to Dorex2007
Dorex2007 collected $0.14 from pot
*** SUMMARY ***
Total pot $0.14 | Rake $0 
Seat 1: lauraman folded before Flop (didn't bet)
Seat 2: Dorex2007 collected ($0.14)
Seat 3: FACCHETADE$ (button) folded before Flop (didn't bet)
Seat 4:  $DCarv13$ (small blind) folded before Flop
Seat 5: tanyaa1956 (big blind) folded before Flop
Seat 6: stutjemehespe folded before Flop (didn't bet)
Seat 7: manu0503303 folded before Flop (didn't bet)
Seat 8: FinnT97 folded before Flop (didn't bet)
Seat 9: JugEars88 folded before Flop (didn't bet)



PokerStars Hand #237561226645:  Hold'em No Limit ($0.02/$0.05 USD) - 2022/07/24 12:21:30 PT [2022/07/24 15:21:30 ET]
Table 'Nyanza' 9-max Seat #4 is the button
Seat 1: lauraman ($5.71 in chips) 
Seat 2: Dorex2007 ($5.39 in chips) 
Seat 3: FACCHETADE$ ($5.29 in chips) 
Seat 4:  $DCarv13$ ($4.76 in chips) 
Seat 5: tanyaa1956 ($5.12 in chips) 
Seat 6: stutjemehespe ($1.99 in chips) 
Seat 7: manu0503303 ($4.21 in chips) 
Seat 8: FinnT97 ($4.88 in chips) 
Seat 9: JugEars88 ($4.93 in chips) 
tanyaa1956: posts small blind $0.02
stutjemehespe: posts big blind $0.05
*** HOLE CARDS ***
Dealt to Dorex2007 [6d 7c]
manu0503303 has timed out
manu0503303: folds 
FinnT97: folds 
JugEars88: folds 
lauraman: folds 
Dorex2007: folds 
FACCHETADE$: folds 
 $DCarv13$: folds 
tanyaa1956: folds 
Uncalled bet ($0.03) returned to stutjemehespe
stutjemehespe collected $0.04 from pot
*** SUMMARY ***
Total pot $0.04 | Rake $0 
Seat 1: lauraman folded before Flop (didn't bet)
Seat 2: Dorex2007 folded before Flop (didn't bet)
Seat 3: FACCHETADE$ folded before Flop (didn't bet)
Seat 4:  $DCarv13$ (button) folded before Flop (didn't bet)
Seat 5: tanyaa1956 (small blind) folded before Flop
Seat 6: stutjemehespe (big blind) collected ($0.04)
Seat 7: manu0503303 folded before Flop (didn't bet)
Seat 8: FinnT97 folded before Flop (didn't bet)
Seat 9: JugEars88 folded before Flop (didn't bet)



PokerStars Hand #237561237622:  Hold'em No Limit ($0.02/$0.05 USD) - 2022/07/24 12:21:51 PT [2022/07/24 15:21:51 ET]
Table 'Nyanza' 9-max Seat #5 is the button
Seat 1: lauraman ($5.71 in chips) 
Seat 2: Dorex2007 ($5.39 in chips) 
Seat 3: FACCHETADE$ ($5.29 in chips) 
Seat 4:  $DCarv13$ ($4.76 in chips) 
Seat 5: tanyaa1956 ($5.10 in chips) 
Seat 6: stutjemehespe ($2.01 in chips) 
Seat 9: JugEars88 ($4.93 in chips) 
stutjemehespe: posts small blind $0.02
JugEars88: posts big blind $0.05
*** HOLE CARDS ***
Dealt to Dorex2007 [6d Th]
lauraman: folds 
Dorex2007: folds 
FACCHETADE$: folds 
 $DCarv13$: folds 
tanyaa1956: raises $0.07 to $0.12
stutjemehespe: folds 
JugEars88: folds 
Uncalled bet ($0.07) returned to tanyaa1956
tanyaa1956 collected $0.12 from pot
*** SUMMARY ***
Total pot $0.12 | Rake $0 
Seat 1: lauraman folded before Flop (didn't bet)
Seat 2: Dorex2007 folded before Flop (didn't bet)
Seat 3: FACCHETADE$ folded before Flop (didn't bet)
Seat 4:  $DCarv13$ folded before Flop (didn't bet)
Seat 5: tanyaa1956 (button) collected ($0.12)
Seat 6: stutjemehespe (small blind) folded before Flop
Seat 9: JugEars88 (big blind) folded before Flop



PokerStars Hand #237561246603:  Hold'em No Limit ($0.02/$0.05 USD) - 2022/07/24 12:22:10 PT [2022/07/24 15:22:10 ET]
Table 'Nyanza' 9-max Seat #6 is the button
Seat 1: lauraman ($5.71 in chips) 
Seat 2: Dorex2007 ($5.39 in chips) 
Seat 3: FACCHETADE$ ($5.29 in chips) 
Seat 4:  $DCarv13$ ($4.76 in chips) 
Seat 5: tanyaa1956 ($5.17 in chips) 
Seat 6: stutjemehespe ($1.99 in chips) 
Seat 9: JugEars88 ($4.88 in chips) 
JugEars88: posts small blind $0.02
lauraman: posts big blind $0.05
*** HOLE CARDS ***
Dealt to Dorex2007 [Qs As]
Dorex2007: raises $0.20 to $0.25
FACCHETADE$: folds 
 $DCarv13$: folds 
tanyaa1956: folds 
stutjemehespe: folds 
JugEars88: folds 
lauraman: folds 
Uncalled bet ($0.20) returned to Dorex2007
Dorex2007 collected $0.12 from pot
*** SUMMARY ***
Total pot $0.12 | Rake $0 
Seat 1: lauraman (big blind) folded before Flop
Seat 2: Dorex2007 collected ($0.12)
Seat 3: FACCHETADE$ folded before Flop (didn't bet)
Seat 4:  $DCarv13$ folded before Flop (didn't bet)
Seat 5: tanyaa1956 folded before Flop (didn't bet)
Seat 6: stutjemehespe (button) folded before Flop (didn't bet)
Seat 9: JugEars88 (small blind) folded before Flop



PokerStars Hand #237561253963:  Hold'em No Limit ($0.02/$0.05 USD) - 2022/07/24 12:22:26 PT [2022/07/24 15:22:26 ET]
Table 'Nyanza' 9-max Seat #9 is the button
Seat 1: lauraman ($5.66 in chips) 
Seat 2: Dorex2007 ($5.46 in chips) 
Seat 3: FACCHETADE$ ($5.29 in chips) 
Seat 4:  $DCarv13$ ($4.76 in chips) 
Seat 5: tanyaa1956 ($5.17 in chips) 
Seat 6: stutjemehespe ($1.99 in chips) 
Seat 9: JugEars88 ($4.86 in chips) 
lauraman: posts small blind $0.02
Dorex2007: posts big blind $0.05
*** HOLE CARDS ***
Dealt to Dorex2007 [Ks 6h]
FACCHETADE$: folds 
 $DCarv13$: folds 
tanyaa1956: raises $0.10 to $0.15
stutjemehespe: folds 
JugEars88: calls $0.15
lauraman: folds 
Dorex2007: folds 
*** FLOP *** [9h 3c 9c]
tanyaa1956: bets $0.23
JugEars88: folds 
Uncalled bet ($0.23) returned to tanyaa1956
tanyaa1956 collected $0.35 from pot
*** SUMMARY ***
Total pot $0.37 | Rake $0.02 
Board [9h 3c 9c]
Seat 1: lauraman (small blind) folded before Flop
Seat 2: Dorex2007 (big blind) folded before Flop
Seat 3: FACCHETADE$ folded before Flop (didn't bet)
Seat 4:  $DCarv13$ folded before Flop (didn't bet)
Seat 5: tanyaa1956 collected ($0.35)
Seat 6: stutjemehespe folded before Flop (didn't bet)
Seat 9: JugEars88 (button) folded on the Flop



PokerStars Hand #237561264758:  Hold'em No Limit ($0.02/$0.05 USD) - 2022/07/24 12:22:49 PT [2022/07/24 15:22:49 ET]
Table 'Nyanza' 9-max Seat #1 is the button
Seat 1: lauraman ($5.64 in chips) 
Seat 2: Dorex2007 ($5.41 in chips) 
Seat 3: FACCHETADE$ ($5.29 in chips) 
Seat 4:  $DCarv13$ ($4.76 in chips) 
Seat 5: tanyaa1956 ($5.37 in chips) 
Seat 6: stutjemehespe ($1.99 in chips) 
Seat 9: JugEars88 ($4.71 in chips) 
Dorex2007: posts small blind $0.02
FACCHETADE$: posts big blind $0.05
*** HOLE CARDS ***
Dealt to Dorex2007 [Ad 6s]
 $DCarv13$: folds 
tanyaa1956: folds 
stutjemehespe: raises $0.05 to $0.10
JugEars88: raises $0.20 to $0.30
lauraman: folds 
Dorex2007: folds 
FACCHETADE$: folds 
stutjemehespe: calls $0.20
*** FLOP *** [8d Td 2s]
stutjemehespe: checks 
JugEars88: checks 
*** TURN *** [8d Td 2s] [5h]
stutjemehespe: checks 
JugEars88: bets $0.32
stutjemehespe: folds 
Uncalled bet ($0.32) returned to JugEars88
JugEars88 collected $0.64 from pot
*** SUMMARY ***
Total pot $0.67 | Rake $0.03 
Board [8d Td 2s 5h]
Seat 1: lauraman (button) folded before Flop (didn't bet)
Seat 2: Dorex2007 (small blind) folded before Flop
Seat 3: FACCHETADE$ (big blind) folded before Flop
Seat 4:  $DCarv13$ folded before Flop (didn't bet)
Seat 5: tanyaa1956 folded before Flop (didn't bet)
Seat 6: stutjemehespe folded on the Turn
Seat 9: JugEars88 collected ($0.64)



PokerStars Hand #237561291282:  Hold'em No Limit ($0.02/$0.05 USD) - 2022/07/24 12:23:47 PT [2022/07/24 15:23:47 ET]
Table 'Nyanza' 9-max Seat #2 is the button
Seat 1: lauraman ($5.64 in chips) 
Seat 2: Dorex2007 ($5.39 in chips) 
Seat 3: FACCHETADE$ ($5.24 in chips) 
Seat 4:  $DCarv13$ ($4.76 in chips) 
Seat 5: tanyaa1956 ($5.37 in chips) 
Seat 6: stutjemehespe ($1.69 in chips) 
Seat 9: JugEars88 ($5.05 in chips) 
FACCHETADE$: posts small blind $0.02
 $DCarv13$: posts big blind $0.05
*** HOLE CARDS ***
Dealt to Dorex2007 [6s 9c]
tanyaa1956: folds 
stutjemehespe: folds 
JugEars88: calls $0.05
lauraman: raises $0.15 to $0.20
Dorex2007: folds 
FACCHETADE$: folds 
 $DCarv13$: folds 
JugEars88: folds 
Uncalled bet ($0.15) returned to lauraman
lauraman collected $0.17 from pot
*** SUMMARY ***
Total pot $0.17 | Rake $0 
Seat 1: lauraman collected ($0.17)
Seat 2: Dorex2007 (button) folded before Flop (didn't bet)
Seat 3: FACCHETADE$ (small blind) folded before Flop
Seat 4:  $DCarv13$ (big blind) folded before Flop
Seat 5: tanyaa1956 folded before Flop (didn't bet)
Seat 6: stutjemehespe folded before Flop (didn't bet)
Seat 9: JugEars88 folded before Flop



PokerStars Hand #237561315980:  Hold'em No Limit ($0.02/$0.05 USD) - 2022/07/24 12:24:18 PT [2022/07/24 15:24:18 ET]
Table 'Nyanza' 9-max Seat #3 is the button
Seat 1: lauraman ($5.76 in chips) 
Seat 2: Dorex2007 ($5.39 in chips) 
Seat 3: FACCHETADE$ ($5.22 in chips) 
Seat 4:  $DCarv13$ ($4.71 in chips) 
Seat 6: stutjemehespe ($1.69 in chips) 
Seat 9: JugEars88 ($5 in chips) 
 $DCarv13$: posts small blind $0.02
tanyaa1956: is sitting out 
stutjemehespe: posts big blind $0.05
*** HOLE CARDS ***
Dealt to Dorex2007 [9h 3c]
tanyaa1956 leaves the table
JugEars88 has timed out
JugEars88: folds 
lauraman: folds 
Dorex2007: folds 
FACCHETADE$: folds 
 $DCarv13$: raises $0.05 to $0.10
stutjemehespe: raises $0.15 to $0.25
 $DCarv13$: calls $0.15
*** FLOP *** [2c 6s Jc]
 $DCarv13$: checks 
stutjemehespe: bets $0.24
 $DCarv13$: folds 
Uncalled bet ($0.24) returned to stutjemehespe
stutjemehespe collected $0.48 from pot
*** SUMMARY ***
Total pot $0.50 | Rake $0.02 
Board [2c 6s Jc]
Seat 1: lauraman folded before Flop (didn't bet)
Seat 2: Dorex2007 folded before Flop (didn't bet)
Seat 3: FACCHETADE$ (button) folded before Flop (didn't bet)
Seat 4:  $DCarv13$ (small blind) folded on the Flop
Seat 6: stutjemehespe (big blind) collected ($0.48)
Seat 9: JugEars88 folded before Flop (didn't bet)



PokerStars Hand #237561330023:  Hold'em No Limit ($0.02/$0.05 USD) - 2022/07/24 12:24:49 PT [2022/07/24 15:24:49 ET]
Table 'Nyanza' 9-max Seat #4 is the button
Seat 1: lauraman ($5.76 in chips) 
Seat 2: Dorex2007 ($5.39 in chips) 
Seat 3: FACCHETADE$ ($5.22 in chips) 
Seat 4:  $DCarv13$ ($4.46 in chips) 
Seat 6: stutjemehespe ($1.92 in chips) 
Seat 9: JugEars88 ($5 in chips) 
stutjemehespe: posts small blind $0.02
JugEars88: posts big blind $0.05
*** HOLE CARDS ***
Dealt to Dorex2007 [6d Qh]
lauraman: folds 
Dorex2007: folds 
FACCHETADE$: raises $0.05 to $0.10
 $DCarv13$ is disconnected 
 $DCarv13$ is connected 
 $DCarv13$: folds 
stutjemehespe: raises $0.15 to $0.25
JugEars88: calls $0.20
FACCHETADE$: calls $0.15
*** FLOP *** [3d Jc Tc]
stutjemehespe: bets $1.67 and is all-in
JugEars88: folds 
FACCHETADE$: calls $1.67
*** TURN *** [3d Jc Tc] [Js]
*** RIVER *** [3d Jc Tc Js] [8d]
*** SHOW DOWN ***
stutjemehespe: shows [Ks Kc] (two pair, Kings and Jacks)
FACCHETADE$: shows [Kd Jd] (three of a kind, Jacks)
FACCHETADE$ cashed out the hand for $0.56 | Cash Out Fee $0.01
*** SUMMARY ***
Total pot $4.09 | Rake $0.17 
Board [3d Jc Tc Js 8d]
Seat 1: lauraman folded before Flop (didn't bet)
Seat 2: Dorex2007 folded before Flop (didn't bet)
Seat 3: FACCHETADE$ showed [Kd Jd] and won ($3.92) with three of a kind, Jacks (pot not awarded as player cashed out)
Seat 4:  $DCarv13$ (button) folded before Flop (didn't bet)
Seat 6: stutjemehespe (small blind) showed [Ks Kc] and lost with two pair, Kings and Jacks
Seat 9: JugEars88 (big blind) folded on the Flop



PokerStars Hand #237561362567:  Hold'em No Limit ($0.02/$0.05 USD) - 2022/07/24 12:25:59 PT [2022/07/24 15:25:59 ET]
Table 'Nyanza' 9-max Seat #9 is the button
Seat 1: lauraman ($5.76 in chips) 
Seat 2: Dorex2007 ($5.39 in chips) 
Seat 3: FACCHETADE$ ($3.86 in chips) 
Seat 4:  $DCarv13$ ($4.46 in chips) 
Seat 5: mStelmokas ($4.27 in chips) 
Seat 7: manu0503303 ($4.21 in chips) 
Seat 9: JugEars88 ($4.75 in chips) 
lauraman: posts small blind $0.02
Dorex2007: posts big blind $0.05
mStelmokas: posts big blind $0.05
manu0503303: posts big blind $0.05
*** HOLE CARDS ***
Dealt to Dorex2007 [6c 5c]
FACCHETADE$: folds 
FACCHETADE$ leaves the table
 $DCarv13$: folds 
mStelmokas: raises $0.10 to $0.15
manu0503303: calls $0.10
stutjemehespe is disconnected 
JugEars88: calls $0.15
lauraman: calls $0.13
Dorex2007: folds 
*** FLOP *** [Ts 6s 2s]
lauraman: checks 
mStelmokas: checks 
manu0503303: bets $0.10
JugEars88: raises $0.10 to $0.20
the pirate39 joins the table at seat #3 
lauraman: folds 
mStelmokas: folds 
manu0503303: calls $0.10
*** TURN *** [Ts 6s 2s] [Kc]
manu0503303: bets $0.15
JugEars88: raises $0.15 to $0.30
manu0503303: calls $0.15
*** RIVER *** [Ts 6s 2s Kc] [Qc]
manu0503303: bets $0.30
JugEars88: calls $0.30
*** SHOW DOWN ***
manu0503303: shows [8s Js] (a flush, Jack high)
JugEars88: mucks hand 
manu0503303 collected $2.16 from pot
*** SUMMARY ***
Total pot $2.25 | Rake $0.09 
Board [Ts 6s 2s Kc Qc]
Seat 1: lauraman (small blind) folded on the Flop
Seat 2: Dorex2007 (big blind) folded before Flop
Seat 3: FACCHETADE$ folded before Flop (didn't bet)
Seat 4:  $DCarv13$ folded before Flop (didn't bet)
Seat 5: mStelmokas folded on the Flop
Seat 7: manu0503303 showed [8s Js] and won ($2.16) with a flush, Jack high
Seat 9: JugEars88 (button) mucked [Td Kh]



PokerStars Hand #237561387824:  Hold'em No Limit ($0.02/$0.05 USD) - 2022/07/24 12:26:53 PT [2022/07/24 15:26:53 ET]
Table 'Nyanza' 9-max Seat #1 is the button
Seat 1: lauraman ($5.61 in chips) 
Seat 2: Dorex2007 ($5.34 in chips) 
Seat 3: the pirate39 ($5 in chips) 
Seat 4:  $DCarv13$ ($4.46 in chips) 
Seat 5: mStelmokas ($4.12 in chips) 
Seat 7: manu0503303 ($5.42 in chips) 
Seat 9: JugEars88 ($3.80 in chips) 
Dorex2007: posts small blind $0.02
the pirate39: posts big blind $0.05
*** HOLE CARDS ***
Dealt to Dorex2007 [Qh Kd]
 $DCarv13$: folds 
mStelmokas: raises $0.07 to $0.12
manu0503303: calls $0.12
JugEars88: calls $0.12
lauraman: folds 
Dorex2007: calls $0.10
the pirate39: folds 
*** FLOP *** [Qc 8s 7d]
Dorex2007: bets $0.34
mStelmokas: folds 
manu0503303: folds 
JugEars88: calls $0.34
*** TURN *** [Qc 8s 7d] [7h]
Dorex2007: bets $0.58
JugEars88: calls $0.58
*** RIVER *** [Qc 8s 7d 7h] [3s]
Dorex2007: checks 
JugEars88: bets $1.13
Dorex2007: calls $1.13
*** SHOW DOWN ***
JugEars88: shows [6h 5h] (a pair of Sevens)
Dorex2007: shows [Qh Kd] (two pair, Queens and Sevens)
Dorex2007 collected $4.44 from pot
*** SUMMARY ***
Total pot $4.63 | Rake $0.19 
Board [Qc 8s 7d 7h 3s]
Seat 1: lauraman (button) folded before Flop (didn't bet)
Seat 2: Dorex2007 (small blind) showed [Qh Kd] and won ($4.44) with two pair, Queens and Sevens
Seat 3: the pirate39 (big blind) folded before Flop
Seat 4:  $DCarv13$ folded before Flop (didn't bet)
Seat 5: mStelmokas folded on the Flop
Seat 7: manu0503303 folded on the Flop
Seat 9: JugEars88 showed [6h 5h] and lost with a pair of Sevens



PokerStars Hand #237561410775:  Hold'em No Limit ($0.02/$0.05 USD) - 2022/07/24 12:27:42 PT [2022/07/24 15:27:42 ET]
Table 'Nyanza' 9-max Seat #2 is the button
Seat 1: lauraman ($5.61 in chips) 
Seat 2: Dorex2007 ($7.61 in chips) 
Seat 3: the pirate39 ($5 in chips) 
Seat 4:  $DCarv13$ ($4.46 in chips) 
Seat 5: mStelmokas ($4 in chips) 
Seat 7: manu0503303 ($5.30 in chips) 
Seat 9: JugEars88 ($1.63 in chips) 
the pirate39: posts small blind $0.02
 $DCarv13$: posts big blind $0.05
*** HOLE CARDS ***
Dealt to Dorex2007 [Qd 6c]
mStelmokas: folds 
manu0503303: calls $0.05
JugEars88: folds 
lauraman: folds 
Dorex2007: folds 
the pirate39: folds 
 $DCarv13$: checks 
*** FLOP *** [4h 3s Tc]
 $DCarv13$: bets $0.05
manu0503303: folds 
Uncalled bet ($0.05) returned to  $DCarv13$
 $DCarv13$ collected $0.12 from pot
*** SUMMARY ***
Total pot $0.12 | Rake $0 
Board [4h 3s Tc]
Seat 1: lauraman folded before Flop (didn't bet)
Seat 2: Dorex2007 (button) folded before Flop (didn't bet)
Seat 3: the pirate39 (small blind) folded before Flop
Seat 4:  $DCarv13$ (big blind) collected ($0.12)
Seat 5: mStelmokas folded before Flop (didn't bet)
Seat 7: manu0503303 folded on the Flop
Seat 9: JugEars88 folded before Flop (didn't bet)



PokerStars Hand #237561424550:  Hold'em No Limit ($0.02/$0.05 USD) - 2022/07/24 12:28:12 PT [2022/07/24 15:28:12 ET]
Table 'Nyanza' 9-max Seat #3 is the button
Seat 1: lauraman ($5.61 in chips) 
Seat 2: Dorex2007 ($7.61 in chips) 
Seat 3: the pirate39 ($5 in chips) 
Seat 4:  $DCarv13$ ($4.53 in chips) 
Seat 5: mStelmokas ($4 in chips) 
Seat 7: manu0503303 ($5.25 in chips) 
Seat 9: JugEars88 ($1.63 in chips) 
 $DCarv13$: posts small blind $0.02
mStelmokas: posts big blind $0.05
*** HOLE CARDS ***
Dealt to Dorex2007 [Qh 3c]
manu0503303: calls $0.05
JugEars88: calls $0.05
lauraman: folds 
Dorex2007: folds 
the pirate39: folds 
 $DCarv13$: calls $0.03
mStelmokas: checks 
*** FLOP *** [Tc 5s Ks]
 $DCarv13$: bets $0.09
mStelmokas: calls $0.09
manu0503303: folds 
JugEars88: calls $0.09
*** TURN *** [Tc 5s Ks] [Kh]
 $DCarv13$: checks 
mStelmokas: checks 
JugEars88: checks 
*** RIVER *** [Tc 5s Ks Kh] [3h]
 $DCarv13$: bets $0.42
mStelmokas: folds 
JugEars88: folds 
Uncalled bet ($0.42) returned to  $DCarv13$
 $DCarv13$ collected $0.45 from pot
*** SUMMARY ***
Total pot $0.47 | Rake $0.02 
Board [Tc 5s Ks Kh 3h]
Seat 1: lauraman folded before Flop (didn't bet)
Seat 2: Dorex2007 folded before Flop (didn't bet)
Seat 3: the pirate39 (button) folded before Flop (didn't bet)
Seat 4:  $DCarv13$ (small blind) collected ($0.45)
Seat 5: mStelmokas (big blind) folded on the River
Seat 7: manu0503303 folded on the Flop
Seat 9: JugEars88 folded on the River



PokerStars Hand #237561449220:  Hold'em No Limit ($0.02/$0.05 USD) - 2022/07/24 12:29:05 PT [2022/07/24 15:29:05 ET]
Table 'Nyanza' 9-max Seat #4 is the button
Seat 1: lauraman ($5.61 in chips) 
Seat 2: Dorex2007 ($7.61 in chips) 
Seat 3: the pirate39 ($5 in chips) 
Seat 4:  $DCarv13$ ($4.84 in chips) 
Seat 5: mStelmokas ($3.86 in chips) 
Seat 7: manu0503303 ($5.20 in chips) 
Seat 9: JugEars88 ($1.49 in chips) 
mStelmokas: posts small blind $0.02
manu0503303: posts big blind $0.05
*** HOLE CARDS ***
Dealt to Dorex2007 [Th Ah]
JugEars88: raises $0.12 to $0.17
lauraman: folds 
Dorex2007: calls $0.17
the pirate39: folds 
 $DCarv13$: folds 
mStelmokas: folds 
manu0503303: folds 
*** FLOP *** [4d 3s 2s]
JugEars88: checks 
Dorex2007: bets $0.19
JugEars88: calls $0.19
*** TURN *** [4d 3s 2s] [9d]
JugEars88: checks 
Dorex2007: checks 
*** RIVER *** [4d 3s 2s 9d] [Td]
JugEars88: bets $0.38
Dorex2007: raises $1.52 to $1.90
JugEars88: folds 
Uncalled bet ($1.52) returned to Dorex2007
Dorex2007 collected $1.49 from pot
*** SUMMARY ***
Total pot $1.55 | Rake $0.06 
Board [4d 3s 2s 9d Td]
Seat 1: lauraman folded before Flop (didn't bet)
Seat 2: Dorex2007 collected ($1.49)
Seat 3: the pirate39 folded before Flop (didn't bet)
Seat 4:  $DCarv13$ (button) folded before Flop (didn't bet)
Seat 5: mStelmokas (small blind) folded before Flop
Seat 7: manu0503303 (big blind) folded before Flop
Seat 9: JugEars88 folded on the River



PokerStars Hand #237561471197:  Hold'em No Limit ($0.02/$0.05 USD) - 2022/07/24 12:29:50 PT [2022/07/24 15:29:50 ET]
Table 'Nyanza' 9-max Seat #5 is the button
Seat 1: lauraman ($5.61 in chips) 
Seat 2: Dorex2007 ($8.36 in chips) 
Seat 3: the pirate39 ($5 in chips) 
Seat 4:  $DCarv13$ ($4.84 in chips) 
Seat 5: mStelmokas ($3.84 in chips) 
Seat 7: manu0503303 ($5.15 in chips) 
Seat 9: JugEars88 ($0.75 in chips) 
manu0503303: posts small blind $0.02
JugEars88: posts big blind $0.05
*** HOLE CARDS ***
Dealt to Dorex2007 [Ac 2s]
lauraman: folds 
Dorex2007: folds 
the pirate39: folds 
 $DCarv13$: folds 
mStelmokas: raises $0.07 to $0.12
manu0503303: calls $0.10
JugEars88: folds 
*** FLOP *** [5h 7d 2d]
manu0503303: checks 
mStelmokas: bets $0.17
manu0503303: calls $0.17
*** TURN *** [5h 7d 2d] [Qs]
manu0503303: checks 
mStelmokas: checks 
*** RIVER *** [5h 7d 2d Qs] [Ah]
manu0503303: checks 
mStelmokas: bets $0.31
manu0503303: calls $0.31
*** SHOW DOWN ***
mStelmokas: shows [3s 9c] (high card Ace)
manu0503303: shows [Js Qd] (a pair of Queens)
manu0503303 collected $1.20 from pot
*** SUMMARY ***
Total pot $1.25 | Rake $0.05 
Board [5h 7d 2d Qs Ah]
Seat 1: lauraman folded before Flop (didn't bet)
Seat 2: Dorex2007 folded before Flop (didn't bet)
Seat 3: the pirate39 folded before Flop (didn't bet)
Seat 4:  $DCarv13$ folded before Flop (didn't bet)
Seat 5: mStelmokas (button) showed [3s 9c] and lost with high card Ace
Seat 7: manu0503303 (small blind) showed [Js Qd] and won ($1.20) with a pair of Queens
Seat 9: JugEars88 (big blind) folded before Flop



PokerStars Hand #237561494072:  Hold'em No Limit ($0.02/$0.05 USD) - 2022/07/24 12:30:39 PT [2022/07/24 15:30:39 ET]
Table 'Nyanza' 9-max Seat #7 is the button
Seat 1: lauraman ($5.61 in chips) 
Seat 2: Dorex2007 ($8.36 in chips) 
Seat 3: the pirate39 ($5 in chips) 
Seat 4:  $DCarv13$ ($4.84 in chips) 
Seat 5: mStelmokas ($3.24 in chips) 
Seat 7: manu0503303 ($5.75 in chips) 
Seat 9: JugEars88 ($0.70 in chips) 
JugEars88: posts small blind $0.02
lauraman: posts big blind $0.05
*** HOLE CARDS ***
Dealt to Dorex2007 [7d 6c]
Dorex2007: folds 
the pirate39: folds 
 $DCarv13$: folds 
stutjemehespe leaves the table
mStelmokas has timed out
mStelmokas: folds 
manu0503303: calls $0.05
JugEars88: folds 
lauraman: checks 
*** FLOP *** [5h Js 3d]
lauraman: checks 
manu0503303: checks 
*** TURN *** [5h Js 3d] [2h]
lauraman: checks 
manu0503303: checks 
*** RIVER *** [5h Js 3d 2h] [Ks]
lauraman: checks 
the pirate39 leaves the table
manu0503303: checks 
*** SHOW DOWN ***
lauraman: shows [3c Qs] (a pair of Threes)
manu0503303: mucks hand 
lauraman collected $0.12 from pot
*** SUMMARY ***
Total pot $0.12 | Rake $0 
Board [5h Js 3d 2h Ks]
Seat 1: lauraman (big blind) showed [3c Qs] and won ($0.12) with a pair of Threes
Seat 2: Dorex2007 folded before Flop (didn't bet)
Seat 3: the pirate39 folded before Flop (didn't bet)
Seat 4:  $DCarv13$ folded before Flop (didn't bet)
Seat 5: mStelmokas folded before Flop (didn't bet)
Seat 7: manu0503303 (button) mucked [9d 2d]
Seat 9: JugEars88 (small blind) folded before Flop



PokerStars Hand #237561517410:  Hold'em No Limit ($0.02/$0.05 USD) - 2022/07/24 12:31:29 PT [2022/07/24 15:31:29 ET]
Table 'Nyanza' 9-max Seat #9 is the button
Seat 1: lauraman ($5.68 in chips) 
Seat 2: Dorex2007 ($8.36 in chips) 
Seat 4:  $DCarv13$ ($4.84 in chips) 
Seat 5: mStelmokas ($3.24 in chips) 
Seat 7: manu0503303 ($5.70 in chips) 
Seat 9: JugEars88 ($0.68 in chips) 
lauraman: posts small blind $0.02
Dorex2007: posts big blind $0.05
*** HOLE CARDS ***
Dealt to Dorex2007 [5c 6h]
 $DCarv13$: folds 
mStelmokas: folds 
manu0503303: calls $0.05
JugEars88: folds 
lauraman: folds 
Dorex2007: checks 
*** FLOP *** [7s Js 2s]
Dorex2007: checks 
manu0503303: checks 
*** TURN *** [7s Js 2s] [4h]
Dorex2007: checks 
manu0503303: checks 
*** RIVER *** [7s Js 2s 4h] [8s]
Dorex2007: bets $0.08
manu0503303: folds 
Uncalled bet ($0.08) returned to Dorex2007
Dorex2007 collected $0.12 from pot
*** SUMMARY ***
Total pot $0.12 | Rake $0 
Board [7s Js 2s 4h 8s]
Seat 1: lauraman (small blind) folded before Flop
Seat 2: Dorex2007 (big blind) collected ($0.12)
Seat 4:  $DCarv13$ folded before Flop (didn't bet)
Seat 5: mStelmokas folded before Flop (didn't bet)
Seat 7: manu0503303 folded on the River
Seat 9: JugEars88 (button) folded before Flop (didn't bet)



PokerStars Hand #237561536697:  Hold'em No Limit ($0.02/$0.05 USD) - 2022/07/24 12:32:10 PT [2022/07/24 15:32:10 ET]
Table 'Nyanza' 9-max Seat #1 is the button
Seat 1: lauraman ($5.66 in chips) 
Seat 2: Dorex2007 ($8.43 in chips) 
Seat 4:  $DCarv13$ ($4.84 in chips) 
Seat 5: mStelmokas ($3.24 in chips) 
Seat 7: manu0503303 ($5.65 in chips) 
Seat 9: JugEars88 ($0.68 in chips) 
Dorex2007: posts small blind $0.02
 $DCarv13$: posts big blind $0.05
*** HOLE CARDS ***
Dealt to Dorex2007 [Ts As]
mStelmokas: folds 
manu0503303: calls $0.05
JugEars88: folds 
lauraman: folds 
Dorex2007: calls $0.03
 $DCarv13$: checks 
*** FLOP *** [Jh Qc 4s]
Dorex2007: checks 
 $DCarv13$: checks 
manu0503303: checks 
*** TURN *** [Jh Qc 4s] [Jd]
Dorex2007: checks 
 $DCarv13$: checks 
manu0503303: checks 
*** RIVER *** [Jh Qc 4s Jd] [9s]
Dorex2007: checks 
 $DCarv13$: checks 
manu0503303: checks 
*** SHOW DOWN ***
Dorex2007: shows [Ts As] (a pair of Jacks)
 $DCarv13$: mucks hand 
manu0503303: mucks hand 
Dorex2007 collected $0.14 from pot
*** SUMMARY ***
Total pot $0.15 | Rake $0.01 
Board [Jh Qc 4s Jd 9s]
Seat 1: lauraman (button) folded before Flop (didn't bet)
Seat 2: Dorex2007 (small blind) showed [Ts As] and won ($0.14) with a pair of Jacks
Seat 4:  $DCarv13$ (big blind) mucked [Ks 5d]
Seat 5: mStelmokas folded before Flop (didn't bet)
Seat 7: manu0503303 mucked [Kc 3s]
Seat 9: JugEars88 folded before Flop (didn't bet)



PokerStars Hand #237561558768:  Hold'em No Limit ($0.02/$0.05 USD) - 2022/07/24 12:32:58 PT [2022/07/24 15:32:58 ET]
Table 'Nyanza' 9-max Seat #2 is the button
Seat 1: lauraman ($5.66 in chips) 
Seat 2: Dorex2007 ($8.52 in chips) 
Seat 4:  $DCarv13$ ($4.79 in chips) 
Seat 5: mStelmokas ($3.24 in chips) 
Seat 7: manu0503303 ($5.60 in chips) 
Seat 9: JugEars88 ($0.68 in chips) 
 $DCarv13$: posts small blind $0.02
mStelmokas: posts big blind $0.05
*** HOLE CARDS ***
Dealt to Dorex2007 [8s 9h]
manu0503303: raises $0.05 to $0.10
JugEars88: folds 
lauraman: folds 
Dorex2007: folds 
 $DCarv13$: calls $0.08
mStelmokas: calls $0.05
*** FLOP *** [Ah Tc 5h]
 $DCarv13$: bets $0.14
mStelmokas: calls $0.14
manu0503303: calls $0.14
*** TURN *** [Ah Tc 5h] [Jc]
 $DCarv13$: bets $0.34
pompompusher joins the table at seat #6 
mStelmokas: folds 
manu0503303: calls $0.34
*** RIVER *** [Ah Tc 5h Jc] [8c]
 $DCarv13$: bets $0.45
manu0503303: calls $0.45
*** SHOW DOWN ***
 $DCarv13$: shows [9d Ad] (a pair of Aces)
manu0503303: mucks hand 
 $DCarv13$ collected $2.20 from pot
*** SUMMARY ***
Total pot $2.30 | Rake $0.10 
Board [Ah Tc 5h Jc 8c]
Seat 1: lauraman folded before Flop (didn't bet)
Seat 2: Dorex2007 (button) folded before Flop (didn't bet)
Seat 4:  $DCarv13$ (small blind) showed [9d Ad] and won ($2.20) with a pair of Aces
Seat 5: mStelmokas (big blind) folded on the Turn
Seat 7: manu0503303 mucked [Kc Kd]
Seat 9: JugEars88 folded before Flop (didn't bet)



PokerStars Hand #237561583376:  Hold'em No Limit ($0.02/$0.05 USD) - 2022/07/24 12:33:50 PT [2022/07/24 15:33:50 ET]
Table 'Nyanza' 9-max Seat #4 is the button
Seat 1: lauraman ($5.66 in chips) 
Seat 2: Dorex2007 ($8.52 in chips) 
Seat 4:  $DCarv13$ ($5.96 in chips) 
Seat 5: mStelmokas ($3 in chips) 
Seat 6: pompompusher ($4 in chips) 
Seat 7: manu0503303 ($4.57 in chips) 
Seat 9: JugEars88 ($0.68 in chips) 
mStelmokas: posts small blind $0.02
pompompusher: posts big blind $0.05
*** HOLE CARDS ***
Dealt to Dorex2007 [7s 4h]
manu0503303: calls $0.05
JugEars88: folds 
lauraman: folds 
Dorex2007: folds 
 $DCarv13$: raises $0.05 to $0.10
mStelmokas: calls $0.08
pompompusher: folds 
manu0503303: calls $0.05
*** FLOP *** [Kd 7d 5h]
mStelmokas: checks 
manu0503303: checks 
 $DCarv13$: checks 
*** TURN *** [Kd 7d 5h] [Ad]
mStelmokas: checks 
manu0503303: checks 
 $DCarv13$: bets $0.17
mStelmokas: folds 
manu0503303: calls $0.17
*** RIVER *** [Kd 7d 5h Ad] [Kh]
manu0503303: checks 
 $DCarv13$: checks 
*** SHOW DOWN ***
manu0503303: shows [6d 8c] (a pair of Kings)
 $DCarv13$: shows [2s As] (two pair, Aces and Kings)
 $DCarv13$ collected $0.66 from pot
*** SUMMARY ***
Total pot $0.69 | Rake $0.03 
Board [Kd 7d 5h Ad Kh]
Seat 1: lauraman folded before Flop (didn't bet)
Seat 2: Dorex2007 folded before Flop (didn't bet)
Seat 4:  $DCarv13$ (button) showed [2s As] and won ($0.66) with two pair, Aces and Kings
Seat 5: mStelmokas (small blind) folded on the Turn
Seat 6: pompompusher (big blind) folded before Flop
Seat 7: manu0503303 showed [6d 8c] and lost with a pair of Kings
Seat 9: JugEars88 folded before Flop (didn't bet)



PokerStars Hand #237561622943:  Hold'em No Limit ($0.02/$0.05 USD) - 2022/07/24 12:35:00 PT [2022/07/24 15:35:00 ET]
Table 'Nyanza' 9-max Seat #5 is the button
Seat 1: lauraman ($5.66 in chips) 
Seat 2: Dorex2007 ($8.52 in chips) 
Seat 4:  $DCarv13$ ($6.35 in chips) 
Seat 5: mStelmokas ($2.90 in chips) 
Seat 6: pompompusher ($3.95 in chips) 
Seat 7: manu0503303 ($4.30 in chips) 
Seat 9: JugEars88 ($0.68 in chips) 
pompompusher: posts small blind $0.02
manu0503303: posts big blind $0.05
*** HOLE CARDS ***
Dealt to Dorex2007 [Tc 9h]
6tee joins the table at seat #3 
JugEars88: folds 
lauraman: folds 
Dorex2007: folds 
 $DCarv13$: folds 
mStelmokas: raises $0.10 to $0.15
pompompusher: raises $0.45 to $0.60
manu0503303: folds 
mStelmokas: calls $0.45
*** FLOP *** [6d 7s Kd]
pompompusher: checks 
mStelmokas: checks 
*** TURN *** [6d 7s Kd] [3h]
pompompusher: bets $0.45
mStelmokas: raises $0.60 to $1.05
pompompusher: calls $0.60
*** RIVER *** [6d 7s Kd 3h] [8h]
pompompusher: checks 
mStelmokas: checks 
*** SHOW DOWN ***
pompompusher: shows [Jc Jh] (a pair of Jacks)
mStelmokas: mucks hand 
pompompusher collected $3.21 from pot
*** SUMMARY ***
Total pot $3.35 | Rake $0.14 
Board [6d 7s Kd 3h 8h]
Seat 1: lauraman folded before Flop (didn't bet)
Seat 2: Dorex2007 folded before Flop (didn't bet)
Seat 4:  $DCarv13$ folded before Flop (didn't bet)
Seat 5: mStelmokas (button) mucked [4c Ac]
Seat 6: pompompusher (small blind) showed [Jc Jh] and won ($3.21) with a pair of Jacks
Seat 7: manu0503303 (big blind) folded before Flop
Seat 9: JugEars88 folded before Flop (didn't bet)



PokerStars Hand #237561659808:  Hold'em No Limit ($0.02/$0.05 USD) - 2022/07/24 12:36:20 PT [2022/07/24 15:36:20 ET]
Table 'Nyanza' 9-max Seat #6 is the button
Seat 1: lauraman ($5.66 in chips) 
Seat 2: Dorex2007 ($8.52 in chips) 
Seat 3: 6tee ($2.50 in chips) 
Seat 4:  $DCarv13$ ($6.35 in chips) 
Seat 5: mStelmokas ($1.25 in chips) 
Seat 6: pompompusher ($5.51 in chips) 
Seat 7: manu0503303 ($4.25 in chips) 
Seat 9: JugEars88 ($0.68 in chips) 
manu0503303: posts small blind $0.02
JugEars88: posts big blind $0.05
6tee: posts big blind $0.05
*** HOLE CARDS ***
Dealt to Dorex2007 [8h 8d]
lauraman: folds 
Dorex2007: calls $0.05
6tee: checks 
 $DCarv13$: calls $0.05
mStelmokas: folds 
pompompusher: raises $0.45 to $0.50
manu0503303: folds 
JugEars88: folds 
Dorex2007: folds 
6tee has timed out
6tee: folds 
 $DCarv13$: folds 
Uncalled bet ($0.45) returned to pompompusher
pompompusher collected $0.27 from pot
*** SUMMARY ***
Total pot $0.27 | Rake $0 
Seat 1: lauraman folded before Flop (didn't bet)
Seat 2: Dorex2007 folded before Flop
Seat 3: 6tee folded before Flop (didn't bet)
Seat 4:  $DCarv13$ folded before Flop
Seat 5: mStelmokas folded before Flop (didn't bet)
Seat 6: pompompusher (button) collected ($0.27)
Seat 7: manu0503303 (small blind) folded before Flop
Seat 9: JugEars88 (big blind) folded before Flop



PokerStars Hand #237561684839:  Hold'em No Limit ($0.02/$0.05 USD) - 2022/07/24 12:37:14 PT [2022/07/24 15:37:14 ET]
Table 'Nyanza' 9-max Seat #7 is the button
Seat 1: lauraman ($5.66 in chips) 
Seat 2: Dorex2007 ($8.47 in chips) 
Seat 4:  $DCarv13$ ($6.30 in chips) 
Seat 5: mStelmokas ($1.25 in chips) 
Seat 6: pompompusher ($5.73 in chips) 
Seat 7: manu0503303 ($4.23 in chips) 
Seat 9: JugEars88 ($0.63 in chips) 
JugEars88: posts small blind $0.02
lauraman: posts big blind $0.05
*** HOLE CARDS ***
Dealt to Dorex2007 [As 9h]
Dorex2007: folds 
 $DCarv13$: folds 
mStelmokas: folds 
pompompusher: folds 
manu0503303: calls $0.05
JugEars88: calls $0.03
lauraman: checks 
*** FLOP *** [5s Qs Js]
FinnT97 leaves the table
JugEars88: checks 
lauraman: bets $0.10
manu0503303: calls $0.10
JugEars88: calls $0.10
*** TURN *** [5s Qs Js] [6d]
JugEars88: checks 
Eighcehole joins the table at seat #8 
lauraman: checks 
manu0503303: checks 
*** RIVER *** [5s Qs Js 6d] [8d]
JugEars88: checks 
lauraman: bets $0.30
manu0503303: folds 
JugEars88: folds 
Uncalled bet ($0.30) returned to lauraman
lauraman collected $0.43 from pot
*** SUMMARY ***
Total pot $0.45 | Rake $0.02 
Board [5s Qs Js 6d 8d]
Seat 1: lauraman (big blind) collected ($0.43)
Seat 2: Dorex2007 folded before Flop (didn't bet)
Seat 4:  $DCarv13$ folded before Flop (didn't bet)
Seat 5: mStelmokas folded before Flop (didn't bet)
Seat 6: pompompusher folded before Flop (didn't bet)
Seat 7: manu0503303 (button) folded on the River
Seat 9: JugEars88 (small blind) folded on the River



PokerStars Hand #237561718700:  Hold'em No Limit ($0.02/$0.05 USD) - 2022/07/24 12:38:27 PT [2022/07/24 15:38:27 ET]
Table 'Nyanza' 9-max Seat #9 is the button
Seat 1: lauraman ($5.94 in chips) 
Seat 2: Dorex2007 ($8.47 in chips) 
Seat 4:  $DCarv13$ ($6.30 in chips) 
Seat 5: mStelmokas ($1.25 in chips) 
Seat 6: pompompusher ($5.73 in chips) 
Seat 7: manu0503303 ($4.08 in chips) 
Seat 9: JugEars88 ($0.48 in chips) 
lauraman: posts small blind $0.02
Dorex2007: posts big blind $0.05
Eighcehole: sits out 
*** HOLE CARDS ***
Dealt to Dorex2007 [Jc Ks]
 $DCarv13$: folds 
mStelmokas: folds 
pompompusher: folds 
manu0503303: calls $0.05
JugEars88: folds 
lauraman: folds 
Dorex2007: raises $0.05 to $0.10
manu0503303: calls $0.05
*** FLOP *** [4s 2c 2d]
Dorex2007: bets $0.10
manu0503303: calls $0.10
*** TURN *** [4s 2c 2d] [Tc]
Dorex2007: checks 
manu0503303: checks 
*** RIVER *** [4s 2c 2d Tc] [Kd]
Dorex2007: bets $0.27
manu0503303: folds 
Uncalled bet ($0.27) returned to Dorex2007
Dorex2007 collected $0.40 from pot
*** SUMMARY ***
Total pot $0.42 | Rake $0.02 
Board [4s 2c 2d Tc Kd]
Seat 1: lauraman (small blind) folded before Flop
Seat 2: Dorex2007 (big blind) collected ($0.40)
Seat 4:  $DCarv13$ folded before Flop (didn't bet)
Seat 5: mStelmokas folded before Flop (didn't bet)
Seat 6: pompompusher folded before Flop (didn't bet)
Seat 7: manu0503303 folded on the River
Seat 9: JugEars88 (button) folded before Flop (didn't bet)



PokerStars Hand #237561735875:  Hold'em No Limit ($0.02/$0.05 USD) - 2022/07/24 12:39:05 PT [2022/07/24 15:39:05 ET]
Table 'Nyanza' 9-max Seat #1 is the button
Seat 1: lauraman ($5.92 in chips) 
Seat 2: Dorex2007 ($8.67 in chips) 
Seat 4:  $DCarv13$ ($6.30 in chips) 
Seat 5: mStelmokas ($1.25 in chips) 
Seat 6: pompompusher ($5.73 in chips) 
Seat 7: manu0503303 ($3.88 in chips) 
Seat 9: JugEars88 ($0.48 in chips) 
Dorex2007: posts small blind $0.02
 $DCarv13$: posts big blind $0.05
Eighcehole: sits out 
*** HOLE CARDS ***
Dealt to Dorex2007 [5c 4s]
mStelmokas: folds 
pompompusher: folds 
manu0503303: calls $0.05
JugEars88: folds 
lauraman: folds 
Dorex2007: folds 
 $DCarv13$: checks 
*** FLOP *** [9s Qd 4d]
 $DCarv13$: checks 
manu0503303: bets $0.05
 $DCarv13$: calls $0.05
*** TURN *** [9s Qd 4d] [As]
 $DCarv13$: checks 
manu0503303: checks 
*** RIVER *** [9s Qd 4d As] [8c]
 $DCarv13$: checks 
manu0503303: checks 
*** SHOW DOWN ***
 $DCarv13$: shows [6d 6h] (a pair of Sixes)
manu0503303: shows [Th Qs] (a pair of Queens)
manu0503303 collected $0.21 from pot
*** SUMMARY ***
Total pot $0.22 | Rake $0.01 
Board [9s Qd 4d As 8c]
Seat 1: lauraman (button) folded before Flop (didn't bet)
Seat 2: Dorex2007 (small blind) folded before Flop
Seat 4:  $DCarv13$ (big blind) showed [6d 6h] and lost with a pair of Sixes
Seat 5: mStelmokas folded before Flop (didn't bet)
Seat 6: pompompusher folded before Flop (didn't bet)
Seat 7: manu0503303 showed [Th Qs] and won ($0.21) with a pair of Queens
Seat 9: JugEars88 folded before Flop (didn't bet)



PokerStars Hand #237561753909:  Hold'em No Limit ($0.02/$0.05 USD) - 2022/07/24 12:39:45 PT [2022/07/24 15:39:45 ET]
Table 'Nyanza' 9-max Seat #2 is the button
Seat 1: lauraman ($5.92 in chips) 
Seat 2: Dorex2007 ($8.65 in chips) 
Seat 4:  $DCarv13$ ($6.20 in chips) 
Seat 5: mStelmokas ($1.25 in chips) 
Seat 6: pompompusher ($5.73 in chips) 
Seat 7: manu0503303 ($3.99 in chips) 
Seat 9: JugEars88 ($0.48 in chips) 
 $DCarv13$: posts small blind $0.02
mStelmokas: posts big blind $0.05
Eighcehole: sits out 
*** HOLE CARDS ***
Dealt to Dorex2007 [As Tc]
pompompusher: folds 
manu0503303: calls $0.05
JugEars88: folds 
lauraman: folds 
Dorex2007: raises $0.10 to $0.15
 $DCarv13$: folds 
mStelmokas: folds 
manu0503303: calls $0.10
*** FLOP *** [Qs 8s Qc]
manu0503303: checks 
Dorex2007: checks 
*** TURN *** [Qs 8s Qc] [4c]
manu0503303: checks 
Dorex2007: bets $0.17
manu0503303: calls $0.17
*** RIVER *** [Qs 8s Qc 4c] [2s]
manu0503303: checks 
Dorex2007: checks 
*** SHOW DOWN ***
manu0503303: shows [Td Jh] (a pair of Queens)
Dorex2007: shows [As Tc] (a pair of Queens - Ace kicker)
Dorex2007 collected $0.68 from pot
*** SUMMARY ***
Total pot $0.71 | Rake $0.03 
Board [Qs 8s Qc 4c 2s]
Seat 1: lauraman folded before Flop (didn't bet)
Seat 2: Dorex2007 (button) showed [As Tc] and won ($0.68) with a pair of Queens
Seat 4:  $DCarv13$ (small blind) folded before Flop
Seat 5: mStelmokas (big blind) folded before Flop
Seat 6: pompompusher folded before Flop (didn't bet)
Seat 7: manu0503303 showed [Td Jh] and lost with a pair of Queens
Seat 9: JugEars88 folded before Flop (didn't bet)



PokerStars Hand #237561770548:  Hold'em No Limit ($0.02/$0.05 USD) - 2022/07/24 12:40:21 PT [2022/07/24 15:40:21 ET]
Table 'Nyanza' 9-max Seat #4 is the button
Seat 1: lauraman ($5.92 in chips) 
Seat 2: Dorex2007 ($9.01 in chips) 
Seat 3: 6tee ($2.45 in chips) 
Seat 4:  $DCarv13$ ($6.18 in chips) 
Seat 5: mStelmokas ($1.20 in chips) 
Seat 6: pompompusher ($5.73 in chips) 
Seat 7: manu0503303 ($3.67 in chips) 
Seat 9: JugEars88 ($0.48 in chips) 
mStelmokas: posts small blind $0.02
pompompusher: posts big blind $0.05
Eighcehole: sits out 
6tee: posts small & big blinds $0.07
*** HOLE CARDS ***
Dealt to Dorex2007 [Kc Ts]
manu0503303: calls $0.05
JugEars88: folds 
lauraman: folds 
Dorex2007: folds 
6tee: checks 
 $DCarv13$: raises $0.10 to $0.15
mStelmokas: calls $0.13
pompompusher: folds 
manu0503303: calls $0.10
6tee: folds 
*** FLOP *** [Qh 4d 8h]
mStelmokas: checks 
manu0503303: bets $0.15
 $DCarv13$: calls $0.15
mStelmokas: folds 
*** TURN *** [Qh 4d 8h] [2h]
manu0503303: bets $0.10
 $DCarv13$: calls $0.10
*** RIVER *** [Qh 4d 8h 2h] [Ad]
manu0503303: bets $0.05
Eighcehole is disconnected 
 $DCarv13$: calls $0.05
*** SHOW DOWN ***
manu0503303: shows [7s Qc] (a pair of Queens)
 $DCarv13$: mucks hand 
manu0503303 collected $1.12 from pot
*** SUMMARY ***
Total pot $1.17 | Rake $0.05 
Board [Qh 4d 8h 2h Ad]
Seat 1: lauraman folded before Flop (didn't bet)
Seat 2: Dorex2007 folded before Flop (didn't bet)
Seat 3: 6tee folded before Flop (didn't bet)
Seat 4:  $DCarv13$ (button) mucked [9s 9h]
Seat 5: mStelmokas (small blind) folded on the Flop
Seat 6: pompompusher (big blind) folded before Flop
Seat 7: manu0503303 showed [7s Qc] and won ($1.12) with a pair of Queens
Seat 9: JugEars88 folded before Flop (didn't bet)



PokerStars Hand #237561811202:  Hold'em No Limit ($0.02/$0.05 USD) - 2022/07/24 12:41:49 PT [2022/07/24 15:41:49 ET]
Table 'Nyanza' 9-max Seat #5 is the button
Seat 1: lauraman ($5.92 in chips) 
Seat 2: Dorex2007 ($9.01 in chips) 
Seat 3: 6tee ($2.38 in chips) 
Seat 4:  $DCarv13$ ($5.73 in chips) 
Seat 5: mStelmokas ($1.05 in chips) 
Seat 6: pompompusher ($5.68 in chips) 
Seat 7: manu0503303 ($4.34 in chips) 
Seat 9: JugEars88 ($0.48 in chips) 
pompompusher: posts small blind $0.02
manu0503303: posts big blind $0.05
Eighcehole: sits out 
*** HOLE CARDS ***
Dealt to Dorex2007 [Ts 3s]
JugEars88 has timed out
JugEars88: folds 
lauraman: folds 
Dorex2007: folds 
6tee: folds 
 $DCarv13$: folds 
 $DCarv13$ leaves the table
mStelmokas: folds 
pompompusher: raises $0.10 to $0.15
manu0503303: calls $0.10
*** FLOP *** [8c 6s 3h]
pompompusher: bets $0.15
eurosmile505 joins the table at seat #4 
manu0503303: folds 
Uncalled bet ($0.15) returned to pompompusher
pompompusher collected $0.29 from pot
*** SUMMARY ***
Total pot $0.30 | Rake $0.01 
Board [8c 6s 3h]
Seat 1: lauraman folded before Flop (didn't bet)
Seat 2: Dorex2007 folded before Flop (didn't bet)
Seat 3: 6tee folded before Flop (didn't bet)
Seat 4:  $DCarv13$ folded before Flop (didn't bet)
Seat 5: mStelmokas (button) folded before Flop (didn't bet)
Seat 6: pompompusher (small blind) collected ($0.29)
Seat 7: manu0503303 (big blind) folded on the Flop
Seat 9: JugEars88 folded before Flop (didn't bet)



PokerStars Hand #237561826167:  Hold'em No Limit ($0.02/$0.05 USD) - 2022/07/24 12:42:22 PT [2022/07/24 15:42:22 ET]
Table 'Nyanza' 9-max Seat #6 is the button
Seat 1: lauraman ($5.92 in chips) 
Seat 2: Dorex2007 ($9.01 in chips) 
Seat 3: 6tee ($2.38 in chips) 
Seat 5: mStelmokas ($1.05 in chips) 
Seat 6: pompompusher ($5.82 in chips) 
Seat 7: manu0503303 ($4.19 in chips) 
Seat 8: Eighcehole ($5 in chips) 
manu0503303: posts small blind $0.02
Eighcehole: posts big blind $0.05
eurosmile505: sits out 
*** HOLE CARDS ***
Dealt to Dorex2007 [Tc As]
lauraman: folds 
Dorex2007: raises $0.10 to $0.15
6tee: folds 
mStelmokas: folds 
pompompusher: folds 
manu0503303: calls $0.13
Eighcehole: folds 
*** FLOP *** [4c Ac 2d]
manu0503303: checks 
Dorex2007: bets $0.17
manu0503303: calls $0.17
*** TURN *** [4c Ac 2d] [Jd]
manu0503303: checks 
Dorex2007: checks 
*** RIVER *** [4c Ac 2d Jd] [4s]
manu0503303: checks 
Dorex2007: checks 
*** SHOW DOWN ***
manu0503303: shows [3h 9h] (a pair of Fours)
Dorex2007: shows [Tc As] (two pair, Aces and Fours)
Dorex2007 collected $0.66 from pot
*** SUMMARY ***
Total pot $0.69 | Rake $0.03 
Board [4c Ac 2d Jd 4s]
Seat 1: lauraman folded before Flop (didn't bet)
Seat 2: Dorex2007 showed [Tc As] and won ($0.66) with two pair, Aces and Fours
Seat 3: 6tee folded before Flop (didn't bet)
Seat 5: mStelmokas folded before Flop (didn't bet)
Seat 6: pompompusher (button) folded before Flop (didn't bet)
Seat 7: manu0503303 (small blind) showed [3h 9h] and lost with a pair of Fours
Seat 8: Eighcehole (big blind) folded before Flop



PokerStars Hand #237561843146:  Hold'em No Limit ($0.02/$0.05 USD) - 2022/07/24 12:42:59 PT [2022/07/24 15:42:59 ET]
Table 'Nyanza' 9-max Seat #7 is the button
Seat 1: lauraman ($5.92 in chips) 
Seat 2: Dorex2007 ($9.35 in chips) 
Seat 3: 6tee ($2.38 in chips) 
Seat 5: mStelmokas ($1.05 in chips) 
Seat 6: pompompusher ($5.82 in chips) 
Seat 7: manu0503303 ($3.87 in chips) 
Seat 8: Eighcehole ($4.95 in chips) 
Seat 9: JugEars88 ($0.48 in chips) 
Eighcehole: posts small blind $0.02
JugEars88: posts big blind $0.05
eurosmile505: sits out 
*** HOLE CARDS ***
Dealt to Dorex2007 [3s 2d]
lauraman: folds 
Dorex2007: folds 
6tee: folds 
mStelmokas: raises $0.07 to $0.12
pompompusher: calls $0.12
manu0503303: calls $0.12
Eighcehole: folds 
JugEars88: folds 
*** FLOP *** [As 3h Js]
mStelmokas: checks 
pompompusher: checks 
manu0503303: checks 
*** TURN *** [As 3h Js] [Jc]
mStelmokas: checks 
pompompusher: bets $0.20
manu0503303: folds 
mStelmokas: folds 
Uncalled bet ($0.20) returned to pompompusher
pompompusher collected $0.41 from pot
*** SUMMARY ***
Total pot $0.43 | Rake $0.02 
Board [As 3h Js Jc]
Seat 1: lauraman folded before Flop (didn't bet)
Seat 2: Dorex2007 folded before Flop (didn't bet)
Seat 3: 6tee folded before Flop (didn't bet)
Seat 5: mStelmokas folded on the Turn
Seat 6: pompompusher collected ($0.41)
Seat 7: manu0503303 (button) folded on the Turn
Seat 8: Eighcehole (small blind) folded before Flop
Seat 9: JugEars88 (big blind) folded before Flop



PokerStars Hand #237561871647:  Hold'em No Limit ($0.02/$0.05 USD) - 2022/07/24 12:44:01 PT [2022/07/24 15:44:01 ET]
Table 'Nyanza' 9-max Seat #8 is the button
Seat 1: lauraman ($5.92 in chips) 
Seat 2: Dorex2007 ($9.35 in chips) 
Seat 3: 6tee ($2.38 in chips) 
Seat 5: mStelmokas ($0.93 in chips) 
Seat 6: pompompusher ($6.11 in chips) 
Seat 7: manu0503303 ($3.75 in chips) 
Seat 8: Eighcehole ($4.93 in chips) 
Seat 9: JugEars88 ($0.43 in chips) 
JugEars88: posts small blind $0.02
lauraman: posts big blind $0.05
eurosmile505: sits out 
*** HOLE CARDS ***
Dealt to Dorex2007 [2h Kc]
Dorex2007: folds 
6tee: folds 
mStelmokas: folds 
pompompusher: raises $0.07 to $0.12
manu0503303: calls $0.12
Eighcehole: folds 
JugEars88: folds 
lauraman: folds 
*** FLOP *** [As 3c Qh]
pompompusher: bets $0.15
manu0503303: raises $0.15 to $0.30
pompompusher: calls $0.15
*** TURN *** [As 3c Qh] [4c]
pompompusher: checks 
manu0503303: bets $0.05
pompompusher: calls $0.05
*** RIVER *** [As 3c Qh 4c] [Ad]
pompompusher: checks 
manu0503303: bets $1
pompompusher: folds 
Uncalled bet ($1) returned to manu0503303
manu0503303 collected $0.97 from pot
*** SUMMARY ***
Total pot $1.01 | Rake $0.04 
Board [As 3c Qh 4c Ad]
Seat 1: lauraman (big blind) folded before Flop
Seat 2: Dorex2007 folded before Flop (didn't bet)
Seat 3: 6tee folded before Flop (didn't bet)
Seat 5: mStelmokas folded before Flop (didn't bet)
Seat 6: pompompusher folded on the River
Seat 7: manu0503303 collected ($0.97)
Seat 8: Eighcehole (button) folded before Flop (didn't bet)
Seat 9: JugEars88 (small blind) folded before Flop



PokerStars Hand #237561896641:  Hold'em No Limit ($0.02/$0.05 USD) - 2022/07/24 12:44:56 PT [2022/07/24 15:44:56 ET]
Table 'Nyanza' 9-max Seat #9 is the button
Seat 1: lauraman ($5.87 in chips) 
Seat 2: Dorex2007 ($9.35 in chips) 
Seat 3: 6tee ($2.38 in chips) 
Seat 5: mStelmokas ($0.93 in chips) 
Seat 6: pompompusher ($5.64 in chips) 
Seat 7: manu0503303 ($4.25 in chips) 
Seat 8: Eighcehole ($4.93 in chips) 
Seat 9: JugEars88 ($0.41 in chips) 
lauraman: posts small blind $0.02
Dorex2007: posts big blind $0.05
eurosmile505: sits out 
*** HOLE CARDS ***
Dealt to Dorex2007 [6c Kd]
6tee: folds 
mStelmokas: folds 
pompompusher: folds 
manu0503303: calls $0.05
Eighcehole: raises $0.15 to $0.20
JugEars88: folds 
lauraman: folds 
Dorex2007: folds 
manu0503303: calls $0.15
*** FLOP *** [As Ah Jh]
manu0503303: checks 
Eighcehole: bets $0.20
manu0503303: calls $0.20
*** TURN *** [As Ah Jh] [9s]
manu0503303: checks 
Eighcehole: bets $0.25
manu0503303: calls $0.25
*** RIVER *** [As Ah Jh 9s] [5h]
manu0503303: checks 
Eighcehole: checks 
*** SHOW DOWN ***
manu0503303: shows [Ts Kc] (a pair of Aces)
Eighcehole: shows [Qd Qh] (two pair, Aces and Queens)
Eighcehole collected $1.31 from pot
*** SUMMARY ***
Total pot $1.37 | Rake $0.06 
Board [As Ah Jh 9s 5h]
Seat 1: lauraman (small blind) folded before Flop
Seat 2: Dorex2007 (big blind) folded before Flop
Seat 3: 6tee folded before Flop (didn't bet)
Seat 5: mStelmokas folded before Flop (didn't bet)
Seat 6: pompompusher folded before Flop (didn't bet)
Seat 7: manu0503303 showed [Ts Kc] and lost with a pair of Aces
Seat 8: Eighcehole showed [Qd Qh] and won ($1.31) with two pair, Aces and Queens
Seat 9: JugEars88 (button) folded before Flop (didn't bet)



PokerStars Hand #237561927874:  Hold'em No Limit ($0.02/$0.05 USD) - 2022/07/24 12:46:01 PT [2022/07/24 15:46:01 ET]
Table 'Nyanza' 9-max Seat #1 is the button
Seat 1: lauraman ($5.85 in chips) 
Seat 2: Dorex2007 ($9.30 in chips) 
Seat 3: 6tee ($2.38 in chips) 
Seat 5: mStelmokas ($0.93 in chips) 
Seat 6: pompompusher ($5.64 in chips) 
Seat 7: manu0503303 ($3.60 in chips) 
Seat 8: Eighcehole ($5.59 in chips) 
Seat 9: JugEars88 ($0.41 in chips) 
Dorex2007: posts small blind $0.02
6tee: posts big blind $0.05
eurosmile505: sits out 
*** HOLE CARDS ***
Dealt to Dorex2007 [3s 9d]
mStelmokas: folds 
pompompusher: folds 
manu0503303: calls $0.05
Eighcehole: raises $0.15 to $0.20
JugEars88: folds 
lauraman: folds 
Dorex2007: folds 
6tee: folds 
manu0503303: calls $0.15
*** FLOP *** [Kc 7h 8d]
manu0503303: checks 
Eighcehole: checks 
*** TURN *** [Kc 7h 8d] [6d]
manu0503303: checks 
Eighcehole: checks 
*** RIVER *** [Kc 7h 8d 6d] [Th]
manu0503303: bets $0.25
Eighcehole: folds 
Uncalled bet ($0.25) returned to manu0503303
manu0503303 collected $0.45 from pot
*** SUMMARY ***
Total pot $0.47 | Rake $0.02 
Board [Kc 7h 8d 6d Th]
Seat 1: lauraman (button) folded before Flop (didn't bet)
Seat 2: Dorex2007 (small blind) folded before Flop
Seat 3: 6tee (big blind) folded before Flop
Seat 5: mStelmokas folded before Flop (didn't bet)
Seat 6: pompompusher folded before Flop (didn't bet)
Seat 7: manu0503303 collected ($0.45)
Seat 8: Eighcehole folded on the River
Seat 9: JugEars88 folded before Flop (didn't bet)



PokerStars Hand #237561956609:  Hold'em No Limit ($0.02/$0.05 USD) - 2022/07/24 12:47:05 PT [2022/07/24 15:47:05 ET]
Table 'Nyanza' 9-max Seat #2 is the button
Seat 1: lauraman ($5.85 in chips) 
Seat 2: Dorex2007 ($9.28 in chips) 
Seat 3: 6tee ($2.33 in chips) 
Seat 4: eurosmile505 ($5 in chips) 
Seat 5: mStelmokas ($0.93 in chips) 
Seat 6: pompompusher ($5.64 in chips) 
Seat 7: manu0503303 ($3.85 in chips) 
Seat 8: Eighcehole ($5.39 in chips) 
Seat 9: JugEars88 ($5 in chips) 
6tee: posts small blind $0.02
eurosmile505: posts big blind $0.05
*** HOLE CARDS ***
Dealt to Dorex2007 [8h 3h]
mStelmokas: raises $0.88 to $0.93 and is all-in
pompompusher: folds 
manu0503303: folds 
Eighcehole: folds 
JugEars88: folds 
lauraman: folds 
Dorex2007: folds 
6tee: folds 
eurosmile505: folds 
Uncalled bet ($0.88) returned to mStelmokas
mStelmokas collected $0.12 from pot
*** SUMMARY ***
Total pot $0.12 | Rake $0 
Seat 1: lauraman folded before Flop (didn't bet)
Seat 2: Dorex2007 (button) folded before Flop (didn't bet)
Seat 3: 6tee (small blind) folded before Flop
Seat 4: eurosmile505 (big blind) folded before Flop
Seat 5: mStelmokas collected ($0.12)
Seat 6: pompompusher folded before Flop (didn't bet)
Seat 7: manu0503303 folded before Flop (didn't bet)
Seat 8: Eighcehole folded before Flop (didn't bet)
Seat 9: JugEars88 folded before Flop (didn't bet)



PokerStars Hand #237561973499:  Hold'em No Limit ($0.02/$0.05 USD) - 2022/07/24 12:47:42 PT [2022/07/24 15:47:42 ET]
Table 'Nyanza' 9-max Seat #3 is the button
Seat 1: lauraman ($5.85 in chips) 
Seat 2: Dorex2007 ($9.28 in chips) 
Seat 3: 6tee ($2.31 in chips) 
Seat 4: eurosmile505 ($5 in chips) 
Seat 5: mStelmokas ($1 in chips) 
Seat 6: pompompusher ($5.64 in chips) 
Seat 7: manu0503303 ($3.85 in chips) 
Seat 8: Eighcehole ($5.39 in chips) 
Seat 9: JugEars88 ($5 in chips) 
eurosmile505: posts small blind $0.02
mStelmokas: posts big blind $0.05
*** HOLE CARDS ***
Dealt to Dorex2007 [Jh Kd]
pompompusher: folds 
manu0503303: calls $0.05
Eighcehole: folds 
JugEars88: folds 
lauraman: folds 
Dorex2007: calls $0.05
6tee: folds 
eurosmile505: folds 
mStelmokas: checks 
*** FLOP *** [Qh Qd 6d]
mStelmokas: checks 
manu0503303: checks 
Dorex2007: checks 
*** TURN *** [Qh Qd 6d] [Ac]
mStelmokas: checks 
manu0503303: checks 
Dorex2007: checks 
*** RIVER *** [Qh Qd 6d Ac] [3h]
mStelmokas: bets $0.15
manu0503303: folds 
Dorex2007: calls $0.15
*** SHOW DOWN ***
mStelmokas: shows [Td 8d] (a pair of Queens)
Dorex2007: shows [Jh Kd] (a pair of Queens - Ace+King kicker)
Dorex2007 collected $0.45 from pot
*** SUMMARY ***
Total pot $0.47 | Rake $0.02 
Board [Qh Qd 6d Ac 3h]
Seat 1: lauraman folded before Flop (didn't bet)
Seat 2: Dorex2007 showed [Jh Kd] and won ($0.45) with a pair of Queens
Seat 3: 6tee (button) folded before Flop (didn't bet)
Seat 4: eurosmile505 (small blind) folded before Flop
Seat 5: mStelmokas (big blind) showed [Td 8d] and lost with a pair of Queens
Seat 6: pompompusher folded before Flop (didn't bet)
Seat 7: manu0503303 folded on the River
Seat 8: Eighcehole folded before Flop (didn't bet)
Seat 9: JugEars88 folded before Flop (didn't bet)



PokerStars Hand #237561998944:  Hold'em No Limit ($0.02/$0.05 USD) - 2022/07/24 12:48:38 PT [2022/07/24 15:48:38 ET]
Table 'Nyanza' 9-max Seat #4 is the button
Seat 1: lauraman ($5.85 in chips) 
Seat 2: Dorex2007 ($9.53 in chips) 
Seat 3: 6tee ($2.31 in chips) 
Seat 4: eurosmile505 ($5 in chips) 
Seat 5: mStelmokas ($0.80 in chips) 
Seat 6: pompompusher ($5.64 in chips) 
Seat 7: manu0503303 ($3.80 in chips) 
Seat 8: Eighcehole ($5.39 in chips) 
Seat 9: JugEars88 ($5 in chips) 
mStelmokas: posts small blind $0.02
pompompusher: posts big blind $0.05
*** HOLE CARDS ***
Dealt to Dorex2007 [As 2d]
manu0503303: folds 
Eighcehole: raises $0.05 to $0.10
JugEars88: folds 
lauraman: calls $0.10
Dorex2007: folds 
6tee: folds 
eurosmile505: calls $0.10
mStelmokas: folds 
pompompusher: calls $0.05
*** FLOP *** [6d 8s 2c]
pompompusher: checks 
Eighcehole: bets $0.25
lauraman: calls $0.25
eurosmile505: folds 
pompompusher: folds 
*** TURN *** [6d 8s 2c] [8d]
Eighcehole: bets $0.59
lauraman: calls $0.59
*** RIVER *** [6d 8s 2c 8d] [6c]
Eighcehole: checks 
lauraman: checks 
*** SHOW DOWN ***
Eighcehole: shows [Ad Ac] (two pair, Aces and Eights)
lauraman: mucks hand 
Eighcehole collected $2.01 from pot
*** SUMMARY ***
Total pot $2.10 | Rake $0.09 
Board [6d 8s 2c 8d 6c]
Seat 1: lauraman mucked [9s 9d]
Seat 2: Dorex2007 folded before Flop (didn't bet)
Seat 3: 6tee folded before Flop (didn't bet)
Seat 4: eurosmile505 (button) folded on the Flop
Seat 5: mStelmokas (small blind) folded before Flop
Seat 6: pompompusher (big blind) folded on the Flop
Seat 7: manu0503303 folded before Flop (didn't bet)
Seat 8: Eighcehole showed [Ad Ac] and won ($2.01) with two pair, Aces and Eights
Seat 9: JugEars88 folded before Flop (didn't bet)



PokerStars Hand #237562035513:  Hold'em No Limit ($0.02/$0.05 USD) - 2022/07/24 12:49:58 PT [2022/07/24 15:49:58 ET]
Table 'Nyanza' 9-max Seat #5 is the button
Seat 1: lauraman ($4.91 in chips) 
Seat 2: Dorex2007 ($9.53 in chips) 
Seat 3: 6tee ($2.31 in chips) 
Seat 4: eurosmile505 ($5 in chips) 
Seat 5: mStelmokas ($0.78 in chips) 
Seat 6: pompompusher ($5.54 in chips) 
Seat 7: manu0503303 ($3.80 in chips) 
Seat 8: Eighcehole ($6.46 in chips) 
Seat 9: JugEars88 ($5 in chips) 
pompompusher: posts small blind $0.02
manu0503303: posts big blind $0.05
*** HOLE CARDS ***
Dealt to Dorex2007 [Tc 7h]
Eighcehole: folds 
JugEars88: folds 
lauraman: folds 
Dorex2007: folds 
6tee: folds 
eurosmile505: folds 
mStelmokas: raises $0.73 to $0.78 and is all-in
pompompusher: folds 
manu0503303: folds 
Uncalled bet ($0.73) returned to mStelmokas
mStelmokas collected $0.12 from pot
*** SUMMARY ***
Total pot $0.12 | Rake $0 
Seat 1: lauraman folded before Flop (didn't bet)
Seat 2: Dorex2007 folded before Flop (didn't bet)
Seat 3: 6tee folded before Flop (didn't bet)
Seat 4: eurosmile505 folded before Flop (didn't bet)
Seat 5: mStelmokas (button) collected ($0.12)
Seat 6: pompompusher (small blind) folded before Flop
Seat 7: manu0503303 (big blind) folded before Flop
Seat 8: Eighcehole folded before Flop (didn't bet)
Seat 9: JugEars88 folded before Flop (didn't bet)



PokerStars Hand #237562043612:  Hold'em No Limit ($0.02/$0.05 USD) - 2022/07/24 12:50:16 PT [2022/07/24 15:50:16 ET]
Table 'Nyanza' 9-max Seat #6 is the button
Seat 1: lauraman ($5 in chips) 
Seat 2: Dorex2007 ($9.53 in chips) 
Seat 3: 6tee ($2.31 in chips) 
Seat 4: eurosmile505 ($5 in chips) 
Seat 5: mStelmokas ($0.85 in chips) 
Seat 6: pompompusher ($5.52 in chips) 
Seat 7: manu0503303 ($3.75 in chips) 
Seat 8: Eighcehole ($6.46 in chips) 
Seat 9: JugEars88 ($5 in chips) 
manu0503303: posts small blind $0.02
Eighcehole: posts big blind $0.05
*** HOLE CARDS ***
Dealt to Dorex2007 [Qh 6h]
JugEars88: folds 
lauraman: folds 
Dorex2007: folds 
6tee: folds 
eurosmile505: folds 
mStelmokas: raises $0.10 to $0.15
pompompusher: folds 
manu0503303: folds 
Eighcehole: folds 
Uncalled bet ($0.10) returned to mStelmokas
mStelmokas collected $0.12 from pot
*** SUMMARY ***
Total pot $0.12 | Rake $0 
Seat 1: lauraman folded before Flop (didn't bet)
Seat 2: Dorex2007 folded before Flop (didn't bet)
Seat 3: 6tee folded before Flop (didn't bet)
Seat 4: eurosmile505 folded before Flop (didn't bet)
Seat 5: mStelmokas collected ($0.12)
Seat 6: pompompusher (button) folded before Flop (didn't bet)
Seat 7: manu0503303 (small blind) folded before Flop
Seat 8: Eighcehole (big blind) folded before Flop
Seat 9: JugEars88 folded before Flop (didn't bet)



PokerStars Hand #237562059123:  Hold'em No Limit ($0.02/$0.05 USD) - 2022/07/24 12:50:50 PT [2022/07/24 15:50:50 ET]
Table 'Nyanza' 9-max Seat #7 is the button
Seat 1: lauraman ($5 in chips) 
Seat 2: Dorex2007 ($9.53 in chips) 
Seat 3: 6tee ($2.31 in chips) 
Seat 4: eurosmile505 ($5 in chips) 
Seat 5: mStelmokas ($0.92 in chips) 
Seat 6: pompompusher ($5.52 in chips) 
Seat 7: manu0503303 ($3.73 in chips) 
Seat 8: Eighcehole ($6.41 in chips) 
Seat 9: JugEars88 ($5 in chips) 
Eighcehole: posts small blind $0.02
JugEars88: posts big blind $0.05
*** HOLE CARDS ***
Dealt to Dorex2007 [3h 5h]
lauraman: folds 
Dorex2007: folds 
6tee: folds 
eurosmile505: folds 
mStelmokas: folds 
pompompusher: folds 
manu0503303: folds 
manu0503303 leaves the table
Eighcehole: raises $0.10 to $0.15
JugEars88: calls $0.10
*** FLOP *** [6d 7s 4h]
Eighcehole: checks 
HOLOTA770 joins the table at seat #7 
JugEars88: bets $0.20
Eighcehole: folds 
Uncalled bet ($0.20) returned to JugEars88
JugEars88 collected $0.29 from pot
*** SUMMARY ***
Total pot $0.30 | Rake $0.01 
Board [6d 7s 4h]
Seat 1: lauraman folded before Flop (didn't bet)
Seat 2: Dorex2007 folded before Flop (didn't bet)
Seat 3: 6tee folded before Flop (didn't bet)
Seat 4: eurosmile505 folded before Flop (didn't bet)
Seat 5: mStelmokas folded before Flop (didn't bet)
Seat 6: pompompusher folded before Flop (didn't bet)
Seat 7: manu0503303 (button) folded before Flop (didn't bet)
Seat 8: Eighcehole (small blind) folded on the Flop
Seat 9: JugEars88 (big blind) collected ($0.29)



PokerStars Hand #237562084023:  Hold'em No Limit ($0.02/$0.05 USD) - 2022/07/24 12:51:41 PT [2022/07/24 15:51:41 ET]
Table 'Nyanza' 9-max Seat #8 is the button
Seat 1: lauraman ($5 in chips) 
Seat 2: Dorex2007 ($9.53 in chips) 
Seat 3: 6tee ($2.31 in chips) 
Seat 4: eurosmile505 ($5 in chips) 
Seat 5: mStelmokas ($0.92 in chips) 
Seat 6: pompompusher ($5.52 in chips) 
Seat 7: HOLOTA770 ($5 in chips) 
Seat 8: Eighcehole ($6.26 in chips) 
Seat 9: JugEars88 ($5.14 in chips) 
JugEars88: posts small blind $0.02
lauraman: posts big blind $0.05
HOLOTA770: posts big blind $0.05
*** HOLE CARDS ***
Dealt to Dorex2007 [Qs 5h]
Dorex2007: folds 
6tee: folds 
eurosmile505: folds 
mStelmokas: raises $0.87 to $0.92 and is all-in
pompompusher: folds 
HOLOTA770: folds 
Eighcehole: calls $0.92
JugEars88: folds 
lauraman: folds 
*** FLOP *** [Js Ks 8c]
*** TURN *** [Js Ks 8c] [Qc]
*** RIVER *** [Js Ks 8c Qc] [7c]
*** SHOW DOWN ***
mStelmokas: shows [Jc Ah] (a pair of Jacks)
Eighcehole: shows [Kd Kh] (three of a kind, Kings)
Eighcehole collected $1.88 from pot
*** SUMMARY ***
Total pot $1.96 | Rake $0.08 
Board [Js Ks 8c Qc 7c]
Seat 1: lauraman (big blind) folded before Flop
Seat 2: Dorex2007 folded before Flop (didn't bet)
Seat 3: 6tee folded before Flop (didn't bet)
Seat 4: eurosmile505 folded before Flop (didn't bet)
Seat 5: mStelmokas showed [Jc Ah] and lost with a pair of Jacks
Seat 6: pompompusher folded before Flop (didn't bet)
Seat 7: HOLOTA770 folded before Flop (didn't bet)
Seat 8: Eighcehole (button) showed [Kd Kh] and won ($1.88) with three of a kind, Kings
Seat 9: JugEars88 (small blind) folded before Flop



PokerStars Hand #237562103487:  Hold'em No Limit ($0.02/$0.05 USD) - 2022/07/24 12:52:24 PT [2022/07/24 15:52:24 ET]
Table 'Nyanza' 9-max Seat #9 is the button
Seat 1: lauraman ($4.95 in chips) 
Seat 2: Dorex2007 ($9.53 in chips) 
Seat 3: 6tee ($2.31 in chips) 
Seat 4: eurosmile505 ($5 in chips) 
Seat 6: pompompusher ($5.52 in chips) 
Seat 7: HOLOTA770 ($4.95 in chips) 
Seat 8: Eighcehole ($7.22 in chips) 
Seat 9: JugEars88 ($5.12 in chips) 
lauraman: posts small blind $0.02
Dorex2007: posts big blind $0.05
*** HOLE CARDS ***
Dealt to Dorex2007 [9s 8c]
mStelmokas leaves the table
6tee: folds 
eurosmile505: folds 
pompompusher: folds 
HOLOTA770: folds 
HOLOTA770 leaves the table
Eighcehole: folds 
JugEars88: raises $0.05 to $0.10
lauraman: folds 
Dorex2007: folds 
Uncalled bet ($0.05) returned to JugEars88
JugEars88 collected $0.12 from pot
*** SUMMARY ***
Total pot $0.12 | Rake $0 
Seat 1: lauraman (small blind) folded before Flop
Seat 2: Dorex2007 (big blind) folded before Flop
Seat 3: 6tee folded before Flop (didn't bet)
Seat 4: eurosmile505 folded before Flop (didn't bet)
Seat 6: pompompusher folded before Flop (didn't bet)
Seat 7: HOLOTA770 folded before Flop (didn't bet)
Seat 8: Eighcehole folded before Flop (didn't bet)
Seat 9: JugEars88 (button) collected ($0.12)



PokerStars Hand #237562112832:  Hold'em No Limit ($0.02/$0.05 USD) - 2022/07/24 12:52:45 PT [2022/07/24 15:52:45 ET]
Table 'Nyanza' 9-max Seat #1 is the button
Seat 1: lauraman ($4.93 in chips) 
Seat 2: Dorex2007 ($9.48 in chips) 
Seat 3: 6tee ($2.31 in chips) 
Seat 4: eurosmile505 ($5 in chips) 
Seat 6: pompompusher ($5.52 in chips) 
Seat 8: Eighcehole ($7.22 in chips) 
Seat 9: JugEars88 ($5.19 in chips) 
Dorex2007: posts small blind $0.02
6tee: posts big blind $0.05
*** HOLE CARDS ***
Dealt to Dorex2007 [5h 2h]
eurosmile505: folds 
pompompusher: folds 
Eighcehole: folds 
JugEars88: folds 
Batyrov44 joins the table at seat #5 
lauraman: raises $0.10 to $0.15
Dorex2007: folds 
6tee: folds 
Uncalled bet ($0.10) returned to lauraman
lauraman collected $0.12 from pot
*** SUMMARY ***
Total pot $0.12 | Rake $0 
Seat 1: lauraman (button) collected ($0.12)
Seat 2: Dorex2007 (small blind) folded before Flop
Seat 3: 6tee (big blind) folded before Flop
Seat 4: eurosmile505 folded before Flop (didn't bet)
Seat 6: pompompusher folded before Flop (didn't bet)
Seat 8: Eighcehole folded before Flop (didn't bet)
Seat 9: JugEars88 folded before Flop (didn't bet)



PokerStars Hand #237562126021:  Hold'em No Limit ($0.02/$0.05 USD) - 2022/07/24 12:53:14 PT [2022/07/24 15:53:14 ET]
Table 'Nyanza' 9-max Seat #2 is the button
Seat 1: lauraman ($5 in chips) 
Seat 2: Dorex2007 ($9.46 in chips) 
Seat 3: 6tee ($2.26 in chips) 
Seat 4: eurosmile505 ($5 in chips) 
Seat 6: pompompusher ($5.52 in chips) 
Seat 8: Eighcehole ($7.22 in chips) 
Seat 9: JugEars88 ($5.19 in chips) 
6tee: posts small blind $0.02
eurosmile505: posts big blind $0.05
Batyrov44: sits out 
*** HOLE CARDS ***
Dealt to Dorex2007 [5h 8c]
pompompusher: folds 
Eighcehole: raises $0.10 to $0.15
JugEars88: folds 
lauraman: folds 
Dorex2007: folds 
6tee: folds 
eurosmile505: calls $0.10
*** FLOP *** [9s Ah As]
eurosmile505: checks 
Eighcehole: bets $0.15
eurosmile505: folds 
Uncalled bet ($0.15) returned to Eighcehole
AlldayMallA joins the table at seat #7 
Eighcehole collected $0.31 from pot
*** SUMMARY ***
Total pot $0.32 | Rake $0.01 
Board [9s Ah As]
Seat 1: lauraman folded before Flop (didn't bet)
Seat 2: Dorex2007 (button) folded before Flop (didn't bet)
Seat 3: 6tee (small blind) folded before Flop
Seat 4: eurosmile505 (big blind) folded on the Flop
Seat 6: pompompusher folded before Flop (didn't bet)
Seat 8: Eighcehole collected ($0.31)
Seat 9: JugEars88 folded before Flop (didn't bet)



PokerStars Hand #237562140271:  Hold'em No Limit ($0.02/$0.05 USD) - 2022/07/24 12:53:45 PT [2022/07/24 15:53:45 ET]
Table 'Nyanza' 9-max Seat #3 is the button
Seat 1: lauraman ($5 in chips) 
Seat 2: Dorex2007 ($9.46 in chips) 
Seat 3: 6tee ($2.24 in chips) 
Seat 4: eurosmile505 ($5 in chips) 
Seat 5: Batyrov44 ($5 in chips) 
Seat 6: pompompusher ($5.52 in chips) 
Seat 8: Eighcehole ($7.38 in chips) 
Seat 9: JugEars88 ($5.19 in chips) 
eurosmile505: posts small blind $0.02
Batyrov44: posts big blind $0.05
AlldayMallA: sits out 
*** HOLE CARDS ***
Dealt to Dorex2007 [8s 8c]
pompompusher: folds 
Eighcehole: folds 
JugEars88: raises $0.12 to $0.17
lauraman: folds 
Dorex2007: calls $0.17
6tee: folds 
eurosmile505: folds 
Batyrov44: folds 
*** FLOP *** [Qh 5s 3c]
JugEars88: bets $0.19
Dorex2007: folds 
Uncalled bet ($0.19) returned to JugEars88
JugEars88 collected $0.39 from pot
*** SUMMARY ***
Total pot $0.41 | Rake $0.02 
Board [Qh 5s 3c]
Seat 1: lauraman folded before Flop (didn't bet)
Seat 2: Dorex2007 folded on the Flop
Seat 3: 6tee (button) folded before Flop (didn't bet)
Seat 4: eurosmile505 (small blind) folded before Flop
Seat 5: Batyrov44 (big blind) folded before Flop
Seat 6: pompompusher folded before Flop (didn't bet)
Seat 8: Eighcehole folded before Flop (didn't bet)
Seat 9: JugEars88 collected ($0.39)



PokerStars Hand #237562159025:  Hold'em No Limit ($0.02/$0.05 USD) - 2022/07/24 12:54:27 PT [2022/07/24 15:54:27 ET]
Table 'Nyanza' 9-max Seat #4 is the button
Seat 1: lauraman ($5 in chips) 
Seat 2: Dorex2007 ($9.29 in chips) 
Seat 3: 6tee ($2.24 in chips) 
Seat 4: eurosmile505 ($5 in chips) 
Seat 5: Batyrov44 ($4.95 in chips) 
Seat 7: AlldayMallA ($2.70 in chips) 
Seat 8: Eighcehole ($7.38 in chips) 
Seat 9: JugEars88 ($5.41 in chips) 
Batyrov44: posts small blind $0.02
pompompusher: is sitting out 
AlldayMallA: posts big blind $0.05
*** HOLE CARDS ***
Dealt to Dorex2007 [Jh Qd]
Eighcehole: folds 
pompompusher leaves the table
polly727 joins the table at seat #6 
JugEars88: folds 
lauraman: raises $0.10 to $0.15
Dorex2007: folds 
6tee: folds 
eurosmile505: folds 
Batyrov44: calls $0.13
AlldayMallA: folds 
*** FLOP *** [2d 2h 6h]
Batyrov44: checks 
lauraman: bets $0.15
Batyrov44: calls $0.15
*** TURN *** [2d 2h 6h] [6s]
Batyrov44: checks 
lauraman: bets $0.31
Batyrov44: raises $0.62 to $0.93
lauraman: folds 
Uncalled bet ($0.62) returned to Batyrov44
Batyrov44 collected $1.22 from pot
*** SUMMARY ***
Total pot $1.27 | Rake $0.05 
Board [2d 2h 6h 6s]
Seat 1: lauraman folded on the Turn
Seat 2: Dorex2007 folded before Flop (didn't bet)
Seat 3: 6tee folded before Flop (didn't bet)
Seat 4: eurosmile505 (button) folded before Flop (didn't bet)
Seat 5: Batyrov44 (small blind) collected ($1.22)
Seat 7: AlldayMallA (big blind) folded before Flop
Seat 8: Eighcehole folded before Flop (didn't bet)
Seat 9: JugEars88 folded before Flop (didn't bet)



PokerStars Hand #237562194741:  Hold'em No Limit ($0.02/$0.05 USD) - 2022/07/24 12:56:09 PT [2022/07/24 15:56:09 ET]
Table 'Nyanza' 9-max Seat #5 is the button
Seat 1: lauraman ($4.39 in chips) 
Seat 2: Dorex2007 ($9.29 in chips) 
Seat 3: 6tee ($2.24 in chips) 
Seat 4: eurosmile505 ($5 in chips) 
Seat 5: Batyrov44 ($5.56 in chips) 
Seat 7: AlldayMallA ($2.65 in chips) 
Seat 9: JugEars88 ($5.41 in chips) 
AlldayMallA: posts small blind $0.02
Eighcehole: is sitting out 
JugEars88: posts big blind $0.05
*** HOLE CARDS ***
Dealt to Dorex2007 [8s 5h]
lauraman: folds 
Eighcehole leaves the table
Dorex2007: folds 
6tee: calls $0.05
eurosmile505: folds 
Batyrov44: raises $0.10 to $0.15
AlldayMallA: calls $0.13
Graciano Saga joins the table at seat #8 
JugEars88: calls $0.10
6tee: calls $0.10
*** FLOP *** [Kc Kh 7c]
AlldayMallA: checks 
JugEars88: checks 
6tee: checks 
Batyrov44: checks 
*** TURN *** [Kc Kh 7c] [8c]
AlldayMallA: checks 
JugEars88: checks 
6tee: checks 
Batyrov44: checks 
*** RIVER *** [Kc Kh 7c 8c] [5s]
AlldayMallA: checks 
JugEars88: checks 
6tee: checks 
Batyrov44: bets $0.24
AlldayMallA: folds 
JugEars88: folds 
6tee: folds 
Uncalled bet ($0.24) returned to Batyrov44
Batyrov44 collected $0.58 from pot
*** SUMMARY ***
Total pot $0.60 | Rake $0.02 
Board [Kc Kh 7c 8c 5s]
Seat 1: lauraman folded before Flop (didn't bet)
Seat 2: Dorex2007 folded before Flop (didn't bet)
Seat 3: 6tee folded on the River
Seat 4: eurosmile505 folded before Flop (didn't bet)
Seat 5: Batyrov44 (button) collected ($0.58)
Seat 7: AlldayMallA (small blind) folded on the River
Seat 9: JugEars88 (big blind) folded on the River



PokerStars Hand #237562224272:  Hold'em No Limit ($0.02/$0.05 USD) - 2022/07/24 12:57:55 PT [2022/07/24 15:57:55 ET]
Table 'Nyanza' 9-max Seat #7 is the button
Seat 1: lauraman ($4.39 in chips) 
Seat 2: Dorex2007 ($9.29 in chips) 
Seat 4: eurosmile505 ($5 in chips) 
Seat 5: Batyrov44 ($5.99 in chips) 
Seat 7: AlldayMallA ($2.50 in chips) 
Seat 9: JugEars88 ($5.26 in chips) 
JugEars88: posts small blind $0.02
lauraman: posts big blind $0.05
polly727: sits out 
*** HOLE CARDS ***
Dealt to Dorex2007 [Js 5h]
Dorex2007: folds 
eurosmile505: folds 
Batyrov44: folds 
AlldayMallA: raises $0.05 to $0.10
JugEars88: calls $0.08
lauraman: calls $0.05
*** FLOP *** [Ks Kd 8c]
JugEars88: checks 
lauraman: checks 
AlldayMallA: bets $0.14
JugEars88: folds 
lauraman: folds 
Uncalled bet ($0.14) returned to AlldayMallA
AlldayMallA collected $0.29 from pot
*** SUMMARY ***
Total pot $0.30 | Rake $0.01 
Board [Ks Kd 8c]
Seat 1: lauraman (big blind) folded on the Flop
Seat 2: Dorex2007 folded before Flop (didn't bet)
Seat 4: eurosmile505 folded before Flop (didn't bet)
Seat 5: Batyrov44 folded before Flop (didn't bet)
Seat 7: AlldayMallA (button) collected ($0.29)
Seat 9: JugEars88 (small blind) folded on the Flop



PokerStars Hand #237562232520:  Hold'em No Limit ($0.02/$0.05 USD) - 2022/07/24 12:58:23 PT [2022/07/24 15:58:23 ET]
Table 'Nyanza' 9-max Seat #9 is the button
Seat 1: lauraman ($4.29 in chips) 
Seat 2: Dorex2007 ($9.29 in chips) 
Seat 4: eurosmile505 ($5 in chips) 
Seat 5: Batyrov44 ($5.99 in chips) 
Seat 7: AlldayMallA ($2.69 in chips) 
Seat 9: JugEars88 ($5.16 in chips) 
lauraman: posts small blind $0.02
Dorex2007: posts big blind $0.05
polly727: sits out 
Graciano Saga: sits out 
*** HOLE CARDS ***
Dealt to Dorex2007 [Ac 4d]
eurosmile505: folds 
Batyrov44: folds 
AlldayMallA: folds 
JugEars88: raises $0.12 to $0.17
lauraman: folds 
Dorex2007: folds 
Uncalled bet ($0.12) returned to JugEars88
JugEars88 collected $0.12 from pot
*** SUMMARY ***
Total pot $0.12 | Rake $0 
Seat 1: lauraman (small blind) folded before Flop
Seat 2: Dorex2007 (big blind) folded before Flop
Seat 4: eurosmile505 folded before Flop (didn't bet)
Seat 5: Batyrov44 folded before Flop (didn't bet)
Seat 7: AlldayMallA folded before Flop (didn't bet)
Seat 9: JugEars88 (button) collected ($0.12)



PokerStars Hand #237562238056:  Hold'em No Limit ($0.02/$0.05 USD) - 2022/07/24 12:58:43 PT [2022/07/24 15:58:43 ET]
Table 'Nyanza' 9-max Seat #1 is the button
Seat 1: lauraman ($4.27 in chips) 
Seat 2: Dorex2007 ($9.24 in chips) 
Seat 4: eurosmile505 ($5 in chips) 
Seat 5: Batyrov44 ($5.99 in chips) 
Seat 7: AlldayMallA ($2.69 in chips) 
Seat 9: JugEars88 ($5.23 in chips) 
Dorex2007: posts small blind $0.02
eurosmile505: posts big blind $0.05
polly727: sits out 
Graciano Saga: sits out 
*** HOLE CARDS ***
Dealt to Dorex2007 [Qh Ks]
Batyrov44: folds 
AlldayMallA: folds 
JugEars88: folds 
lauraman: folds 
Dorex2007: raises $0.10 to $0.15
eurosmile505: calls $0.10
*** FLOP *** [Tc 7h 7c]
Dorex2007: bets $0.14
eurosmile505: calls $0.14
*** TURN *** [Tc 7h 7c] [As]
Dorex2007: checks 
eurosmile505: bets $0.39
Dorex2007: folds 
Uncalled bet ($0.39) returned to eurosmile505
eurosmile505 collected $0.56 from pot
*** SUMMARY ***
Total pot $0.58 | Rake $0.02 
Board [Tc 7h 7c As]
Seat 1: lauraman (button) folded before Flop (didn't bet)
Seat 2: Dorex2007 (small blind) folded on the Turn
Seat 4: eurosmile505 (big blind) collected ($0.56)
Seat 5: Batyrov44 folded before Flop (didn't bet)
Seat 7: AlldayMallA folded before Flop (didn't bet)
Seat 9: JugEars88 folded before Flop (didn't bet)



PokerStars Hand #237562247833:  Hold'em No Limit ($0.02/$0.05 USD) - 2022/07/24 12:59:18 PT [2022/07/24 15:59:18 ET]
Table 'Nyanza' 9-max Seat #2 is the button
Seat 1: lauraman ($4.27 in chips) 
Seat 2: Dorex2007 ($8.95 in chips) 
Seat 4: eurosmile505 ($5.27 in chips) 
Seat 5: Batyrov44 ($5.99 in chips) 
Seat 7: AlldayMallA ($2.69 in chips) 
Seat 9: JugEars88 ($5.23 in chips) 
eurosmile505: posts small blind $0.02
Batyrov44: posts big blind $0.05
polly727: sits out 
Graciano Saga: sits out 
*** HOLE CARDS ***
Dealt to Dorex2007 [8s Ts]
AlldayMallA: folds 
JugEars88: folds 
lauraman: folds 
Dorex2007: folds 
eurosmile505: raises $0.10 to $0.15
Batyrov44: folds 
Uncalled bet ($0.10) returned to eurosmile505
eurosmile505 collected $0.10 from pot
*** SUMMARY ***
Total pot $0.10 | Rake $0 
Seat 1: lauraman folded before Flop (didn't bet)
Seat 2: Dorex2007 (button) folded before Flop (didn't bet)
Seat 4: eurosmile505 (small blind) collected ($0.10)
Seat 5: Batyrov44 (big blind) folded before Flop
Seat 7: AlldayMallA folded before Flop (didn't bet)
Seat 9: JugEars88 folded before Flop (didn't bet)



PokerStars Hand #237562253458:  Hold'em No Limit ($0.02/$0.05 USD) - 2022/07/24 12:59:38 PT [2022/07/24 15:59:38 ET]
Table 'Nyanza' 9-max Seat #4 is the button
Seat 1: lauraman ($4.27 in chips) 
Seat 2: Dorex2007 ($8.95 in chips) 
Seat 4: eurosmile505 ($5.32 in chips) 
Seat 5: Batyrov44 ($5.94 in chips) 
Seat 6: polly727 ($5 in chips) 
Seat 7: AlldayMallA ($2.69 in chips) 
Seat 9: JugEars88 ($5.23 in chips) 
Batyrov44: posts small blind $0.02
polly727: posts big blind $0.05
Graciano Saga: sits out 
*** HOLE CARDS ***
Dealt to Dorex2007 [6c 5s]
AlldayMallA: calls $0.05
JugEars88: folds 
lauraman: folds 
Dorex2007: folds 
eurosmile505: folds 
Batyrov44: raises $0.10 to $0.15
polly727: folds 
AlldayMallA: calls $0.10
*** FLOP *** [Ah Qd 5h]
Batyrov44: bets $0.17
AlldayMallA: calls $0.17
*** TURN *** [Ah Qd 5h] [Kd]
Batyrov44: bets $0.23
AlldayMallA: calls $0.23
*** RIVER *** [Ah Qd 5h Kd] [Jh]
Batyrov44: bets $0.55
lauraman leaves the table
AlldayMallA: folds 
Uncalled bet ($0.55) returned to Batyrov44
Batyrov44 collected $1.10 from pot
*** SUMMARY ***
Total pot $1.15 | Rake $0.05 
Board [Ah Qd 5h Kd Jh]
Seat 1: lauraman folded before Flop (didn't bet)
Seat 2: Dorex2007 folded before Flop (didn't bet)
Seat 4: eurosmile505 (button) folded before Flop (didn't bet)
Seat 5: Batyrov44 (small blind) collected ($1.10)
Seat 6: polly727 (big blind) folded before Flop
Seat 7: AlldayMallA folded on the River
Seat 9: JugEars88 folded before Flop (didn't bet)



PokerStars Hand #237562280236:  Hold'em No Limit ($0.02/$0.05 USD) - 2022/07/24 13:00:43 PT [2022/07/24 16:00:43 ET]
Table 'Nyanza' 9-max Seat #5 is the button
Seat 2: Dorex2007 ($8.95 in chips) 
Seat 4: eurosmile505 ($5.32 in chips) 
Seat 5: Batyrov44 ($6.49 in chips) 
Seat 6: polly727 ($4.95 in chips) 
Seat 7: AlldayMallA ($2.14 in chips) 
Seat 9: JugEars88 ($5.23 in chips) 
polly727: posts small blind $0.02
AlldayMallA: posts big blind $0.05
Graciano Saga: sits out 
*** HOLE CARDS ***
Dealt to Dorex2007 [4d Kh]
JugEars88: folds 
Dorex2007: folds 
eurosmile505: raises $0.07 to $0.12
Batyrov44: folds 
polly727: raises $0.38 to $0.50
AlldayMallA: folds 
eurosmile505: raises $0.66 to $1.16
polly727: calls $0.66
*** FLOP *** [5h 4s 8h]
polly727: checks 
eurosmile505: bets $1.51
polly727: folds 
Uncalled bet ($1.51) returned to eurosmile505
eurosmile505 collected $2.27 from pot
*** SUMMARY ***
Total pot $2.37 | Rake $0.10 
Board [5h 4s 8h]
Seat 2: Dorex2007 folded before Flop (didn't bet)
Seat 4: eurosmile505 collected ($2.27)
Seat 5: Batyrov44 (button) folded before Flop (didn't bet)
Seat 6: polly727 (small blind) folded on the Flop
Seat 7: AlldayMallA (big blind) folded before Flop
Seat 9: JugEars88 folded before Flop (didn't bet)



PokerStars Hand #237562305952:  Hold'em No Limit ($0.02/$0.05 USD) - 2022/07/24 13:01:53 PT [2022/07/24 16:01:53 ET]
Table 'Nyanza' 9-max Seat #6 is the button
Seat 2: Dorex2007 ($8.95 in chips) 
Seat 4: eurosmile505 ($6.43 in chips) 
Seat 5: Batyrov44 ($6.49 in chips) 
Seat 6: polly727 ($3.79 in chips) 
Seat 7: AlldayMallA ($2.09 in chips) 
Seat 8: Graciano Saga ($4 in chips) 
Seat 9: JugEars88 ($5.23 in chips) 
AlldayMallA: posts small blind $0.02
Graciano Saga: posts big blind $0.05
*** HOLE CARDS ***
Dealt to Dorex2007 [6h 8s]
JugEars88 has timed out
JugEars88: folds 
Dorex2007: folds 
eurosmile505: folds 
Batyrov44: raises $0.10 to $0.15
polly727: folds 
AlldayMallA: calls $0.13
Graciano Saga: folds 
*** FLOP *** [9c 7c 4h]
dorjojo joins the table at seat #1 
AlldayMallA: checks 
Batyrov44: bets $0.17
AlldayMallA: calls $0.17
*** TURN *** [9c 7c 4h] [Tc]
AlldayMallA: checks 
Batyrov44: checks 
*** RIVER *** [9c 7c 4h Tc] [3d]
AlldayMallA: bets $0.28
Batyrov44: folds 
Uncalled bet ($0.28) returned to AlldayMallA
AlldayMallA collected $0.66 from pot
*** SUMMARY ***
Total pot $0.69 | Rake $0.03 
Board [9c 7c 4h Tc 3d]
Seat 2: Dorex2007 folded before Flop (didn't bet)
Seat 4: eurosmile505 folded before Flop (didn't bet)
Seat 5: Batyrov44 folded on the River
Seat 6: polly727 (button) folded before Flop (didn't bet)
Seat 7: AlldayMallA (small blind) collected ($0.66)
Seat 8: Graciano Saga (big blind) folded before Flop
Seat 9: JugEars88 folded before Flop (didn't bet)



PokerStars Hand #237562336492:  Hold'em No Limit ($0.02/$0.05 USD) - 2022/07/24 13:02:55 PT [2022/07/24 16:02:55 ET]
Table 'Nyanza' 9-max Seat #7 is the button
Seat 2: Dorex2007 ($8.95 in chips) 
Seat 4: eurosmile505 ($6.43 in chips) 
Seat 5: Batyrov44 ($6.17 in chips) 
Seat 6: polly727 ($3.79 in chips) 
Seat 7: AlldayMallA ($2.43 in chips) 
Seat 8: Graciano Saga ($3.95 in chips) 
Seat 9: JugEars88 ($5.23 in chips) 
Graciano Saga: posts small blind $0.02
JugEars88: posts big blind $0.05
dorjojo: sits out 
*** HOLE CARDS ***
Dealt to Dorex2007 [3d 4h]
Dorex2007: folds 
eurosmile505: folds 
Batyrov44: folds 
polly727: raises $0.10 to $0.15
AlldayMallA: calls $0.15
Graciano Saga: calls $0.13
JugEars88: calls $0.10
*** FLOP *** [Ts 7s Ks]
Graciano Saga: checks 
Batyrov44 leaves the table
JugEars88: checks 
JonSnow124 joins the table at seat #5 
polly727: bets $0.17
AlldayMallA: raises $0.27 to $0.44
Graciano Saga: calls $0.44
JugEars88: folds 
polly727: calls $0.27
*** TURN *** [Ts 7s Ks] [3c]
Graciano Saga: checks 
polly727: checks 
AlldayMallA: bets $0.92
Graciano Saga: raises $2.44 to $3.36 and is all-in
polly727: folds 
AlldayMallA: calls $0.92 and is all-in
Uncalled bet ($1.52) returned to Graciano Saga
*** RIVER *** [Ts 7s Ks 3c] [Qd]
*** SHOW DOWN ***
Graciano Saga: shows [5s 6s] (a flush, King high)
AlldayMallA: shows [Th Td] (three of a kind, Tens)
Graciano Saga collected $5.37 from pot
*** SUMMARY ***
Total pot $5.60 | Rake $0.23 
Board [Ts 7s Ks 3c Qd]
Seat 2: Dorex2007 folded before Flop (didn't bet)
Seat 4: eurosmile505 folded before Flop (didn't bet)
Seat 5: Batyrov44 folded before Flop (didn't bet)
Seat 6: polly727 folded on the Turn
Seat 7: AlldayMallA (button) showed [Th Td] and lost with three of a kind, Tens
Seat 8: Graciano Saga (small blind) showed [5s 6s] and won ($5.37) with a flush, King high
Seat 9: JugEars88 (big blind) folded on the Flop



PokerStars Hand #237562377320:  Hold'em No Limit ($0.02/$0.05 USD) - 2022/07/24 13:04:27 PT [2022/07/24 16:04:27 ET]
Table 'Nyanza' 9-max Seat #8 is the button
Seat 1: dorjojo ($5 in chips) 
Seat 2: Dorex2007 ($8.95 in chips) 
Seat 4: eurosmile505 ($6.43 in chips) 
Seat 6: polly727 ($3.20 in chips) 
Seat 8: Graciano Saga ($6.89 in chips) 
Seat 9: JugEars88 ($5.08 in chips) 
JugEars88: posts small blind $0.02
dorjojo: posts big blind $0.05
JonSnow124: sits out 
*** HOLE CARDS ***
Dealt to Dorex2007 [9h 8d]
Dorex2007 has timed out
Dorex2007: folds 
AlldayMallA leaves the table
eurosmile505: folds 
polly727: folds 
Graciano Saga: folds 
Graciano Saga leaves the table
JugEars88: folds 
Uncalled bet ($0.03) returned to dorjojo
dorjojo collected $0.04 from pot
*** SUMMARY ***
Total pot $0.04 | Rake $0 
Seat 1: dorjojo (big blind) collected ($0.04)
Seat 2: Dorex2007 folded before Flop (didn't bet)
Seat 4: eurosmile505 folded before Flop (didn't bet)
Seat 6: polly727 folded before Flop (didn't bet)
Seat 8: Graciano Saga (button) folded before Flop (didn't bet)
Seat 9: JugEars88 (small blind) folded before Flop



PokerStars Hand #237562400191:  Hold'em No Limit ($0.02/$0.05 USD) - 2022/07/24 13:05:16 PT [2022/07/24 16:05:16 ET]
Table 'Nyanza' 9-max Seat #4 is the button
Seat 1: dorjojo ($5 in chips) 
Seat 2: Dorex2007 ($8.95 in chips) 
Seat 4: eurosmile505 ($6.43 in chips) 
Seat 5: JonSnow124 ($3.95 in chips) 
Seat 6: polly727 ($3.20 in chips) 
Seat 8: Kallem28 ($5 in chips) 
Seat 9: JugEars88 ($5.13 in chips) 
JonSnow124: posts small blind $0.02
polly727: posts big blind $0.05
Kallem28: posts big blind $0.05
Dorex2007: posts small & big blinds $0.07
*** HOLE CARDS ***
Dealt to Dorex2007 [7h 8d]
Kallem28: checks 
JugEars88: folds 
StasPioneer joins the table at seat #7 
dorjojo: calls $0.05
Dorex2007: checks 
eurosmile505: folds 
JonSnow124: calls $0.03
polly727: checks 
*** FLOP *** [Jc 5d 8h]
JonSnow124: checks 
polly727: checks 
Kallem28: checks 
dorjojo: checks 
Dorex2007: bets $0.13
JonSnow124: calls $0.13
polly727: folds 
Kallem28: folds 
dorjojo: calls $0.13
*** TURN *** [Jc 5d 8h] [2h]
JonSnow124: checks 
dorjojo: checks 
Dorex2007: checks 
*** RIVER *** [Jc 5d 8h 2h] [9c]
JonSnow124: bets $0.05
dorjojo: calls $0.05
Dorex2007: calls $0.05
*** SHOW DOWN ***
JonSnow124: shows [Qc 9h] (a pair of Nines)
dorjojo: mucks hand 
Dorex2007: mucks hand 
JonSnow124 collected $0.78 from pot
*** SUMMARY ***
Total pot $0.81 | Rake $0.03 
Board [Jc 5d 8h 2h 9c]
Seat 1: dorjojo mucked [4h 5h]
Seat 2: Dorex2007 mucked [7h 8d]
Seat 4: eurosmile505 (button) folded before Flop (didn't bet)
Seat 5: JonSnow124 (small blind) showed [Qc 9h] and won ($0.78) with a pair of Nines
Seat 6: polly727 (big blind) folded on the Flop
Seat 8: Kallem28 folded on the Flop (didn't bet)
Seat 9: JugEars88 folded before Flop (didn't bet)



PokerStars Hand #237562437565:  Hold'em No Limit ($0.02/$0.05 USD) - 2022/07/24 13:06:33 PT [2022/07/24 16:06:33 ET]
Table 'Nyanza' 9-max Seat #5 is the button
Seat 1: dorjojo ($5 in chips) 
Seat 2: Dorex2007 ($8.70 in chips) 
Seat 3: 6tee ($2.09 in chips) 
Seat 4: eurosmile505 ($6.43 in chips) 
Seat 5: JonSnow124 ($4.50 in chips) 
Seat 6: polly727 ($3.15 in chips) 
Seat 7: StasPioneer ($5 in chips) 
Seat 8: Kallem28 ($4.95 in chips) 
Seat 9: JugEars88 ($5.13 in chips) 
polly727: posts small blind $0.02
StasPioneer: posts big blind $0.05
6tee: posts small & big blinds $0.07
*** HOLE CARDS ***
Dealt to Dorex2007 [Js 9h]
Kallem28: raises $0.15 to $0.20
JugEars88: folds 
dorjojo: folds 
Dorex2007: folds 
6tee: folds 
eurosmile505: folds 
JonSnow124: folds 
polly727: folds 
StasPioneer: folds 
Uncalled bet ($0.15) returned to Kallem28
Kallem28 collected $0.19 from pot
*** SUMMARY ***
Total pot $0.19 | Rake $0 
Seat 1: dorjojo folded before Flop (didn't bet)
Seat 2: Dorex2007 folded before Flop (didn't bet)
Seat 3: 6tee folded before Flop (didn't bet)
Seat 4: eurosmile505 folded before Flop (didn't bet)
Seat 5: JonSnow124 (button) folded before Flop (didn't bet)
Seat 6: polly727 (small blind) folded before Flop
Seat 7: StasPioneer (big blind) folded before Flop
Seat 8: Kallem28 collected ($0.19)
Seat 9: JugEars88 folded before Flop (didn't bet)



PokerStars Hand #237562452201:  Hold'em No Limit ($0.02/$0.05 USD) - 2022/07/24 13:07:03 PT [2022/07/24 16:07:03 ET]
Table 'Nyanza' 9-max Seat #6 is the button
Seat 1: dorjojo ($5 in chips) 
Seat 2: Dorex2007 ($8.70 in chips) 
Seat 3: 6tee ($2.02 in chips) 
Seat 4: eurosmile505 ($6.43 in chips) 
Seat 5: JonSnow124 ($4.50 in chips) 
Seat 6: polly727 ($3.13 in chips) 
Seat 7: StasPioneer ($4.95 in chips) 
Seat 8: Kallem28 ($5.09 in chips) 
Seat 9: JugEars88 ($5.13 in chips) 
StasPioneer: posts small blind $0.02
Kallem28: posts big blind $0.05
*** HOLE CARDS ***
Dealt to Dorex2007 [9h 2d]
JugEars88: folds 
dorjojo: folds 
Dorex2007: folds 
6tee: folds 
eurosmile505: folds 
JonSnow124: folds 
polly727 has timed out
polly727: folds 
StasPioneer: calls $0.03
Kallem28: checks 
*** FLOP *** [2h Tc Qh]
StasPioneer: checks 
Kallem28: checks 
*** TURN *** [2h Tc Qh] [Jh]
StasPioneer: checks 
Kallem28: bets $0.05
StasPioneer: calls $0.05
*** RIVER *** [2h Tc Qh Jh] [Kd]
StasPioneer: checks 
Kallem28: checks 
*** SHOW DOWN ***
StasPioneer: shows [3s Ts] (a pair of Tens)
Kallem28: shows [8h Jc] (a pair of Jacks)
Kallem28 collected $0.19 from pot
*** SUMMARY ***
Total pot $0.20 | Rake $0.01 
Board [2h Tc Qh Jh Kd]
Seat 1: dorjojo folded before Flop (didn't bet)
Seat 2: Dorex2007 folded before Flop (didn't bet)
Seat 3: 6tee folded before Flop (didn't bet)
Seat 4: eurosmile505 folded before Flop (didn't bet)
Seat 5: JonSnow124 folded before Flop (didn't bet)
Seat 6: polly727 (button) folded before Flop (didn't bet)
Seat 7: StasPioneer (small blind) showed [3s Ts] and lost with a pair of Tens
Seat 8: Kallem28 (big blind) showed [8h Jc] and won ($0.19) with a pair of Jacks
Seat 9: JugEars88 folded before Flop (didn't bet)



PokerStars Hand #237562477928:  Hold'em No Limit ($0.02/$0.05 USD) - 2022/07/24 13:07:56 PT [2022/07/24 16:07:56 ET]
Table 'Nyanza' 9-max Seat #7 is the button
Seat 1: dorjojo ($5 in chips) 
Seat 2: Dorex2007 ($8.70 in chips) 
Seat 3: 6tee ($2.02 in chips) 
Seat 4: eurosmile505 ($6.43 in chips) 
Seat 5: JonSnow124 ($4.50 in chips) 
Seat 6: polly727 ($3.13 in chips) 
Seat 7: StasPioneer ($4.85 in chips) 
Seat 8: Kallem28 ($5.18 in chips) 
Seat 9: JugEars88 ($5.13 in chips) 
Kallem28: posts small blind $0.02
JugEars88: posts big blind $0.05
*** HOLE CARDS ***
Dealt to Dorex2007 [4d 6c]
dorjojo: folds 
Dorex2007: folds 
6tee: folds 
eurosmile505: raises $0.07 to $0.12
JonSnow124: raises $0.23 to $0.35
polly727: folds 
StasPioneer: folds 
Kallem28: folds 
JugEars88: folds 
eurosmile505: folds 
Uncalled bet ($0.23) returned to JonSnow124
JonSnow124 collected $0.31 from pot
*** SUMMARY ***
Total pot $0.31 | Rake $0 
Seat 1: dorjojo folded before Flop (didn't bet)
Seat 2: Dorex2007 folded before Flop (didn't bet)
Seat 3: 6tee folded before Flop (didn't bet)
Seat 4: eurosmile505 folded before Flop
Seat 5: JonSnow124 collected ($0.31)
Seat 6: polly727 folded before Flop (didn't bet)
Seat 7: StasPioneer (button) folded before Flop (didn't bet)
Seat 8: Kallem28 (small blind) folded before Flop
Seat 9: JugEars88 (big blind) folded before Flop



PokerStars Hand #237562490244:  Hold'em No Limit ($0.02/$0.05 USD) - 2022/07/24 13:08:21 PT [2022/07/24 16:08:21 ET]
Table 'Nyanza' 9-max Seat #8 is the button
Seat 1: dorjojo ($5 in chips) 
Seat 2: Dorex2007 ($8.70 in chips) 
Seat 3: 6tee ($2.02 in chips) 
Seat 4: eurosmile505 ($6.31 in chips) 
Seat 5: JonSnow124 ($4.69 in chips) 
Seat 6: polly727 ($3.13 in chips) 
Seat 7: StasPioneer ($4.85 in chips) 
Seat 8: Kallem28 ($5.16 in chips) 
Seat 9: JugEars88 ($5.08 in chips) 
JugEars88: posts small blind $0.02
dorjojo: posts big blind $0.05
*** HOLE CARDS ***
Dealt to Dorex2007 [9d Kc]
Dorex2007: folds 
6tee: folds 
eurosmile505: folds 
JonSnow124: folds 
polly727: raises $0.10 to $0.15
StasPioneer: folds 
Kallem28: folds 
JugEars88: calls $0.13
dorjojo: folds 
*** FLOP *** [6c 5c 4s]
JugEars88: checks 
polly727: checks 
*** TURN *** [6c 5c 4s] [7c]
JugEars88: bets $0.17
polly727: folds 
Uncalled bet ($0.17) returned to JugEars88
JugEars88 collected $0.34 from pot
*** SUMMARY ***
Total pot $0.35 | Rake $0.01 
Board [6c 5c 4s 7c]
Seat 1: dorjojo (big blind) folded before Flop
Seat 2: Dorex2007 folded before Flop (didn't bet)
Seat 3: 6tee folded before Flop (didn't bet)
Seat 4: eurosmile505 folded before Flop (didn't bet)
Seat 5: JonSnow124 folded before Flop (didn't bet)
Seat 6: polly727 folded on the Turn
Seat 7: StasPioneer folded before Flop (didn't bet)
Seat 8: Kallem28 (button) folded before Flop (didn't bet)
Seat 9: JugEars88 (small blind) collected ($0.34)



PokerStars Hand #237562522758:  Hold'em No Limit ($0.02/$0.05 USD) - 2022/07/24 13:09:28 PT [2022/07/24 16:09:28 ET]
Table 'Nyanza' 9-max Seat #9 is the button
Seat 1: dorjojo ($5 in chips) 
Seat 2: Dorex2007 ($8.70 in chips) 
Seat 3: 6tee ($2.02 in chips) 
Seat 4: eurosmile505 ($6.31 in chips) 
Seat 5: JonSnow124 ($4.69 in chips) 
Seat 6: polly727 ($2.98 in chips) 
Seat 7: StasPioneer ($4.85 in chips) 
Seat 8: Kallem28 ($5.16 in chips) 
Seat 9: JugEars88 ($5.27 in chips) 
dorjojo: posts small blind $0.02
Dorex2007: posts big blind $0.05
*** HOLE CARDS ***
Dealt to Dorex2007 [2c Ks]
6tee: folds 
eurosmile505: folds 
JonSnow124: folds 
polly727: folds 
StasPioneer: folds 
Kallem28: folds 
JugEars88: folds 
dorjojo: raises $0.10 to $0.15
Dorex2007: folds 
Uncalled bet ($0.10) returned to dorjojo
dorjojo collected $0.10 from pot
*** SUMMARY ***
Total pot $0.10 | Rake $0 
Seat 1: dorjojo (small blind) collected ($0.10)
Seat 2: Dorex2007 (big blind) folded before Flop
Seat 3: 6tee folded before Flop (didn't bet)
Seat 4: eurosmile505 folded before Flop (didn't bet)
Seat 5: JonSnow124 folded before Flop (didn't bet)
Seat 6: polly727 folded before Flop (didn't bet)
Seat 7: StasPioneer folded before Flop (didn't bet)
Seat 8: Kallem28 folded before Flop (didn't bet)
Seat 9: JugEars88 (button) folded before Flop (didn't bet)



PokerStars Hand #237562536493:  Hold'em No Limit ($0.02/$0.05 USD) - 2022/07/24 13:09:56 PT [2022/07/24 16:09:56 ET]
Table 'Nyanza' 9-max Seat #1 is the button
Seat 1: dorjojo ($5.05 in chips) 
Seat 2: Dorex2007 ($8.65 in chips) 
Seat 3: 6tee ($2.02 in chips) 
Seat 4: eurosmile505 ($6.31 in chips) 
Seat 5: JonSnow124 ($4.69 in chips) 
Seat 6: polly727 ($2.98 in chips) 
Seat 7: StasPioneer ($4.85 in chips) 
Seat 8: Kallem28 ($5.16 in chips) 
Seat 9: JugEars88 ($5.27 in chips) 
Dorex2007: posts small blind $0.02
6tee: posts big blind $0.05
*** HOLE CARDS ***
Dealt to Dorex2007 [Js Jd]
eurosmile505: folds 
JonSnow124: folds 
polly727: folds 
StasPioneer: folds 
Kallem28: raises $0.10 to $0.15
JugEars88: folds 
dorjojo: folds 
Dorex2007: calls $0.13
6tee: folds 
*** FLOP *** [6h 8c 7c]
Dorex2007: bets $0.17
Kallem28: calls $0.17
*** TURN *** [6h 8c 7c] [Jh]
Dorex2007: bets $0.33
Kallem28: calls $0.33
*** RIVER *** [6h 8c 7c Jh] [Qc]
Dorex2007: bets $0.64
Kallem28: folds 
Uncalled bet ($0.64) returned to Dorex2007
Dorex2007 collected $1.29 from pot
*** SUMMARY ***
Total pot $1.35 | Rake $0.06 
Board [6h 8c 7c Jh Qc]
Seat 1: dorjojo (button) folded before Flop (didn't bet)
Seat 2: Dorex2007 (small blind) collected ($1.29)
Seat 3: 6tee (big blind) folded before Flop
Seat 4: eurosmile505 folded before Flop (didn't bet)
Seat 5: JonSnow124 folded before Flop (didn't bet)
Seat 6: polly727 folded before Flop (didn't bet)
Seat 7: StasPioneer folded before Flop (didn't bet)
Seat 8: Kallem28 folded on the River
Seat 9: JugEars88 folded before Flop (didn't bet)



PokerStars Hand #237562573418:  Hold'em No Limit ($0.02/$0.05 USD) - 2022/07/24 13:10:59 PT [2022/07/24 16:10:59 ET]
Table 'Nyanza' 9-max Seat #2 is the button
Seat 1: dorjojo ($5.05 in chips) 
Seat 2: Dorex2007 ($9.29 in chips) 
Seat 3: 6tee ($1.97 in chips) 
Seat 4: eurosmile505 ($6.31 in chips) 
Seat 5: JonSnow124 ($4.69 in chips) 
Seat 6: polly727 ($2.98 in chips) 
Seat 7: StasPioneer ($4.85 in chips) 
Seat 8: Kallem28 ($4.51 in chips) 
Seat 9: JugEars88 ($5.27 in chips) 
6tee: posts small blind $0.02
eurosmile505: posts big blind $0.05
*** HOLE CARDS ***
Dealt to Dorex2007 [2d Jd]
JonSnow124: folds 
polly727: raises $0.10 to $0.15
StasPioneer: folds 
Kallem28: folds 
JugEars88: folds 
dorjojo: folds 
Dorex2007: folds 
6tee: folds 
eurosmile505: calls $0.10
*** FLOP *** [3h Qh Kc]
eurosmile505: checks 
polly727: bets $0.09
eurosmile505: calls $0.09
*** TURN *** [3h Qh Kc] [3c]
eurosmile505: checks 
polly727: bets $0.36
eurosmile505: calls $0.36
*** RIVER *** [3h Qh Kc 3c] [4h]
eurosmile505: checks 
polly727: checks 
*** SHOW DOWN ***
eurosmile505: shows [Ts Ks] (two pair, Kings and Threes)
polly727: mucks hand 
eurosmile505 collected $1.17 from pot
*** SUMMARY ***
Total pot $1.22 | Rake $0.05 
Board [3h Qh Kc 3c 4h]
Seat 1: dorjojo folded before Flop (didn't bet)
Seat 2: Dorex2007 (button) folded before Flop (didn't bet)
Seat 3: 6tee (small blind) folded before Flop
Seat 4: eurosmile505 (big blind) showed [Ts Ks] and won ($1.17) with two pair, Kings and Threes
Seat 5: JonSnow124 folded before Flop (didn't bet)
Seat 6: polly727 mucked [Th Ac]
Seat 7: StasPioneer folded before Flop (didn't bet)
Seat 8: Kallem28 folded before Flop (didn't bet)
Seat 9: JugEars88 folded before Flop (didn't bet)



PokerStars Hand #237562604901:  Hold'em No Limit ($0.02/$0.05 USD) - 2022/07/24 13:11:54 PT [2022/07/24 16:11:54 ET]
Table 'Nyanza' 9-max Seat #3 is the button
Seat 1: dorjojo ($5.05 in chips) 
Seat 2: Dorex2007 ($9.29 in chips) 
Seat 3: 6tee ($1.95 in chips) 
Seat 4: eurosmile505 ($6.88 in chips) 
Seat 5: JonSnow124 ($4.69 in chips) 
Seat 6: polly727 ($2.38 in chips) 
Seat 7: StasPioneer ($4.85 in chips) 
Seat 8: Kallem28 ($4.51 in chips) 
Seat 9: JugEars88 ($5.27 in chips) 
eurosmile505: posts small blind $0.02
JonSnow124: posts big blind $0.05
*** HOLE CARDS ***
Dealt to Dorex2007 [Qh 5c]
polly727: folds 
StasPioneer: raises $0.10 to $0.15
Kallem28: raises $0.25 to $0.40
JugEars88: folds 
dorjojo: folds 
Dorex2007: folds 
6tee: folds 
eurosmile505: folds 
JonSnow124: folds 
StasPioneer: calls $0.25
*** FLOP *** [Th 5d 6d]
StasPioneer: checks 
Kallem28: bets $0.30
StasPioneer: raises $0.30 to $0.60
Kallem28: calls $0.30
*** TURN *** [Th 5d 6d] [6h]
StasPioneer: bets $0.99
Kallem28: calls $0.99
*** RIVER *** [Th 5d 6d 6h] [4c]
StasPioneer: bets $1.20
Kallem28: calls $1.20
*** SHOW DOWN ***
StasPioneer: shows [Tc Ac] (two pair, Tens and Sixes)
Kallem28: mucks hand 
StasPioneer collected $6.18 from pot
*** SUMMARY ***
Total pot $6.45 | Rake $0.27 
Board [Th 5d 6d 6h 4c]
Seat 1: dorjojo folded before Flop (didn't bet)
Seat 2: Dorex2007 folded before Flop (didn't bet)
Seat 3: 6tee (button) folded before Flop (didn't bet)
Seat 4: eurosmile505 (small blind) folded before Flop
Seat 5: JonSnow124 (big blind) folded before Flop
Seat 6: polly727 folded before Flop (didn't bet)
Seat 7: StasPioneer showed [Tc Ac] and won ($6.18) with two pair, Tens and Sixes
Seat 8: Kallem28 mucked [Ah Kh]
Seat 9: JugEars88 folded before Flop (didn't bet)



PokerStars Hand #237562636365:  Hold'em No Limit ($0.02/$0.05 USD) - 2022/07/24 13:12:58 PT [2022/07/24 16:12:58 ET]
Table 'Nyanza' 9-max Seat #4 is the button
Seat 1: dorjojo ($5.05 in chips) 
Seat 2: Dorex2007 ($9.29 in chips) 
Seat 3: 6tee ($1.95 in chips) 
Seat 4: eurosmile505 ($6.86 in chips) 
Seat 5: JonSnow124 ($4.64 in chips) 
Seat 6: polly727 ($2.38 in chips) 
Seat 7: StasPioneer ($7.84 in chips) 
Seat 8: Kallem28 ($1.32 in chips) 
Seat 9: JugEars88 ($5.27 in chips) 
JonSnow124: posts small blind $0.02
polly727: posts big blind $0.05
*** HOLE CARDS ***
Dealt to Dorex2007 [8c Th]
StasPioneer: folds 
Kallem28: raises $1.27 to $1.32 and is all-in
JugEars88 is connected 
JugEars88: folds 
dorjojo: folds 
Dorex2007: folds 
6tee: folds 
eurosmile505: folds 
JonSnow124: folds 
polly727: folds 
Uncalled bet ($1.27) returned to Kallem28
Kallem28 collected $0.12 from pot
*** SUMMARY ***
Total pot $0.12 | Rake $0 
Seat 1: dorjojo folded before Flop (didn't bet)
Seat 2: Dorex2007 folded before Flop (didn't bet)
Seat 3: 6tee folded before Flop (didn't bet)
Seat 4: eurosmile505 (button) folded before Flop (didn't bet)
Seat 5: JonSnow124 (small blind) folded before Flop
Seat 6: polly727 (big blind) folded before Flop
Seat 7: StasPioneer folded before Flop (didn't bet)
Seat 8: Kallem28 collected ($0.12)
Seat 9: JugEars88 folded before Flop (didn't bet)



PokerStars Hand #237562660069:  Hold'em No Limit ($0.02/$0.05 USD) - 2022/07/24 13:13:46 PT [2022/07/24 16:13:46 ET]
Table 'Nyanza' 9-max Seat #5 is the button
Seat 1: dorjojo ($5.05 in chips) 
Seat 2: Dorex2007 ($9.29 in chips) 
Seat 3: 6tee ($1.95 in chips) 
Seat 4: eurosmile505 ($6.86 in chips) 
Seat 5: JonSnow124 ($4.62 in chips) 
Seat 6: polly727 ($2.33 in chips) 
Seat 7: StasPioneer ($7.84 in chips) 
Seat 8: Kallem28 ($1.39 in chips) 
Seat 9: JugEars88 ($5.27 in chips) 
polly727: posts small blind $0.02
StasPioneer: posts big blind $0.05
*** HOLE CARDS ***
Dealt to Dorex2007 [Kc Td]
Kallem28: raises $1.34 to $1.39 and is all-in
JugEars88: folds 
dorjojo: folds 
Dorex2007: folds 
6tee: folds 
eurosmile505: folds 
JonSnow124: folds 
polly727: folds 
StasPioneer: folds 
Uncalled bet ($1.34) returned to Kallem28
Kallem28 collected $0.12 from pot
*** SUMMARY ***
Total pot $0.12 | Rake $0 
Seat 1: dorjojo folded before Flop (didn't bet)
Seat 2: Dorex2007 folded before Flop (didn't bet)
Seat 3: 6tee folded before Flop (didn't bet)
Seat 4: eurosmile505 folded before Flop (didn't bet)
Seat 5: JonSnow124 (button) folded before Flop (didn't bet)
Seat 6: polly727 (small blind) folded before Flop
Seat 7: StasPioneer (big blind) folded before Flop
Seat 8: Kallem28 collected ($0.12)
Seat 9: JugEars88 folded before Flop (didn't bet)



PokerStars Hand #237562672190:  Hold'em No Limit ($0.02/$0.05 USD) - 2022/07/24 13:14:11 PT [2022/07/24 16:14:11 ET]
Table 'Nyanza' 9-max Seat #6 is the button
Seat 1: dorjojo ($5.05 in chips) 
Seat 2: Dorex2007 ($9.29 in chips) 
Seat 3: 6tee ($1.95 in chips) 
Seat 4: eurosmile505 ($6.86 in chips) 
Seat 5: JonSnow124 ($4.62 in chips) 
Seat 6: polly727 ($2.31 in chips) 
Seat 7: StasPioneer ($7.79 in chips) 
Seat 8: Kallem28 ($1.46 in chips) 
Seat 9: JugEars88 ($5.27 in chips) 
StasPioneer: posts small blind $0.02
Kallem28: posts big blind $0.05
*** HOLE CARDS ***
Dealt to Dorex2007 [Jd Th]
JugEars88: folds 
dorjojo: folds 
Dorex2007: folds 
6tee: folds 
eurosmile505: folds 
JonSnow124: folds 
polly727: folds 
StasPioneer: raises $0.05 to $0.10
Kallem28: folds 
Uncalled bet ($0.05) returned to StasPioneer
StasPioneer collected $0.10 from pot
*** SUMMARY ***
Total pot $0.10 | Rake $0 
Seat 1: dorjojo folded before Flop (didn't bet)
Seat 2: Dorex2007 folded before Flop (didn't bet)
Seat 3: 6tee folded before Flop (didn't bet)
Seat 4: eurosmile505 folded before Flop (didn't bet)
Seat 5: JonSnow124 folded before Flop (didn't bet)
Seat 6: polly727 (button) folded before Flop (didn't bet)
Seat 7: StasPioneer (small blind) collected ($0.10)
Seat 8: Kallem28 (big blind) folded before Flop
Seat 9: JugEars88 folded before Flop (didn't bet)



PokerStars Hand #237562686896:  Hold'em No Limit ($0.02/$0.05 USD) - 2022/07/24 13:14:42 PT [2022/07/24 16:14:42 ET]
Table 'Nyanza' 9-max Seat #7 is the button
Seat 1: dorjojo ($5.05 in chips) 
Seat 2: Dorex2007 ($9.29 in chips) 
Seat 3: 6tee ($1.95 in chips) 
Seat 4: eurosmile505 ($6.86 in chips) 
Seat 5: JonSnow124 ($4.62 in chips) 
Seat 6: polly727 ($2.31 in chips) 
Seat 7: StasPioneer ($7.84 in chips) 
Seat 8: Kallem28 ($5 in chips) 
Seat 9: JugEars88 ($5.27 in chips) 
Kallem28: posts small blind $0.02
JugEars88: posts big blind $0.05
*** HOLE CARDS ***
Dealt to Dorex2007 [5h 3h]
dorjojo: folds 
Dorex2007: folds 
6tee: folds 
eurosmile505: folds 
JonSnow124: folds 
polly727: folds 
StasPioneer: folds 
Kallem28: folds 
Uncalled bet ($0.03) returned to JugEars88
JugEars88 collected $0.04 from pot
*** SUMMARY ***
Total pot $0.04 | Rake $0 
Seat 1: dorjojo folded before Flop (didn't bet)
Seat 2: Dorex2007 folded before Flop (didn't bet)
Seat 3: 6tee folded before Flop (didn't bet)
Seat 4: eurosmile505 folded before Flop (didn't bet)
Seat 5: JonSnow124 folded before Flop (didn't bet)
Seat 6: polly727 folded before Flop (didn't bet)
Seat 7: StasPioneer (button) folded before Flop (didn't bet)
Seat 8: Kallem28 (small blind) folded before Flop
Seat 9: JugEars88 (big blind) collected ($0.04)



PokerStars Hand #237562696694:  Hold'em No Limit ($0.02/$0.05 USD) - 2022/07/24 13:15:02 PT [2022/07/24 16:15:02 ET]
Table 'Nyanza' 9-max Seat #8 is the button
Seat 1: dorjojo ($5.05 in chips) 
Seat 2: Dorex2007 ($9.29 in chips) 
Seat 3: 6tee ($1.95 in chips) 
Seat 4: eurosmile505 ($6.86 in chips) 
Seat 5: JonSnow124 ($4.62 in chips) 
Seat 6: polly727 ($2.31 in chips) 
Seat 7: StasPioneer ($7.84 in chips) 
Seat 8: Kallem28 ($4.98 in chips) 
Seat 9: JugEars88 ($5.29 in chips) 
JugEars88: posts small blind $0.02
dorjojo: posts big blind $0.05
*** HOLE CARDS ***
Dealt to Dorex2007 [7h Qs]
Dorex2007: folds 
6tee: folds 
eurosmile505: folds 
JonSnow124: folds 
polly727: folds 
StasPioneer: folds 
Kallem28: raises $0.15 to $0.20
JugEars88: folds 
dorjojo: calls $0.15
*** FLOP *** [4s 2h Tc]
dorjojo: checks 
Kallem28: bets $0.13
dorjojo: calls $0.13
*** TURN *** [4s 2h Tc] [As]
dorjojo: checks 
Kallem28: bets $0.21
dorjojo: calls $0.21
*** RIVER *** [4s 2h Tc As] [3h]
dorjojo: checks 
Kallem28: checks 
*** SHOW DOWN ***
dorjojo: shows [6c Ac] (a pair of Aces)
Kallem28: shows [Ad Js] (a pair of Aces - Jack kicker)
Kallem28 collected $1.05 from pot
*** SUMMARY ***
Total pot $1.10 | Rake $0.05 
Board [4s 2h Tc As 3h]
Seat 1: dorjojo (big blind) showed [6c Ac] and lost with a pair of Aces
Seat 2: Dorex2007 folded before Flop (didn't bet)
Seat 3: 6tee folded before Flop (didn't bet)
Seat 4: eurosmile505 folded before Flop (didn't bet)
Seat 5: JonSnow124 folded before Flop (didn't bet)
Seat 6: polly727 folded before Flop (didn't bet)
Seat 7: StasPioneer folded before Flop (didn't bet)
Seat 8: Kallem28 (button) showed [Ad Js] and won ($1.05) with a pair of Aces
Seat 9: JugEars88 (small blind) folded before Flop



PokerStars Hand #237562730139:  Hold'em No Limit ($0.02/$0.05 USD) - 2022/07/24 13:16:09 PT [2022/07/24 16:16:09 ET]
Table 'Nyanza' 9-max Seat #9 is the button
Seat 1: dorjojo ($5 in chips) 
Seat 2: Dorex2007 ($9.29 in chips) 
Seat 3: 6tee ($1.95 in chips) 
Seat 4: eurosmile505 ($6.86 in chips) 
Seat 5: JonSnow124 ($4.62 in chips) 
Seat 6: polly727 ($2.31 in chips) 
Seat 7: StasPioneer ($7.84 in chips) 
Seat 8: Kallem28 ($5.49 in chips) 
Seat 9: JugEars88 ($5.27 in chips) 
dorjojo: posts small blind $0.02
Dorex2007: posts big blind $0.05
*** HOLE CARDS ***
Dealt to Dorex2007 [6s Js]
6tee: calls $0.05
eurosmile505: folds 
JonSnow124: folds 
polly727: folds 
StasPioneer: folds 
Kallem28: folds 
JugEars88: calls $0.05
dorjojo: folds 
Dorex2007: checks 
*** FLOP *** [6d 7c Qh]
Dorex2007: checks 
6tee: bets $0.16
JugEars88: folds 
Dorex2007: calls $0.16
*** TURN *** [6d 7c Qh] [3s]
Dorex2007: checks 
6tee: checks 
*** RIVER *** [6d 7c Qh 3s] [3d]
Dorex2007: bets $0.10
6tee: folds 
Uncalled bet ($0.10) returned to Dorex2007
Dorex2007 collected $0.47 from pot
*** SUMMARY ***
Total pot $0.49 | Rake $0.02 
Board [6d 7c Qh 3s 3d]
Seat 1: dorjojo (small blind) folded before Flop
Seat 2: Dorex2007 (big blind) collected ($0.47)
Seat 3: 6tee folded on the River
Seat 4: eurosmile505 folded before Flop (didn't bet)
Seat 5: JonSnow124 folded before Flop (didn't bet)
Seat 6: polly727 folded before Flop (didn't bet)
Seat 7: StasPioneer folded before Flop (didn't bet)
Seat 8: Kallem28 folded before Flop (didn't bet)
Seat 9: JugEars88 (button) folded on the Flop



PokerStars Hand #237562763126:  Hold'em No Limit ($0.02/$0.05 USD) - 2022/07/24 13:17:16 PT [2022/07/24 16:17:16 ET]
Table 'Nyanza' 9-max Seat #1 is the button
Seat 1: dorjojo ($5 in chips) 
Seat 2: Dorex2007 ($9.55 in chips) 
Seat 3: 6tee ($1.74 in chips) 
Seat 4: eurosmile505 ($6.86 in chips) 
Seat 5: JonSnow124 ($4.62 in chips) 
Seat 6: polly727 ($2.31 in chips) 
Seat 7: StasPioneer ($7.84 in chips) 
Seat 8: Kallem28 ($5.49 in chips) 
Seat 9: JugEars88 ($5.22 in chips) 
Dorex2007: posts small blind $0.02
6tee: posts big blind $0.05
*** HOLE CARDS ***
Dealt to Dorex2007 [2c Ad]
eurosmile505: folds 
JonSnow124: calls $0.05
polly727: folds 
StasPioneer: folds 
Kallem28: folds 
JugEars88: raises $0.10 to $0.15
dorjojo: folds 
Dorex2007: folds 
6tee: folds 
JonSnow124: folds 
Uncalled bet ($0.10) returned to JugEars88
JugEars88 collected $0.17 from pot
*** SUMMARY ***
Total pot $0.17 | Rake $0 
Seat 1: dorjojo (button) folded before Flop (didn't bet)
Seat 2: Dorex2007 (small blind) folded before Flop
Seat 3: 6tee (big blind) folded before Flop
Seat 4: eurosmile505 folded before Flop (didn't bet)
Seat 5: JonSnow124 folded before Flop
Seat 6: polly727 folded before Flop (didn't bet)
Seat 7: StasPioneer folded before Flop (didn't bet)
Seat 8: Kallem28 folded before Flop (didn't bet)
Seat 9: JugEars88 collected ($0.17)



PokerStars Hand #237562775858:  Hold'em No Limit ($0.02/$0.05 USD) - 2022/07/24 13:17:41 PT [2022/07/24 16:17:41 ET]
Table 'Nyanza' 9-max Seat #2 is the button
Seat 1: dorjojo ($5 in chips) 
Seat 2: Dorex2007 ($9.53 in chips) 
Seat 3: 6tee ($1.69 in chips) 
Seat 4: eurosmile505 ($6.86 in chips) 
Seat 5: JonSnow124 ($4.57 in chips) 
Seat 6: polly727 ($2.31 in chips) 
Seat 7: StasPioneer ($7.84 in chips) 
Seat 8: Kallem28 ($5.49 in chips) 
Seat 9: JugEars88 ($5.34 in chips) 
6tee: posts small blind $0.02
eurosmile505: posts big blind $0.05
*** HOLE CARDS ***
Dealt to Dorex2007 [5c 9s]
JonSnow124: raises $0.10 to $0.15
polly727: folds 
StasPioneer: folds 
Kallem28: folds 
JugEars88: calls $0.15
dorjojo: folds 
Dorex2007: folds 
6tee: folds 
eurosmile505: folds 
*** FLOP *** [Kd Td 3s]
JonSnow124: checks 
JugEars88: checks 
*** TURN *** [Kd Td 3s] [Jh]
JonSnow124: bets $0.17
JugEars88: folds 
Uncalled bet ($0.17) returned to JonSnow124
JonSnow124 collected $0.35 from pot
*** SUMMARY ***
Total pot $0.37 | Rake $0.02 
Board [Kd Td 3s Jh]
Seat 1: dorjojo folded before Flop (didn't bet)
Seat 2: Dorex2007 (button) folded before Flop (didn't bet)
Seat 3: 6tee (small blind) folded before Flop
Seat 4: eurosmile505 (big blind) folded before Flop
Seat 5: JonSnow124 collected ($0.35)
Seat 6: polly727 folded before Flop (didn't bet)
Seat 7: StasPioneer folded before Flop (didn't bet)
Seat 8: Kallem28 folded before Flop (didn't bet)
Seat 9: JugEars88 folded on the Turn



PokerStars Hand #237562797082:  Hold'em No Limit ($0.02/$0.05 USD) - 2022/07/24 13:18:24 PT [2022/07/24 16:18:24 ET]
Table 'Nyanza' 9-max Seat #3 is the button
Seat 1: dorjojo ($5 in chips) 
Seat 2: Dorex2007 ($9.53 in chips) 
Seat 3: 6tee ($1.67 in chips) 
Seat 4: eurosmile505 ($6.81 in chips) 
Seat 5: JonSnow124 ($4.77 in chips) 
Seat 6: polly727 ($2.31 in chips) 
Seat 7: StasPioneer ($7.84 in chips) 
Seat 8: Kallem28 ($5.49 in chips) 
Seat 9: JugEars88 ($5.19 in chips) 
eurosmile505: posts small blind $0.02
JonSnow124: posts big blind $0.05
*** HOLE CARDS ***
Dealt to Dorex2007 [Tc 8h]
polly727: folds 
StasPioneer: folds 
Kallem28: folds 
JugEars88: folds 
dorjojo: folds 
Dorex2007: folds 
6tee: raises $0.12 to $0.17
eurosmile505: folds 
JonSnow124: folds 
Uncalled bet ($0.12) returned to 6tee
6tee collected $0.12 from pot
*** SUMMARY ***
Total pot $0.12 | Rake $0 
Seat 1: dorjojo folded before Flop (didn't bet)
Seat 2: Dorex2007 folded before Flop (didn't bet)
Seat 3: 6tee (button) collected ($0.12)
Seat 4: eurosmile505 (small blind) folded before Flop
Seat 5: JonSnow124 (big blind) folded before Flop
Seat 6: polly727 folded before Flop (didn't bet)
Seat 7: StasPioneer folded before Flop (didn't bet)
Seat 8: Kallem28 folded before Flop (didn't bet)
Seat 9: JugEars88 folded before Flop (didn't bet)



PokerStars Hand #237562810390:  Hold'em No Limit ($0.02/$0.05 USD) - 2022/07/24 13:18:51 PT [2022/07/24 16:18:51 ET]
Table 'Nyanza' 9-max Seat #4 is the button
Seat 1: dorjojo ($5 in chips) 
Seat 2: Dorex2007 ($9.53 in chips) 
Seat 3: 6tee ($1.74 in chips) 
Seat 4: eurosmile505 ($6.79 in chips) 
Seat 5: JonSnow124 ($4.72 in chips) 
Seat 6: polly727 ($2.31 in chips) 
Seat 7: StasPioneer ($7.84 in chips) 
Seat 8: Kallem28 ($5.49 in chips) 
Seat 9: JugEars88 ($5.19 in chips) 
JonSnow124: posts small blind $0.02
polly727: posts big blind $0.05
*** HOLE CARDS ***
Dealt to Dorex2007 [Jc Kh]
StasPioneer: folds 
Kallem28: folds 
JugEars88: folds 
dorjojo: folds 
Dorex2007: calls $0.05
6tee: folds 
eurosmile505: folds 
JonSnow124: calls $0.03
polly727: checks 
*** FLOP *** [2s Td 3c]
JonSnow124: checks 
polly727: bets $0.07
Dorex2007: folds 
JonSnow124: folds 
Uncalled bet ($0.07) returned to polly727
polly727 collected $0.14 from pot
*** SUMMARY ***
Total pot $0.15 | Rake $0.01 
Board [2s Td 3c]
Seat 1: dorjojo folded before Flop (didn't bet)
Seat 2: Dorex2007 folded on the Flop
Seat 3: 6tee folded before Flop (didn't bet)
Seat 4: eurosmile505 (button) folded before Flop (didn't bet)
Seat 5: JonSnow124 (small blind) folded on the Flop
Seat 6: polly727 (big blind) collected ($0.14)
Seat 7: StasPioneer folded before Flop (didn't bet)
Seat 8: Kallem28 folded before Flop (didn't bet)
Seat 9: JugEars88 folded before Flop (didn't bet)



PokerStars Hand #237562829852:  Hold'em No Limit ($0.02/$0.05 USD) - 2022/07/24 13:19:30 PT [2022/07/24 16:19:30 ET]
Table 'Nyanza' 9-max Seat #5 is the button
Seat 1: dorjojo ($5 in chips) 
Seat 2: Dorex2007 ($9.48 in chips) 
Seat 3: 6tee ($1.74 in chips) 
Seat 4: eurosmile505 ($6.79 in chips) 
Seat 5: JonSnow124 ($4.67 in chips) 
Seat 6: polly727 ($2.40 in chips) 
Seat 7: StasPioneer ($7.84 in chips) 
Seat 8: Kallem28 ($5.49 in chips) 
Seat 9: JugEars88 ($5.19 in chips) 
polly727: posts small blind $0.02
StasPioneer: posts big blind $0.05
*** HOLE CARDS ***
Dealt to Dorex2007 [8c 7s]
Kallem28: folds 
JugEars88: raises $0.12 to $0.17
dorjojo: folds 
Dorex2007: folds 
6tee: folds 
eurosmile505: raises $0.34 to $0.51
JonSnow124: folds 
polly727: folds 
StasPioneer: calls $0.46
JugEars88: calls $0.34
*** FLOP *** [6d 9s 8h]
StasPioneer: checks 
JugEars88: checks 
eurosmile505: checks 
*** TURN *** [6d 9s 8h] [2d]
StasPioneer: checks 
JugEars88: checks 
eurosmile505: checks 
*** RIVER *** [6d 9s 8h 2d] [Tc]
StasPioneer: checks 
JugEars88: checks 
eurosmile505: checks 
*** SHOW DOWN ***
StasPioneer: shows [Qd Ac] (high card Ace)
JugEars88: shows [Ad Qc] (high card Ace)
eurosmile505: shows [As Kc] (high card Ace - King kicker)
eurosmile505 collected $1.49 from pot
*** SUMMARY ***
Total pot $1.55 | Rake $0.06 
Board [6d 9s 8h 2d Tc]
Seat 1: dorjojo folded before Flop (didn't bet)
Seat 2: Dorex2007 folded before Flop (didn't bet)
Seat 3: 6tee folded before Flop (didn't bet)
Seat 4: eurosmile505 showed [As Kc] and won ($1.49) with high card Ace
Seat 5: JonSnow124 (button) folded before Flop (didn't bet)
Seat 6: polly727 (small blind) folded before Flop
Seat 7: StasPioneer (big blind) showed [Qd Ac] and lost with high card Ace
Seat 8: Kallem28 folded before Flop (didn't bet)
Seat 9: JugEars88 showed [Ad Qc] and lost with high card Ace



