PokerStars Hand #232134739054:  Hold'em No Limit ($0.01/$0.02 USD) - 2021/12/11 11:44:47 PT [2021/12/11 14:44:47 ET]
Table 'Nereid III' 9-max Seat #7 is the button
Seat 2: naoking1974 ($3.49 in chips) 
Seat 3: BR00RB ($0.86 in chips) 
Seat 4: Roman.Leo75 ($1.75 in chips) 
Seat 5: ValeraBLR ($2.06 in chips) 
Seat 6: Dorex2007 ($2 in chips) 
Seat 7: bigkall150 ($3.32 in chips) 
Seat 8: jj8m ($2.95 in chips) 
Seat 9: coolfire10 ($1.20 in chips) 
jj8m: posts small blind $0.01
coolfire10: posts big blind $0.02
goddan666: sits out 
Dorex2007: posts big blind $0.02
*** HOLE CARDS ***
Dealt to Dorex2007 [6d Ah]
naoking1974: folds 
BR00RB: folds 
Roman.Leo75: folds 
ValeraBLR: raises $0.02 to $0.04
Dorex2007: calls $0.02
bigkall150: raises $0.08 to $0.12
jj8m: folds 
coolfire10: folds 
ValeraBLR: folds 
Dorex2007: folds 
Uncalled bet ($0.08) returned to bigkall150
bigkall150 collected $0.15 from pot
*** SUMMARY ***
Total pot $0.15 | Rake $0 
Seat 2: naoking1974 folded before Flop (didn't bet)
Seat 3: BR00RB folded before Flop (didn't bet)
Seat 4: Roman.Leo75 folded before Flop (didn't bet)
Seat 5: ValeraBLR folded before Flop
Seat 6: Dorex2007 folded before Flop
Seat 7: bigkall150 (button) collected ($0.15)
Seat 8: jj8m (small blind) folded before Flop
Seat 9: coolfire10 (big blind) folded before Flop



PokerStars Hand #232134755701:  Hold'em No Limit ($0.01/$0.02 USD) - 2021/12/11 11:45:19 PT [2021/12/11 14:45:19 ET]
Table 'Nereid III' 9-max Seat #8 is the button
Seat 1: goddan666 ($2 in chips) 
Seat 2: naoking1974 ($3.49 in chips) 
Seat 3: BR00RB ($0.86 in chips) 
Seat 4: Roman.Leo75 ($1.75 in chips) 
Seat 5: ValeraBLR ($2.02 in chips) 
Seat 6: Dorex2007 ($2 in chips) 
Seat 7: bigkall150 ($3.43 in chips) 
Seat 8: jj8m ($2.94 in chips) 
Seat 9: coolfire10 ($1.18 in chips) 
coolfire10: posts small blind $0.01
goddan666: posts big blind $0.02
*** HOLE CARDS ***
Dealt to Dorex2007 [Kd 5d]
naoking1974: folds 
BR00RB: calls $0.02
Roman.Leo75: folds 
ValeraBLR: folds 
Dorex2007: folds 
bigkall150: calls $0.02
jj8m: folds 
coolfire10: folds 
goddan666: checks 
*** FLOP *** [Ad Td 4d]
goddan666: checks 
BR00RB: bets $0.02
bigkall150: calls $0.02
goddan666: folds 
*** TURN *** [Ad Td 4d] [9d]
BR00RB: checks 
bigkall150: checks 
*** RIVER *** [Ad Td 4d 9d] [Qd]
BR00RB: bets $0.05
bigkall150: calls $0.05
*** SHOW DOWN ***
BR00RB: shows [Js Kc] (a flush, Ace high)
bigkall150: shows [8c Ac] (a flush, Ace high)
BR00RB collected $0.10 from pot
bigkall150 collected $0.10 from pot
*** SUMMARY ***
Total pot $0.21 | Rake $0.01 
Board [Ad Td 4d 9d Qd]
Seat 1: goddan666 (big blind) folded on the Flop
Seat 2: naoking1974 folded before Flop (didn't bet)
Seat 3: BR00RB showed [Js Kc] and won ($0.10) with a flush, Ace high
Seat 4: Roman.Leo75 folded before Flop (didn't bet)
Seat 5: ValeraBLR folded before Flop (didn't bet)
Seat 6: Dorex2007 folded before Flop (didn't bet)
Seat 7: bigkall150 showed [8c Ac] and won ($0.10) with a flush, Ace high
Seat 8: jj8m (button) folded before Flop (didn't bet)
Seat 9: coolfire10 (small blind) folded before Flop



PokerStars Hand #232134782933:  Hold'em No Limit ($0.01/$0.02 USD) - 2021/12/11 11:46:11 PT [2021/12/11 14:46:11 ET]
Table 'Nereid III' 9-max Seat #9 is the button
Seat 1: goddan666 ($2 in chips) 
Seat 2: naoking1974 ($3.49 in chips) 
Seat 3: BR00RB ($0.87 in chips) 
Seat 4: Roman.Leo75 ($1.75 in chips) 
Seat 5: ValeraBLR ($2.02 in chips) 
Seat 6: Dorex2007 ($2 in chips) 
Seat 7: bigkall150 ($3.44 in chips) 
Seat 8: jj8m ($2.94 in chips) 
Seat 9: coolfire10 ($1.17 in chips) 
goddan666: posts small blind $0.01
naoking1974: posts big blind $0.02
*** HOLE CARDS ***
Dealt to Dorex2007 [Jc Qc]
BR00RB: folds 
Roman.Leo75 has timed out
Roman.Leo75: folds 
ValeraBLR: raises $0.02 to $0.04
Dorex2007: calls $0.04
bigkall150: folds 
Roman.Leo75 leaves the table
jj8m has timed out
jj8m: folds 
coolfire10: folds 
goddan666: folds 
naoking1974: folds 
*** FLOP *** [Ts 9h 2h]
ValeraBLR: checks 
Dorex2007: bets $0.07
ValeraBLR: folds 
Uncalled bet ($0.07) returned to Dorex2007
Dorex2007 collected $0.11 from pot
Dorex2007: doesn't show hand 
*** SUMMARY ***
Total pot $0.11 | Rake $0 
Board [Ts 9h 2h]
Seat 1: goddan666 (small blind) folded before Flop
Seat 2: naoking1974 (big blind) folded before Flop
Seat 3: BR00RB folded before Flop (didn't bet)
Seat 4: Roman.Leo75 folded before Flop (didn't bet)
Seat 5: ValeraBLR folded on the Flop
Seat 6: Dorex2007 collected ($0.11)
Seat 7: bigkall150 folded before Flop (didn't bet)
Seat 8: jj8m folded before Flop (didn't bet)
Seat 9: coolfire10 (button) folded before Flop (didn't bet)



PokerStars Hand #232134811896:  Hold'em No Limit ($0.01/$0.02 USD) - 2021/12/11 11:47:06 PT [2021/12/11 14:47:06 ET]
Table 'Nereid III' 9-max Seat #1 is the button
Seat 1: goddan666 ($2 in chips) 
Seat 2: naoking1974 ($3.47 in chips) 
Seat 3: BR00RB ($0.87 in chips) 
Seat 5: ValeraBLR ($1.98 in chips) 
Seat 6: Dorex2007 ($2.07 in chips) 
Seat 7: bigkall150 ($3.44 in chips) 
Seat 8: jj8m ($2.94 in chips) 
Seat 9: coolfire10 ($1.17 in chips) 
naoking1974: posts small blind $0.01
Roman.Leo75 joins the table at seat #4 
BR00RB: posts big blind $0.02
*** HOLE CARDS ***
Dealt to Dorex2007 [Ks 9c]
ValeraBLR: folds 
Dorex2007: folds 
bigkall150: folds 
jj8m: folds 
coolfire10: folds 
goddan666: folds 
naoking1974: folds 
Uncalled bet ($0.01) returned to BR00RB
BR00RB collected $0.02 from pot
BR00RB: doesn't show hand 
*** SUMMARY ***
Total pot $0.02 | Rake $0 
Seat 1: goddan666 (button) folded before Flop (didn't bet)
Seat 2: naoking1974 (small blind) folded before Flop
Seat 3: BR00RB (big blind) collected ($0.02)
Seat 5: ValeraBLR folded before Flop (didn't bet)
Seat 6: Dorex2007 folded before Flop (didn't bet)
Seat 7: bigkall150 folded before Flop (didn't bet)
Seat 8: jj8m folded before Flop (didn't bet)
Seat 9: coolfire10 folded before Flop (didn't bet)



PokerStars Hand #232134818189:  Hold'em No Limit ($0.01/$0.02 USD) - 2021/12/11 11:47:17 PT [2021/12/11 14:47:17 ET]
Table 'Nereid III' 9-max Seat #2 is the button
Seat 1: goddan666 ($2 in chips) 
Seat 2: naoking1974 ($3.46 in chips) 
Seat 3: BR00RB ($0.88 in chips) 
Seat 4: Roman.Leo75 ($2 in chips) 
Seat 5: ValeraBLR ($1.98 in chips) 
Seat 6: Dorex2007 ($2.07 in chips) 
Seat 7: bigkall150 ($3.44 in chips) 
Seat 8: jj8m ($2.94 in chips) 
Seat 9: coolfire10 ($1.17 in chips) 
BR00RB: posts small blind $0.01
Roman.Leo75: posts big blind $0.02
*** HOLE CARDS ***
Dealt to Dorex2007 [Td Ah]
ValeraBLR: folds 
Dorex2007: folds 
bigkall150: folds 
jj8m: folds 
coolfire10: folds 
goddan666: folds 
naoking1974: folds 
BR00RB: folds 
Uncalled bet ($0.01) returned to Roman.Leo75
Roman.Leo75 collected $0.02 from pot
Roman.Leo75: doesn't show hand 
*** SUMMARY ***
Total pot $0.02 | Rake $0 
Seat 1: goddan666 folded before Flop (didn't bet)
Seat 2: naoking1974 (button) folded before Flop (didn't bet)
Seat 3: BR00RB (small blind) folded before Flop
Seat 4: Roman.Leo75 (big blind) collected ($0.02)
Seat 5: ValeraBLR folded before Flop (didn't bet)
Seat 6: Dorex2007 folded before Flop (didn't bet)
Seat 7: bigkall150 folded before Flop (didn't bet)
Seat 8: jj8m folded before Flop (didn't bet)
Seat 9: coolfire10 folded before Flop (didn't bet)



PokerStars Hand #232134827754:  Hold'em No Limit ($0.01/$0.02 USD) - 2021/12/11 11:47:35 PT [2021/12/11 14:47:35 ET]
Table 'Nereid III' 9-max Seat #3 is the button
Seat 1: goddan666 ($2 in chips) 
Seat 2: naoking1974 ($3.46 in chips) 
Seat 3: BR00RB ($0.87 in chips) 
Seat 4: Roman.Leo75 ($2.01 in chips) 
Seat 5: ValeraBLR ($1.98 in chips) 
Seat 6: Dorex2007 ($2.07 in chips) 
Seat 7: bigkall150 ($3.44 in chips) 
Seat 8: jj8m ($2.94 in chips) 
Seat 9: coolfire10 ($1.17 in chips) 
Roman.Leo75: posts small blind $0.01
ValeraBLR: posts big blind $0.02
*** HOLE CARDS ***
Dealt to Dorex2007 [Th 4c]
Dorex2007: folds 
bigkall150: folds 
jj8m: raises $0.05 to $0.07
coolfire10: folds 
goddan666: folds 
naoking1974: raises $0.11 to $0.18
BR00RB: folds 
Roman.Leo75: calls $0.17
ValeraBLR: folds 
jj8m: calls $0.11
*** FLOP *** [2s 6h Qd]
Roman.Leo75: checks 
jj8m: checks 
naoking1974: bets $0.27
Roman.Leo75: calls $0.27
jj8m: folds 
*** TURN *** [2s 6h Qd] [3s]
Roman.Leo75: checks 
naoking1974: checks 
*** RIVER *** [2s 6h Qd 3s] [Qc]
Roman.Leo75: checks 
naoking1974: checks 
*** SHOW DOWN ***
Roman.Leo75: shows [Jd Kd] (a pair of Queens)
naoking1974: shows [Jh Jc] (two pair, Queens and Jacks)
naoking1974 collected $1.06 from pot
*** SUMMARY ***
Total pot $1.10 | Rake $0.04 
Board [2s 6h Qd 3s Qc]
Seat 1: goddan666 folded before Flop (didn't bet)
Seat 2: naoking1974 showed [Jh Jc] and won ($1.06) with two pair, Queens and Jacks
Seat 3: BR00RB (button) folded before Flop (didn't bet)
Seat 4: Roman.Leo75 (small blind) showed [Jd Kd] and lost with a pair of Queens
Seat 5: ValeraBLR (big blind) folded before Flop
Seat 6: Dorex2007 folded before Flop (didn't bet)
Seat 7: bigkall150 folded before Flop (didn't bet)
Seat 8: jj8m folded on the Flop
Seat 9: coolfire10 folded before Flop (didn't bet)



PokerStars Hand #232134873942:  Hold'em No Limit ($0.01/$0.02 USD) - 2021/12/11 11:49:03 PT [2021/12/11 14:49:03 ET]
Table 'Nereid III' 9-max Seat #4 is the button
Seat 1: goddan666 ($2 in chips) 
Seat 2: naoking1974 ($4.07 in chips) 
Seat 3: BR00RB ($0.87 in chips) 
Seat 4: Roman.Leo75 ($1.56 in chips) 
Seat 5: ValeraBLR ($1.96 in chips) 
Seat 6: Dorex2007 ($2.07 in chips) 
Seat 7: bigkall150 ($3.44 in chips) 
Seat 8: jj8m ($2.76 in chips) 
Seat 9: coolfire10 ($1.17 in chips) 
ValeraBLR: posts small blind $0.01
Dorex2007: posts big blind $0.02
*** HOLE CARDS ***
Dealt to Dorex2007 [9c 7h]
bigkall150: folds 
jj8m: calls $0.02
coolfire10: folds 
goddan666: folds 
naoking1974: folds 
BR00RB: raises $0.02 to $0.04
Roman.Leo75: folds 
ValeraBLR: folds 
Dorex2007: folds 
jj8m: calls $0.02
*** FLOP *** [2s 6h 9h]
jj8m: bets $0.02
BR00RB: calls $0.02
*** TURN *** [2s 6h 9h] [2d]
jj8m: bets $0.02
BR00RB: calls $0.02
*** RIVER *** [2s 6h 9h 2d] [Kh]
jj8m: checks 
BR00RB: bets $0.79 and is all-in
jj8m: folds 
Uncalled bet ($0.79) returned to BR00RB
BR00RB collected $0.18 from pot
*** SUMMARY ***
Total pot $0.19 | Rake $0.01 
Board [2s 6h 9h 2d Kh]
Seat 1: goddan666 folded before Flop (didn't bet)
Seat 2: naoking1974 folded before Flop (didn't bet)
Seat 3: BR00RB collected ($0.18)
Seat 4: Roman.Leo75 (button) folded before Flop (didn't bet)
Seat 5: ValeraBLR (small blind) folded before Flop
Seat 6: Dorex2007 (big blind) folded before Flop
Seat 7: bigkall150 folded before Flop (didn't bet)
Seat 8: jj8m folded on the River
Seat 9: coolfire10 folded before Flop (didn't bet)



PokerStars Hand #232134905243:  Hold'em No Limit ($0.01/$0.02 USD) - 2021/12/11 11:50:03 PT [2021/12/11 14:50:03 ET]
Table 'Nereid III' 9-max Seat #5 is the button
Seat 1: goddan666 ($2 in chips) 
Seat 2: naoking1974 ($4.07 in chips) 
Seat 3: BR00RB ($0.97 in chips) 
Seat 4: Roman.Leo75 ($1.56 in chips) 
Seat 5: ValeraBLR ($1.95 in chips) 
Seat 6: Dorex2007 ($2.05 in chips) 
Seat 7: bigkall150 ($3.44 in chips) 
Seat 8: jj8m ($2.68 in chips) 
Seat 9: coolfire10 ($1.17 in chips) 
Dorex2007: posts small blind $0.01
bigkall150: posts big blind $0.02
*** HOLE CARDS ***
Dealt to Dorex2007 [9c 5d]
jj8m: folds 
coolfire10: folds 
goddan666: folds 
naoking1974: raises $0.05 to $0.07
BR00RB: calls $0.07
Roman.Leo75: folds 
ValeraBLR: folds 
Dorex2007: folds 
bigkall150: folds 
*** FLOP *** [8h 2d 6d]
naoking1974: checks 
BR00RB is disconnected 
BR00RB is connected 
BR00RB: bets $0.08
naoking1974: calls $0.08
*** TURN *** [8h 2d 6d] [3h]
naoking1974: checks 
BR00RB: bets $0.14
goddan666 leaves the table
naoking1974: folds 
Uncalled bet ($0.14) returned to BR00RB
BR00RB collected $0.32 from pot
BR00RB: doesn't show hand 
*** SUMMARY ***
Total pot $0.33 | Rake $0.01 
Board [8h 2d 6d 3h]
Seat 1: goddan666 folded before Flop (didn't bet)
Seat 2: naoking1974 folded on the Turn
Seat 3: BR00RB collected ($0.32)
Seat 4: Roman.Leo75 folded before Flop (didn't bet)
Seat 5: ValeraBLR (button) folded before Flop (didn't bet)
Seat 6: Dorex2007 (small blind) folded before Flop
Seat 7: bigkall150 (big blind) folded before Flop
Seat 8: jj8m folded before Flop (didn't bet)
Seat 9: coolfire10 folded before Flop (didn't bet)



PokerStars Hand #232134974864:  Hold'em No Limit ($0.01/$0.02 USD) - 2021/12/11 11:52:05 PT [2021/12/11 14:52:05 ET]
Table 'Nereid III' 9-max Seat #6 is the button
Seat 2: naoking1974 ($3.92 in chips) 
Seat 3: BR00RB ($1.14 in chips) 
Seat 4: Roman.Leo75 ($1.56 in chips) 
Seat 5: ValeraBLR ($1.95 in chips) 
Seat 6: Dorex2007 ($2.04 in chips) 
Seat 7: bigkall150 ($3.42 in chips) 
Seat 8: jj8m ($2.68 in chips) 
Seat 9: coolfire10 ($1.17 in chips) 
bigkall150: posts small blind $0.01
jj8m: posts big blind $0.02
*** HOLE CARDS ***
Dealt to Dorex2007 [6h Jc]
coolfire10 has timed out
coolfire10: folds 
naoking1974: folds 
BR00RB: calls $0.02
Roman.Leo75: calls $0.02
ValeraBLR: folds 
Dorex2007: folds 
bigkall150: folds 
jj8m: checks 
*** FLOP *** [5s Kh 9d]
jj8m: checks 
BR00RB: checks 
Roman.Leo75: checks 
*** TURN *** [5s Kh 9d] [4d]
jj8m: checks 
BR00RB: bets $0.04
Roman.Leo75: folds 
jj8m: calls $0.04
*** RIVER *** [5s Kh 9d 4d] [5h]
jj8m: checks 
BR00RB: checks 
*** SHOW DOWN ***
jj8m: shows [6d 3c] (a pair of Fives)
BR00RB: shows [7h 6c] (a pair of Fives - King+Nine+Seven kicker)
BR00RB collected $0.14 from pot
*** SUMMARY ***
Total pot $0.15 | Rake $0.01 
Board [5s Kh 9d 4d 5h]
Seat 2: naoking1974 folded before Flop (didn't bet)
Seat 3: BR00RB showed [7h 6c] and won ($0.14) with a pair of Fives
Seat 4: Roman.Leo75 folded on the Turn
Seat 5: ValeraBLR folded before Flop (didn't bet)
Seat 6: Dorex2007 (button) folded before Flop (didn't bet)
Seat 7: bigkall150 (small blind) folded before Flop
Seat 8: jj8m (big blind) showed [6d 3c] and lost with a pair of Fives
Seat 9: coolfire10 folded before Flop (didn't bet)



PokerStars Hand #232135016891:  Hold'em No Limit ($0.01/$0.02 USD) - 2021/12/11 11:53:25 PT [2021/12/11 14:53:25 ET]
Table 'Nereid III' 9-max Seat #7 is the button
Seat 2: naoking1974 ($3.92 in chips) 
Seat 3: BR00RB ($1.22 in chips) 
Seat 4: Roman.Leo75 ($1.54 in chips) 
Seat 5: ValeraBLR ($1.95 in chips) 
Seat 6: Dorex2007 ($2.04 in chips) 
Seat 7: bigkall150 ($3.41 in chips) 
Seat 8: jj8m ($2.62 in chips) 
Seat 9: coolfire10 ($1.17 in chips) 
jj8m: posts small blind $0.01
coolfire10: posts big blind $0.02
*** HOLE CARDS ***
Dealt to Dorex2007 [Kh 5c]
naoking1974 has timed out
naoking1974: folds 
BR00RB: folds 
Roman.Leo75: folds 
ValeraBLR: folds 
Dorex2007: folds 
bigkall150: folds 
jj8m: calls $0.01
coolfire10: checks 
*** FLOP *** [Jh 8d 3d]
jj8m: checks 
coolfire10: bets $0.02
jj8m: calls $0.02
*** TURN *** [Jh 8d 3d] [7s]
jj8m: checks 
coolfire10: checks 
*** RIVER *** [Jh 8d 3d 7s] [4d]
jj8m: checks 
coolfire10: checks 
*** SHOW DOWN ***
jj8m: shows [2c 3c] (a pair of Threes)
coolfire10: shows [8s 6c] (a pair of Eights)
coolfire10 collected $0.08 from pot
*** SUMMARY ***
Total pot $0.08 | Rake $0 
Board [Jh 8d 3d 7s 4d]
Seat 2: naoking1974 folded before Flop (didn't bet)
Seat 3: BR00RB folded before Flop (didn't bet)
Seat 4: Roman.Leo75 folded before Flop (didn't bet)
Seat 5: ValeraBLR folded before Flop (didn't bet)
Seat 6: Dorex2007 folded before Flop (didn't bet)
Seat 7: bigkall150 (button) folded before Flop (didn't bet)
Seat 8: jj8m (small blind) showed [2c 3c] and lost with a pair of Threes
Seat 9: coolfire10 (big blind) showed [8s 6c] and won ($0.08) with a pair of Eights



PokerStars Hand #232135048026:  Hold'em No Limit ($0.01/$0.02 USD) - 2021/12/11 11:54:23 PT [2021/12/11 14:54:23 ET]
Table 'Nereid III' 9-max Seat #8 is the button
Seat 2: naoking1974 ($3.92 in chips) 
Seat 3: BR00RB ($1.22 in chips) 
Seat 4: Roman.Leo75 ($1.54 in chips) 
Seat 5: ValeraBLR ($1.95 in chips) 
Seat 6: Dorex2007 ($2.04 in chips) 
Seat 7: bigkall150 ($3.41 in chips) 
Seat 8: jj8m ($2.58 in chips) 
Seat 9: coolfire10 ($1.21 in chips) 
coolfire10: posts small blind $0.01
naoking1974: posts big blind $0.02
*** HOLE CARDS ***
Dealt to Dorex2007 [Js 5h]
BR00RB: raises $0.02 to $0.04
Roman.Leo75: folds 
ValeraBLR: folds 
Dorex2007: folds 
bigkall150: folds 
jj8m: calls $0.04
coolfire10: folds 
naoking1974: folds 
*** FLOP *** [Kh Qd Ts]
BR00RB: bets $0.02
jj8m: raises $0.15 to $0.17
BR00RB: folds 
Uncalled bet ($0.15) returned to jj8m
jj8m collected $0.14 from pot
jj8m: doesn't show hand 
*** SUMMARY ***
Total pot $0.15 | Rake $0.01 
Board [Kh Qd Ts]
Seat 2: naoking1974 (big blind) folded before Flop
Seat 3: BR00RB folded on the Flop
Seat 4: Roman.Leo75 folded before Flop (didn't bet)
Seat 5: ValeraBLR folded before Flop (didn't bet)
Seat 6: Dorex2007 folded before Flop (didn't bet)
Seat 7: bigkall150 folded before Flop (didn't bet)
Seat 8: jj8m (button) collected ($0.14)
Seat 9: coolfire10 (small blind) folded before Flop



PokerStars Hand #232135067629:  Hold'em No Limit ($0.01/$0.02 USD) - 2021/12/11 11:55:00 PT [2021/12/11 14:55:00 ET]
Table 'Nereid III' 9-max Seat #9 is the button
Seat 2: naoking1974 ($3.90 in chips) 
Seat 3: BR00RB ($1.16 in chips) 
Seat 4: Roman.Leo75 ($1.54 in chips) 
Seat 5: ValeraBLR ($1.95 in chips) 
Seat 6: Dorex2007 ($2.04 in chips) 
Seat 7: bigkall150 ($3.41 in chips) 
Seat 8: jj8m ($2.66 in chips) 
Seat 9: coolfire10 ($1.20 in chips) 
naoking1974: posts small blind $0.01
BR00RB: posts big blind $0.02
*** HOLE CARDS ***
Dealt to Dorex2007 [7h 5c]
Roman.Leo75: folds 
ValeraBLR has timed out
ValeraBLR: folds 
Dorex2007: folds 
bigkall150: folds 
jj8m: folds 
coolfire10: folds 
naoking1974: folds 
Uncalled bet ($0.01) returned to BR00RB
BR00RB collected $0.02 from pot
BR00RB: doesn't show hand 
*** SUMMARY ***
Total pot $0.02 | Rake $0 
Seat 2: naoking1974 (small blind) folded before Flop
Seat 3: BR00RB (big blind) collected ($0.02)
Seat 4: Roman.Leo75 folded before Flop (didn't bet)
Seat 5: ValeraBLR folded before Flop (didn't bet)
Seat 6: Dorex2007 folded before Flop (didn't bet)
Seat 7: bigkall150 folded before Flop (didn't bet)
Seat 8: jj8m folded before Flop (didn't bet)
Seat 9: coolfire10 (button) folded before Flop (didn't bet)



PokerStars Hand #232135076541:  Hold'em No Limit ($0.01/$0.02 USD) - 2021/12/11 11:55:22 PT [2021/12/11 14:55:22 ET]
Table 'Nereid III' 9-max Seat #2 is the button
Seat 2: naoking1974 ($3.89 in chips) 
Seat 3: BR00RB ($1.17 in chips) 
Seat 4: Roman.Leo75 ($1.54 in chips) 
Seat 6: Dorex2007 ($2.04 in chips) 
Seat 7: bigkall150 ($3.41 in chips) 
Seat 8: jj8m ($2.66 in chips) 
Seat 9: coolfire10 ($1.20 in chips) 
BR00RB: posts small blind $0.01
Roman.Leo75: posts big blind $0.02
*** HOLE CARDS ***
Dealt to Dorex2007 [9c Ac]
Dorex2007: raises $0.02 to $0.04
bigkall150: folds 
jj8m: folds 
coolfire10: folds 
naoking1974: folds 
BR00RB: folds 
Roman.Leo75: folds 
Uncalled bet ($0.02) returned to Dorex2007
Dorex2007 collected $0.05 from pot
Dorex2007: doesn't show hand 
*** SUMMARY ***
Total pot $0.05 | Rake $0 
Seat 2: naoking1974 (button) folded before Flop (didn't bet)
Seat 3: BR00RB (small blind) folded before Flop
Seat 4: Roman.Leo75 (big blind) folded before Flop
Seat 6: Dorex2007 collected ($0.05)
Seat 7: bigkall150 folded before Flop (didn't bet)
Seat 8: jj8m folded before Flop (didn't bet)
Seat 9: coolfire10 folded before Flop (didn't bet)



PokerStars Hand #232135082262:  Hold'em No Limit ($0.01/$0.02 USD) - 2021/12/11 11:55:38 PT [2021/12/11 14:55:38 ET]
Table 'Nereid III' 9-max Seat #3 is the button
Seat 2: naoking1974 ($3.89 in chips) 
Seat 3: BR00RB ($1.16 in chips) 
Seat 4: Roman.Leo75 ($1.52 in chips) 
Seat 6: Dorex2007 ($2.07 in chips) 
Seat 7: bigkall150 ($3.41 in chips) 
Seat 8: jj8m ($2.66 in chips) 
Seat 9: coolfire10 ($1.20 in chips) 
Roman.Leo75: posts small blind $0.01
Dorex2007: posts big blind $0.02
*** HOLE CARDS ***
Dealt to Dorex2007 [7d 8d]
bigkall150: folds 
deeeg888 joins the table at seat #1 
jj8m: folds 
coolfire10: folds 
naoking1974: folds 
BR00RB: raises $0.02 to $0.04
Roman.Leo75: folds 
Dorex2007: calls $0.02
*** FLOP *** [7h Ac 5h]
Dorex2007: checks 
BR00RB: checks 
*** TURN *** [7h Ac 5h] [Ah]
Dorex2007: bets $0.05
BR00RB: calls $0.05
*** RIVER *** [7h Ac 5h Ah] [Jd]
Dorex2007: checks 
BR00RB: checks 
*** SHOW DOWN ***
Dorex2007: shows [7d 8d] (two pair, Aces and Sevens)
BR00RB: mucks hand 
Dorex2007 collected $0.18 from pot
*** SUMMARY ***
Total pot $0.19 | Rake $0.01 
Board [7h Ac 5h Ah Jd]
Seat 2: naoking1974 folded before Flop (didn't bet)
Seat 3: BR00RB (button) mucked [4c 4h]
Seat 4: Roman.Leo75 (small blind) folded before Flop
Seat 6: Dorex2007 (big blind) showed [7d 8d] and won ($0.18) with two pair, Aces and Sevens
Seat 7: bigkall150 folded before Flop (didn't bet)
Seat 8: jj8m folded before Flop (didn't bet)
Seat 9: coolfire10 folded before Flop (didn't bet)



PokerStars Hand #232135108425:  Hold'em No Limit ($0.01/$0.02 USD) - 2021/12/11 11:56:49 PT [2021/12/11 14:56:49 ET]
Table 'Nereid III' 9-max Seat #4 is the button
Seat 2: naoking1974 ($3.89 in chips) 
Seat 3: BR00RB ($1.07 in chips) 
Seat 4: Roman.Leo75 ($1.51 in chips) 
Seat 6: Dorex2007 ($2.16 in chips) 
Seat 7: bigkall150 ($3.41 in chips) 
Seat 8: jj8m ($2.66 in chips) 
Seat 9: coolfire10 ($1.20 in chips) 
Dorex2007: posts small blind $0.01
bigkall150: posts big blind $0.02
deeeg888: sits out 
*** HOLE CARDS ***
Dealt to Dorex2007 [7d 8d]
jj8m: folds 
coolfire10: folds 
naoking1974: calls $0.02
BR00RB: calls $0.02
Roman.Leo75: raises $0.08 to $0.10
Dorex2007: folds 
bigkall150: folds 
naoking1974: calls $0.08
BR00RB: folds 
*** FLOP *** [8h 6s 3s]
naoking1974: checks 
jj8m leaves the table
Roman.Leo75: bets $0.12
naoking1974: raises $0.22 to $0.34
Roman.Leo75: calls $0.22
*** TURN *** [8h 6s 3s] [4d]
naoking1974: bets $3.45 and is all-in
Roman.Leo75: calls $1.07 and is all-in
Uncalled bet ($2.38) returned to naoking1974
jgym joins the table at seat #8 
*** RIVER *** [8h 6s 3s 4d] [5c]
*** SHOW DOWN ***
naoking1974: shows [4h 5h] (two pair, Fives and Fours)
Roman.Leo75: shows [Kh Kc] (a pair of Kings)
naoking1974 collected $2.96 from pot
*** SUMMARY ***
Total pot $3.07 | Rake $0.11 
Board [8h 6s 3s 4d 5c]
Seat 2: naoking1974 showed [4h 5h] and won ($2.96) with two pair, Fives and Fours
Seat 3: BR00RB folded before Flop
Seat 4: Roman.Leo75 (button) showed [Kh Kc] and lost with a pair of Kings
Seat 6: Dorex2007 (small blind) folded before Flop
Seat 7: bigkall150 (big blind) folded before Flop
Seat 8: jj8m folded before Flop (didn't bet)
Seat 9: coolfire10 folded before Flop (didn't bet)



PokerStars Hand #232135162199:  Hold'em No Limit ($0.01/$0.02 USD) - 2021/12/11 11:58:47 PT [2021/12/11 14:58:47 ET]
Table 'Nereid III' 9-max Seat #6 is the button
Seat 2: naoking1974 ($5.34 in chips) 
Seat 3: BR00RB ($1.05 in chips) 
Seat 5: ValeraBLR ($1.95 in chips) 
Seat 6: Dorex2007 ($2.15 in chips) 
Seat 7: bigkall150 ($3.39 in chips) 
Seat 8: jgym ($2 in chips) 
Seat 9: coolfire10 ($1.20 in chips) 
bigkall150: posts small blind $0.01
jgym: posts big blind $0.02
deeeg888: sits out 
ValeraBLR: posts small & big blinds $0.03
*** HOLE CARDS ***
Dealt to Dorex2007 [5s 4c]
coolfire10: folds 
naoking1974: folds 
BR00RB: folds 
ValeraBLR: checks 
Dorex2007: folds 
bigkall150: folds 
jgym: raises $0.04 to $0.06
ValeraBLR: folds 
Uncalled bet ($0.04) returned to jgym
jgym collected $0.06 from pot
jgym: doesn't show hand 
*** SUMMARY ***
Total pot $0.06 | Rake $0 
Seat 2: naoking1974 folded before Flop (didn't bet)
Seat 3: BR00RB folded before Flop (didn't bet)
Seat 5: ValeraBLR folded before Flop (didn't bet)
Seat 6: Dorex2007 (button) folded before Flop (didn't bet)
Seat 7: bigkall150 (small blind) folded before Flop
Seat 8: jgym (big blind) collected ($0.06)
Seat 9: coolfire10 folded before Flop (didn't bet)



PokerStars Hand #232135175554:  Hold'em No Limit ($0.01/$0.02 USD) - 2021/12/11 11:59:22 PT [2021/12/11 14:59:22 ET]
Table 'Nereid III' 9-max Seat #7 is the button
Seat 2: naoking1974 ($5.34 in chips) 
Seat 3: BR00RB ($1.05 in chips) 
Seat 4: Roman.Leo75 ($2 in chips) 
Seat 5: ValeraBLR ($1.92 in chips) 
Seat 6: Dorex2007 ($2.15 in chips) 
Seat 7: bigkall150 ($3.38 in chips) 
Seat 8: jgym ($2.04 in chips) 
Seat 9: coolfire10 ($1.20 in chips) 
jgym: posts small blind $0.01
coolfire10: posts big blind $0.02
deeeg888: sits out 
*** HOLE CARDS ***
Dealt to Dorex2007 [6s 9h]
naoking1974: folds 
BR00RB: calls $0.02
Roman.Leo75: folds 
ValeraBLR: folds 
Dorex2007: folds 
bigkall150: raises $0.06 to $0.08
jgym: folds 
coolfire10: folds 
BR00RB: calls $0.06
*** FLOP *** [Ts 8c Th]
BR00RB: checks 
bigkall150: bets $0.10
BR00RB: folds 
Uncalled bet ($0.10) returned to bigkall150
bigkall150 collected $0.18 from pot
*** SUMMARY ***
Total pot $0.19 | Rake $0.01 
Board [Ts 8c Th]
Seat 2: naoking1974 folded before Flop (didn't bet)
Seat 3: BR00RB folded on the Flop
Seat 4: Roman.Leo75 folded before Flop (didn't bet)
Seat 5: ValeraBLR folded before Flop (didn't bet)
Seat 6: Dorex2007 folded before Flop (didn't bet)
Seat 7: bigkall150 (button) collected ($0.18)
Seat 8: jgym (small blind) folded before Flop
Seat 9: coolfire10 (big blind) folded before Flop



PokerStars Hand #232135194476:  Hold'em No Limit ($0.01/$0.02 USD) - 2021/12/11 12:00:13 PT [2021/12/11 15:00:13 ET]
Table 'Nereid III' 9-max Seat #8 is the button
Seat 1: deeeg888 ($0.80 in chips) 
Seat 2: naoking1974 ($5.34 in chips) 
Seat 3: BR00RB ($0.97 in chips) 
Seat 4: Roman.Leo75 ($2 in chips) 
Seat 5: ValeraBLR ($1.92 in chips) 
Seat 6: Dorex2007 ($2.15 in chips) 
Seat 7: bigkall150 ($3.48 in chips) 
Seat 8: jgym ($2.03 in chips) 
Seat 9: coolfire10 ($1.18 in chips) 
coolfire10: posts small blind $0.01
deeeg888: posts big blind $0.02
*** HOLE CARDS ***
Dealt to Dorex2007 [Td 4h]
naoking1974: folds 
BR00RB: folds 
Roman.Leo75: folds 
ValeraBLR: raises $0.02 to $0.04
Dorex2007: folds 
bigkall150: folds 
jgym: calls $0.04
coolfire10: raises $0.14 to $0.18
deeeg888: folds 
ValeraBLR: folds 
jgym: folds 
Uncalled bet ($0.14) returned to coolfire10
coolfire10 collected $0.14 from pot
coolfire10: doesn't show hand 
*** SUMMARY ***
Total pot $0.14 | Rake $0 
Seat 1: deeeg888 (big blind) folded before Flop
Seat 2: naoking1974 folded before Flop (didn't bet)
Seat 3: BR00RB folded before Flop (didn't bet)
Seat 4: Roman.Leo75 folded before Flop (didn't bet)
Seat 5: ValeraBLR folded before Flop
Seat 6: Dorex2007 folded before Flop (didn't bet)
Seat 7: bigkall150 folded before Flop (didn't bet)
Seat 8: jgym (button) folded before Flop
Seat 9: coolfire10 (small blind) collected ($0.14)



PokerStars Hand #232135206317:  Hold'em No Limit ($0.01/$0.02 USD) - 2021/12/11 12:00:42 PT [2021/12/11 15:00:42 ET]
Table 'Nereid III' 9-max Seat #9 is the button
Seat 1: deeeg888 ($0.78 in chips) 
Seat 2: naoking1974 ($5.34 in chips) 
Seat 3: BR00RB ($0.97 in chips) 
Seat 4: Roman.Leo75 ($2 in chips) 
Seat 5: ValeraBLR ($1.88 in chips) 
Seat 6: Dorex2007 ($2.15 in chips) 
Seat 7: bigkall150 ($3.48 in chips) 
Seat 8: jgym ($2 in chips) 
Seat 9: coolfire10 ($1.28 in chips) 
deeeg888: posts small blind $0.01
naoking1974: posts big blind $0.02
*** HOLE CARDS ***
Dealt to Dorex2007 [Qs Jh]
BR00RB: folds 
Roman.Leo75: folds 
ValeraBLR: raises $0.02 to $0.04
Dorex2007: folds 
bigkall150: folds 
jgym: calls $0.04
coolfire10: folds 
deeeg888: calls $0.03
naoking1974: folds 
*** FLOP *** [9s Kd 2d]
deeeg888: checks 
ValeraBLR: checks 
jgym: checks 
*** TURN *** [9s Kd 2d] [7h]
deeeg888: checks 
ValeraBLR: checks 
jgym: bets $0.06
deeeg888: folds 
ValeraBLR: folds 
Uncalled bet ($0.06) returned to jgym
jgym collected $0.14 from pot
jgym: doesn't show hand 
*** SUMMARY ***
Total pot $0.14 | Rake $0 
Board [9s Kd 2d 7h]
Seat 1: deeeg888 (small blind) folded on the Turn
Seat 2: naoking1974 (big blind) folded before Flop
Seat 3: BR00RB folded before Flop (didn't bet)
Seat 4: Roman.Leo75 folded before Flop (didn't bet)
Seat 5: ValeraBLR folded on the Turn
Seat 6: Dorex2007 folded before Flop (didn't bet)
Seat 7: bigkall150 folded before Flop (didn't bet)
Seat 8: jgym collected ($0.14)
Seat 9: coolfire10 (button) folded before Flop (didn't bet)



PokerStars Hand #232135258111:  Hold'em No Limit ($0.01/$0.02 USD) - 2021/12/11 12:02:22 PT [2021/12/11 15:02:22 ET]
Table 'Nereid III' 9-max Seat #1 is the button
Seat 1: deeeg888 ($0.74 in chips) 
Seat 2: naoking1974 ($5.32 in chips) 
Seat 4: Roman.Leo75 ($2 in chips) 
Seat 5: ValeraBLR ($1.84 in chips) 
Seat 6: Dorex2007 ($2.15 in chips) 
Seat 7: bigkall150 ($3.48 in chips) 
Seat 8: jgym ($2.10 in chips) 
Seat 9: coolfire10 ($1.28 in chips) 
naoking1974: posts small blind $0.01
BR00RB has timed out
BR00RB: is sitting out 
Roman.Leo75: posts big blind $0.02
*** HOLE CARDS ***
Dealt to Dorex2007 [Qd Ad]
BR00RB is disconnected 
ValeraBLR has timed out
ValeraBLR: folds 
Dorex2007: raises $0.02 to $0.04
bigkall150: folds 
jgym: folds 
coolfire10: folds 
deeeg888: calls $0.04
naoking1974: calls $0.03
Roman.Leo75: calls $0.02
*** FLOP *** [9c 8d 5h]
naoking1974: bets $0.07
Roman.Leo75: folds 
Dorex2007: folds 
deeeg888: folds 
Uncalled bet ($0.07) returned to naoking1974
naoking1974 collected $0.15 from pot
naoking1974: doesn't show hand 
*** SUMMARY ***
Total pot $0.16 | Rake $0.01 
Board [9c 8d 5h]
Seat 1: deeeg888 (button) folded on the Flop
Seat 2: naoking1974 (small blind) collected ($0.15)
Seat 4: Roman.Leo75 (big blind) folded on the Flop
Seat 5: ValeraBLR folded before Flop (didn't bet)
Seat 6: Dorex2007 folded on the Flop
Seat 7: bigkall150 folded before Flop (didn't bet)
Seat 8: jgym folded before Flop (didn't bet)
Seat 9: coolfire10 folded before Flop (didn't bet)



PokerStars Hand #232135286009:  Hold'em No Limit ($0.01/$0.02 USD) - 2021/12/11 12:03:17 PT [2021/12/11 15:03:17 ET]
Table 'Nereid III' 9-max Seat #2 is the button
Seat 1: deeeg888 ($0.70 in chips) 
Seat 2: naoking1974 ($5.43 in chips) 
Seat 4: Roman.Leo75 ($1.96 in chips) 
Seat 5: ValeraBLR ($1.84 in chips) 
Seat 6: Dorex2007 ($2.11 in chips) 
Seat 7: bigkall150 ($3.48 in chips) 
Seat 8: jgym ($2.10 in chips) 
Seat 9: coolfire10 ($1.28 in chips) 
Roman.Leo75: posts small blind $0.01
ValeraBLR: posts big blind $0.02
*** HOLE CARDS ***
Dealt to Dorex2007 [Ah Kc]
Dorex2007: raises $0.04 to $0.06
bigkall150: folds 
jgym: folds 
coolfire10: folds 
deeeg888: folds 
naoking1974: folds 
Roman.Leo75: folds 
ValeraBLR: folds 
Uncalled bet ($0.04) returned to Dorex2007
Dorex2007 collected $0.05 from pot
Dorex2007: doesn't show hand 
*** SUMMARY ***
Total pot $0.05 | Rake $0 
Seat 1: deeeg888 folded before Flop (didn't bet)
Seat 2: naoking1974 (button) folded before Flop (didn't bet)
Seat 4: Roman.Leo75 (small blind) folded before Flop
Seat 5: ValeraBLR (big blind) folded before Flop
Seat 6: Dorex2007 collected ($0.05)
Seat 7: bigkall150 folded before Flop (didn't bet)
Seat 8: jgym folded before Flop (didn't bet)
Seat 9: coolfire10 folded before Flop (didn't bet)



PokerStars Hand #232135299358:  Hold'em No Limit ($0.01/$0.02 USD) - 2021/12/11 12:03:42 PT [2021/12/11 15:03:42 ET]
Table 'Nereid III' 9-max Seat #4 is the button
Seat 1: deeeg888 ($0.70 in chips) 
Seat 2: naoking1974 ($5.43 in chips) 
Seat 3: BR00RB ($0.97 in chips) 
Seat 4: Roman.Leo75 ($1.95 in chips) 
Seat 5: ValeraBLR ($1.82 in chips) 
Seat 6: Dorex2007 ($2.14 in chips) 
Seat 7: bigkall150 ($3.48 in chips) 
Seat 8: jgym ($2.10 in chips) 
Seat 9: coolfire10 ($1.28 in chips) 
ValeraBLR: posts small blind $0.01
Dorex2007: posts big blind $0.02
BR00RB: posts small & big blinds $0.03
*** HOLE CARDS ***
Dealt to Dorex2007 [4h 3s]
bigkall150: folds 
jgym: raises $0.04 to $0.06
coolfire10: folds 
deeeg888: folds 
naoking1974: folds 
BR00RB: folds 
Roman.Leo75: folds 
ValeraBLR: folds 
Dorex2007: folds 
Uncalled bet ($0.04) returned to jgym
jgym collected $0.08 from pot
jgym: doesn't show hand 
*** SUMMARY ***
Total pot $0.08 | Rake $0 
Seat 1: deeeg888 folded before Flop (didn't bet)
Seat 2: naoking1974 folded before Flop (didn't bet)
Seat 3: BR00RB folded before Flop (didn't bet)
Seat 4: Roman.Leo75 (button) folded before Flop (didn't bet)
Seat 5: ValeraBLR (small blind) folded before Flop
Seat 6: Dorex2007 (big blind) folded before Flop
Seat 7: bigkall150 folded before Flop (didn't bet)
Seat 8: jgym collected ($0.08)
Seat 9: coolfire10 folded before Flop (didn't bet)



PokerStars Hand #232135309410:  Hold'em No Limit ($0.01/$0.02 USD) - 2021/12/11 12:04:01 PT [2021/12/11 15:04:01 ET]
Table 'Nereid III' 9-max Seat #5 is the button
Seat 1: deeeg888 ($0.70 in chips) 
Seat 2: naoking1974 ($5.43 in chips) 
Seat 3: BR00RB ($0.94 in chips) 
Seat 4: Roman.Leo75 ($1.95 in chips) 
Seat 5: ValeraBLR ($1.81 in chips) 
Seat 6: Dorex2007 ($2.12 in chips) 
Seat 7: bigkall150 ($3.48 in chips) 
Seat 8: jgym ($2.16 in chips) 
Seat 9: coolfire10 ($1.28 in chips) 
Dorex2007: posts small blind $0.01
bigkall150: posts big blind $0.02
*** HOLE CARDS ***
Dealt to Dorex2007 [3d 7s]
jgym: calls $0.02
coolfire10: folds 
deeeg888: calls $0.02
naoking1974: folds 
BR00RB: folds 
Roman.Leo75: folds 
ValeraBLR: raises $0.04 to $0.06
Dorex2007: folds 
bigkall150: calls $0.04
jgym: calls $0.04
deeeg888: calls $0.04
*** FLOP *** [7h Kd 5d]
bigkall150: checks 
jgym: bets $0.06
deeeg888: folds 
ValeraBLR: folds 
bigkall150: calls $0.06
*** TURN *** [7h Kd 5d] [Tc]
bigkall150: checks 
jgym: checks 
*** RIVER *** [7h Kd 5d Tc] [8s]
bigkall150: bets $0.18
jgym: folds 
Uncalled bet ($0.18) returned to bigkall150
bigkall150 collected $0.36 from pot
*** SUMMARY ***
Total pot $0.37 | Rake $0.01 
Board [7h Kd 5d Tc 8s]
Seat 1: deeeg888 folded on the Flop
Seat 2: naoking1974 folded before Flop (didn't bet)
Seat 3: BR00RB folded before Flop (didn't bet)
Seat 4: Roman.Leo75 folded before Flop (didn't bet)
Seat 5: ValeraBLR (button) folded on the Flop
Seat 6: Dorex2007 (small blind) folded before Flop
Seat 7: bigkall150 (big blind) collected ($0.36)
Seat 8: jgym folded on the River
Seat 9: coolfire10 folded before Flop (didn't bet)



PokerStars Hand #232135346313:  Hold'em No Limit ($0.01/$0.02 USD) - 2021/12/11 12:05:11 PT [2021/12/11 15:05:11 ET]
Table 'Nereid III' 9-max Seat #6 is the button
Seat 1: deeeg888 ($0.64 in chips) 
Seat 2: naoking1974 ($5.43 in chips) 
Seat 3: BR00RB ($0.94 in chips) 
Seat 4: Roman.Leo75 ($1.95 in chips) 
Seat 5: ValeraBLR ($1.75 in chips) 
Seat 6: Dorex2007 ($2.11 in chips) 
Seat 7: bigkall150 ($3.72 in chips) 
Seat 8: jgym ($2.04 in chips) 
Seat 9: coolfire10 ($1.28 in chips) 
bigkall150: posts small blind $0.01
jgym: posts big blind $0.02
*** HOLE CARDS ***
Dealt to Dorex2007 [4s 6s]
coolfire10: folds 
deeeg888: folds 
naoking1974: folds 
BR00RB: calls $0.02
Roman.Leo75: folds 
ValeraBLR: folds 
Dorex2007: folds 
bigkall150: folds 
jgym: raises $0.04 to $0.06
BR00RB: calls $0.04
*** FLOP *** [8h Ts 7c]
jgym: bets $0.06
BR00RB: calls $0.06
*** TURN *** [8h Ts 7c] [4h]
jgym: checks 
BR00RB: bets $0.08
jgym: calls $0.08
*** RIVER *** [8h Ts 7c 4h] [4c]
jgym: checks 
BR00RB: bets $0.12
jgym: folds 
Uncalled bet ($0.12) returned to BR00RB
BR00RB collected $0.40 from pot
BR00RB: doesn't show hand 
*** SUMMARY ***
Total pot $0.41 | Rake $0.01 
Board [8h Ts 7c 4h 4c]
Seat 1: deeeg888 folded before Flop (didn't bet)
Seat 2: naoking1974 folded before Flop (didn't bet)
Seat 3: BR00RB collected ($0.40)
Seat 4: Roman.Leo75 folded before Flop (didn't bet)
Seat 5: ValeraBLR folded before Flop (didn't bet)
Seat 6: Dorex2007 (button) folded before Flop (didn't bet)
Seat 7: bigkall150 (small blind) folded before Flop
Seat 8: jgym (big blind) folded on the River
Seat 9: coolfire10 folded before Flop (didn't bet)



PokerStars Hand #232135462430:  Hold'em No Limit ($0.01/$0.02 USD) - 2021/12/11 12:08:44 PT [2021/12/11 15:08:44 ET]
Table 'Nereid III' 9-max Seat #8 is the button
Seat 1: deeeg888 ($0.64 in chips) 
Seat 2: naoking1974 ($5.43 in chips) 
Seat 3: BR00RB ($1.14 in chips) 
Seat 4: Roman.Leo75 ($1.91 in chips) 
Seat 5: ValeraBLR ($1.75 in chips) 
Seat 6: Dorex2007 ($2.11 in chips) 
Seat 7: bigkall150 ($3.89 in chips) 
Seat 8: jgym ($2 in chips) 
Seat 9: coolfire10 ($1.14 in chips) 
coolfire10: posts small blind $0.01
deeeg888: posts big blind $0.02
*** HOLE CARDS ***
Dealt to Dorex2007 [4h Kc]
naoking1974: folds 
BR00RB: folds 
Roman.Leo75: folds 
ValeraBLR: folds 
Dorex2007: folds 
bigkall150: folds 
jgym: calls $0.02
coolfire10: folds 
deeeg888: checks 
*** FLOP *** [8s Qd 7h]
deeeg888: checks 
jgym: bets $0.04
deeeg888: calls $0.04
*** TURN *** [8s Qd 7h] [8c]
deeeg888: checks 
jgym: bets $0.08
deeeg888: folds 
Uncalled bet ($0.08) returned to jgym
jgym collected $0.13 from pot
jgym: doesn't show hand 
*** SUMMARY ***
Total pot $0.13 | Rake $0 
Board [8s Qd 7h 8c]
Seat 1: deeeg888 (big blind) folded on the Turn
Seat 2: naoking1974 folded before Flop (didn't bet)
Seat 3: BR00RB folded before Flop (didn't bet)
Seat 4: Roman.Leo75 folded before Flop (didn't bet)
Seat 5: ValeraBLR folded before Flop (didn't bet)
Seat 6: Dorex2007 folded before Flop (didn't bet)
Seat 7: bigkall150 folded before Flop (didn't bet)
Seat 8: jgym (button) collected ($0.13)
Seat 9: coolfire10 (small blind) folded before Flop



PokerStars Hand #232135492837:  Hold'em No Limit ($0.01/$0.02 USD) - 2021/12/11 12:09:34 PT [2021/12/11 15:09:34 ET]
Table 'Nereid III' 9-max Seat #9 is the button
Seat 1: deeeg888 ($0.58 in chips) 
Seat 2: naoking1974 ($5.43 in chips) 
Seat 3: BR00RB ($1.14 in chips) 
Seat 4: Roman.Leo75 ($1.91 in chips) 
Seat 5: ValeraBLR ($1.75 in chips) 
Seat 6: Dorex2007 ($2.11 in chips) 
Seat 7: bigkall150 ($3.89 in chips) 
Seat 8: jgym ($2.07 in chips) 
Seat 9: coolfire10 ($1.13 in chips) 
deeeg888: posts small blind $0.01
naoking1974: posts big blind $0.02
*** HOLE CARDS ***
Dealt to Dorex2007 [Jd 5s]
BR00RB: folds 
Roman.Leo75: raises $0.04 to $0.06
ValeraBLR: folds 
Dorex2007: folds 
bigkall150: calls $0.06
jgym: folds 
coolfire10: folds 
deeeg888: folds 
naoking1974: folds 
*** FLOP *** [Jc 2s 8d]
Roman.Leo75: checks 
bigkall150: checks 
*** TURN *** [Jc 2s 8d] [5h]
Roman.Leo75: checks 
bigkall150: bets $0.06
Roman.Leo75: calls $0.06
*** RIVER *** [Jc 2s 8d 5h] [Tc]
Roman.Leo75: bets $0.14
bigkall150: calls $0.14
*** SHOW DOWN ***
Roman.Leo75: shows [9d Qd] (a straight, Eight to Queen)
bigkall150: mucks hand 
Roman.Leo75 collected $0.53 from pot
*** SUMMARY ***
Total pot $0.55 | Rake $0.02 
Board [Jc 2s 8d 5h Tc]
Seat 1: deeeg888 (small blind) folded before Flop
Seat 2: naoking1974 (big blind) folded before Flop
Seat 3: BR00RB folded before Flop (didn't bet)
Seat 4: Roman.Leo75 showed [9d Qd] and won ($0.53) with a straight, Eight to Queen
Seat 5: ValeraBLR folded before Flop (didn't bet)
Seat 6: Dorex2007 folded before Flop (didn't bet)
Seat 7: bigkall150 mucked [8h Ad]
Seat 8: jgym folded before Flop (didn't bet)
Seat 9: coolfire10 (button) folded before Flop (didn't bet)



PokerStars Hand #232135528431:  Hold'em No Limit ($0.01/$0.02 USD) - 2021/12/11 12:10:39 PT [2021/12/11 15:10:39 ET]
Table 'Nereid III' 9-max Seat #1 is the button
Seat 1: deeeg888 ($0.57 in chips) 
Seat 2: naoking1974 ($5.41 in chips) 
Seat 3: BR00RB ($1.14 in chips) 
Seat 4: Roman.Leo75 ($2.18 in chips) 
Seat 5: ValeraBLR ($1.75 in chips) 
Seat 6: Dorex2007 ($2.11 in chips) 
Seat 7: bigkall150 ($3.63 in chips) 
Seat 8: jgym ($2.07 in chips) 
Seat 9: coolfire10 ($1.13 in chips) 
naoking1974: posts small blind $0.01
BR00RB: posts big blind $0.02
*** HOLE CARDS ***
Dealt to Dorex2007 [5c 4c]
Roman.Leo75: folds 
ValeraBLR: folds 
Dorex2007: folds 
bigkall150: folds 
jgym: folds 
coolfire10: folds 
deeeg888: folds 
naoking1974: raises $0.04 to $0.06
BR00RB: folds 
Uncalled bet ($0.04) returned to naoking1974
naoking1974 collected $0.04 from pot
naoking1974: doesn't show hand 
*** SUMMARY ***
Total pot $0.04 | Rake $0 
Seat 1: deeeg888 (button) folded before Flop (didn't bet)
Seat 2: naoking1974 (small blind) collected ($0.04)
Seat 3: BR00RB (big blind) folded before Flop
Seat 4: Roman.Leo75 folded before Flop (didn't bet)
Seat 5: ValeraBLR folded before Flop (didn't bet)
Seat 6: Dorex2007 folded before Flop (didn't bet)
Seat 7: bigkall150 folded before Flop (didn't bet)
Seat 8: jgym folded before Flop (didn't bet)
Seat 9: coolfire10 folded before Flop (didn't bet)



PokerStars Hand #232135546821:  Hold'em No Limit ($0.01/$0.02 USD) - 2021/12/11 12:11:13 PT [2021/12/11 15:11:13 ET]
Table 'Nereid III' 9-max Seat #2 is the button
Seat 1: deeeg888 ($0.57 in chips) 
Seat 2: naoking1974 ($5.43 in chips) 
Seat 3: BR00RB ($1.12 in chips) 
Seat 4: Roman.Leo75 ($2.18 in chips) 
Seat 5: ValeraBLR ($1.75 in chips) 
Seat 6: Dorex2007 ($2.11 in chips) 
Seat 7: bigkall150 ($3.63 in chips) 
Seat 8: jgym ($2.07 in chips) 
Seat 9: coolfire10 ($1.13 in chips) 
BR00RB: posts small blind $0.01
Roman.Leo75: posts big blind $0.02
*** HOLE CARDS ***
Dealt to Dorex2007 [7s 5d]
ValeraBLR: folds 
Dorex2007: folds 
bigkall150: raises $0.04 to $0.06
jgym: folds 
coolfire10: folds 
deeeg888: folds 
naoking1974: calls $0.06
BR00RB: folds 
Roman.Leo75: folds 
*** FLOP *** [4h Ad 5h]
bigkall150: bets $0.08
naoking1974: calls $0.08
*** TURN *** [4h Ad 5h] [Qs]
bigkall150: bets $0.14
naoking1974: calls $0.14
*** RIVER *** [4h Ad 5h Qs] [5c]
bigkall150: checks 
naoking1974: bets $0.71
bigkall150: calls $0.71
*** SHOW DOWN ***
naoking1974: shows [7h Th] (a pair of Fives)
bigkall150: shows [Jc Qh] (two pair, Queens and Fives)
bigkall150 collected $1.94 from pot
*** SUMMARY ***
Total pot $2.01 | Rake $0.07 
Board [4h Ad 5h Qs 5c]
Seat 1: deeeg888 folded before Flop (didn't bet)
Seat 2: naoking1974 (button) showed [7h Th] and lost with a pair of Fives
Seat 3: BR00RB (small blind) folded before Flop
Seat 4: Roman.Leo75 (big blind) folded before Flop
Seat 5: ValeraBLR folded before Flop (didn't bet)
Seat 6: Dorex2007 folded before Flop (didn't bet)
Seat 7: bigkall150 showed [Jc Qh] and won ($1.94) with two pair, Queens and Fives
Seat 8: jgym folded before Flop (didn't bet)
Seat 9: coolfire10 folded before Flop (didn't bet)



PokerStars Hand #232135609367:  Hold'em No Limit ($0.01/$0.02 USD) - 2021/12/11 12:13:09 PT [2021/12/11 15:13:09 ET]
Table 'Nereid III' 9-max Seat #3 is the button
Seat 1: deeeg888 ($0.57 in chips) 
Seat 2: naoking1974 ($4.44 in chips) 
Seat 3: BR00RB ($1.11 in chips) 
Seat 4: Roman.Leo75 ($2.16 in chips) 
Seat 5: ValeraBLR ($1.75 in chips) 
Seat 6: Dorex2007 ($2.11 in chips) 
Seat 7: bigkall150 ($4.58 in chips) 
Seat 8: jgym ($2.07 in chips) 
Seat 9: coolfire10 ($1.13 in chips) 
Roman.Leo75: posts small blind $0.01
ValeraBLR: posts big blind $0.02
*** HOLE CARDS ***
Dealt to Dorex2007 [Jh Js]
Dorex2007: raises $0.02 to $0.04
bigkall150: folds 
jgym: calls $0.04
coolfire10: folds 
deeeg888: folds 
naoking1974: calls $0.04
BR00RB: calls $0.04
Roman.Leo75: folds 
ValeraBLR: folds 
*** FLOP *** [Th Qd 9h]
Dorex2007: checks 
jgym: checks 
naoking1974: checks 
BR00RB: checks 
*** TURN *** [Th Qd 9h] [8d]
Dorex2007: bets $0.18
jgym: folds 
naoking1974: calls $0.18
BR00RB: folds 
*** RIVER *** [Th Qd 9h 8d] [4s]
Dorex2007: bets $0.27
naoking1974: folds 
Uncalled bet ($0.27) returned to Dorex2007
Dorex2007 collected $0.53 from pot
Dorex2007: doesn't show hand 
*** SUMMARY ***
Total pot $0.55 | Rake $0.02 
Board [Th Qd 9h 8d 4s]
Seat 1: deeeg888 folded before Flop (didn't bet)
Seat 2: naoking1974 folded on the River
Seat 3: BR00RB (button) folded on the Turn
Seat 4: Roman.Leo75 (small blind) folded before Flop
Seat 5: ValeraBLR (big blind) folded before Flop
Seat 6: Dorex2007 collected ($0.53)
Seat 7: bigkall150 folded before Flop (didn't bet)
Seat 8: jgym folded on the Turn
Seat 9: coolfire10 folded before Flop (didn't bet)



PokerStars Hand #232135656945:  Hold'em No Limit ($0.01/$0.02 USD) - 2021/12/11 12:14:36 PT [2021/12/11 15:14:36 ET]
Table 'Nereid III' 9-max Seat #4 is the button
Seat 1: deeeg888 ($0.81 in chips) 
Seat 2: naoking1974 ($4.22 in chips) 
Seat 3: BR00RB ($1.07 in chips) 
Seat 4: Roman.Leo75 ($2.15 in chips) 
Seat 5: ValeraBLR ($1.73 in chips) 
Seat 6: Dorex2007 ($2.42 in chips) 
Seat 7: bigkall150 ($4.58 in chips) 
Seat 8: jgym ($2.03 in chips) 
Seat 9: coolfire10 ($1.13 in chips) 
ValeraBLR: posts small blind $0.01
Dorex2007: posts big blind $0.02
*** HOLE CARDS ***
Dealt to Dorex2007 [Ks 7s]
bigkall150: folds 
BR00RB is disconnected 
jgym: folds 
coolfire10: folds 
deeeg888: folds 
naoking1974: folds 
BR00RB: raises $0.02 to $0.04
Roman.Leo75: folds 
ValeraBLR: folds 
Dorex2007: calls $0.02
*** FLOP *** [9s 3d Ts]
Dorex2007: bets $0.09
BR00RB: calls $0.09
*** TURN *** [9s 3d Ts] [As]
Dorex2007: checks 
BR00RB: bets $0.09
Dorex2007: raises $0.19 to $0.28
BR00RB: calls $0.19
*** RIVER *** [9s 3d Ts As] [Tc]
Dorex2007: bets $0.53
BR00RB: raises $0.13 to $0.66 and is all-in
Dorex2007: calls $0.13
*** SHOW DOWN ***
BR00RB: shows [9d 9c] (a full house, Nines full of Tens)
Dorex2007: shows [Ks 7s] (a flush, Ace high)
BR00RB collected $2.07 from pot
*** SUMMARY ***
Total pot $2.15 | Rake $0.08 
Board [9s 3d Ts As Tc]
Seat 1: deeeg888 folded before Flop (didn't bet)
Seat 2: naoking1974 folded before Flop (didn't bet)
Seat 3: BR00RB showed [9d 9c] and won ($2.07) with a full house, Nines full of Tens
Seat 4: Roman.Leo75 (button) folded before Flop (didn't bet)
Seat 5: ValeraBLR (small blind) folded before Flop
Seat 6: Dorex2007 (big blind) showed [Ks 7s] and lost with a flush, Ace high
Seat 7: bigkall150 folded before Flop (didn't bet)
Seat 8: jgym folded before Flop (didn't bet)
Seat 9: coolfire10 folded before Flop (didn't bet)



PokerStars Hand #232135708882:  Hold'em No Limit ($0.01/$0.02 USD) - 2021/12/11 12:16:12 PT [2021/12/11 15:16:12 ET]
Table 'Nereid III' 9-max Seat #5 is the button
Seat 1: deeeg888 ($0.81 in chips) 
Seat 2: naoking1974 ($4.22 in chips) 
Seat 3: BR00RB ($2.07 in chips) 
Seat 4: Roman.Leo75 ($2.15 in chips) 
Seat 5: ValeraBLR ($1.72 in chips) 
Seat 6: Dorex2007 ($2 in chips) 
Seat 7: bigkall150 ($4.58 in chips) 
Seat 8: jgym ($2.03 in chips) 
Seat 9: coolfire10 ($1.13 in chips) 
Dorex2007: posts small blind $0.01
bigkall150: posts big blind $0.02
*** HOLE CARDS ***
Dealt to Dorex2007 [6s Ah]
jgym: folds 
coolfire10: folds 
deeeg888: folds 
naoking1974 has timed out
naoking1974: folds 
BR00RB: folds 
Roman.Leo75: raises $0.04 to $0.06
ValeraBLR: folds 
Dorex2007: calls $0.05
bigkall150: folds 
*** FLOP *** [8c Td Kc]
Dorex2007: checks 
Roman.Leo75: bets $0.08
Dorex2007: folds 
Uncalled bet ($0.08) returned to Roman.Leo75
Roman.Leo75 collected $0.14 from pot
Roman.Leo75: doesn't show hand 
*** SUMMARY ***
Total pot $0.14 | Rake $0 
Board [8c Td Kc]
Seat 1: deeeg888 folded before Flop (didn't bet)
Seat 2: naoking1974 folded before Flop (didn't bet)
Seat 3: BR00RB folded before Flop (didn't bet)
Seat 4: Roman.Leo75 collected ($0.14)
Seat 5: ValeraBLR (button) folded before Flop (didn't bet)
Seat 6: Dorex2007 (small blind) folded on the Flop
Seat 7: bigkall150 (big blind) folded before Flop
Seat 8: jgym folded before Flop (didn't bet)
Seat 9: coolfire10 folded before Flop (didn't bet)



PokerStars Hand #232135734316:  Hold'em No Limit ($0.01/$0.02 USD) - 2021/12/11 12:16:59 PT [2021/12/11 15:16:59 ET]
Table 'Nereid III' 9-max Seat #6 is the button
Seat 1: deeeg888 ($0.81 in chips) 
Seat 3: BR00RB ($2.07 in chips) 
Seat 4: Roman.Leo75 ($2.23 in chips) 
Seat 5: ValeraBLR ($1.72 in chips) 
Seat 6: Dorex2007 ($2 in chips) 
Seat 7: bigkall150 ($4.56 in chips) 
Seat 8: jgym ($2.03 in chips) 
Seat 9: coolfire10 ($1.13 in chips) 
bigkall150: posts small blind $0.01
jgym: posts big blind $0.02
*** HOLE CARDS ***
Dealt to Dorex2007 [5c 8h]
coolfire10: raises $0.05 to $0.07
deeeg888: folds 
BR00RB: folds 
Roman.Leo75: folds 
ValeraBLR: folds 
Dorex2007: folds 
bigkall150: folds 
jgym: folds 
Uncalled bet ($0.05) returned to coolfire10
coolfire10 collected $0.05 from pot
coolfire10: doesn't show hand 
*** SUMMARY ***
Total pot $0.05 | Rake $0 
Seat 1: deeeg888 folded before Flop (didn't bet)
Seat 3: BR00RB folded before Flop (didn't bet)
Seat 4: Roman.Leo75 folded before Flop (didn't bet)
Seat 5: ValeraBLR folded before Flop (didn't bet)
Seat 6: Dorex2007 (button) folded before Flop (didn't bet)
Seat 7: bigkall150 (small blind) folded before Flop
Seat 8: jgym (big blind) folded before Flop
Seat 9: coolfire10 collected ($0.05)



PokerStars Hand #232135745007:  Hold'em No Limit ($0.01/$0.02 USD) - 2021/12/11 12:17:19 PT [2021/12/11 15:17:19 ET]
Table 'Nereid III' 9-max Seat #7 is the button
Seat 1: deeeg888 ($0.81 in chips) 
Seat 2: naoking1974 ($4.22 in chips) 
Seat 3: BR00RB ($2.07 in chips) 
Seat 4: Roman.Leo75 ($2.23 in chips) 
Seat 5: ValeraBLR ($1.72 in chips) 
Seat 6: Dorex2007 ($2 in chips) 
Seat 7: bigkall150 ($4.55 in chips) 
Seat 8: jgym ($2.01 in chips) 
Seat 9: coolfire10 ($1.16 in chips) 
jgym: posts small blind $0.01
coolfire10: posts big blind $0.02
*** HOLE CARDS ***
Dealt to Dorex2007 [Td 8s]
deeeg888: calls $0.02
naoking1974: folds 
BR00RB: folds 
Roman.Leo75: folds 
ValeraBLR: folds 
Dorex2007: folds 
bigkall150: raises $0.06 to $0.08
jgym: folds 
coolfire10: folds 
deeeg888: calls $0.06
*** FLOP *** [9h Qd 8h]
deeeg888: checks 
bigkall150: bets $0.12
deeeg888: folds 
Uncalled bet ($0.12) returned to bigkall150
bigkall150 collected $0.18 from pot
*** SUMMARY ***
Total pot $0.19 | Rake $0.01 
Board [9h Qd 8h]
Seat 1: deeeg888 folded on the Flop
Seat 2: naoking1974 folded before Flop (didn't bet)
Seat 3: BR00RB folded before Flop (didn't bet)
Seat 4: Roman.Leo75 folded before Flop (didn't bet)
Seat 5: ValeraBLR folded before Flop (didn't bet)
Seat 6: Dorex2007 folded before Flop (didn't bet)
Seat 7: bigkall150 (button) collected ($0.18)
Seat 8: jgym (small blind) folded before Flop
Seat 9: coolfire10 (big blind) folded before Flop



PokerStars Hand #232135771766:  Hold'em No Limit ($0.01/$0.02 USD) - 2021/12/11 12:18:08 PT [2021/12/11 15:18:08 ET]
Table 'Nereid III' 9-max Seat #8 is the button
Seat 1: deeeg888 ($0.73 in chips) 
Seat 2: naoking1974 ($4.22 in chips) 
Seat 3: BR00RB ($2.07 in chips) 
Seat 4: Roman.Leo75 ($2.23 in chips) 
Seat 5: ValeraBLR ($1.72 in chips) 
Seat 6: Dorex2007 ($2 in chips) 
Seat 7: bigkall150 ($4.65 in chips) 
Seat 8: jgym ($2 in chips) 
Seat 9: coolfire10 ($1.14 in chips) 
coolfire10: posts small blind $0.01
deeeg888: posts big blind $0.02
*** HOLE CARDS ***
Dealt to Dorex2007 [8d 7c]
naoking1974: raises $0.04 to $0.06
BR00RB: folds 
Roman.Leo75: folds 
ValeraBLR: folds 
Dorex2007: folds 
bigkall150: raises $0.12 to $0.18
jgym: folds 
coolfire10: calls $0.17
deeeg888: raises $0.55 to $0.73 and is all-in
naoking1974: folds 
bigkall150: raises $3.92 to $4.65 and is all-in
coolfire10: folds 
Uncalled bet ($3.92) returned to bigkall150
*** FLOP *** [2s Tc Js]
*** TURN *** [2s Tc Js] [3s]
*** RIVER *** [2s Tc Js 3s] [3d]
*** SHOW DOWN ***
deeeg888: shows [Ac Kh] (a pair of Threes)
bigkall150: shows [As Ks] (a flush, Ace high)
bigkall150 collected $1.64 from pot
*** SUMMARY ***
Total pot $1.70 | Rake $0.06 
Board [2s Tc Js 3s 3d]
Seat 1: deeeg888 (big blind) showed [Ac Kh] and lost with a pair of Threes
Seat 2: naoking1974 folded before Flop
Seat 3: BR00RB folded before Flop (didn't bet)
Seat 4: Roman.Leo75 folded before Flop (didn't bet)
Seat 5: ValeraBLR folded before Flop (didn't bet)
Seat 6: Dorex2007 folded before Flop (didn't bet)
Seat 7: bigkall150 showed [As Ks] and won ($1.64) with a flush, Ace high
Seat 8: jgym (button) folded before Flop (didn't bet)
Seat 9: coolfire10 (small blind) folded before Flop



PokerStars Hand #232135816061:  Hold'em No Limit ($0.01/$0.02 USD) - 2021/12/11 12:19:30 PT [2021/12/11 15:19:30 ET]
Table 'Nereid III' 9-max Seat #9 is the button
Seat 2: naoking1974 ($4.16 in chips) 
Seat 3: BR00RB ($2.07 in chips) 
Seat 4: Roman.Leo75 ($2.23 in chips) 
Seat 5: ValeraBLR ($1.72 in chips) 
Seat 6: Dorex2007 ($2 in chips) 
Seat 7: bigkall150 ($5.56 in chips) 
Seat 8: jgym ($2 in chips) 
Seat 9: coolfire10 ($0.96 in chips) 
naoking1974: posts small blind $0.01
BR00RB: posts big blind $0.02
*** HOLE CARDS ***
Dealt to Dorex2007 [Js Th]
Roman.Leo75: folds 
ValeraBLR: folds 
Dorex2007: folds 
bigkall150: folds 
jgym: folds 
coolfire10: calls $0.02
naoking1974: folds 
BR00RB: checks 
*** FLOP *** [Ad Kh 6d]
BR00RB: bets $0.02
coolfire10: raises $0.09 to $0.11
BR00RB: folds 
Uncalled bet ($0.09) returned to coolfire10
coolfire10 collected $0.09 from pot
coolfire10: doesn't show hand 
*** SUMMARY ***
Total pot $0.09 | Rake $0 
Board [Ad Kh 6d]
Seat 2: naoking1974 (small blind) folded before Flop
Seat 3: BR00RB (big blind) folded on the Flop
Seat 4: Roman.Leo75 folded before Flop (didn't bet)
Seat 5: ValeraBLR folded before Flop (didn't bet)
Seat 6: Dorex2007 folded before Flop (didn't bet)
Seat 7: bigkall150 folded before Flop (didn't bet)
Seat 8: jgym folded before Flop (didn't bet)
Seat 9: coolfire10 (button) collected ($0.09)



PokerStars Hand #232135832787:  Hold'em No Limit ($0.01/$0.02 USD) - 2021/12/11 12:20:01 PT [2021/12/11 15:20:01 ET]
Table 'Nereid III' 9-max Seat #2 is the button
Seat 2: naoking1974 ($4.15 in chips) 
Seat 3: BR00RB ($2.03 in chips) 
Seat 4: Roman.Leo75 ($2.23 in chips) 
Seat 5: ValeraBLR ($1.72 in chips) 
Seat 6: Dorex2007 ($2 in chips) 
Seat 7: bigkall150 ($5.56 in chips) 
Seat 8: jgym ($2 in chips) 
Seat 9: coolfire10 ($1.01 in chips) 
BR00RB: posts small blind $0.01
Roman.Leo75: posts big blind $0.02
deeeg888: sits out 
*** HOLE CARDS ***
Dealt to Dorex2007 [Kh 6d]
ValeraBLR: folds 
Dorex2007: folds 
bigkall150: folds 
jgym: folds 
coolfire10: folds 
naoking1974: raises $0.04 to $0.06
BR00RB: folds 
Roman.Leo75: folds 
Uncalled bet ($0.04) returned to naoking1974
naoking1974 collected $0.05 from pot
naoking1974: doesn't show hand 
*** SUMMARY ***
Total pot $0.05 | Rake $0 
Seat 2: naoking1974 (button) collected ($0.05)
Seat 3: BR00RB (small blind) folded before Flop
Seat 4: Roman.Leo75 (big blind) folded before Flop
Seat 5: ValeraBLR folded before Flop (didn't bet)
Seat 6: Dorex2007 folded before Flop (didn't bet)
Seat 7: bigkall150 folded before Flop (didn't bet)
Seat 8: jgym folded before Flop (didn't bet)
Seat 9: coolfire10 folded before Flop (didn't bet)



PokerStars Hand #232135845404:  Hold'em No Limit ($0.01/$0.02 USD) - 2021/12/11 12:20:25 PT [2021/12/11 15:20:25 ET]
Table 'Nereid III' 9-max Seat #3 is the button
Seat 2: naoking1974 ($4.18 in chips) 
Seat 3: BR00RB ($2.02 in chips) 
Seat 4: Roman.Leo75 ($2.21 in chips) 
Seat 5: ValeraBLR ($1.72 in chips) 
Seat 6: Dorex2007 ($2 in chips) 
Seat 7: bigkall150 ($5.56 in chips) 
Seat 8: jgym ($2 in chips) 
Seat 9: coolfire10 ($1.01 in chips) 
Roman.Leo75: posts small blind $0.01
ValeraBLR: posts big blind $0.02
deeeg888: sits out 
*** HOLE CARDS ***
Dealt to Dorex2007 [3h 9c]
Dorex2007: folds 
bigkall150: folds 
jgym: folds 
coolfire10: folds 
naoking1974: folds 
BR00RB has timed out
BR00RB: folds 
Roman.Leo75: raises $0.02 to $0.04
ValeraBLR: folds 
Uncalled bet ($0.02) returned to Roman.Leo75
Roman.Leo75 collected $0.04 from pot
Roman.Leo75: doesn't show hand 
*** SUMMARY ***
Total pot $0.04 | Rake $0 
Seat 2: naoking1974 folded before Flop (didn't bet)
Seat 3: BR00RB (button) folded before Flop (didn't bet)
Seat 4: Roman.Leo75 (small blind) collected ($0.04)
Seat 5: ValeraBLR (big blind) folded before Flop
Seat 6: Dorex2007 folded before Flop (didn't bet)
Seat 7: bigkall150 folded before Flop (didn't bet)
Seat 8: jgym folded before Flop (didn't bet)
Seat 9: coolfire10 folded before Flop (didn't bet)



PokerStars Hand #232135860236:  Hold'em No Limit ($0.01/$0.02 USD) - 2021/12/11 12:20:52 PT [2021/12/11 15:20:52 ET]
Table 'Nereid III' 9-max Seat #4 is the button
Seat 1: deeeg888 ($0.80 in chips) 
Seat 2: naoking1974 ($4.18 in chips) 
Seat 3: BR00RB ($2.02 in chips) 
Seat 4: Roman.Leo75 ($2.23 in chips) 
Seat 5: ValeraBLR ($1.70 in chips) 
Seat 6: Dorex2007 ($2 in chips) 
Seat 7: bigkall150 ($5.56 in chips) 
Seat 8: jgym ($2 in chips) 
Seat 9: coolfire10 ($1.01 in chips) 
ValeraBLR: posts small blind $0.01
Dorex2007: posts big blind $0.02
deeeg888: posts small blind $0.01
*** HOLE CARDS ***
Dealt to Dorex2007 [9s Jc]
bigkall150: folds 
jgym: calls $0.02
coolfire10: folds 
deeeg888: folds 
naoking1974: folds 
BR00RB: calls $0.02
Roman.Leo75: calls $0.02
ValeraBLR: folds 
Dorex2007: checks 
*** FLOP *** [7s Ad Js]
Dorex2007: checks 
jgym: checks 
BR00RB: bets $0.02
Roman.Leo75: calls $0.02
Dorex2007: calls $0.02
jgym: calls $0.02
*** TURN *** [7s Ad Js] [3s]
Dorex2007: checks 
jgym: checks 
BR00RB: bets $0.08
Roman.Leo75: calls $0.08
Dorex2007: folds 
jgym: calls $0.08
*** RIVER *** [7s Ad Js 3s] [2c]
jgym: checks 
BR00RB: bets $0.06
Roman.Leo75: calls $0.06
jgym: folds 
*** SHOW DOWN ***
BR00RB: shows [Th As] (a pair of Aces)
Roman.Leo75: mucks hand 
BR00RB collected $0.52 from pot
*** SUMMARY ***
Total pot $0.54 | Rake $0.02 
Board [7s Ad Js 3s 2c]
Seat 1: deeeg888 folded before Flop (didn't bet)
Seat 2: naoking1974 folded before Flop (didn't bet)
Seat 3: BR00RB showed [Th As] and won ($0.52) with a pair of Aces
Seat 4: Roman.Leo75 (button) mucked [Jd Qd]
Seat 5: ValeraBLR (small blind) folded before Flop
Seat 6: Dorex2007 (big blind) folded on the Turn
Seat 7: bigkall150 folded before Flop (didn't bet)
Seat 8: jgym folded on the River
Seat 9: coolfire10 folded before Flop (didn't bet)



PokerStars Hand #232135914682:  Hold'em No Limit ($0.01/$0.02 USD) - 2021/12/11 12:22:31 PT [2021/12/11 15:22:31 ET]
Table 'Nereid III' 9-max Seat #5 is the button
Seat 1: deeeg888 ($0.79 in chips) 
Seat 2: naoking1974 ($4.18 in chips) 
Seat 3: BR00RB ($2.36 in chips) 
Seat 4: Roman.Leo75 ($2.05 in chips) 
Seat 5: ValeraBLR ($1.69 in chips) 
Seat 6: Dorex2007 ($2 in chips) 
Seat 7: bigkall150 ($5.56 in chips) 
Seat 8: jgym ($2 in chips) 
Seat 9: coolfire10 ($1.01 in chips) 
Dorex2007: posts small blind $0.01
bigkall150: posts big blind $0.02
*** HOLE CARDS ***
Dealt to Dorex2007 [2h 6c]
jgym: raises $0.04 to $0.06
coolfire10: folds 
deeeg888: calls $0.06
naoking1974 has timed out
naoking1974: folds 
BR00RB: calls $0.06
Roman.Leo75: folds 
ValeraBLR: folds 
Dorex2007: folds 
bigkall150: raises $5.50 to $5.56 and is all-in
jgym: folds 
deeeg888: calls $0.73 and is all-in
BR00RB: folds 
Uncalled bet ($4.77) returned to bigkall150
*** FLOP *** [Ks 7s Jd]
*** TURN *** [Ks 7s Jd] [8c]
*** RIVER *** [Ks 7s Jd 8c] [Ac]
*** SHOW DOWN ***
bigkall150: shows [As Kh] (two pair, Aces and Kings)
deeeg888: shows [8h 8s] (three of a kind, Eights)
deeeg888 collected $1.65 from pot
*** SUMMARY ***
Total pot $1.71 | Rake $0.06 
Board [Ks 7s Jd 8c Ac]
Seat 1: deeeg888 showed [8h 8s] and won ($1.65) with three of a kind, Eights
Seat 2: naoking1974 folded before Flop (didn't bet)
Seat 3: BR00RB folded before Flop
Seat 4: Roman.Leo75 folded before Flop (didn't bet)
Seat 5: ValeraBLR (button) folded before Flop (didn't bet)
Seat 6: Dorex2007 (small blind) folded before Flop
Seat 7: bigkall150 (big blind) showed [As Kh] and lost with two pair, Aces and Kings
Seat 8: jgym folded before Flop
Seat 9: coolfire10 folded before Flop (didn't bet)



PokerStars Hand #232135955870:  Hold'em No Limit ($0.01/$0.02 USD) - 2021/12/11 12:23:47 PT [2021/12/11 15:23:47 ET]
Table 'Nereid III' 9-max Seat #6 is the button
Seat 1: deeeg888 ($1.65 in chips) 
Seat 2: naoking1974 ($4.18 in chips) 
Seat 3: BR00RB ($2.30 in chips) 
Seat 4: Roman.Leo75 ($2.05 in chips) 
Seat 5: ValeraBLR ($1.69 in chips) 
Seat 6: Dorex2007 ($2 in chips) 
Seat 7: bigkall150 ($4.77 in chips) 
Seat 8: jgym ($2 in chips) 
Seat 9: coolfire10 ($1.01 in chips) 
bigkall150: posts small blind $0.01
jgym: posts big blind $0.02
*** HOLE CARDS ***
Dealt to Dorex2007 [2s Ks]
coolfire10: calls $0.02
deeeg888: folds 
naoking1974: folds 
BR00RB: raises $0.02 to $0.04
Roman.Leo75: calls $0.04
ValeraBLR: folds 
Dorex2007: folds 
bigkall150: calls $0.03
jgym: raises $0.04 to $0.08
coolfire10: folds 
BR00RB: calls $0.04
Roman.Leo75: calls $0.04
bigkall150: calls $0.04
*** FLOP *** [4d 6c Kc]
bigkall150: checks 
jgym: checks 
BR00RB: checks 
Roman.Leo75: checks 
*** TURN *** [4d 6c Kc] [9s]
bigkall150: checks 
jgym: checks 
BR00RB: bets $0.02
Roman.Leo75: calls $0.02
bigkall150: calls $0.02
jgym: calls $0.02
*** RIVER *** [4d 6c Kc 9s] [4s]
bigkall150: checks 
jgym: checks 
BR00RB: checks 
Roman.Leo75: checks 
*** SHOW DOWN ***
bigkall150: shows [Jd Ad] (a pair of Fours)
jgym: shows [Ac Qh] (a pair of Fours - Ace+King+Queen kicker)
BR00RB: mucks hand 
Roman.Leo75: shows [8d 6d] (two pair, Sixes and Fours)
Roman.Leo75 collected $0.41 from pot
*** SUMMARY ***
Total pot $0.42 | Rake $0.01 
Board [4d 6c Kc 9s 4s]
Seat 1: deeeg888 folded before Flop (didn't bet)
Seat 2: naoking1974 folded before Flop (didn't bet)
Seat 3: BR00RB mucked [Ah Jh]
Seat 4: Roman.Leo75 showed [8d 6d] and won ($0.41) with two pair, Sixes and Fours
Seat 5: ValeraBLR folded before Flop (didn't bet)
Seat 6: Dorex2007 (button) folded before Flop (didn't bet)
Seat 7: bigkall150 (small blind) showed [Jd Ad] and lost with a pair of Fours
Seat 8: jgym (big blind) showed [Ac Qh] and lost with a pair of Fours
Seat 9: coolfire10 folded before Flop



PokerStars Hand #232136014877:  Hold'em No Limit ($0.01/$0.02 USD) - 2021/12/11 12:25:33 PT [2021/12/11 15:25:33 ET]
Table 'Nereid III' 9-max Seat #7 is the button
Seat 1: deeeg888 ($1.65 in chips) 
Seat 2: naoking1974 ($4.18 in chips) 
Seat 3: BR00RB ($2.20 in chips) 
Seat 4: Roman.Leo75 ($2.36 in chips) 
Seat 5: ValeraBLR ($1.69 in chips) 
Seat 6: Dorex2007 ($2 in chips) 
Seat 7: bigkall150 ($4.67 in chips) 
Seat 8: jgym ($2 in chips) 
Seat 9: coolfire10 ($0.99 in chips) 
jgym: posts small blind $0.01
coolfire10: posts big blind $0.02
*** HOLE CARDS ***
Dealt to Dorex2007 [7d Tc]
deeeg888: folds 
naoking1974: folds 
BR00RB: raises $0.02 to $0.04
Roman.Leo75: folds 
ValeraBLR: folds 
Dorex2007: folds 
bigkall150: folds 
jgym: calls $0.03
coolfire10: folds 
*** FLOP *** [8s 6s Jc]
jgym: checks 
BR00RB: checks 
*** TURN *** [8s 6s Jc] [Qs]
jgym: checks 
BR00RB: bets $0.02
jgym: calls $0.02
*** RIVER *** [8s 6s Jc Qs] [5s]
jgym: bets $0.04
BR00RB: folds 
Uncalled bet ($0.04) returned to jgym
jgym collected $0.14 from pot
jgym: doesn't show hand 
*** SUMMARY ***
Total pot $0.14 | Rake $0 
Board [8s 6s Jc Qs 5s]
Seat 1: deeeg888 folded before Flop (didn't bet)
Seat 2: naoking1974 folded before Flop (didn't bet)
Seat 3: BR00RB folded on the River
Seat 4: Roman.Leo75 folded before Flop (didn't bet)
Seat 5: ValeraBLR folded before Flop (didn't bet)
Seat 6: Dorex2007 folded before Flop (didn't bet)
Seat 7: bigkall150 (button) folded before Flop (didn't bet)
Seat 8: jgym (small blind) collected ($0.14)
Seat 9: coolfire10 (big blind) folded before Flop



PokerStars Hand #232136041695:  Hold'em No Limit ($0.01/$0.02 USD) - 2021/12/11 12:26:24 PT [2021/12/11 15:26:24 ET]
Table 'Nereid III' 9-max Seat #8 is the button
Seat 1: deeeg888 ($1.65 in chips) 
Seat 2: naoking1974 ($4.18 in chips) 
Seat 3: BR00RB ($2.14 in chips) 
Seat 4: Roman.Leo75 ($2.36 in chips) 
Seat 5: ValeraBLR ($1.69 in chips) 
Seat 6: Dorex2007 ($2 in chips) 
Seat 7: bigkall150 ($4.67 in chips) 
Seat 8: jgym ($2.08 in chips) 
Seat 9: coolfire10 ($0.97 in chips) 
coolfire10: posts small blind $0.01
deeeg888: posts big blind $0.02
*** HOLE CARDS ***
Dealt to Dorex2007 [Td Qc]
naoking1974: folds 
BR00RB: folds 
naoking1974 leaves the table
Roman.Leo75: folds 
ValeraBLR: folds 
Dorex2007: folds 
bigkall150: folds 
jgym: raises $0.06 to $0.08
coolfire10: folds 
deeeg888: folds 
Uncalled bet ($0.06) returned to jgym
jgym collected $0.05 from pot
jgym: doesn't show hand 
*** SUMMARY ***
Total pot $0.05 | Rake $0 
Seat 1: deeeg888 (big blind) folded before Flop
Seat 2: naoking1974 folded before Flop (didn't bet)
Seat 3: BR00RB folded before Flop (didn't bet)
Seat 4: Roman.Leo75 folded before Flop (didn't bet)
Seat 5: ValeraBLR folded before Flop (didn't bet)
Seat 6: Dorex2007 folded before Flop (didn't bet)
Seat 7: bigkall150 folded before Flop (didn't bet)
Seat 8: jgym (button) collected ($0.05)
Seat 9: coolfire10 (small blind) folded before Flop



PokerStars Hand #232136062246:  Hold'em No Limit ($0.01/$0.02 USD) - 2021/12/11 12:27:02 PT [2021/12/11 15:27:02 ET]
Table 'Nereid III' 9-max Seat #9 is the button
Seat 1: deeeg888 ($1.63 in chips) 
Seat 3: BR00RB ($2.14 in chips) 
Seat 4: Roman.Leo75 ($2.36 in chips) 
Seat 5: ValeraBLR ($1.69 in chips) 
Seat 6: Dorex2007 ($2 in chips) 
Seat 7: bigkall150 ($4.67 in chips) 
Seat 8: jgym ($2.11 in chips) 
Seat 9: coolfire10 ($0.96 in chips) 
deeeg888: posts small blind $0.01
BR00RB: posts big blind $0.02
*** HOLE CARDS ***
Dealt to Dorex2007 [Jc Ad]
Roman.Leo75: folds 
ValeraBLR: folds 
Dorex2007: raises $0.04 to $0.06
bigkall150: folds 
jgym: folds 
coolfire10: folds 
deeeg888: calls $0.05
BR00RB: calls $0.04
*** FLOP *** [Jh 3c Qc]
deeeg888: checks 
xxxxKCxxxx joins the table at seat #2 
BR00RB: bets $0.06
Dorex2007: calls $0.06
deeeg888: folds 
*** TURN *** [Jh 3c Qc] [4d]
BR00RB: bets $0.14
Dorex2007: calls $0.14
*** RIVER *** [Jh 3c Qc 4d] [Qs]
BR00RB: checks 
ValeraBLR leaves the table
infiniti888 joins the table at seat #5 
Dorex2007: checks 
*** SHOW DOWN ***
BR00RB: shows [5c 6c] (a pair of Queens)
Dorex2007: shows [Jc Ad] (two pair, Queens and Jacks)
Dorex2007 collected $0.56 from pot
*** SUMMARY ***
Total pot $0.58 | Rake $0.02 
Board [Jh 3c Qc 4d Qs]
Seat 1: deeeg888 (small blind) folded on the Flop
Seat 3: BR00RB (big blind) showed [5c 6c] and lost with a pair of Queens
Seat 4: Roman.Leo75 folded before Flop (didn't bet)
Seat 5: ValeraBLR folded before Flop (didn't bet)
Seat 6: Dorex2007 showed [Jc Ad] and won ($0.56) with two pair, Queens and Jacks
Seat 7: bigkall150 folded before Flop (didn't bet)
Seat 8: jgym folded before Flop (didn't bet)
Seat 9: coolfire10 (button) folded before Flop (didn't bet)



PokerStars Hand #232136106107:  Hold'em No Limit ($0.01/$0.02 USD) - 2021/12/11 12:28:24 PT [2021/12/11 15:28:24 ET]
Table 'Nereid III' 9-max Seat #1 is the button
Seat 1: deeeg888 ($1.57 in chips) 
Seat 3: BR00RB ($1.88 in chips) 
Seat 4: Roman.Leo75 ($2.36 in chips) 
Seat 6: Dorex2007 ($2.30 in chips) 
Seat 7: bigkall150 ($4.67 in chips) 
Seat 8: jgym ($2.11 in chips) 
Seat 9: coolfire10 ($0.96 in chips) 
BR00RB: posts small blind $0.01
Roman.Leo75: posts big blind $0.02
infiniti888: sits out 
*** HOLE CARDS ***
Dealt to Dorex2007 [Kc Ac]
Dorex2007: raises $0.04 to $0.06
bigkall150: folds 
jgym: folds 
coolfire10: folds 
deeeg888: calls $0.06
BR00RB: folds 
Roman.Leo75: calls $0.04
*** FLOP *** [Qc Ad 2d]
Roman.Leo75: checks 
Dorex2007: checks 
deeeg888: checks 
*** TURN *** [Qc Ad 2d] [9d]
Roman.Leo75: checks 
Dorex2007: bets $0.12
deeeg888: folds 
Roman.Leo75: calls $0.12
*** RIVER *** [Qc Ad 2d 9d] [9c]
Roman.Leo75: checks 
Dorex2007: checks 
*** SHOW DOWN ***
Roman.Leo75: shows [Js Ts] (a pair of Nines)
Dorex2007: shows [Kc Ac] (two pair, Aces and Nines)
Dorex2007 collected $0.41 from pot
BR00RB leaves the table
*** SUMMARY ***
Total pot $0.43 | Rake $0.02 
Board [Qc Ad 2d 9d 9c]
Seat 1: deeeg888 (button) folded on the Turn
Seat 3: BR00RB (small blind) folded before Flop
Seat 4: Roman.Leo75 (big blind) showed [Js Ts] and lost with a pair of Nines
Seat 6: Dorex2007 showed [Kc Ac] and won ($0.41) with two pair, Aces and Nines
Seat 7: bigkall150 folded before Flop (didn't bet)
Seat 8: jgym folded before Flop (didn't bet)
Seat 9: coolfire10 folded before Flop (didn't bet)



PokerStars Hand #232136145258:  Hold'em No Limit ($0.01/$0.02 USD) - 2021/12/11 12:29:24 PT [2021/12/11 15:29:24 ET]
Table 'Nereid III' 9-max Seat #4 is the button
Seat 1: deeeg888 ($1.51 in chips) 
Seat 4: Roman.Leo75 ($2.18 in chips) 
Seat 6: Dorex2007 ($2.53 in chips) 
Seat 7: bigkall150 ($4.67 in chips) 
Seat 8: jgym ($2.11 in chips) 
Seat 9: coolfire10 ($0.96 in chips) 
Dorex2007: posts small blind $0.01
bigkall150: posts big blind $0.02
xxxxKCxxxx: sits out 
*** HOLE CARDS ***
Dealt to Dorex2007 [2c Kh]
jgym: folds 
coolfire10: folds 
deeeg888: folds 
Roman.Leo75: folds 
jgym leaves the table
Dorex2007: folds 
Uncalled bet ($0.01) returned to bigkall150
bigkall150 collected $0.02 from pot
*** SUMMARY ***
Total pot $0.02 | Rake $0 
Seat 1: deeeg888 folded before Flop (didn't bet)
Seat 4: Roman.Leo75 (button) folded before Flop (didn't bet)
Seat 6: Dorex2007 (small blind) folded before Flop
Seat 7: bigkall150 (big blind) collected ($0.02)
Seat 8: jgym folded before Flop (didn't bet)
Seat 9: coolfire10 folded before Flop (didn't bet)



PokerStars Hand #232136151232:  Hold'em No Limit ($0.01/$0.02 USD) - 2021/12/11 12:29:35 PT [2021/12/11 15:29:35 ET]
Table 'Nereid III' 9-max Seat #6 is the button
Seat 1: deeeg888 ($1.51 in chips) 
Seat 4: Roman.Leo75 ($2.18 in chips) 
Seat 6: Dorex2007 ($2.52 in chips) 
Seat 7: bigkall150 ($4.68 in chips) 
Seat 9: coolfire10 ($0.96 in chips) 
bigkall150: posts small blind $0.01
coolfire10: posts big blind $0.02
xxxxKCxxxx: sits out 
infiniti888: sits out 
*** HOLE CARDS ***
Dealt to Dorex2007 [Js Qd]
deeeg888: calls $0.02
Roman.Leo75: folds 
Dorex2007: raises $0.02 to $0.04
bigkall150: calls $0.03
coolfire10: folds 
deeeg888: calls $0.02
*** FLOP *** [Kd 7h 4d]
bigkall150: checks 
deeeg888: checks 
Dorex2007: bets $0.09
bigkall150: folds 
deeeg888: folds 
Uncalled bet ($0.09) returned to Dorex2007
Dorex2007 collected $0.14 from pot
Dorex2007: doesn't show hand 
*** SUMMARY ***
Total pot $0.14 | Rake $0 
Board [Kd 7h 4d]
Seat 1: deeeg888 folded on the Flop
Seat 4: Roman.Leo75 folded before Flop (didn't bet)
Seat 6: Dorex2007 (button) collected ($0.14)
Seat 7: bigkall150 (small blind) folded on the Flop
Seat 9: coolfire10 (big blind) folded before Flop



PokerStars Hand #232136168818:  Hold'em No Limit ($0.01/$0.02 USD) - 2021/12/11 12:30:08 PT [2021/12/11 15:30:08 ET]
Table 'Nereid III' 9-max Seat #7 is the button
Seat 2: xxxxKCxxxx ($2 in chips) 
Seat 4: Roman.Leo75 ($2.18 in chips) 
Seat 6: Dorex2007 ($2.62 in chips) 
Seat 7: bigkall150 ($4.64 in chips) 
Seat 9: coolfire10 ($0.94 in chips) 
coolfire10: posts small blind $0.01
deeeg888: is sitting out 
xxxxKCxxxx: posts big blind $0.02
infiniti888: sits out 
*** HOLE CARDS ***
Dealt to Dorex2007 [7h 5d]
Roman.Leo75: folds 
Dorex2007: folds 
bigkall150: folds 
coolfire10: folds 
Uncalled bet ($0.01) returned to xxxxKCxxxx
xxxxKCxxxx collected $0.02 from pot
xxxxKCxxxx: doesn't show hand 
*** SUMMARY ***
Total pot $0.02 | Rake $0 
Seat 2: xxxxKCxxxx (big blind) collected ($0.02)
Seat 4: Roman.Leo75 folded before Flop (didn't bet)
Seat 6: Dorex2007 folded before Flop (didn't bet)
Seat 7: bigkall150 (button) folded before Flop (didn't bet)
Seat 9: coolfire10 (small blind) folded before Flop



PokerStars Hand #232136174260:  Hold'em No Limit ($0.01/$0.02 USD) - 2021/12/11 12:30:18 PT [2021/12/11 15:30:18 ET]
Table 'Nereid III' 9-max Seat #9 is the button
Seat 2: xxxxKCxxxx ($2.01 in chips) 
Seat 4: Roman.Leo75 ($2.18 in chips) 
Seat 6: Dorex2007 ($2.62 in chips) 
Seat 7: bigkall150 ($4.64 in chips) 
Seat 9: coolfire10 ($0.93 in chips) 
xxxxKCxxxx: posts small blind $0.01
Roman.Leo75: posts big blind $0.02
infiniti888: sits out 
*** HOLE CARDS ***
Dealt to Dorex2007 [9c 2c]
Dorex2007: folds 
bigkall150: folds 
coolfire10: folds 
xxxxKCxxxx: folds 
Uncalled bet ($0.01) returned to Roman.Leo75
Roman.Leo75 collected $0.02 from pot
Roman.Leo75: doesn't show hand 
*** SUMMARY ***
Total pot $0.02 | Rake $0 
Seat 2: xxxxKCxxxx (small blind) folded before Flop
Seat 4: Roman.Leo75 (big blind) collected ($0.02)
Seat 6: Dorex2007 folded before Flop (didn't bet)
Seat 7: bigkall150 folded before Flop (didn't bet)
Seat 9: coolfire10 (button) folded before Flop (didn't bet)



PokerStars Hand #232136180797:  Hold'em No Limit ($0.01/$0.02 USD) - 2021/12/11 12:30:30 PT [2021/12/11 15:30:30 ET]
Table 'Nereid III' 9-max Seat #2 is the button
Seat 2: xxxxKCxxxx ($2 in chips) 
Seat 4: Roman.Leo75 ($2.19 in chips) 
Seat 5: infiniti888 ($2 in chips) 
Seat 6: Dorex2007 ($2.62 in chips) 
Seat 7: bigkall150 ($4.64 in chips) 
Seat 9: coolfire10 ($0.93 in chips) 
Roman.Leo75: posts small blind $0.01
infiniti888: posts big blind $0.02
*** HOLE CARDS ***
Dealt to Dorex2007 [6d 9c]
Dorex2007: folds 
deeeg888 leaves the table
bigkall150: raises $0.04 to $0.06
coolfire10: folds 
Garkonline joins the table at seat #1 
xxxxKCxxxx: raises $1.94 to $2 and is all-in
Roman.Leo75: folds 
infiniti888: folds 
bigkall150: folds 
Uncalled bet ($1.94) returned to xxxxKCxxxx
xxxxKCxxxx collected $0.15 from pot
xxxxKCxxxx: doesn't show hand 
*** SUMMARY ***
Total pot $0.15 | Rake $0 
Seat 2: xxxxKCxxxx (button) collected ($0.15)
Seat 4: Roman.Leo75 (small blind) folded before Flop
Seat 5: infiniti888 (big blind) folded before Flop
Seat 6: Dorex2007 folded before Flop (didn't bet)
Seat 7: bigkall150 folded before Flop
Seat 9: coolfire10 folded before Flop (didn't bet)



PokerStars Hand #232136210723:  Hold'em No Limit ($0.01/$0.02 USD) - 2021/12/11 12:31:08 PT [2021/12/11 15:31:08 ET]
Table 'Nereid III' 9-max Seat #4 is the button
Seat 2: xxxxKCxxxx ($2.09 in chips) 
Seat 4: Roman.Leo75 ($2.18 in chips) 
Seat 5: infiniti888 ($1.98 in chips) 
Seat 6: Dorex2007 ($2.62 in chips) 
Seat 7: bigkall150 ($4.58 in chips) 
Seat 9: coolfire10 ($0.93 in chips) 
infiniti888: posts small blind $0.01
Dorex2007: posts big blind $0.02
Garkonline: sits out 
*** HOLE CARDS ***
Dealt to Dorex2007 [Ah 7c]
bigkall150: folds 
bigkall150 leaves the table
coolfire10: folds 
xxxxKCxxxx: folds 
Roman.Leo75: folds 
xxxxKCxxxx leaves the table
infiniti888: folds 
Uncalled bet ($0.01) returned to Dorex2007
Dorex2007 collected $0.02 from pot
Dorex2007: doesn't show hand 
*** SUMMARY ***
Total pot $0.02 | Rake $0 
Seat 2: xxxxKCxxxx folded before Flop (didn't bet)
Seat 4: Roman.Leo75 (button) folded before Flop (didn't bet)
Seat 5: infiniti888 (small blind) folded before Flop
Seat 6: Dorex2007 (big blind) collected ($0.02)
Seat 7: bigkall150 folded before Flop (didn't bet)
Seat 9: coolfire10 folded before Flop (didn't bet)



PokerStars Hand #232136220983:  Hold'em No Limit ($0.01/$0.02 USD) - 2021/12/11 12:31:27 PT [2021/12/11 15:31:27 ET]
Table 'Nereid III' 9-max Seat #5 is the button
Seat 4: Roman.Leo75 ($2.18 in chips) 
Seat 5: infiniti888 ($1.97 in chips) 
Seat 6: Dorex2007 ($2.63 in chips) 
Seat 9: coolfire10 ($0.93 in chips) 
Dorex2007: posts small blind $0.01
coolfire10: posts big blind $0.02
Garkonline: sits out 
*** HOLE CARDS ***
Dealt to Dorex2007 [Ad 5c]
Roman.Leo75: folds 
infiniti888: folds 
Dorex2007: raises $0.02 to $0.04
coolfire10: folds 
Uncalled bet ($0.02) returned to Dorex2007
Dorex2007 collected $0.04 from pot
Dorex2007: doesn't show hand 
*** SUMMARY ***
Total pot $0.04 | Rake $0 
Seat 4: Roman.Leo75 folded before Flop (didn't bet)
Seat 5: infiniti888 (button) folded before Flop (didn't bet)
Seat 6: Dorex2007 (small blind) collected ($0.04)
Seat 9: coolfire10 (big blind) folded before Flop



PokerStars Hand #232136227650:  Hold'em No Limit ($0.01/$0.02 USD) - 2021/12/11 12:31:40 PT [2021/12/11 15:31:40 ET]
Table 'Nereid III' 9-max Seat #6 is the button
Seat 1: Garkonline ($2 in chips) 
Seat 4: Roman.Leo75 ($2.18 in chips) 
Seat 5: infiniti888 ($1.97 in chips) 
Seat 6: Dorex2007 ($2.65 in chips) 
Seat 9: coolfire10 ($0.91 in chips) 
coolfire10: posts small blind $0.01
Garkonline: posts big blind $0.02
*** HOLE CARDS ***
Dealt to Dorex2007 [2s 7s]
Roman.Leo75: folds 
infiniti888: folds 
Dorex2007: folds 
coolfire10: calls $0.01
Garkonline: checks 
*** FLOP *** [7c 3c 3s]
coolfire10: checks 
Garkonline: checks 
*** TURN *** [7c 3c 3s] [Th]
coolfire10: checks 
Garkonline: checks 
*** RIVER *** [7c 3c 3s Th] [Jc]
coolfire10: checks 
Garkonline: checks 
*** SHOW DOWN ***
coolfire10: shows [8h 7h] (two pair, Sevens and Threes)
Garkonline: mucks hand 
coolfire10 collected $0.04 from pot
*** SUMMARY ***
Total pot $0.04 | Rake $0 
Board [7c 3c 3s Th Jc]
Seat 1: Garkonline (big blind) mucked [Kh 4s]
Seat 4: Roman.Leo75 folded before Flop (didn't bet)
Seat 5: infiniti888 folded before Flop (didn't bet)
Seat 6: Dorex2007 (button) folded before Flop (didn't bet)
Seat 9: coolfire10 (small blind) showed [8h 7h] and won ($0.04) with two pair, Sevens and Threes



