PokerStars Hand #237652466180:  Hold'em No Limit ($0.01/$0.02 USD) - 2022/07/28 19:30:14 PT [2022/07/28 22:30:14 ET]
Table 'Rastaban' 9-max Seat #7 is the button
Seat 1: Kidmono ($1.90 in chips) 
Seat 3: MarceloRLC ($0.80 in chips) 
Seat 4: lopesdsa ($1.35 in chips) 
Seat 5: themarfs ($2.31 in chips) 
Seat 6: Dorex2007 ($2 in chips) 
Seat 7: Wyge ($3.02 in chips) 
Seat 8: MajorZK ($1.73 in chips) 
Seat 9: Zakeeeu ($3.11 in chips) 
MajorZK: posts small blind $0.01
Zakeeeu: posts big blind $0.02
Dorex2007: posts big blind $0.02
*** HOLE CARDS ***
Dealt to Dorex2007 [7s Js]
Kidmono: folds 
MarceloRLC: folds 
urranic leaves the table
lopesdsa: calls $0.02
themarfs: folds 
Dorex2007: checks 
Wyge: folds 
MajorZK: calls $0.01
Zakeeeu: checks 
*** FLOP *** [7d 8h 5c]
MajorZK: checks 
Zakeeeu: checks 
lopesdsa: checks 
GrooshBadoosh joins the table at seat #2 
Dorex2007: checks 
*** TURN *** [7d 8h 5c] [9c]
MajorZK: bets $0.08
Zakeeeu: folds 
lopesdsa: folds 
Dorex2007: folds 
Uncalled bet ($0.08) returned to MajorZK
MajorZK collected $0.08 from pot
MajorZK: doesn't show hand 
*** SUMMARY ***
Total pot $0.08 | Rake $0 
Board [7d 8h 5c 9c]
Seat 1: Kidmono folded before Flop (didn't bet)
Seat 3: MarceloRLC folded before Flop (didn't bet)
Seat 4: lopesdsa folded on the Turn
Seat 5: themarfs folded before Flop (didn't bet)
Seat 6: Dorex2007 folded on the Turn (didn't bet)
Seat 7: Wyge (button) folded before Flop (didn't bet)
Seat 8: MajorZK (small blind) collected ($0.08)
Seat 9: Zakeeeu (big blind) folded on the Turn



PokerStars Hand #237652476791:  Hold'em No Limit ($0.01/$0.02 USD) - 2022/07/28 19:31:12 PT [2022/07/28 22:31:12 ET]
Table 'Rastaban' 9-max Seat #8 is the button
Seat 1: Kidmono ($1.90 in chips) 
Seat 3: MarceloRLC ($0.80 in chips) 
Seat 4: lopesdsa ($1.33 in chips) 
Seat 5: themarfs ($2.31 in chips) 
Seat 6: Dorex2007 ($2 in chips) 
Seat 7: Wyge ($3.02 in chips) 
Seat 8: MajorZK ($1.79 in chips) 
Seat 9: Zakeeeu ($3.09 in chips) 
Zakeeeu: posts small blind $0.01
Kidmono: posts big blind $0.02
GrooshBadoosh: sits out 
*** HOLE CARDS ***
Dealt to Dorex2007 [3s Kh]
MarceloRLC: raises $0.03 to $0.05
lopesdsa: folds 
themarfs: folds 
Dorex2007: folds 
Wyge: folds 
MajorZK: folds 
Zakeeeu: folds 
Kidmono: folds 
Uncalled bet ($0.03) returned to MarceloRLC
MarceloRLC collected $0.05 from pot
*** SUMMARY ***
Total pot $0.05 | Rake $0 
Seat 1: Kidmono (big blind) folded before Flop
Seat 3: MarceloRLC collected ($0.05)
Seat 4: lopesdsa folded before Flop (didn't bet)
Seat 5: themarfs folded before Flop (didn't bet)
Seat 6: Dorex2007 folded before Flop (didn't bet)
Seat 7: Wyge folded before Flop (didn't bet)
Seat 8: MajorZK (button) folded before Flop (didn't bet)
Seat 9: Zakeeeu (small blind) folded before Flop



PokerStars Hand #237652480427:  Hold'em No Limit ($0.01/$0.02 USD) - 2022/07/28 19:31:31 PT [2022/07/28 22:31:31 ET]
Table 'Rastaban' 9-max Seat #9 is the button
Seat 1: Kidmono ($1.88 in chips) 
Seat 2: GrooshBadoosh ($2 in chips) 
Seat 3: MarceloRLC ($0.83 in chips) 
Seat 4: lopesdsa ($1.33 in chips) 
Seat 5: themarfs ($2.31 in chips) 
Seat 6: Dorex2007 ($2 in chips) 
Seat 7: Wyge ($3.02 in chips) 
Seat 8: MajorZK ($1.79 in chips) 
Seat 9: Zakeeeu ($3.08 in chips) 
Kidmono: posts small blind $0.01
GrooshBadoosh: posts big blind $0.02
*** HOLE CARDS ***
Dealt to Dorex2007 [Td 8c]
MarceloRLC: raises $0.03 to $0.05
lopesdsa: folds 
themarfs: folds 
Dorex2007: folds 
Wyge: raises $0.07 to $0.12
MajorZK: folds 
Zakeeeu: folds 
Kidmono: folds 
GrooshBadoosh: folds 
MarceloRLC: calls $0.07
*** FLOP *** [6c 7s 3h]
MarceloRLC: checks 
Wyge: bets $0.24
MarceloRLC: folds 
Uncalled bet ($0.24) returned to Wyge
Wyge collected $0.26 from pot
Wyge: doesn't show hand 
*** SUMMARY ***
Total pot $0.27 | Rake $0.01 
Board [6c 7s 3h]
Seat 1: Kidmono (small blind) folded before Flop
Seat 2: GrooshBadoosh (big blind) folded before Flop
Seat 3: MarceloRLC folded on the Flop
Seat 4: lopesdsa folded before Flop (didn't bet)
Seat 5: themarfs folded before Flop (didn't bet)
Seat 6: Dorex2007 folded before Flop (didn't bet)
Seat 7: Wyge collected ($0.26)
Seat 8: MajorZK folded before Flop (didn't bet)
Seat 9: Zakeeeu (button) folded before Flop (didn't bet)



PokerStars Hand #237652491018:  Hold'em No Limit ($0.01/$0.02 USD) - 2022/07/28 19:32:28 PT [2022/07/28 22:32:28 ET]
Table 'Rastaban' 9-max Seat #1 is the button
Seat 1: Kidmono ($1.87 in chips) 
Seat 2: GrooshBadoosh ($2 in chips) 
Seat 3: MarceloRLC ($0.80 in chips) 
Seat 4: lopesdsa ($1.33 in chips) 
Seat 5: themarfs ($2.31 in chips) 
Seat 6: Dorex2007 ($2 in chips) 
Seat 7: Wyge ($3.16 in chips) 
Seat 8: MajorZK ($1.79 in chips) 
Seat 9: Zakeeeu ($3.08 in chips) 
GrooshBadoosh: posts small blind $0.01
MarceloRLC: posts big blind $0.02
*** HOLE CARDS ***
Dealt to Dorex2007 [3d 9c]
lopesdsa: calls $0.02
themarfs: folds 
Dorex2007: folds 
Wyge: folds 
MajorZK: folds 
Zakeeeu: folds 
Kidmono: folds 
GrooshBadoosh: folds 
MarceloRLC: checks 
*** FLOP *** [Qs 5h 8c]
MarceloRLC: checks 
lopesdsa: bets $0.02
MarceloRLC: calls $0.02
*** TURN *** [Qs 5h 8c] [4s]
MarceloRLC: checks 
lopesdsa: bets $0.04
MarceloRLC: calls $0.04
*** RIVER *** [Qs 5h 8c 4s] [Ad]
MarceloRLC: checks 
lopesdsa: bets $0.16
MarceloRLC: folds 
Uncalled bet ($0.16) returned to lopesdsa
lopesdsa collected $0.16 from pot
lopesdsa: doesn't show hand 
*** SUMMARY ***
Total pot $0.17 | Rake $0.01 
Board [Qs 5h 8c 4s Ad]
Seat 1: Kidmono (button) folded before Flop (didn't bet)
Seat 2: GrooshBadoosh (small blind) folded before Flop
Seat 3: MarceloRLC (big blind) folded on the River
Seat 4: lopesdsa collected ($0.16)
Seat 5: themarfs folded before Flop (didn't bet)
Seat 6: Dorex2007 folded before Flop (didn't bet)
Seat 7: Wyge folded before Flop (didn't bet)
Seat 8: MajorZK folded before Flop (didn't bet)
Seat 9: Zakeeeu folded before Flop (didn't bet)



PokerStars Hand #237652501888:  Hold'em No Limit ($0.01/$0.02 USD) - 2022/07/28 19:33:27 PT [2022/07/28 22:33:27 ET]
Table 'Rastaban' 9-max Seat #2 is the button
Seat 1: Kidmono ($1.87 in chips) 
Seat 2: GrooshBadoosh ($2 in chips) 
Seat 3: MarceloRLC ($0.80 in chips) 
Seat 4: lopesdsa ($1.41 in chips) 
Seat 5: themarfs ($2.31 in chips) 
Seat 6: Dorex2007 ($2 in chips) 
Seat 7: Wyge ($3.16 in chips) 
Seat 8: MajorZK ($1.79 in chips) 
Seat 9: Zakeeeu ($3.08 in chips) 
MarceloRLC: posts small blind $0.01
lopesdsa: posts big blind $0.02
*** HOLE CARDS ***
Dealt to Dorex2007 [6h 3s]
themarfs: folds 
Dorex2007: folds 
Wyge: folds 
MajorZK: folds 
Zakeeeu: folds 
Kidmono: raises $0.02 to $0.04
GrooshBadoosh: raises $0.04 to $0.08
MarceloRLC: folds 
lopesdsa: folds 
Kidmono: folds 
Uncalled bet ($0.04) returned to GrooshBadoosh
lopesdsa leaves the table
GrooshBadoosh collected $0.11 from pot
GrooshBadoosh: doesn't show hand 
*** SUMMARY ***
Total pot $0.11 | Rake $0 
Seat 1: Kidmono folded before Flop
Seat 2: GrooshBadoosh (button) collected ($0.11)
Seat 3: MarceloRLC (small blind) folded before Flop
Seat 4: lopesdsa (big blind) folded before Flop
Seat 5: themarfs folded before Flop (didn't bet)
Seat 6: Dorex2007 folded before Flop (didn't bet)
Seat 7: Wyge folded before Flop (didn't bet)
Seat 8: MajorZK folded before Flop (didn't bet)
Seat 9: Zakeeeu folded before Flop (didn't bet)



PokerStars Hand #237652511658:  Hold'em No Limit ($0.01/$0.02 USD) - 2022/07/28 19:34:20 PT [2022/07/28 22:34:20 ET]
Table 'Rastaban' 9-max Seat #3 is the button
Seat 1: Kidmono ($1.83 in chips) 
Seat 2: GrooshBadoosh ($2.07 in chips) 
Seat 3: MarceloRLC ($0.80 in chips) 
Seat 5: themarfs ($2.31 in chips) 
Seat 6: Dorex2007 ($2 in chips) 
Seat 7: Wyge ($3.16 in chips) 
Seat 8: MajorZK ($1.79 in chips) 
Seat 9: Zakeeeu ($3.08 in chips) 
themarfs: posts small blind $0.01
Dorex2007: posts big blind $0.02
*** HOLE CARDS ***
Dealt to Dorex2007 [Ts 7c]
Wyge: folds 
D49er joins the table at seat #4 
MajorZK: calls $0.02
Zakeeeu: folds 
Kidmono: folds 
GrooshBadoosh: folds 
MarceloRLC: folds 
themarfs: folds 
Dorex2007: checks 
*** FLOP *** [2c Js 6c]
Dorex2007: checks 
MajorZK: checks 
*** TURN *** [2c Js 6c] [Kd]
Dorex2007: checks 
MajorZK: bets $0.02
Zakeeeu leaves the table
Shmookz joins the table at seat #9 
Dorex2007: folds 
Uncalled bet ($0.02) returned to MajorZK
MajorZK collected $0.05 from pot
MajorZK: doesn't show hand 
*** SUMMARY ***
Total pot $0.05 | Rake $0 
Board [2c Js 6c Kd]
Seat 1: Kidmono folded before Flop (didn't bet)
Seat 2: GrooshBadoosh folded before Flop (didn't bet)
Seat 3: MarceloRLC (button) folded before Flop (didn't bet)
Seat 5: themarfs (small blind) folded before Flop
Seat 6: Dorex2007 (big blind) folded on the Turn
Seat 7: Wyge folded before Flop (didn't bet)
Seat 8: MajorZK collected ($0.05)
Seat 9: Zakeeeu folded before Flop (didn't bet)



PokerStars Hand #237652523653:  Hold'em No Limit ($0.01/$0.02 USD) - 2022/07/28 19:35:25 PT [2022/07/28 22:35:25 ET]
Table 'Rastaban' 9-max Seat #5 is the button
Seat 1: Kidmono ($1.83 in chips) 
Seat 2: GrooshBadoosh ($2.07 in chips) 
Seat 3: MarceloRLC ($0.80 in chips) 
Seat 4: D49er ($2 in chips) 
Seat 5: themarfs ($2.30 in chips) 
Seat 6: Dorex2007 ($2 in chips) 
Seat 7: Wyge ($3.16 in chips) 
Seat 8: MajorZK ($1.82 in chips) 
Dorex2007: posts small blind $0.01
Wyge: posts big blind $0.02
Shmookz: sits out 
D49er: posts big blind $0.02
*** HOLE CARDS ***
Dealt to Dorex2007 [6h Tc]
MajorZK: calls $0.02
Kidmono: folds 
GrooshBadoosh: folds 
MarceloRLC: raises $0.10 to $0.12
D49er: calls $0.10
themarfs: folds 
Dorex2007: folds 
Wyge: folds 
Shmookz leaves the table
MajorZK: folds 
*** FLOP *** [7s 4c 9c]
bspice01 joins the table at seat #9 
MarceloRLC: bets $0.14
D49er: calls $0.14
*** TURN *** [7s 4c 9c] [3h]
MarceloRLC: checks 
D49er: bets $0.27
MarceloRLC: folds 
Uncalled bet ($0.27) returned to D49er
D49er collected $0.55 from pot
D49er: doesn't show hand 
*** SUMMARY ***
Total pot $0.57 | Rake $0.02 
Board [7s 4c 9c 3h]
Seat 1: Kidmono folded before Flop (didn't bet)
Seat 2: GrooshBadoosh folded before Flop (didn't bet)
Seat 3: MarceloRLC folded on the Turn
Seat 4: D49er collected ($0.55)
Seat 5: themarfs (button) folded before Flop (didn't bet)
Seat 6: Dorex2007 (small blind) folded before Flop
Seat 7: Wyge (big blind) folded before Flop
Seat 8: MajorZK folded before Flop



PokerStars Hand #237652536252:  Hold'em No Limit ($0.01/$0.02 USD) - 2022/07/28 19:36:35 PT [2022/07/28 22:36:35 ET]
Table 'Rastaban' 9-max Seat #6 is the button
Seat 1: Kidmono ($1.83 in chips) 
Seat 2: GrooshBadoosh ($2.07 in chips) 
Seat 3: MarceloRLC ($0.80 in chips) 
Seat 4: D49er ($2.29 in chips) 
Seat 5: themarfs ($2.30 in chips) 
Seat 6: Dorex2007 ($2 in chips) 
Seat 7: Wyge ($3.14 in chips) 
Seat 8: MajorZK ($1.80 in chips) 
Seat 9: bspice01 ($1.60 in chips) 
Wyge: posts small blind $0.01
MajorZK: posts big blind $0.02
bspice01: posts big blind $0.02
*** HOLE CARDS ***
Dealt to Dorex2007 [5s Jh]
bspice01: checks 
Kidmono: folds 
GrooshBadoosh: raises $0.02 to $0.04
MarceloRLC: folds 
D49er: folds 
themarfs: folds 
Dorex2007: folds 
Wyge: raises $0.08 to $0.12
MajorZK: folds 
bspice01: folds 
GrooshBadoosh: folds 
Uncalled bet ($0.08) returned to Wyge
Wyge collected $0.12 from pot
Wyge: doesn't show hand 
*** SUMMARY ***
Total pot $0.12 | Rake $0 
Seat 1: Kidmono folded before Flop (didn't bet)
Seat 2: GrooshBadoosh folded before Flop
Seat 3: MarceloRLC folded before Flop (didn't bet)
Seat 4: D49er folded before Flop (didn't bet)
Seat 5: themarfs folded before Flop (didn't bet)
Seat 6: Dorex2007 (button) folded before Flop (didn't bet)
Seat 7: Wyge (small blind) collected ($0.12)
Seat 8: MajorZK (big blind) folded before Flop
Seat 9: bspice01 folded before Flop (didn't bet)



