PokerStars Hand #230592158223:  Hold'em No Limit ($0.01/$0.02 USD) - 2021/10/14 0:17:30 PT [2021/10/14 3:17:30 ET]
Table 'Isonoe III' 9-max Seat #6 is the button
Seat 1: renatos487 ($1.14 in chips) 
Seat 3: Unikul_Ar ($0.86 in chips) 
Seat 4: Grf79 ($0.54 in chips) 
Seat 5: Dorex2007 ($2 in chips) 
Seat 6: ebridgen ($0.08 in chips) 
Seat 7: TheMackel ($0.84 in chips) 
Seat 8: Biki1412 ($1.64 in chips) 
Seat 9: Jebacle ($2.13 in chips) 
TheMackel: posts small blind $0.01
Biki1412: posts big blind $0.02
kozhemsm: sits out 
Unikul_Ar: posts big blind $0.02
Dorex2007: posts big blind $0.02
*** HOLE CARDS ***
Dealt to Dorex2007 [Jc 9d]
Jebacle: raises $0.04 to $0.06
renatos487: calls $0.06
Unikul_Ar: folds 
Grf79: calls $0.06
Dorex2007: folds 
ebridgen: folds 
TheMackel: calls $0.05
Biki1412: folds 
*** FLOP *** [6c Jh 6h]
TheMackel: checks 
Biki1412 leaves the table
Jebacle: bets $0.14
renatos487: folds 
Grf79: folds 
TheMackel: raises $0.14 to $0.28
Jebacle: calls $0.14
*** TURN *** [6c Jh 6h] [7c]
TheMackel: bets $0.50 and is all-in
iason4u joins the table at seat #8 
Jebacle: folds 
Uncalled bet ($0.50) returned to TheMackel
TheMackel collected $0.83 from pot
TheMackel: doesn't show hand 
*** SUMMARY ***
Total pot $0.86 | Rake $0.03 
Board [6c Jh 6h 7c]
Seat 1: renatos487 folded on the Flop
Seat 3: Unikul_Ar folded before Flop (didn't bet)
Seat 4: Grf79 folded on the Flop
Seat 5: Dorex2007 folded before Flop (didn't bet)
Seat 6: ebridgen (button) folded before Flop (didn't bet)
Seat 7: TheMackel (small blind) collected ($0.83)
Seat 8: Biki1412 (big blind) folded before Flop
Seat 9: Jebacle folded on the Turn



PokerStars Hand #230592170306:  Hold'em No Limit ($0.01/$0.02 USD) - 2021/10/14 0:18:54 PT [2021/10/14 3:18:54 ET]
Table 'Isonoe III' 9-max Seat #7 is the button
Seat 1: renatos487 ($1.08 in chips) 
Seat 3: Unikul_Ar ($0.84 in chips) 
Seat 4: Grf79 ($0.48 in chips) 
Seat 5: Dorex2007 ($1.98 in chips) 
Seat 6: ebridgen ($0.08 in chips) 
Seat 7: TheMackel ($1.33 in chips) 
Seat 9: Jebacle ($1.79 in chips) 
Jebacle: posts small blind $0.01
renatos487: posts big blind $0.02
kozhemsm: sits out 
*** HOLE CARDS ***
Dealt to Dorex2007 [3c 3d]
Unikul_Ar: calls $0.02
Grf79: folds 
Dorex2007: folds 
ebridgen: folds 
TheMackel: folds 
iason4u leaves the table
Jebacle: raises $0.02 to $0.04
renatos487: calls $0.02
Unikul_Ar: calls $0.02
*** FLOP *** [7h 7d 8s]
ginolas69 joins the table at seat #8 
Jebacle: bets $0.06
renatos487: calls $0.06
Unikul_Ar: calls $0.06
*** TURN *** [7h 7d 8s] [Qs]
Jebacle: checks 
renatos487: checks 
Unikul_Ar: checks 
*** RIVER *** [7h 7d 8s Qs] [Jh]
Jebacle: bets $0.14
renatos487: folds 
Unikul_Ar: calls $0.14
*** SHOW DOWN ***
Jebacle: shows [Th Jc] (two pair, Jacks and Sevens)
Unikul_Ar: mucks hand 
Jebacle collected $0.56 from pot
*** SUMMARY ***
Total pot $0.58 | Rake $0.02 
Board [7h 7d 8s Qs Jh]
Seat 1: renatos487 (big blind) folded on the River
Seat 3: Unikul_Ar mucked [8d 9d]
Seat 4: Grf79 folded before Flop (didn't bet)
Seat 5: Dorex2007 folded before Flop (didn't bet)
Seat 6: ebridgen folded before Flop (didn't bet)
Seat 7: TheMackel (button) folded before Flop (didn't bet)
Seat 9: Jebacle (small blind) showed [Th Jc] and won ($0.56) with two pair, Jacks and Sevens



PokerStars Hand #230592178006:  Hold'em No Limit ($0.01/$0.02 USD) - 2021/10/14 0:19:47 PT [2021/10/14 3:19:47 ET]
Table 'Isonoe III' 9-max Seat #9 is the button
Seat 1: renatos487 ($0.98 in chips) 
Seat 2: kozhemsm ($2.41 in chips) 
Seat 3: Unikul_Ar ($0.60 in chips) 
Seat 4: Grf79 ($0.48 in chips) 
Seat 5: Dorex2007 ($1.98 in chips) 
Seat 6: ebridgen ($0.08 in chips) 
Seat 7: TheMackel ($1.33 in chips) 
Seat 9: Jebacle ($2.11 in chips) 
renatos487: posts small blind $0.01
kozhemsm: posts big blind $0.02
ginolas69: sits out 
*** HOLE CARDS ***
Dealt to Dorex2007 [8d 7d]
Unikul_Ar: folds 
Grf79: folds 
Dorex2007: folds 
ebridgen: folds 
TheMackel: folds 
Jebacle: folds 
renatos487: folds 
Uncalled bet ($0.01) returned to kozhemsm
kozhemsm collected $0.02 from pot
kozhemsm: doesn't show hand 
*** SUMMARY ***
Total pot $0.02 | Rake $0 
Seat 1: renatos487 (small blind) folded before Flop
Seat 2: kozhemsm (big blind) collected ($0.02)
Seat 3: Unikul_Ar folded before Flop (didn't bet)
Seat 4: Grf79 folded before Flop (didn't bet)
Seat 5: Dorex2007 folded before Flop (didn't bet)
Seat 6: ebridgen folded before Flop (didn't bet)
Seat 7: TheMackel folded before Flop (didn't bet)
Seat 9: Jebacle (button) folded before Flop (didn't bet)



PokerStars Hand #230592181108:  Hold'em No Limit ($0.01/$0.02 USD) - 2021/10/14 0:20:09 PT [2021/10/14 3:20:09 ET]
Table 'Isonoe III' 9-max Seat #1 is the button
Seat 1: renatos487 ($0.97 in chips) 
Seat 2: kozhemsm ($2.42 in chips) 
Seat 3: Unikul_Ar ($0.60 in chips) 
Seat 4: Grf79 ($0.48 in chips) 
Seat 5: Dorex2007 ($1.98 in chips) 
Seat 6: ebridgen ($0.08 in chips) 
Seat 7: TheMackel ($1.33 in chips) 
Seat 9: Jebacle ($2.11 in chips) 
kozhemsm: posts small blind $0.01
Unikul_Ar: posts big blind $0.02
ginolas69: sits out 
*** HOLE CARDS ***
Dealt to Dorex2007 [Kd 8s]
Grf79: folds 
Dorex2007: folds 
ebridgen: folds 
TheMackel: calls $0.02
Jebacle: folds 
renatos487: folds 
kozhemsm: folds 
Unikul_Ar: checks 
*** FLOP *** [Ks Ad 4d]
Unikul_Ar: checks 
TheMackel: checks 
*** TURN *** [Ks Ad 4d] [6c]
Unikul_Ar: checks 
TheMackel: checks 
*** RIVER *** [Ks Ad 4d 6c] [Jd]
Unikul_Ar: checks 
TheMackel: bets $0.06
Unikul_Ar: folds 
Uncalled bet ($0.06) returned to TheMackel
TheMackel collected $0.05 from pot
TheMackel: doesn't show hand 
*** SUMMARY ***
Total pot $0.05 | Rake $0 
Board [Ks Ad 4d 6c Jd]
Seat 1: renatos487 (button) folded before Flop (didn't bet)
Seat 2: kozhemsm (small blind) folded before Flop
Seat 3: Unikul_Ar (big blind) folded on the River
Seat 4: Grf79 folded before Flop (didn't bet)
Seat 5: Dorex2007 folded before Flop (didn't bet)
Seat 6: ebridgen folded before Flop (didn't bet)
Seat 7: TheMackel collected ($0.05)
Seat 9: Jebacle folded before Flop (didn't bet)



PokerStars Hand #230592187133:  Hold'em No Limit ($0.01/$0.02 USD) - 2021/10/14 0:20:50 PT [2021/10/14 3:20:50 ET]
Table 'Isonoe III' 9-max Seat #2 is the button
Seat 1: renatos487 ($0.97 in chips) 
Seat 2: kozhemsm ($2.41 in chips) 
Seat 3: Unikul_Ar ($0.58 in chips) 
Seat 4: Grf79 ($0.48 in chips) 
Seat 5: Dorex2007 ($1.98 in chips) 
Seat 6: ebridgen ($0.08 in chips) 
Seat 7: TheMackel ($1.36 in chips) 
Seat 9: Jebacle ($2.11 in chips) 
Unikul_Ar: posts small blind $0.01
Grf79: posts big blind $0.02
ginolas69: sits out 
*** HOLE CARDS ***
Dealt to Dorex2007 [Tc 3h]
Dorex2007: folds 
ebridgen: folds 
TheMackel: folds 
Jebacle: raises $0.04 to $0.06
renatos487: folds 
kozhemsm: folds 
Unikul_Ar: folds 
Grf79: calls $0.04
*** FLOP *** [Qs 5s Ks]
Grf79: checks 
Jebacle: bets $0.08
Grf79: folds 
Uncalled bet ($0.08) returned to Jebacle
Jebacle collected $0.13 from pot
Jebacle: doesn't show hand 
*** SUMMARY ***
Total pot $0.13 | Rake $0 
Board [Qs 5s Ks]
Seat 1: renatos487 folded before Flop (didn't bet)
Seat 2: kozhemsm (button) folded before Flop (didn't bet)
Seat 3: Unikul_Ar (small blind) folded before Flop
Seat 4: Grf79 (big blind) folded on the Flop
Seat 5: Dorex2007 folded before Flop (didn't bet)
Seat 6: ebridgen folded before Flop (didn't bet)
Seat 7: TheMackel folded before Flop (didn't bet)
Seat 9: Jebacle collected ($0.13)



PokerStars Hand #230592193181:  Hold'em No Limit ($0.01/$0.02 USD) - 2021/10/14 0:21:32 PT [2021/10/14 3:21:32 ET]
Table 'Isonoe III' 9-max Seat #3 is the button
Seat 1: renatos487 ($0.97 in chips) 
Seat 2: kozhemsm ($2.41 in chips) 
Seat 3: Unikul_Ar ($0.57 in chips) 
Seat 4: Grf79 ($0.42 in chips) 
Seat 5: Dorex2007 ($1.98 in chips) 
Seat 6: ebridgen ($0.08 in chips) 
Seat 7: TheMackel ($1.36 in chips) 
Seat 9: Jebacle ($2.18 in chips) 
Grf79: posts small blind $0.01
Dorex2007: posts big blind $0.02
ginolas69: sits out 
*** HOLE CARDS ***
Dealt to Dorex2007 [Jh Tc]
ebridgen: folds 
TheMackel: raises $0.02 to $0.04
Jebacle: folds 
renatos487: folds 
kozhemsm: folds 
Unikul_Ar: folds 
Grf79: raises $0.38 to $0.42 and is all-in
Dorex2007: folds 
TheMackel: calls $0.38
*** FLOP *** [Th 3d 7d]
*** TURN *** [Th 3d 7d] [4s]
*** RIVER *** [Th 3d 7d 4s] [9c]
*** SHOW DOWN ***
Grf79: shows [8h 8d] (a pair of Eights)
TheMackel: shows [Qh Kd] (high card King)
Grf79 collected $0.83 from pot
*** SUMMARY ***
Total pot $0.86 | Rake $0.03 
Board [Th 3d 7d 4s 9c]
Seat 1: renatos487 folded before Flop (didn't bet)
Seat 2: kozhemsm folded before Flop (didn't bet)
Seat 3: Unikul_Ar (button) folded before Flop (didn't bet)
Seat 4: Grf79 (small blind) showed [8h 8d] and won ($0.83) with a pair of Eights
Seat 5: Dorex2007 (big blind) folded before Flop
Seat 6: ebridgen folded before Flop (didn't bet)
Seat 7: TheMackel showed [Qh Kd] and lost with high card King
Seat 9: Jebacle folded before Flop (didn't bet)



PokerStars Hand #230592199057:  Hold'em No Limit ($0.01/$0.02 USD) - 2021/10/14 0:22:13 PT [2021/10/14 3:22:13 ET]
Table 'Isonoe III' 9-max Seat #4 is the button
Seat 1: renatos487 ($0.97 in chips) 
Seat 2: kozhemsm ($2.41 in chips) 
Seat 3: Unikul_Ar ($0.57 in chips) 
Seat 4: Grf79 ($0.83 in chips) 
Seat 5: Dorex2007 ($1.96 in chips) 
Seat 6: ebridgen ($0.08 in chips) 
Seat 7: TheMackel ($0.94 in chips) 
Seat 9: Jebacle ($2.18 in chips) 
Dorex2007: posts small blind $0.01
ebridgen: posts big blind $0.02
ginolas69: sits out 
*** HOLE CARDS ***
Dealt to Dorex2007 [As Qd]
TheMackel: folds 
Jebacle: folds 
renatos487: calls $0.02
kozhemsm: raises $0.04 to $0.06
Unikul_Ar: folds 
Grf79: folds 
Dorex2007: calls $0.05
ebridgen: folds 
renatos487: calls $0.04
*** FLOP *** [9h 3c Qc]
Dorex2007: bets $0.20
renatos487: folds 
kozhemsm: folds 
Uncalled bet ($0.20) returned to Dorex2007
Dorex2007 collected $0.19 from pot
Dorex2007: doesn't show hand 
*** SUMMARY ***
Total pot $0.20 | Rake $0.01 
Board [9h 3c Qc]
Seat 1: renatos487 folded on the Flop
Seat 2: kozhemsm folded on the Flop
Seat 3: Unikul_Ar folded before Flop (didn't bet)
Seat 4: Grf79 (button) folded before Flop (didn't bet)
Seat 5: Dorex2007 (small blind) collected ($0.19)
Seat 6: ebridgen (big blind) folded before Flop
Seat 7: TheMackel folded before Flop (didn't bet)
Seat 9: Jebacle folded before Flop (didn't bet)



PokerStars Hand #230592204538:  Hold'em No Limit ($0.01/$0.02 USD) - 2021/10/14 0:22:50 PT [2021/10/14 3:22:50 ET]
Table 'Isonoe III' 9-max Seat #5 is the button
Seat 1: renatos487 ($0.91 in chips) 
Seat 2: kozhemsm ($2.35 in chips) 
Seat 3: Unikul_Ar ($0.57 in chips) 
Seat 4: Grf79 ($0.83 in chips) 
Seat 5: Dorex2007 ($2.09 in chips) 
Seat 6: ebridgen ($0.06 in chips) 
Seat 7: TheMackel ($0.94 in chips) 
Seat 9: Jebacle ($2.18 in chips) 
ebridgen: posts small blind $0.01
TheMackel: posts big blind $0.02
ginolas69: sits out 
*** HOLE CARDS ***
Dealt to Dorex2007 [Ts Jh]
Jebacle: folds 
renatos487: folds 
kozhemsm: folds 
Unikul_Ar: calls $0.02
Grf79: folds 
Dorex2007: calls $0.02
ebridgen: calls $0.01
TheMackel: raises $0.04 to $0.06
Unikul_Ar: calls $0.04
Dorex2007: calls $0.04
ebridgen: calls $0.04 and is all-in
*** FLOP *** [Qd 7s 5c]
TheMackel: bets $0.18
Unikul_Ar: folds 
Dorex2007: folds 
Uncalled bet ($0.18) returned to TheMackel
*** TURN *** [Qd 7s 5c] [9h]
*** RIVER *** [Qd 7s 5c 9h] [As]
*** SHOW DOWN ***
ebridgen: shows [Td Ac] (a pair of Aces)
TheMackel: shows [9d Qh] (two pair, Queens and Nines)
TheMackel collected $0.23 from pot
ebridgen cashed out the hand for $0.04
*** SUMMARY ***
Total pot $0.24 | Rake $0.01 
Board [Qd 7s 5c 9h As]
Seat 1: renatos487 folded before Flop (didn't bet)
Seat 2: kozhemsm folded before Flop (didn't bet)
Seat 3: Unikul_Ar folded on the Flop
Seat 4: Grf79 folded before Flop (didn't bet)
Seat 5: Dorex2007 (button) folded on the Flop
Seat 6: ebridgen (small blind) showed [Td Ac] and lost with a pair of Aces (cashed out).
Seat 7: TheMackel (big blind) showed [9d Qh] and won ($0.23) with two pair, Queens and Nines
Seat 9: Jebacle folded before Flop (didn't bet)



PokerStars Hand #230592214081:  Hold'em No Limit ($0.01/$0.02 USD) - 2021/10/14 0:23:56 PT [2021/10/14 3:23:56 ET]
Table 'Isonoe III' 9-max Seat #6 is the button
Seat 1: renatos487 ($0.91 in chips) 
Seat 2: kozhemsm ($2.35 in chips) 
Seat 3: Unikul_Ar ($0.51 in chips) 
Seat 4: Grf79 ($0.83 in chips) 
Seat 5: Dorex2007 ($2.03 in chips) 
Seat 6: ebridgen ($0.04 in chips) 
Seat 7: TheMackel ($1.11 in chips) 
Seat 8: ginolas69 ($2 in chips) 
Seat 9: Jebacle ($2.18 in chips) 
TheMackel: posts small blind $0.01
ginolas69: posts big blind $0.02
*** HOLE CARDS ***
Dealt to Dorex2007 [Qh Jd]
Jebacle: folds 
renatos487: folds 
kozhemsm: folds 
Unikul_Ar: calls $0.02
Grf79: folds 
Dorex2007: raises $0.02 to $0.04
ebridgen: folds 
TheMackel: calls $0.03
ginolas69: calls $0.02
Unikul_Ar: calls $0.02
*** FLOP *** [Tc Kh As]
TheMackel: bets $0.04
ginolas69: calls $0.04
Unikul_Ar: calls $0.04
Dorex2007: raises $0.04 to $0.08
TheMackel: calls $0.04
ginolas69: calls $0.04
Unikul_Ar: calls $0.04
*** TURN *** [Tc Kh As] [5d]
TheMackel: checks 
ginolas69: checks 
Unikul_Ar: checks 
Dorex2007: bets $0.23
TheMackel: folds 
ginolas69: folds 
Unikul_Ar: folds 
Uncalled bet ($0.23) returned to Dorex2007
Dorex2007 collected $0.46 from pot
Dorex2007: doesn't show hand 
*** SUMMARY ***
Total pot $0.48 | Rake $0.02 
Board [Tc Kh As 5d]
Seat 1: renatos487 folded before Flop (didn't bet)
Seat 2: kozhemsm folded before Flop (didn't bet)
Seat 3: Unikul_Ar folded on the Turn
Seat 4: Grf79 folded before Flop (didn't bet)
Seat 5: Dorex2007 collected ($0.46)
Seat 6: ebridgen (button) folded before Flop (didn't bet)
Seat 7: TheMackel (small blind) folded on the Turn
Seat 8: ginolas69 (big blind) folded on the Turn
Seat 9: Jebacle folded before Flop (didn't bet)



PokerStars Hand #230592223595:  Hold'em No Limit ($0.01/$0.02 USD) - 2021/10/14 0:25:03 PT [2021/10/14 3:25:03 ET]
Table 'Isonoe III' 9-max Seat #7 is the button
Seat 1: renatos487 ($0.91 in chips) 
Seat 2: kozhemsm ($2.35 in chips) 
Seat 3: Unikul_Ar ($0.39 in chips) 
Seat 4: Grf79 ($0.83 in chips) 
Seat 5: Dorex2007 ($2.37 in chips) 
Seat 6: ebridgen ($0.04 in chips) 
Seat 7: TheMackel ($0.99 in chips) 
Seat 8: ginolas69 ($1.88 in chips) 
Seat 9: Jebacle ($2.18 in chips) 
ginolas69: posts small blind $0.01
Jebacle: posts big blind $0.02
*** HOLE CARDS ***
Dealt to Dorex2007 [7s Ac]
renatos487: folds 
kozhemsm: folds 
Unikul_Ar: folds 
Grf79: folds 
Dorex2007: folds 
ebridgen: raises $0.02 to $0.04 and is all-in
TheMackel: calls $0.04
ginolas69: calls $0.03
Jebacle: raises $0.10 to $0.14
TheMackel: folds 
ginolas69: calls $0.10
*** FLOP *** [4d 3h Ts]
ginolas69: checks 
Jebacle: bets $0.30
ginolas69: folds 
Uncalled bet ($0.30) returned to Jebacle
*** TURN *** [4d 3h Ts] [6s]
*** RIVER *** [4d 3h Ts 6s] [Td]
*** SHOW DOWN ***
Jebacle: shows [9s 9d] (two pair, Tens and Nines)
Jebacle collected $0.20 from side pot
ebridgen: shows [Qs Qd] (two pair, Queens and Tens)
ebridgen collected $0.15 from main pot
*** SUMMARY ***
Total pot $0.36 Main pot $0.15. Side pot $0.20. | Rake $0.01 
Board [4d 3h Ts 6s Td]
Seat 1: renatos487 folded before Flop (didn't bet)
Seat 2: kozhemsm folded before Flop (didn't bet)
Seat 3: Unikul_Ar folded before Flop (didn't bet)
Seat 4: Grf79 folded before Flop (didn't bet)
Seat 5: Dorex2007 folded before Flop (didn't bet)
Seat 6: ebridgen showed [Qs Qd] and won ($0.15) with two pair, Queens and Tens
Seat 7: TheMackel (button) folded before Flop
Seat 8: ginolas69 (small blind) folded on the Flop
Seat 9: Jebacle (big blind) showed [9s 9d] and won ($0.20) with two pair, Tens and Nines



PokerStars Hand #230592234483:  Hold'em No Limit ($0.01/$0.02 USD) - 2021/10/14 0:26:19 PT [2021/10/14 3:26:19 ET]
Table 'Isonoe III' 9-max Seat #8 is the button
Seat 1: renatos487 ($0.91 in chips) 
Seat 2: kozhemsm ($2.35 in chips) 
Seat 3: Unikul_Ar ($0.39 in chips) 
Seat 4: Grf79 ($0.83 in chips) 
Seat 5: Dorex2007 ($2.37 in chips) 
Seat 6: ebridgen ($0.15 in chips) 
Seat 7: TheMackel ($0.95 in chips) 
Seat 8: ginolas69 ($1.74 in chips) 
Seat 9: Jebacle ($2.24 in chips) 
Jebacle: posts small blind $0.01
renatos487: posts big blind $0.02
*** HOLE CARDS ***
Dealt to Dorex2007 [Td 7h]
kozhemsm: folds 
Unikul_Ar: calls $0.02
Grf79: folds 
Dorex2007: folds 
ebridgen: raises $0.13 to $0.15 and is all-in
TheMackel: calls $0.15
ginolas69: calls $0.15
Jebacle: folds 
renatos487: raises $0.76 to $0.91 and is all-in
Unikul_Ar: folds 
TheMackel: calls $0.76
ginolas69: folds 
*** FLOP *** [3h Th Ts]
*** TURN *** [3h Th Ts] [4d]
*** RIVER *** [3h Th Ts 4d] [Kh]
*** SHOW DOWN ***
renatos487: shows [Jh Kc] (two pair, Kings and Tens)
TheMackel: shows [Ad 8d] (a pair of Tens)
renatos487 collected $1.46 from side pot
ebridgen: shows [Qs Qc] (two pair, Queens and Tens)
renatos487 collected $0.61 from main pot
*** SUMMARY ***
Total pot $2.15 Main pot $0.61. Side pot $1.46. | Rake $0.08 
Board [3h Th Ts 4d Kh]
Seat 1: renatos487 (big blind) showed [Jh Kc] and won ($2.07) with two pair, Kings and Tens
Seat 2: kozhemsm folded before Flop (didn't bet)
Seat 3: Unikul_Ar folded before Flop
Seat 4: Grf79 folded before Flop (didn't bet)
Seat 5: Dorex2007 folded before Flop (didn't bet)
Seat 6: ebridgen showed [Qs Qc] and lost with two pair, Queens and Tens
Seat 7: TheMackel showed [Ad 8d] and lost with a pair of Tens
Seat 8: ginolas69 (button) folded before Flop
Seat 9: Jebacle (small blind) folded before Flop



PokerStars Hand #230592243662:  Hold'em No Limit ($0.01/$0.02 USD) - 2021/10/14 0:27:21 PT [2021/10/14 3:27:21 ET]
Table 'Isonoe III' 9-max Seat #9 is the button
Seat 1: renatos487 ($2.07 in chips) 
Seat 2: kozhemsm ($2.35 in chips) 
Seat 3: Unikul_Ar ($0.37 in chips) 
Seat 4: Grf79 ($0.83 in chips) 
Seat 5: Dorex2007 ($2.37 in chips) 
Seat 7: TheMackel ($0.04 in chips) 
Seat 8: ginolas69 ($2 in chips) 
Seat 9: Jebacle ($2.23 in chips) 
renatos487: posts small blind $0.01
kozhemsm: posts big blind $0.02
*** HOLE CARDS ***
Dealt to Dorex2007 [9d 2s]
Unikul_Ar: folds 
Grf79: folds 
Dorex2007: folds 
TheMackel: raises $0.02 to $0.04 and is all-in
ginolas69: calls $0.04
Jebacle: folds 
renatos487: folds 
kozhemsm: folds 
renatos487 leaves the table
ginolas69 has timed out
*** FLOP *** [Ks Ad Ts]
*** TURN *** [Ks Ad Ts] [9c]
*** RIVER *** [Ks Ad Ts 9c] [Kc]
*** SHOW DOWN ***
TheMackel: shows [3s 3c] (two pair, Kings and Threes)
ginolas69: shows [Qh 9s] (two pair, Kings and Nines)
ginolas69 collected $0.11 from pot
*** SUMMARY ***
Total pot $0.11 | Rake $0 
Board [Ks Ad Ts 9c Kc]
Seat 1: renatos487 (small blind) folded before Flop
Seat 2: kozhemsm (big blind) folded before Flop
Seat 3: Unikul_Ar folded before Flop (didn't bet)
Seat 4: Grf79 folded before Flop (didn't bet)
Seat 5: Dorex2007 folded before Flop (didn't bet)
Seat 7: TheMackel showed [3s 3c] and lost with two pair, Kings and Threes
Seat 8: ginolas69 showed [Qh 9s] and won ($0.11) with two pair, Kings and Nines
Seat 9: Jebacle (button) folded before Flop (didn't bet)



PokerStars Hand #230592248515:  Hold'em No Limit ($0.01/$0.02 USD) - 2021/10/14 0:27:54 PT [2021/10/14 3:27:54 ET]
Table 'Isonoe III' 9-max Seat #2 is the button
Seat 2: kozhemsm ($2.33 in chips) 
Seat 3: Unikul_Ar ($0.37 in chips) 
Seat 4: Grf79 ($0.83 in chips) 
Seat 5: Dorex2007 ($2.37 in chips) 
Seat 6: ebridgen ($0.88 in chips) 
Seat 8: ginolas69 ($2.07 in chips) 
Seat 9: Jebacle ($2.23 in chips) 
Unikul_Ar: posts small blind $0.01
Grf79: posts big blind $0.02
*** HOLE CARDS ***
Dealt to Dorex2007 [8d 9d]
Dorex2007: folds 
ebridgen: folds 
ginolas69: folds 
Jebacle: calls $0.02
kozhemsm: raises $0.04 to $0.06
Unikul_Ar: folds 
Grf79: folds 
nobb777 joins the table at seat #1 
Jebacle: calls $0.04
*** FLOP *** [Kc Ad Qs]
Jebacle: checks 
kozhemsm: bets $0.06
Jebacle: calls $0.06
*** TURN *** [Kc Ad Qs] [6d]
Jebacle: checks 
kozhemsm: checks 
*** RIVER *** [Kc Ad Qs 6d] [6c]
Jebacle: bets $0.10
kozhemsm: calls $0.10
*** SHOW DOWN ***
Jebacle: shows [Jd 3d] (a pair of Sixes)
kozhemsm: shows [Jh Qd] (two pair, Queens and Sixes)
kozhemsm collected $0.45 from pot
*** SUMMARY ***
Total pot $0.47 | Rake $0.02 
Board [Kc Ad Qs 6d 6c]
Seat 2: kozhemsm (button) showed [Jh Qd] and won ($0.45) with two pair, Queens and Sixes
Seat 3: Unikul_Ar (small blind) folded before Flop
Seat 4: Grf79 (big blind) folded before Flop
Seat 5: Dorex2007 folded before Flop (didn't bet)
Seat 6: ebridgen folded before Flop (didn't bet)
Seat 8: ginolas69 folded before Flop (didn't bet)
Seat 9: Jebacle showed [Jd 3d] and lost with a pair of Sixes



PokerStars Hand #230592258385:  Hold'em No Limit ($0.01/$0.02 USD) - 2021/10/14 0:29:01 PT [2021/10/14 3:29:01 ET]
Table 'Isonoe III' 9-max Seat #3 is the button
Seat 1: nobb777 ($0.80 in chips) 
Seat 2: kozhemsm ($2.56 in chips) 
Seat 3: Unikul_Ar ($0.36 in chips) 
Seat 4: Grf79 ($0.81 in chips) 
Seat 5: Dorex2007 ($2.37 in chips) 
Seat 6: ebridgen ($0.88 in chips) 
Seat 7: TheMackel ($0.80 in chips) 
Seat 8: ginolas69 ($2.07 in chips) 
Seat 9: Jebacle ($2.01 in chips) 
Grf79: posts small blind $0.01
Dorex2007: posts big blind $0.02
nobb777: posts big blind $0.02
*** HOLE CARDS ***
Dealt to Dorex2007 [5h 3d]
ebridgen: folds 
TheMackel: folds 
ginolas69: folds 
Jebacle: raises $0.02 to $0.04
nobb777: calls $0.02
kozhemsm: folds 
Unikul_Ar: folds 
Grf79: folds 
Dorex2007: folds 
*** FLOP *** [9c 6c 7c]
Jebacle: bets $0.04
nobb777: folds 
Uncalled bet ($0.04) returned to Jebacle
Jebacle collected $0.11 from pot
Jebacle: doesn't show hand 
*** SUMMARY ***
Total pot $0.11 | Rake $0 
Board [9c 6c 7c]
Seat 1: nobb777 folded on the Flop
Seat 2: kozhemsm folded before Flop (didn't bet)
Seat 3: Unikul_Ar (button) folded before Flop (didn't bet)
Seat 4: Grf79 (small blind) folded before Flop
Seat 5: Dorex2007 (big blind) folded before Flop
Seat 6: ebridgen folded before Flop (didn't bet)
Seat 7: TheMackel folded before Flop (didn't bet)
Seat 8: ginolas69 folded before Flop (didn't bet)
Seat 9: Jebacle collected ($0.11)



PokerStars Hand #230592262771:  Hold'em No Limit ($0.01/$0.02 USD) - 2021/10/14 0:29:31 PT [2021/10/14 3:29:31 ET]
Table 'Isonoe III' 9-max Seat #4 is the button
Seat 1: nobb777 ($0.76 in chips) 
Seat 2: kozhemsm ($2.56 in chips) 
Seat 3: Unikul_Ar ($0.36 in chips) 
Seat 4: Grf79 ($0.80 in chips) 
Seat 5: Dorex2007 ($2.35 in chips) 
Seat 6: ebridgen ($0.88 in chips) 
Seat 7: TheMackel ($0.88 in chips) 
Seat 8: ginolas69 ($2.07 in chips) 
Seat 9: Jebacle ($2.08 in chips) 
Dorex2007: posts small blind $0.01
ebridgen: posts big blind $0.02
*** HOLE CARDS ***
Dealt to Dorex2007 [Ac Th]
TheMackel: calls $0.02
ginolas69: folds 
Jebacle: raises $0.06 to $0.08
nobb777: folds 
kozhemsm: folds 
Unikul_Ar: calls $0.08
Grf79: folds 
Dorex2007: folds 
ebridgen: folds 
TheMackel: folds 
*** FLOP *** [7d 2h Qc]
Jebacle: bets $0.30
Unikul_Ar: calls $0.28 and is all-in
Uncalled bet ($0.02) returned to Jebacle
*** TURN *** [7d 2h Qc] [Ts]
*** RIVER *** [7d 2h Qc Ts] [3s]
*** SHOW DOWN ***
Jebacle: shows [8h 8s] (a pair of Eights)
Unikul_Ar: shows [Ah Qh] (a pair of Queens)
Unikul_Ar cashed out the hand for $0.66 | Cash Out Fee $0.01
*** SUMMARY ***
Total pot $0.77 | Rake $0.03 
Board [7d 2h Qc Ts 3s]
Seat 1: nobb777 folded before Flop (didn't bet)
Seat 2: kozhemsm folded before Flop (didn't bet)
Seat 3: Unikul_Ar showed [Ah Qh] and won ($0.74) with a pair of Queens (pot not awarded as player cashed out)
Seat 4: Grf79 (button) folded before Flop (didn't bet)
Seat 5: Dorex2007 (small blind) folded before Flop
Seat 6: ebridgen (big blind) folded before Flop
Seat 7: TheMackel folded before Flop
Seat 8: ginolas69 folded before Flop (didn't bet)
Seat 9: Jebacle showed [8h 8s] and lost with a pair of Eights



PokerStars Hand #230592269886:  Hold'em No Limit ($0.01/$0.02 USD) - 2021/10/14 0:30:20 PT [2021/10/14 3:30:20 ET]
Table 'Isonoe III' 9-max Seat #5 is the button
Seat 1: nobb777 ($0.76 in chips) 
Seat 2: kozhemsm ($2.56 in chips) 
Seat 3: Unikul_Ar ($0.66 in chips) 
Seat 4: Grf79 ($0.80 in chips) 
Seat 5: Dorex2007 ($2.34 in chips) 
Seat 6: ebridgen ($0.86 in chips) 
Seat 7: TheMackel ($0.86 in chips) 
Seat 8: ginolas69 ($2.07 in chips) 
Seat 9: Jebacle ($1.72 in chips) 
ebridgen: posts small blind $0.01
TheMackel: posts big blind $0.02
*** HOLE CARDS ***
Dealt to Dorex2007 [2h 8s]
ginolas69: raises $0.02 to $0.04
Jebacle: folds 
nobb777: folds 
kozhemsm: folds 
Unikul_Ar: folds 
Grf79: folds 
Dorex2007: folds 
ebridgen: folds 
TheMackel: calls $0.02
*** FLOP *** [3d 5h 4c]
TheMackel: checks 
ginolas69: checks 
*** TURN *** [3d 5h 4c] [Ks]
TheMackel: bets $0.02
ginolas69: calls $0.02
*** RIVER *** [3d 5h 4c Ks] [Kc]
TheMackel: bets $0.08
ginolas69: folds 
Uncalled bet ($0.08) returned to TheMackel
TheMackel collected $0.13 from pot
TheMackel: doesn't show hand 
*** SUMMARY ***
Total pot $0.13 | Rake $0 
Board [3d 5h 4c Ks Kc]
Seat 1: nobb777 folded before Flop (didn't bet)
Seat 2: kozhemsm folded before Flop (didn't bet)
Seat 3: Unikul_Ar folded before Flop (didn't bet)
Seat 4: Grf79 folded before Flop (didn't bet)
Seat 5: Dorex2007 (button) folded before Flop (didn't bet)
Seat 6: ebridgen (small blind) folded before Flop
Seat 7: TheMackel (big blind) collected ($0.13)
Seat 8: ginolas69 folded on the River
Seat 9: Jebacle folded before Flop (didn't bet)



PokerStars Hand #230592277338:  Hold'em No Limit ($0.01/$0.02 USD) - 2021/10/14 0:31:11 PT [2021/10/14 3:31:11 ET]
Table 'Isonoe III' 9-max Seat #6 is the button
Seat 1: nobb777 ($0.76 in chips) 
Seat 2: kozhemsm ($2.56 in chips) 
Seat 3: Unikul_Ar ($0.66 in chips) 
Seat 4: Grf79 ($0.80 in chips) 
Seat 5: Dorex2007 ($2.34 in chips) 
Seat 6: ebridgen ($0.85 in chips) 
Seat 7: TheMackel ($0.93 in chips) 
Seat 8: ginolas69 ($2.01 in chips) 
Seat 9: Jebacle ($1.72 in chips) 
TheMackel: posts small blind $0.01
ginolas69: posts big blind $0.02
*** HOLE CARDS ***
Dealt to Dorex2007 [6s Td]
Jebacle: folds 
nobb777: raises $0.04 to $0.06
kozhemsm: folds 
Unikul_Ar: folds 
Grf79: folds 
Dorex2007: folds 
ebridgen: raises $0.04 to $0.10
TheMackel: calls $0.09
ginolas69: calls $0.08
nobb777: calls $0.04
*** FLOP *** [9h Ts Qs]
TheMackel: checks 
ginolas69: checks 
nobb777: bets $0.19
ebridgen: calls $0.19
TheMackel: folds 
ginolas69: folds 
*** TURN *** [9h Ts Qs] [Js]
nobb777: bets $0.47 and is all-in
ebridgen: folds 
Uncalled bet ($0.47) returned to nobb777
nobb777 collected $0.75 from pot
nobb777: doesn't show hand 
*** SUMMARY ***
Total pot $0.78 | Rake $0.03 
Board [9h Ts Qs Js]
Seat 1: nobb777 collected ($0.75)
Seat 2: kozhemsm folded before Flop (didn't bet)
Seat 3: Unikul_Ar folded before Flop (didn't bet)
Seat 4: Grf79 folded before Flop (didn't bet)
Seat 5: Dorex2007 folded before Flop (didn't bet)
Seat 6: ebridgen (button) folded on the Turn
Seat 7: TheMackel (small blind) folded on the Flop
Seat 8: ginolas69 (big blind) folded on the Flop
Seat 9: Jebacle folded before Flop (didn't bet)



PokerStars Hand #230592287706:  Hold'em No Limit ($0.01/$0.02 USD) - 2021/10/14 0:32:22 PT [2021/10/14 3:32:22 ET]
Table 'Isonoe III' 9-max Seat #7 is the button
Seat 1: nobb777 ($1.22 in chips) 
Seat 2: kozhemsm ($2.56 in chips) 
Seat 3: Unikul_Ar ($0.66 in chips) 
Seat 4: Grf79 ($0.80 in chips) 
Seat 5: Dorex2007 ($2.34 in chips) 
Seat 6: ebridgen ($0.56 in chips) 
Seat 7: TheMackel ($0.83 in chips) 
Seat 8: ginolas69 ($1.91 in chips) 
Seat 9: Jebacle ($1.72 in chips) 
ginolas69: posts small blind $0.01
Jebacle: posts big blind $0.02
*** HOLE CARDS ***
Dealt to Dorex2007 [4h 2c]
nobb777: folds 
kozhemsm: folds 
Unikul_Ar: folds 
Grf79: folds 
Dorex2007: folds 
ebridgen: raises $0.02 to $0.04
TheMackel: raises $0.06 to $0.10
ginolas69: calls $0.09
Jebacle: folds 
ebridgen: folds 
*** FLOP *** [3h Ac 2d]
ginolas69: checks 
TheMackel: bets $0.15
ginolas69: folds 
Uncalled bet ($0.15) returned to TheMackel
TheMackel collected $0.25 from pot
TheMackel: doesn't show hand 
*** SUMMARY ***
Total pot $0.26 | Rake $0.01 
Board [3h Ac 2d]
Seat 1: nobb777 folded before Flop (didn't bet)
Seat 2: kozhemsm folded before Flop (didn't bet)
Seat 3: Unikul_Ar folded before Flop (didn't bet)
Seat 4: Grf79 folded before Flop (didn't bet)
Seat 5: Dorex2007 folded before Flop (didn't bet)
Seat 6: ebridgen folded before Flop
Seat 7: TheMackel (button) collected ($0.25)
Seat 8: ginolas69 (small blind) folded on the Flop
Seat 9: Jebacle (big blind) folded before Flop



PokerStars Hand #230592292150:  Hold'em No Limit ($0.01/$0.02 USD) - 2021/10/14 0:32:53 PT [2021/10/14 3:32:53 ET]
Table 'Isonoe III' 9-max Seat #8 is the button
Seat 1: nobb777 ($1.22 in chips) 
Seat 2: kozhemsm ($2.56 in chips) 
Seat 3: Unikul_Ar ($0.66 in chips) 
Seat 4: Grf79 ($0.80 in chips) 
Seat 5: Dorex2007 ($2.34 in chips) 
Seat 6: ebridgen ($0.52 in chips) 
Seat 7: TheMackel ($0.98 in chips) 
Seat 8: ginolas69 ($1.81 in chips) 
Seat 9: Jebacle ($1.70 in chips) 
Jebacle: posts small blind $0.01
nobb777: posts big blind $0.02
*** HOLE CARDS ***
Dealt to Dorex2007 [5c Qd]
kozhemsm: folds 
Unikul_Ar: folds 
Grf79: folds 
Dorex2007: folds 
ebridgen: folds 
TheMackel: calls $0.02
ginolas69: calls $0.02
Jebacle: raises $0.08 to $0.10
nobb777: folds 
TheMackel: folds 
ginolas69: folds 
Uncalled bet ($0.08) returned to Jebacle
Jebacle collected $0.08 from pot
Jebacle: doesn't show hand 
*** SUMMARY ***
Total pot $0.08 | Rake $0 
Seat 1: nobb777 (big blind) folded before Flop
Seat 2: kozhemsm folded before Flop (didn't bet)
Seat 3: Unikul_Ar folded before Flop (didn't bet)
Seat 4: Grf79 folded before Flop (didn't bet)
Seat 5: Dorex2007 folded before Flop (didn't bet)
Seat 6: ebridgen folded before Flop (didn't bet)
Seat 7: TheMackel folded before Flop
Seat 8: ginolas69 (button) folded before Flop
Seat 9: Jebacle (small blind) collected ($0.08)



PokerStars Hand #230592297046:  Hold'em No Limit ($0.01/$0.02 USD) - 2021/10/14 0:33:25 PT [2021/10/14 3:33:25 ET]
Table 'Isonoe III' 9-max Seat #9 is the button
Seat 1: nobb777 ($1.20 in chips) 
Seat 2: kozhemsm ($2.56 in chips) 
Seat 3: Unikul_Ar ($0.66 in chips) 
Seat 4: Grf79 ($0.80 in chips) 
Seat 5: Dorex2007 ($2.34 in chips) 
Seat 6: ebridgen ($0.52 in chips) 
Seat 7: TheMackel ($0.96 in chips) 
Seat 8: ginolas69 ($1.79 in chips) 
Seat 9: Jebacle ($1.76 in chips) 
nobb777: posts small blind $0.01
kozhemsm: posts big blind $0.02
*** HOLE CARDS ***
Dealt to Dorex2007 [Qs 8c]
Unikul_Ar: folds 
Grf79: folds 
Dorex2007: folds 
ebridgen: folds 
TheMackel: raises $0.04 to $0.06
ginolas69: calls $0.06
Jebacle: raises $0.46 to $0.52
nobb777: folds 
kozhemsm: folds 
TheMackel: folds 
ginolas69: folds 
Uncalled bet ($0.46) returned to Jebacle
Jebacle collected $0.21 from pot
Jebacle: doesn't show hand 
*** SUMMARY ***
Total pot $0.21 | Rake $0 
Seat 1: nobb777 (small blind) folded before Flop
Seat 2: kozhemsm (big blind) folded before Flop
Seat 3: Unikul_Ar folded before Flop (didn't bet)
Seat 4: Grf79 folded before Flop (didn't bet)
Seat 5: Dorex2007 folded before Flop (didn't bet)
Seat 6: ebridgen folded before Flop (didn't bet)
Seat 7: TheMackel folded before Flop
Seat 8: ginolas69 folded before Flop
Seat 9: Jebacle (button) collected ($0.21)



PokerStars Hand #230592307121:  Hold'em No Limit ($0.01/$0.02 USD) - 2021/10/14 0:34:34 PT [2021/10/14 3:34:34 ET]
Table 'Isonoe III' 9-max Seat #1 is the button
Seat 1: nobb777 ($1.19 in chips) 
Seat 2: kozhemsm ($2.54 in chips) 
Seat 3: Unikul_Ar ($0.66 in chips) 
Seat 4: Grf79 ($0.80 in chips) 
Seat 5: Dorex2007 ($2.34 in chips) 
Seat 6: ebridgen ($0.52 in chips) 
Seat 7: TheMackel ($0.90 in chips) 
Seat 8: ginolas69 ($1.73 in chips) 
Seat 9: Jebacle ($1.91 in chips) 
kozhemsm: posts small blind $0.01
Unikul_Ar: posts big blind $0.02
*** HOLE CARDS ***
Dealt to Dorex2007 [8s Qc]
Grf79: folds 
Dorex2007: folds 
ebridgen: calls $0.02
TheMackel: folds 
ginolas69: calls $0.02
Jebacle: calls $0.02
nobb777: folds 
kozhemsm: calls $0.01
Unikul_Ar: checks 
*** FLOP *** [6c 8d Ah]
kozhemsm: checks 
Unikul_Ar: checks 
ebridgen: checks 
ginolas69: bets $0.07
Jebacle: folds 
kozhemsm: folds 
Unikul_Ar: folds 
ebridgen: calls $0.07
*** TURN *** [6c 8d Ah] [Td]
ebridgen: checks 
ginolas69: bets $1.64 and is all-in
ebridgen: calls $0.43 and is all-in
Uncalled bet ($1.21) returned to ginolas69
*** RIVER *** [6c 8d Ah Td] [2c]
*** SHOW DOWN ***
ebridgen: shows [9c Jc] (high card Ace)
ginolas69: shows [6s Ad] (two pair, Aces and Sixes)
ginolas69 cashed out the hand for $0.85 | Cash Out Fee $0.01
*** SUMMARY ***
Total pot $1.10 | Rake $0.04 
Board [6c 8d Ah Td 2c]
Seat 1: nobb777 (button) folded before Flop (didn't bet)
Seat 2: kozhemsm (small blind) folded on the Flop
Seat 3: Unikul_Ar (big blind) folded on the Flop
Seat 4: Grf79 folded before Flop (didn't bet)
Seat 5: Dorex2007 folded before Flop (didn't bet)
Seat 6: ebridgen showed [9c Jc] and lost with high card Ace
Seat 7: TheMackel folded before Flop (didn't bet)
Seat 8: ginolas69 showed [6s Ad] and won ($1.06) with two pair, Aces and Sixes (pot not awarded as player cashed out)
Seat 9: Jebacle folded on the Flop



PokerStars Hand #230592323244:  Hold'em No Limit ($0.01/$0.02 USD) - 2021/10/14 0:36:22 PT [2021/10/14 3:36:22 ET]
Table 'Isonoe III' 9-max Seat #2 is the button
Seat 1: nobb777 ($1.19 in chips) 
Seat 2: kozhemsm ($2.52 in chips) 
Seat 3: Unikul_Ar ($0.64 in chips) 
Seat 4: Grf79 ($0.80 in chips) 
Seat 5: Dorex2007 ($2.34 in chips) 
Seat 7: TheMackel ($0.90 in chips) 
Seat 8: ginolas69 ($2.06 in chips) 
Seat 9: Jebacle ($1.89 in chips) 
Unikul_Ar: posts small blind $0.01
Grf79: posts big blind $0.02
*** HOLE CARDS ***
Dealt to Dorex2007 [7h 2s]
Dorex2007: folds 
TheMackel: raises $0.04 to $0.06
ginolas69: calls $0.06
Jebacle: folds 
nobb777: folds 
kozhemsm: folds 
Unikul_Ar: folds 
Grf79: folds 
*** FLOP *** [7c 6c 2c]
TheMackel: bets $0.08
ginolas69: folds 
Uncalled bet ($0.08) returned to TheMackel
TheMackel collected $0.14 from pot
TheMackel: doesn't show hand 
*** SUMMARY ***
Total pot $0.15 | Rake $0.01 
Board [7c 6c 2c]
Seat 1: nobb777 folded before Flop (didn't bet)
Seat 2: kozhemsm (button) folded before Flop (didn't bet)
Seat 3: Unikul_Ar (small blind) folded before Flop
Seat 4: Grf79 (big blind) folded before Flop
Seat 5: Dorex2007 folded before Flop (didn't bet)
Seat 7: TheMackel collected ($0.14)
Seat 8: ginolas69 folded on the Flop
Seat 9: Jebacle folded before Flop (didn't bet)



PokerStars Hand #230592327497:  Hold'em No Limit ($0.01/$0.02 USD) - 2021/10/14 0:36:50 PT [2021/10/14 3:36:50 ET]
Table 'Isonoe III' 9-max Seat #3 is the button
Seat 1: nobb777 ($1.19 in chips) 
Seat 2: kozhemsm ($2.52 in chips) 
Seat 3: Unikul_Ar ($0.63 in chips) 
Seat 4: Grf79 ($0.78 in chips) 
Seat 5: Dorex2007 ($2.34 in chips) 
Seat 6: ebridgen ($0.80 in chips) 
Seat 7: TheMackel ($0.98 in chips) 
Seat 8: ginolas69 ($2 in chips) 
Seat 9: Jebacle ($1.89 in chips) 
Grf79: posts small blind $0.01
Dorex2007: posts big blind $0.02
*** HOLE CARDS ***
Dealt to Dorex2007 [3c Jd]
ebridgen: raises $0.02 to $0.04
TheMackel: calls $0.04
ginolas69: calls $0.04
Jebacle: folds 
nobb777: folds 
kozhemsm: folds 
Unikul_Ar: calls $0.04
Grf79: folds 
Dorex2007: folds 
*** FLOP *** [9h 6s 5d]
ebridgen: bets $0.04
TheMackel: calls $0.04
ginolas69: folds 
Unikul_Ar: folds 
*** TURN *** [9h 6s 5d] [4c]
ebridgen: checks 
TheMackel: bets $0.06
ebridgen: calls $0.06
*** RIVER *** [9h 6s 5d 4c] [7h]
ebridgen: checks 
TheMackel: checks 
*** SHOW DOWN ***
ebridgen: shows [9d Qc] (a pair of Nines)
TheMackel: shows [7c 5s] (two pair, Sevens and Fives)
TheMackel collected $0.38 from pot
*** SUMMARY ***
Total pot $0.39 | Rake $0.01 
Board [9h 6s 5d 4c 7h]
Seat 1: nobb777 folded before Flop (didn't bet)
Seat 2: kozhemsm folded before Flop (didn't bet)
Seat 3: Unikul_Ar (button) folded on the Flop
Seat 4: Grf79 (small blind) folded before Flop
Seat 5: Dorex2007 (big blind) folded before Flop
Seat 6: ebridgen showed [9d Qc] and lost with a pair of Nines
Seat 7: TheMackel showed [7c 5s] and won ($0.38) with two pair, Sevens and Fives
Seat 8: ginolas69 folded on the Flop
Seat 9: Jebacle folded before Flop (didn't bet)



PokerStars Hand #230592338740:  Hold'em No Limit ($0.01/$0.02 USD) - 2021/10/14 0:38:05 PT [2021/10/14 3:38:05 ET]
Table 'Isonoe III' 9-max Seat #4 is the button
Seat 1: nobb777 ($1.19 in chips) 
Seat 2: kozhemsm ($2.52 in chips) 
Seat 3: Unikul_Ar ($0.59 in chips) 
Seat 4: Grf79 ($0.77 in chips) 
Seat 5: Dorex2007 ($2.32 in chips) 
Seat 6: ebridgen ($0.66 in chips) 
Seat 7: TheMackel ($1.22 in chips) 
Seat 8: ginolas69 ($1.96 in chips) 
Seat 9: Jebacle ($1.89 in chips) 
Dorex2007: posts small blind $0.01
ebridgen: posts big blind $0.02
*** HOLE CARDS ***
Dealt to Dorex2007 [7s 7d]
TheMackel: raises $0.04 to $0.06
ginolas69: folds 
Jebacle: calls $0.06
nobb777: folds 
kozhemsm: folds 
Unikul_Ar: folds 
Grf79: calls $0.06
Dorex2007: folds 
ebridgen: raises $0.04 to $0.10
TheMackel: calls $0.04
Jebacle: calls $0.04
Grf79: calls $0.04
*** FLOP *** [Qc 5c 2c]
ebridgen: checks 
TheMackel: bets $0.70
Jebacle: folds 
Grf79: folds 
ebridgen: folds 
Uncalled bet ($0.70) returned to TheMackel
TheMackel collected $0.40 from pot
TheMackel: doesn't show hand 
*** SUMMARY ***
Total pot $0.41 | Rake $0.01 
Board [Qc 5c 2c]
Seat 1: nobb777 folded before Flop (didn't bet)
Seat 2: kozhemsm folded before Flop (didn't bet)
Seat 3: Unikul_Ar folded before Flop (didn't bet)
Seat 4: Grf79 (button) folded on the Flop
Seat 5: Dorex2007 (small blind) folded before Flop
Seat 6: ebridgen (big blind) folded on the Flop
Seat 7: TheMackel collected ($0.40)
Seat 8: ginolas69 folded before Flop (didn't bet)
Seat 9: Jebacle folded on the Flop



PokerStars Hand #230592348109:  Hold'em No Limit ($0.01/$0.02 USD) - 2021/10/14 0:39:09 PT [2021/10/14 3:39:09 ET]
Table 'Isonoe III' 9-max Seat #5 is the button
Seat 1: nobb777 ($1.19 in chips) 
Seat 2: kozhemsm ($2.52 in chips) 
Seat 3: Unikul_Ar ($0.59 in chips) 
Seat 4: Grf79 ($0.67 in chips) 
Seat 5: Dorex2007 ($2.31 in chips) 
Seat 6: ebridgen ($0.56 in chips) 
Seat 7: TheMackel ($1.52 in chips) 
Seat 8: ginolas69 ($1.96 in chips) 
Seat 9: Jebacle ($1.79 in chips) 
ebridgen: posts small blind $0.01
TheMackel: posts big blind $0.02
*** HOLE CARDS ***
Dealt to Dorex2007 [Ah Js]
ginolas69: folds 
Jebacle: folds 
nobb777: calls $0.02
kozhemsm: folds 
Unikul_Ar: folds 
Grf79: calls $0.02
Dorex2007: raises $0.02 to $0.04
ebridgen: folds 
TheMackel: calls $0.02
nobb777: calls $0.02
Grf79: calls $0.02
*** FLOP *** [6h Ad 6s]
TheMackel: checks 
nobb777: checks 
Grf79: checks 
Dorex2007: bets $0.11
TheMackel: folds 
nobb777: folds 
Grf79: folds 
Uncalled bet ($0.11) returned to Dorex2007
Dorex2007 collected $0.16 from pot
Dorex2007: doesn't show hand 
*** SUMMARY ***
Total pot $0.17 | Rake $0.01 
Board [6h Ad 6s]
Seat 1: nobb777 folded on the Flop
Seat 2: kozhemsm folded before Flop (didn't bet)
Seat 3: Unikul_Ar folded before Flop (didn't bet)
Seat 4: Grf79 folded on the Flop
Seat 5: Dorex2007 (button) collected ($0.16)
Seat 6: ebridgen (small blind) folded before Flop
Seat 7: TheMackel (big blind) folded on the Flop
Seat 8: ginolas69 folded before Flop (didn't bet)
Seat 9: Jebacle folded before Flop (didn't bet)



PokerStars Hand #230592357516:  Hold'em No Limit ($0.01/$0.02 USD) - 2021/10/14 0:40:12 PT [2021/10/14 3:40:12 ET]
Table 'Isonoe III' 9-max Seat #6 is the button
Seat 1: nobb777 ($1.15 in chips) 
Seat 2: kozhemsm ($2.52 in chips) 
Seat 3: Unikul_Ar ($0.59 in chips) 
Seat 4: Grf79 ($0.63 in chips) 
Seat 5: Dorex2007 ($2.43 in chips) 
Seat 6: ebridgen ($0.55 in chips) 
Seat 7: TheMackel ($1.48 in chips) 
Seat 8: ginolas69 ($1.96 in chips) 
Seat 9: Jebacle ($1.79 in chips) 
TheMackel: posts small blind $0.01
ginolas69: posts big blind $0.02
*** HOLE CARDS ***
Dealt to Dorex2007 [3c 8s]
Jebacle: folds 
nobb777: folds 
kozhemsm: folds 
Unikul_Ar: calls $0.02
Grf79: folds 
Dorex2007: folds 
ebridgen: folds 
TheMackel has timed out
TheMackel: folds 
ginolas69: checks 
*** FLOP *** [Th Ad 5s]
ginolas69: checks 
Unikul_Ar has timed out
Unikul_Ar: checks 
*** TURN *** [Th Ad 5s] [4s]
ginolas69: checks 
Unikul_Ar: bets $0.02
ginolas69: folds 
Uncalled bet ($0.02) returned to Unikul_Ar
Unikul_Ar collected $0.05 from pot
Unikul_Ar: doesn't show hand 
*** SUMMARY ***
Total pot $0.05 | Rake $0 
Board [Th Ad 5s 4s]
Seat 1: nobb777 folded before Flop (didn't bet)
Seat 2: kozhemsm folded before Flop (didn't bet)
Seat 3: Unikul_Ar collected ($0.05)
Seat 4: Grf79 folded before Flop (didn't bet)
Seat 5: Dorex2007 folded before Flop (didn't bet)
Seat 6: ebridgen (button) folded before Flop (didn't bet)
Seat 7: TheMackel (small blind) folded before Flop
Seat 8: ginolas69 (big blind) folded on the Turn
Seat 9: Jebacle folded before Flop (didn't bet)



PokerStars Hand #230592374009:  Hold'em No Limit ($0.01/$0.02 USD) - 2021/10/14 0:42:03 PT [2021/10/14 3:42:03 ET]
Table 'Isonoe III' 9-max Seat #7 is the button
Seat 1: nobb777 ($1.15 in chips) 
Seat 2: kozhemsm ($2.52 in chips) 
Seat 3: Unikul_Ar ($0.62 in chips) 
Seat 4: Grf79 ($0.63 in chips) 
Seat 5: Dorex2007 ($2.43 in chips) 
Seat 6: ebridgen ($0.55 in chips) 
Seat 7: TheMackel ($1.47 in chips) 
Seat 8: ginolas69 ($1.94 in chips) 
Seat 9: Jebacle ($1.79 in chips) 
ginolas69: posts small blind $0.01
Jebacle: posts big blind $0.02
*** HOLE CARDS ***
Dealt to Dorex2007 [As 2d]
nobb777: folds 
kozhemsm: raises $0.03 to $0.05
Unikul_Ar: folds 
Grf79: folds 
Dorex2007: folds 
ebridgen: calls $0.05
TheMackel: calls $0.05
ginolas69: folds 
Jebacle: calls $0.03
*** FLOP *** [Kh 3h 9s]
Jebacle: checks 
kozhemsm: bets $0.08
ebridgen: calls $0.08
TheMackel: folds 
Jebacle: folds 
*** TURN *** [Kh 3h 9s] [4h]
kozhemsm: checks 
ebridgen: bets $0.08
kozhemsm: raises $2.31 to $2.39 and is all-in
ebridgen: folds 
Uncalled bet ($2.31) returned to kozhemsm
kozhemsm collected $0.51 from pot
kozhemsm: doesn't show hand 
*** SUMMARY ***
Total pot $0.53 | Rake $0.02 
Board [Kh 3h 9s 4h]
Seat 1: nobb777 folded before Flop (didn't bet)
Seat 2: kozhemsm collected ($0.51)
Seat 3: Unikul_Ar folded before Flop (didn't bet)
Seat 4: Grf79 folded before Flop (didn't bet)
Seat 5: Dorex2007 folded before Flop (didn't bet)
Seat 6: ebridgen folded on the Turn
Seat 7: TheMackel (button) folded on the Flop
Seat 8: ginolas69 (small blind) folded before Flop
Seat 9: Jebacle (big blind) folded on the Flop



PokerStars Hand #230592386759:  Hold'em No Limit ($0.01/$0.02 USD) - 2021/10/14 0:43:29 PT [2021/10/14 3:43:29 ET]
Table 'Isonoe III' 9-max Seat #8 is the button
Seat 1: nobb777 ($1.15 in chips) 
Seat 2: kozhemsm ($2.82 in chips) 
Seat 3: Unikul_Ar ($0.62 in chips) 
Seat 4: Grf79 ($0.63 in chips) 
Seat 5: Dorex2007 ($2.43 in chips) 
Seat 6: ebridgen ($0.34 in chips) 
Seat 7: TheMackel ($1.42 in chips) 
Seat 8: ginolas69 ($1.93 in chips) 
Seat 9: Jebacle ($1.74 in chips) 
Jebacle: posts small blind $0.01
nobb777: posts big blind $0.02
*** HOLE CARDS ***
Dealt to Dorex2007 [Kc Qh]
kozhemsm: raises $0.03 to $0.05
Unikul_Ar: folds 
Grf79: folds 
Dorex2007: calls $0.05
ebridgen: calls $0.05
TheMackel: calls $0.05
ginolas69: folds 
Jebacle: calls $0.04
nobb777: calls $0.03
*** FLOP *** [6h 2s 3c]
Jebacle: checks 
nobb777: checks 
kozhemsm: bets $0.12
Dorex2007: folds 
ebridgen: folds 
TheMackel: folds 
Jebacle: folds 
nobb777: folds 
Uncalled bet ($0.12) returned to kozhemsm
kozhemsm collected $0.29 from pot
kozhemsm: doesn't show hand 
*** SUMMARY ***
Total pot $0.30 | Rake $0.01 
Board [6h 2s 3c]
Seat 1: nobb777 (big blind) folded on the Flop
Seat 2: kozhemsm collected ($0.29)
Seat 3: Unikul_Ar folded before Flop (didn't bet)
Seat 4: Grf79 folded before Flop (didn't bet)
Seat 5: Dorex2007 folded on the Flop
Seat 6: ebridgen folded on the Flop
Seat 7: TheMackel folded on the Flop
Seat 8: ginolas69 (button) folded before Flop (didn't bet)
Seat 9: Jebacle (small blind) folded on the Flop



PokerStars Hand #230592396099:  Hold'em No Limit ($0.01/$0.02 USD) - 2021/10/14 0:44:31 PT [2021/10/14 3:44:31 ET]
Table 'Isonoe III' 9-max Seat #9 is the button
Seat 1: nobb777 ($1.10 in chips) 
Seat 2: kozhemsm ($3.06 in chips) 
Seat 3: Unikul_Ar ($0.62 in chips) 
Seat 4: Grf79 ($0.63 in chips) 
Seat 5: Dorex2007 ($2.38 in chips) 
Seat 6: ebridgen ($0.29 in chips) 
Seat 7: TheMackel ($1.37 in chips) 
Seat 8: ginolas69 ($1.93 in chips) 
Seat 9: Jebacle ($1.69 in chips) 
nobb777: posts small blind $0.01
kozhemsm: posts big blind $0.02
*** HOLE CARDS ***
Dealt to Dorex2007 [3h Js]
Unikul_Ar: folds 
Grf79: folds 
Dorex2007 has timed out
Dorex2007: folds 
ebridgen: calls $0.02
TheMackel: calls $0.02
ginolas69: calls $0.02
Jebacle: folds 
nobb777: calls $0.01
kozhemsm: checks 
*** FLOP *** [6c Qd 9c]
nobb777: bets $0.02
kozhemsm: folds 
ebridgen: calls $0.02
TheMackel: folds 
ginolas69: calls $0.02
*** TURN *** [6c Qd 9c] [Th]
nobb777: bets $0.04
ebridgen: calls $0.04
ginolas69: folds 
*** RIVER *** [6c Qd 9c Th] [Qs]
nobb777: bets $0.06
ebridgen: folds 
Uncalled bet ($0.06) returned to nobb777
nobb777 collected $0.23 from pot
nobb777: doesn't show hand 
*** SUMMARY ***
Total pot $0.24 | Rake $0.01 
Board [6c Qd 9c Th Qs]
Seat 1: nobb777 (small blind) collected ($0.23)
Seat 2: kozhemsm (big blind) folded on the Flop
Seat 3: Unikul_Ar folded before Flop (didn't bet)
Seat 4: Grf79 folded before Flop (didn't bet)
Seat 5: Dorex2007 folded before Flop (didn't bet)
Seat 6: ebridgen folded on the River
Seat 7: TheMackel folded on the Flop
Seat 8: ginolas69 folded on the Turn
Seat 9: Jebacle (button) folded before Flop (didn't bet)



PokerStars Hand #230592412049:  Hold'em No Limit ($0.01/$0.02 USD) - 2021/10/14 0:46:19 PT [2021/10/14 3:46:19 ET]
Table 'Isonoe III' 9-max Seat #1 is the button
Seat 1: nobb777 ($1.25 in chips) 
Seat 2: kozhemsm ($3.04 in chips) 
Seat 3: Unikul_Ar ($0.62 in chips) 
Seat 4: Grf79 ($0.63 in chips) 
Seat 5: Dorex2007 ($2.38 in chips) 
Seat 6: ebridgen ($0.21 in chips) 
Seat 7: TheMackel ($1.35 in chips) 
Seat 8: ginolas69 ($1.89 in chips) 
Seat 9: Jebacle ($1.69 in chips) 
kozhemsm: posts small blind $0.01
Unikul_Ar: posts big blind $0.02
*** HOLE CARDS ***
Dealt to Dorex2007 [Jh 5d]
Grf79: folds 
Dorex2007: folds 
ebridgen: calls $0.02
TheMackel: raises $0.19 to $0.21
ginolas69: folds 
Jebacle: folds 
nobb777: calls $0.21
kozhemsm: folds 
Unikul_Ar: folds 
ebridgen: folds 
*** FLOP *** [Qc 7c 3d]
TheMackel: bets $1.14 and is all-in
nobb777: calls $1.04 and is all-in
Uncalled bet ($0.10) returned to TheMackel
*** TURN *** [Qc 7c 3d] [3h]
*** RIVER *** [Qc 7c 3d 3h] [8d]
*** SHOW DOWN ***
TheMackel: shows [4h 4d] (two pair, Fours and Threes)
nobb777: shows [Ah Kc] (a pair of Threes)
TheMackel cashed out the hand for $1.71 | Cash Out Fee $0.02
*** SUMMARY ***
Total pot $2.55 | Rake $0.09 
Board [Qc 7c 3d 3h 8d]
Seat 1: nobb777 (button) showed [Ah Kc] and lost with a pair of Threes
Seat 2: kozhemsm (small blind) folded before Flop
Seat 3: Unikul_Ar (big blind) folded before Flop
Seat 4: Grf79 folded before Flop (didn't bet)
Seat 5: Dorex2007 folded before Flop (didn't bet)
Seat 6: ebridgen folded before Flop
Seat 7: TheMackel showed [4h 4d] and won ($2.46) with two pair, Fours and Threes (pot not awarded as player cashed out)
Seat 8: ginolas69 folded before Flop (didn't bet)
Seat 9: Jebacle folded before Flop (didn't bet)



PokerStars Hand #230592423072:  Hold'em No Limit ($0.01/$0.02 USD) - 2021/10/14 0:47:32 PT [2021/10/14 3:47:32 ET]
Table 'Isonoe III' 9-max Seat #3 is the button
Seat 3: Unikul_Ar ($0.60 in chips) 
Seat 4: Grf79 ($0.63 in chips) 
Seat 5: Dorex2007 ($2.38 in chips) 
Seat 6: ebridgen ($0.19 in chips) 
Seat 7: TheMackel ($1.81 in chips) 
Seat 8: ginolas69 ($1.89 in chips) 
Seat 9: Jebacle ($1.69 in chips) 
Grf79: posts small blind $0.01
Dorex2007: posts big blind $0.02
*** HOLE CARDS ***
Dealt to Dorex2007 [5c Qs]
ebridgen: folds 
TheMackel: folds 
ginolas69: calls $0.02
Jebacle: folds 
nobb777 leaves the table
Unikul_Ar: calls $0.02
Grf79: folds 
alystair joins the table at seat #1 
alystair leaves the table
Dorex2007: checks 
*** FLOP *** [3s 2d Kh]
Dorex2007: checks 
Fkarika joins the table at seat #1 
ginolas69: checks 
Unikul_Ar: checks 
*** TURN *** [3s 2d Kh] [Jd]
Dorex2007: checks 
ginolas69: checks 
Unikul_Ar: checks 
*** RIVER *** [3s 2d Kh Jd] [8h]
Dorex2007: checks 
ginolas69: checks 
Unikul_Ar: checks 
*** SHOW DOWN ***
Dorex2007: shows [5c Qs] (high card King)
ginolas69: shows [Th 3h] (a pair of Threes)
Unikul_Ar: mucks hand 
ginolas69 collected $0.07 from pot
*** SUMMARY ***
Total pot $0.07 | Rake $0 
Board [3s 2d Kh Jd 8h]
Seat 3: Unikul_Ar (button) mucked [9h Qh]
Seat 4: Grf79 (small blind) folded before Flop
Seat 5: Dorex2007 (big blind) showed [5c Qs] and lost with high card King
Seat 6: ebridgen folded before Flop (didn't bet)
Seat 7: TheMackel folded before Flop (didn't bet)
Seat 8: ginolas69 showed [Th 3h] and won ($0.07) with a pair of Threes
Seat 9: Jebacle folded before Flop (didn't bet)



PokerStars Hand #230592433342:  Hold'em No Limit ($0.01/$0.02 USD) - 2021/10/14 0:48:41 PT [2021/10/14 3:48:41 ET]
Table 'Isonoe III' 9-max Seat #4 is the button
Seat 3: Unikul_Ar ($0.58 in chips) 
Seat 4: Grf79 ($0.62 in chips) 
Seat 5: Dorex2007 ($2.36 in chips) 
Seat 6: ebridgen ($0.19 in chips) 
Seat 7: TheMackel ($1.81 in chips) 
Seat 8: ginolas69 ($1.94 in chips) 
Seat 9: Jebacle ($1.69 in chips) 
Dorex2007: posts small blind $0.01
ebridgen: posts big blind $0.02
Fkarika: sits out 
*** HOLE CARDS ***
Dealt to Dorex2007 [Ah Js]
TheMackel: calls $0.02
ginolas69: folds 
Jebacle: folds 
Unikul_Ar: calls $0.02
Grf79: folds 
Dorex2007: raises $0.08 to $0.10
ebridgen: folds 
TheMackel: folds 
Unikul_Ar: calls $0.08
*** FLOP *** [2h Jh 4d]
Dorex2007: bets $2.26 and is all-in
Unikul_Ar: folds 
Uncalled bet ($2.26) returned to Dorex2007
Dorex2007 collected $0.23 from pot
Dorex2007: doesn't show hand 
*** SUMMARY ***
Total pot $0.24 | Rake $0.01 
Board [2h Jh 4d]
Seat 3: Unikul_Ar folded on the Flop
Seat 4: Grf79 (button) folded before Flop (didn't bet)
Seat 5: Dorex2007 (small blind) collected ($0.23)
Seat 6: ebridgen (big blind) folded before Flop
Seat 7: TheMackel folded before Flop
Seat 8: ginolas69 folded before Flop (didn't bet)
Seat 9: Jebacle folded before Flop (didn't bet)



PokerStars Hand #230592439995:  Hold'em No Limit ($0.01/$0.02 USD) - 2021/10/14 0:49:24 PT [2021/10/14 3:49:24 ET]
Table 'Isonoe III' 9-max Seat #5 is the button
Seat 3: Unikul_Ar ($0.48 in chips) 
Seat 4: Grf79 ($0.62 in chips) 
Seat 5: Dorex2007 ($2.49 in chips) 
Seat 6: ebridgen ($0.17 in chips) 
Seat 7: TheMackel ($1.79 in chips) 
Seat 8: ginolas69 ($1.94 in chips) 
Seat 9: Jebacle ($1.69 in chips) 
ebridgen: posts small blind $0.01
TheMackel: posts big blind $0.02
Fkarika: sits out 
*** HOLE CARDS ***
Dealt to Dorex2007 [9s 8s]
ginolas69: calls $0.02
Jebacle: folds 
Unikul_Ar: calls $0.02
Grf79: folds 
Dorex2007: calls $0.02
ebridgen: raises $0.02 to $0.04
TheMackel: calls $0.02
ginolas69: calls $0.02
Unikul_Ar: calls $0.02
Dorex2007: calls $0.02
*** FLOP *** [6d Ac Qd]
ebridgen: bets $0.04
TheMackel: folds 
ginolas69: folds 
Unikul_Ar: calls $0.04
Dorex2007: folds 
*** TURN *** [6d Ac Qd] [Ad]
ebridgen: checks 
Unikul_Ar: bets $0.13
ebridgen: calls $0.09 and is all-in
Uncalled bet ($0.04) returned to Unikul_Ar
*** RIVER *** [6d Ac Qd Ad] [6s]
*** SHOW DOWN ***
ebridgen: shows [Jh Qc] (two pair, Aces and Queens)
Unikul_Ar: shows [8c Ah] (a full house, Aces full of Sixes)
Unikul_Ar collected $0.44 from pot
*** SUMMARY ***
Total pot $0.46 | Rake $0.02 
Board [6d Ac Qd Ad 6s]
Seat 3: Unikul_Ar showed [8c Ah] and won ($0.44) with a full house, Aces full of Sixes
Seat 4: Grf79 folded before Flop (didn't bet)
Seat 5: Dorex2007 (button) folded on the Flop
Seat 6: ebridgen (small blind) showed [Jh Qc] and lost with two pair, Aces and Queens
Seat 7: TheMackel (big blind) folded on the Flop
Seat 8: ginolas69 folded on the Flop
Seat 9: Jebacle folded before Flop (didn't bet)



PokerStars Hand #230592451180:  Hold'em No Limit ($0.01/$0.02 USD) - 2021/10/14 0:50:38 PT [2021/10/14 3:50:38 ET]
Table 'Isonoe III' 9-max Seat #7 is the button
Seat 3: Unikul_Ar ($0.75 in chips) 
Seat 4: Grf79 ($0.62 in chips) 
Seat 5: Dorex2007 ($2.45 in chips) 
Seat 7: TheMackel ($1.75 in chips) 
Seat 8: ginolas69 ($1.90 in chips) 
Seat 9: Jebacle ($1.69 in chips) 
ginolas69: posts small blind $0.01
Jebacle: posts big blind $0.02
Fkarika: sits out 
*** HOLE CARDS ***
Dealt to Dorex2007 [8h Tc]
Unikul_Ar: calls $0.02
ebridgen leaves the table
Grf79: folds 
Dorex2007: folds 
Denis_T8s joins the table at seat #6 
TheMackel: calls $0.02
ginolas69: calls $0.01
Jebacle: raises $0.06 to $0.08
Unikul_Ar: calls $0.06
TheMackel: calls $0.06
ginolas69: folds 
*** FLOP *** [Ts Qc 5h]
Jebacle: bets $0.30
Unikul_Ar: folds 
TheMackel: folds 
Uncalled bet ($0.30) returned to Jebacle
Jebacle collected $0.25 from pot
Jebacle: doesn't show hand 
*** SUMMARY ***
Total pot $0.26 | Rake $0.01 
Board [Ts Qc 5h]
Seat 3: Unikul_Ar folded on the Flop
Seat 4: Grf79 folded before Flop (didn't bet)
Seat 5: Dorex2007 folded before Flop (didn't bet)
Seat 7: TheMackel (button) folded on the Flop
Seat 8: ginolas69 (small blind) folded before Flop
Seat 9: Jebacle (big blind) collected ($0.25)



PokerStars Hand #230592462158:  Hold'em No Limit ($0.01/$0.02 USD) - 2021/10/14 0:51:50 PT [2021/10/14 3:51:50 ET]
Table 'Isonoe III' 9-max Seat #8 is the button
Seat 1: Fkarika ($2 in chips) 
Seat 2: kozhemsm ($3.03 in chips) 
Seat 3: Unikul_Ar ($0.67 in chips) 
Seat 4: Grf79 ($0.62 in chips) 
Seat 5: Dorex2007 ($2.45 in chips) 
Seat 7: TheMackel ($1.67 in chips) 
Seat 8: ginolas69 ($1.88 in chips) 
Seat 9: Jebacle ($1.86 in chips) 
Jebacle: posts small blind $0.01
Fkarika: posts big blind $0.02
Denis_T8s: sits out 
*** HOLE CARDS ***
Dealt to Dorex2007 [Qh 5d]
kozhemsm: raises $0.03 to $0.05
Unikul_Ar: calls $0.05
Grf79: folds 
Dorex2007: folds 
TheMackel: folds 
ginolas69: calls $0.05
Jebacle: raises $0.25 to $0.30
Fkarika: folds 
kozhemsm: folds 
Unikul_Ar: raises $0.37 to $0.67 and is all-in
ginolas69: raises $1.21 to $1.88 and is all-in
Jebacle: calls $1.56 and is all-in
Uncalled bet ($0.02) returned to ginolas69
ginolas69 has timed out
*** FLOP *** [4h 8d Th]
*** TURN *** [4h 8d Th] [8c]
*** RIVER *** [4h 8d Th 8c] [2s]
*** SHOW DOWN ***
Jebacle: shows [Qs Qc] (two pair, Queens and Eights)
ginolas69: shows [9c 9d] (two pair, Nines and Eights)
Jebacle collected $2.29 from side pot
Unikul_Ar: shows [Ah Ac] (two pair, Aces and Eights)
Unikul_Ar cashed out the hand for $1.32 | Cash Out Fee $0.01
*** SUMMARY ***
Total pot $4.46 Main pot $2.01. Side pot $2.29. | Rake $0.16 
Board [4h 8d Th 8c 2s]
Seat 1: Fkarika (big blind) folded before Flop
Seat 2: kozhemsm folded before Flop
Seat 3: Unikul_Ar showed [Ah Ac] and won ($2.01) with two pair, Aces and Eights (pot not awarded as player cashed out)
Seat 4: Grf79 folded before Flop (didn't bet)
Seat 5: Dorex2007 folded before Flop (didn't bet)
Seat 7: TheMackel folded before Flop (didn't bet)
Seat 8: ginolas69 (button) showed [9c 9d] and lost with two pair, Nines and Eights
Seat 9: Jebacle (small blind) showed [Qs Qc] and won ($2.29) with two pair, Queens and Eights



PokerStars Hand #230592474618:  Hold'em No Limit ($0.01/$0.02 USD) - 2021/10/14 0:53:10 PT [2021/10/14 3:53:10 ET]
Table 'Isonoe III' 9-max Seat #9 is the button
Seat 1: Fkarika ($1.98 in chips) 
Seat 2: kozhemsm ($2.98 in chips) 
Seat 3: Unikul_Ar ($1.32 in chips) 
Seat 4: Grf79 ($0.62 in chips) 
Seat 5: Dorex2007 ($2.45 in chips) 
Seat 7: TheMackel ($1.67 in chips) 
Seat 8: ginolas69 ($2 in chips) 
Seat 9: Jebacle ($2.29 in chips) 
Fkarika: posts small blind $0.01
kozhemsm: posts big blind $0.02
Denis_T8s: sits out 
*** HOLE CARDS ***
Dealt to Dorex2007 [Jc Kc]
Unikul_Ar: calls $0.02
Grf79: folds 
Dorex2007: raises $0.02 to $0.04
TheMackel: folds 
ginolas69: raises $0.08 to $0.12
Jebacle: folds 
Fkarika: folds 
kozhemsm: folds 
Unikul_Ar: calls $0.10
Dorex2007: folds 
*** FLOP *** [9s 9c 6s]
Unikul_Ar: checks 
ginolas69: checks 
*** TURN *** [9s 9c 6s] [Qd]
Unikul_Ar: bets $0.15
ginolas69: folds 
Uncalled bet ($0.15) returned to Unikul_Ar
Unikul_Ar collected $0.30 from pot
Unikul_Ar: doesn't show hand 
*** SUMMARY ***
Total pot $0.31 | Rake $0.01 
Board [9s 9c 6s Qd]
Seat 1: Fkarika (small blind) folded before Flop
Seat 2: kozhemsm (big blind) folded before Flop
Seat 3: Unikul_Ar collected ($0.30)
Seat 4: Grf79 folded before Flop (didn't bet)
Seat 5: Dorex2007 folded before Flop
Seat 7: TheMackel folded before Flop (didn't bet)
Seat 8: ginolas69 folded on the Turn
Seat 9: Jebacle (button) folded before Flop (didn't bet)



PokerStars Hand #230592481960:  Hold'em No Limit ($0.01/$0.02 USD) - 2021/10/14 0:53:56 PT [2021/10/14 3:53:56 ET]
Table 'Isonoe III' 9-max Seat #1 is the button
Seat 1: Fkarika ($1.97 in chips) 
Seat 2: kozhemsm ($2.96 in chips) 
Seat 3: Unikul_Ar ($1.50 in chips) 
Seat 4: Grf79 ($0.62 in chips) 
Seat 5: Dorex2007 ($2.41 in chips) 
Seat 7: TheMackel ($1.67 in chips) 
Seat 8: ginolas69 ($1.88 in chips) 
Seat 9: Jebacle ($2.29 in chips) 
kozhemsm: posts small blind $0.01
Unikul_Ar: posts big blind $0.02
Denis_T8s: sits out 
*** HOLE CARDS ***
Dealt to Dorex2007 [5h 3c]
Grf79: calls $0.02
Dorex2007: folds 
TheMackel: folds 
ginolas69: calls $0.02
Jebacle: calls $0.02
Fkarika: raises $0.04 to $0.06
kozhemsm: folds 
Unikul_Ar: folds 
Grf79: calls $0.04
ginolas69: calls $0.04
Jebacle: calls $0.04
*** FLOP *** [4s 5s Ac]
Grf79: checks 
ginolas69: checks 
Jebacle: bets $0.12
Fkarika: folds 
Grf79: folds 
ginolas69: folds 
Uncalled bet ($0.12) returned to Jebacle
Jebacle collected $0.26 from pot
Jebacle: doesn't show hand 
*** SUMMARY ***
Total pot $0.27 | Rake $0.01 
Board [4s 5s Ac]
Seat 1: Fkarika (button) folded on the Flop
Seat 2: kozhemsm (small blind) folded before Flop
Seat 3: Unikul_Ar (big blind) folded before Flop
Seat 4: Grf79 folded on the Flop
Seat 5: Dorex2007 folded before Flop (didn't bet)
Seat 7: TheMackel folded before Flop (didn't bet)
Seat 8: ginolas69 folded on the Flop
Seat 9: Jebacle collected ($0.26)



PokerStars Hand #230592493667:  Hold'em No Limit ($0.01/$0.02 USD) - 2021/10/14 0:55:12 PT [2021/10/14 3:55:12 ET]
Table 'Isonoe III' 9-max Seat #2 is the button
Seat 1: Fkarika ($1.91 in chips) 
Seat 2: kozhemsm ($2.95 in chips) 
Seat 3: Unikul_Ar ($1.48 in chips) 
Seat 4: Grf79 ($0.56 in chips) 
Seat 5: Dorex2007 ($2.41 in chips) 
Seat 7: TheMackel ($1.67 in chips) 
Seat 8: ginolas69 ($1.82 in chips) 
Seat 9: Jebacle ($2.49 in chips) 
Unikul_Ar: posts small blind $0.01
Grf79: posts big blind $0.02
Denis_T8s: sits out 
*** HOLE CARDS ***
Dealt to Dorex2007 [5s 8c]
Dorex2007: folds 
TheMackel: raises $0.04 to $0.06
ginolas69: calls $0.06
Jebacle: folds 
Fkarika: folds 
kozhemsm: folds 
Unikul_Ar: calls $0.05
Grf79: calls $0.04
*** FLOP *** [Qh 2c Tc]
Unikul_Ar: bets $0.11
Grf79: folds 
TheMackel: raises $0.11 to $0.22
ginolas69: folds 
Unikul_Ar: calls $0.11
*** TURN *** [Qh 2c Tc] [6h]
Unikul_Ar: checks 
TheMackel: bets $0.39
Unikul_Ar: calls $0.39
*** RIVER *** [Qh 2c Tc 6h] [8s]
Unikul_Ar: bets $0.81 and is all-in
TheMackel: folds 
Uncalled bet ($0.81) returned to Unikul_Ar
Unikul_Ar collected $1.41 from pot
Unikul_Ar: doesn't show hand 
*** SUMMARY ***
Total pot $1.46 | Rake $0.05 
Board [Qh 2c Tc 6h 8s]
Seat 1: Fkarika folded before Flop (didn't bet)
Seat 2: kozhemsm (button) folded before Flop (didn't bet)
Seat 3: Unikul_Ar (small blind) collected ($1.41)
Seat 4: Grf79 (big blind) folded on the Flop
Seat 5: Dorex2007 folded before Flop (didn't bet)
Seat 7: TheMackel folded on the River
Seat 8: ginolas69 folded on the Flop
Seat 9: Jebacle folded before Flop (didn't bet)



PokerStars Hand #230592506912:  Hold'em No Limit ($0.01/$0.02 USD) - 2021/10/14 0:56:51 PT [2021/10/14 3:56:51 ET]
Table 'Isonoe III' 9-max Seat #3 is the button
Seat 1: Fkarika ($1.91 in chips) 
Seat 2: kozhemsm ($2.95 in chips) 
Seat 3: Unikul_Ar ($2.22 in chips) 
Seat 4: Grf79 ($0.50 in chips) 
Seat 5: Dorex2007 ($2.41 in chips) 
Seat 7: TheMackel ($1 in chips) 
Seat 8: ginolas69 ($1.76 in chips) 
Seat 9: Jebacle ($2.49 in chips) 
Grf79: posts small blind $0.01
Dorex2007: posts big blind $0.02
Denis_T8s: sits out 
*** HOLE CARDS ***
Dealt to Dorex2007 [Js 8d]
TheMackel: calls $0.02
ginolas69: calls $0.02
Jebacle: folds 
Fkarika: folds 
kozhemsm: folds 
Unikul_Ar: calls $0.02
Grf79: calls $0.01
Dorex2007: checks 
*** FLOP *** [2d 5s 6s]
Grf79: checks 
Dorex2007: checks 
TheMackel: bets $0.04
ginolas69: calls $0.04
Unikul_Ar: calls $0.04
Grf79: calls $0.04
Dorex2007 is disconnected 
Dorex2007 is connected 
Dorex2007: folds 
*** TURN *** [2d 5s 6s] [3d]
Grf79: bets $0.44 and is all-in
TheMackel: calls $0.44
ginolas69: raises $1.05 to $1.49
Unikul_Ar: folds 
TheMackel: calls $0.50 and is all-in
Uncalled bet ($0.55) returned to ginolas69
*** RIVER *** [2d 5s 6s 3d] [Ks]
*** SHOW DOWN ***
TheMackel: shows [2s 2h] (three of a kind, Deuces)
ginolas69: shows [5d 4s] (a straight, Deuce to Six)
Grf79: shows [6h 4h] (a straight, Deuce to Six)
Grf79 collected $0.76 from main pot
ginolas69 cashed out the hand for $1.35 | Cash Out Fee $0.01
*** SUMMARY ***
Total pot $2.58 Main pot $1.52. Side pot $0.97. | Rake $0.09 
Board [2d 5s 6s 3d Ks]
Seat 1: Fkarika folded before Flop (didn't bet)
Seat 2: kozhemsm folded before Flop (didn't bet)
Seat 3: Unikul_Ar (button) folded on the Turn
Seat 4: Grf79 (small blind) showed [6h 4h] and won ($0.76) with a straight, Deuce to Six
Seat 5: Dorex2007 (big blind) folded on the Flop
Seat 7: TheMackel showed [2s 2h] and lost with three of a kind, Deuces
Seat 8: ginolas69 showed [5d 4s] and won ($1.73) with a straight, Deuce to Six (pot not awarded as player cashed out)
Seat 9: Jebacle folded before Flop (didn't bet)



PokerStars Hand #230592519026:  Hold'em No Limit ($0.01/$0.02 USD) - 2021/10/14 0:58:23 PT [2021/10/14 3:58:23 ET]
Table 'Isonoe III' 9-max Seat #4 is the button
Seat 1: Fkarika ($1.91 in chips) 
Seat 2: kozhemsm ($2.95 in chips) 
Seat 3: Unikul_Ar ($2.16 in chips) 
Seat 4: Grf79 ($0.76 in chips) 
Seat 5: Dorex2007 ($2.39 in chips) 
Seat 6: Denis_T8s ($2 in chips) 
Seat 8: ginolas69 ($2.11 in chips) 
Seat 9: Jebacle ($2.49 in chips) 
Dorex2007: posts small blind $0.01
Denis_T8s: posts big blind $0.02
*** HOLE CARDS ***
Dealt to Dorex2007 [As Td]
ginolas69: folds 
Jebacle: folds 
Fkarika: folds 
kozhemsm: folds 
Unikul_Ar: calls $0.02
Grf79: folds 
TheMackel leaves the table
Dorex2007: calls $0.01
Denis_T8s: checks 
*** FLOP *** [6s Js Jd]
Dorex2007: checks 
Denis_T8s: checks 
Unikul_Ar: bets $0.03
Dorex2007: calls $0.03
Denis_T8s: folds 
*** TURN *** [6s Js Jd] [2c]
Dorex2007: checks 
Unikul_Ar: bets $0.06
Dorex2007: calls $0.06
*** RIVER *** [6s Js Jd 2c] [3h]
perec2 joins the table at seat #7 
Dorex2007: checks 
Unikul_Ar: checks 
*** SHOW DOWN ***
Dorex2007: shows [As Td] (a pair of Jacks)
Unikul_Ar: shows [Qh 6h] (two pair, Jacks and Sixes)
Unikul_Ar collected $0.23 from pot
*** SUMMARY ***
Total pot $0.24 | Rake $0.01 
Board [6s Js Jd 2c 3h]
Seat 1: Fkarika folded before Flop (didn't bet)
Seat 2: kozhemsm folded before Flop (didn't bet)
Seat 3: Unikul_Ar showed [Qh 6h] and won ($0.23) with two pair, Jacks and Sixes
Seat 4: Grf79 (button) folded before Flop (didn't bet)
Seat 5: Dorex2007 (small blind) showed [As Td] and lost with a pair of Jacks
Seat 6: Denis_T8s (big blind) folded on the Flop
Seat 8: ginolas69 folded before Flop (didn't bet)
Seat 9: Jebacle folded before Flop (didn't bet)



PokerStars Hand #230592524626:  Hold'em No Limit ($0.01/$0.02 USD) - 2021/10/14 0:59:04 PT [2021/10/14 3:59:04 ET]
Table 'Isonoe III' 9-max Seat #5 is the button
Seat 1: Fkarika ($1.91 in chips) 
Seat 2: kozhemsm ($2.95 in chips) 
Seat 3: Unikul_Ar ($2.28 in chips) 
Seat 4: Grf79 ($0.76 in chips) 
Seat 5: Dorex2007 ($2.28 in chips) 
Seat 6: Denis_T8s ($2 in chips) 
Seat 7: perec2 ($2 in chips) 
Seat 8: ginolas69 ($2.11 in chips) 
Seat 9: Jebacle ($2.49 in chips) 
Denis_T8s: posts small blind $0.01
perec2: posts big blind $0.02
*** HOLE CARDS ***
Dealt to Dorex2007 [8s 2d]
ginolas69: folds 
Jebacle: folds 
Fkarika: folds 
kozhemsm: folds 
Unikul_Ar: calls $0.02
Grf79: folds 
Dorex2007: folds 
Denis_T8s: folds 
perec2: checks 
*** FLOP *** [Js Kh Th]
perec2: checks 
Unikul_Ar: checks 
*** TURN *** [Js Kh Th] [3s]
perec2: checks 
Unikul_Ar: checks 
*** RIVER *** [Js Kh Th 3s] [Tc]
perec2: checks 
Unikul_Ar: checks 
*** SHOW DOWN ***
perec2: shows [4d 9d] (a pair of Tens)
Unikul_Ar: shows [As 9c] (a pair of Tens - Ace kicker)
Unikul_Ar collected $0.05 from pot
*** SUMMARY ***
Total pot $0.05 | Rake $0 
Board [Js Kh Th 3s Tc]
Seat 1: Fkarika folded before Flop (didn't bet)
Seat 2: kozhemsm folded before Flop (didn't bet)
Seat 3: Unikul_Ar showed [As 9c] and won ($0.05) with a pair of Tens
Seat 4: Grf79 folded before Flop (didn't bet)
Seat 5: Dorex2007 (button) folded before Flop (didn't bet)
Seat 6: Denis_T8s (small blind) folded before Flop
Seat 7: perec2 (big blind) showed [4d 9d] and lost with a pair of Tens
Seat 8: ginolas69 folded before Flop (didn't bet)
Seat 9: Jebacle folded before Flop (didn't bet)



PokerStars Hand #230592528829:  Hold'em No Limit ($0.01/$0.02 USD) - 2021/10/14 0:59:34 PT [2021/10/14 3:59:34 ET]
Table 'Isonoe III' 9-max Seat #6 is the button
Seat 1: Fkarika ($1.91 in chips) 
Seat 2: kozhemsm ($2.95 in chips) 
Seat 3: Unikul_Ar ($2.31 in chips) 
Seat 4: Grf79 ($0.76 in chips) 
Seat 5: Dorex2007 ($2.28 in chips) 
Seat 6: Denis_T8s ($2 in chips) 
Seat 7: perec2 ($2 in chips) 
Seat 8: ginolas69 ($2.11 in chips) 
Seat 9: Jebacle ($2.49 in chips) 
perec2: posts small blind $0.01
ginolas69: posts big blind $0.02
*** HOLE CARDS ***
Dealt to Dorex2007 [Qc 3s]
Jebacle: folds 
Fkarika: folds 
kozhemsm: raises $0.03 to $0.05
Unikul_Ar: folds 
Grf79: folds 
Dorex2007: folds 
Denis_T8s: folds 
perec2: folds 
ginolas69: calls $0.03
*** FLOP *** [9s Jh 9c]
ginolas69: checks 
kozhemsm: bets $0.08
ginolas69: folds 
Uncalled bet ($0.08) returned to kozhemsm
kozhemsm collected $0.11 from pot
kozhemsm: doesn't show hand 
*** SUMMARY ***
Total pot $0.11 | Rake $0 
Board [9s Jh 9c]
Seat 1: Fkarika folded before Flop (didn't bet)
Seat 2: kozhemsm collected ($0.11)
Seat 3: Unikul_Ar folded before Flop (didn't bet)
Seat 4: Grf79 folded before Flop (didn't bet)
Seat 5: Dorex2007 folded before Flop (didn't bet)
Seat 6: Denis_T8s (button) folded before Flop (didn't bet)
Seat 7: perec2 (small blind) folded before Flop
Seat 8: ginolas69 (big blind) folded on the Flop
Seat 9: Jebacle folded before Flop (didn't bet)



PokerStars Hand #230592534095:  Hold'em No Limit ($0.01/$0.02 USD) - 2021/10/14 1:00:12 PT [2021/10/14 4:00:12 ET]
Table 'Isonoe III' 9-max Seat #7 is the button
Seat 1: Fkarika ($1.91 in chips) 
Seat 2: kozhemsm ($3.01 in chips) 
Seat 3: Unikul_Ar ($2.31 in chips) 
Seat 4: Grf79 ($0.76 in chips) 
Seat 5: Dorex2007 ($2.28 in chips) 
Seat 6: Denis_T8s ($2 in chips) 
Seat 7: perec2 ($2 in chips) 
Seat 8: ginolas69 ($2.06 in chips) 
Seat 9: Jebacle ($2.49 in chips) 
ginolas69: posts small blind $0.01
Jebacle: posts big blind $0.02
*** HOLE CARDS ***
Dealt to Dorex2007 [Ah 4d]
Fkarika: folds 
kozhemsm: folds 
Unikul_Ar: folds 
Grf79: calls $0.02
Dorex2007: folds 
Denis_T8s: folds 
perec2: folds 
ginolas69: calls $0.01
Jebacle: checks 
*** FLOP *** [9d Jh 8s]
ginolas69: checks 
Jebacle: checks 
Grf79: checks 
*** TURN *** [9d Jh 8s] [Ts]
ginolas69: bets $0.02
Jebacle: folds 
Grf79: folds 
Uncalled bet ($0.02) returned to ginolas69
ginolas69 collected $0.06 from pot
ginolas69: doesn't show hand 
*** SUMMARY ***
Total pot $0.06 | Rake $0 
Board [9d Jh 8s Ts]
Seat 1: Fkarika folded before Flop (didn't bet)
Seat 2: kozhemsm folded before Flop (didn't bet)
Seat 3: Unikul_Ar folded before Flop (didn't bet)
Seat 4: Grf79 folded on the Turn
Seat 5: Dorex2007 folded before Flop (didn't bet)
Seat 6: Denis_T8s folded before Flop (didn't bet)
Seat 7: perec2 (button) folded before Flop (didn't bet)
Seat 8: ginolas69 (small blind) collected ($0.06)
Seat 9: Jebacle (big blind) folded on the Turn



PokerStars Hand #230592541443:  Hold'em No Limit ($0.01/$0.02 USD) - 2021/10/14 1:01:02 PT [2021/10/14 4:01:02 ET]
Table 'Isonoe III' 9-max Seat #8 is the button
Seat 1: Fkarika ($1.91 in chips) 
Seat 2: kozhemsm ($3.01 in chips) 
Seat 3: Unikul_Ar ($2.31 in chips) 
Seat 4: Grf79 ($0.74 in chips) 
Seat 5: Dorex2007 ($2.28 in chips) 
Seat 6: Denis_T8s ($2 in chips) 
Seat 7: perec2 ($2 in chips) 
Seat 8: ginolas69 ($2.10 in chips) 
Seat 9: Jebacle ($2.47 in chips) 
Jebacle: posts small blind $0.01
Fkarika: posts big blind $0.02
*** HOLE CARDS ***
Dealt to Dorex2007 [Ks Kd]
kozhemsm: folds 
Unikul_Ar has timed out
Unikul_Ar: folds 
Grf79: calls $0.02
Dorex2007 is disconnected 
Dorex2007 has timed out while being disconnected
Dorex2007: folds 
Denis_T8s: folds 
perec2: folds 
ginolas69: calls $0.02
Jebacle: calls $0.01
Fkarika: checks 
*** FLOP *** [5s 2d Ah]
Jebacle: checks 
Unikul_Ar is disconnected 
Fkarika: checks 
Grf79: checks 
ginolas69: checks 
*** TURN *** [5s 2d Ah] [Ts]
Jebacle: checks 
Fkarika: checks 
Grf79: checks 
ginolas69: checks 
*** RIVER *** [5s 2d Ah Ts] [8c]
Jebacle: checks 
Fkarika: checks 
Grf79: checks 
ginolas69: checks 
*** SHOW DOWN ***
Jebacle: shows [6c Qd] (high card Ace)
Fkarika: shows [6s Td] (a pair of Tens)
Grf79: mucks hand 
ginolas69: mucks hand 
Fkarika collected $0.08 from pot
*** SUMMARY ***
Total pot $0.08 | Rake $0 
Board [5s 2d Ah Ts 8c]
Seat 1: Fkarika (big blind) showed [6s Td] and won ($0.08) with a pair of Tens
Seat 2: kozhemsm folded before Flop (didn't bet)
Seat 3: Unikul_Ar folded before Flop (didn't bet)
Seat 4: Grf79 mucked [Qs Jh]
Seat 5: Dorex2007 folded before Flop (didn't bet)
Seat 6: Denis_T8s folded before Flop (didn't bet)
Seat 7: perec2 folded before Flop (didn't bet)
Seat 8: ginolas69 (button) mucked [Kc 7d]
Seat 9: Jebacle (small blind) showed [6c Qd] and lost with high card Ace



PokerStars Hand #230592552985:  Hold'em No Limit ($0.01/$0.02 USD) - 2021/10/14 1:02:16 PT [2021/10/14 4:02:16 ET]
Table 'Isonoe III' 9-max Seat #9 is the button
Seat 1: Fkarika ($1.97 in chips) 
Seat 2: kozhemsm ($3.01 in chips) 
Seat 3: Unikul_Ar ($2.31 in chips) 
Seat 4: Grf79 ($0.72 in chips) 
Seat 5: Dorex2007 ($2.28 in chips) 
Seat 6: Denis_T8s ($2 in chips) 
Seat 7: perec2 ($2 in chips) 
Seat 8: ginolas69 ($2.08 in chips) 
Seat 9: Jebacle ($2.45 in chips) 
Fkarika: posts small blind $0.01
kozhemsm: posts big blind $0.02
*** HOLE CARDS ***
Dealt to Dorex2007 [3d Qc]
Unikul_Ar has timed out while disconnected
Unikul_Ar: folds 
Grf79: calls $0.02
Dorex2007: folds 
Denis_T8s: raises $0.05 to $0.07
perec2: folds 
ginolas69: folds 
Jebacle: calls $0.07
Fkarika: folds 
kozhemsm: folds 
Grf79: calls $0.05
*** FLOP *** [Tc 9c 6s]
Grf79: checks 
Denis_T8s: checks 
Jebacle: checks 
*** TURN *** [Tc 9c 6s] [3c]
Grf79: checks 
Denis_T8s: checks 
Jebacle: bets $0.10
Grf79: folds 
Denis_T8s: folds 
Uncalled bet ($0.10) returned to Jebacle
Jebacle collected $0.23 from pot
*** SUMMARY ***
Total pot $0.24 | Rake $0.01 
Board [Tc 9c 6s 3c]
Seat 1: Fkarika (small blind) folded before Flop
Seat 2: kozhemsm (big blind) folded before Flop
Seat 3: Unikul_Ar folded before Flop (didn't bet)
Seat 4: Grf79 folded on the Turn
Seat 5: Dorex2007 folded before Flop (didn't bet)
Seat 6: Denis_T8s folded on the Turn
Seat 7: perec2 folded before Flop (didn't bet)
Seat 8: ginolas69 folded before Flop (didn't bet)
Seat 9: Jebacle (button) collected ($0.23)



PokerStars Hand #230592565873:  Hold'em No Limit ($0.01/$0.02 USD) - 2021/10/14 1:03:38 PT [2021/10/14 4:03:38 ET]
Table 'Isonoe III' 9-max Seat #1 is the button
Seat 1: Fkarika ($1.96 in chips) 
Seat 2: kozhemsm ($2.99 in chips) 
Seat 4: Grf79 ($0.65 in chips) 
Seat 5: Dorex2007 ($2.28 in chips) 
Seat 6: Denis_T8s ($2 in chips) 
Seat 7: perec2 ($2 in chips) 
Seat 8: ginolas69 ($2.08 in chips) 
Seat 9: Jebacle ($2.61 in chips) 
kozhemsm: posts small blind $0.01
Grf79: posts big blind $0.02
*** HOLE CARDS ***
Dealt to Dorex2007 [5h Ts]
Dorex2007: folds 
Denis_T8s: folds 
perec2: folds 
ginolas69: raises $0.02 to $0.04
Jebacle: folds 
Fkarika: folds 
kozhemsm: folds 
Grf79: folds 
Uncalled bet ($0.02) returned to ginolas69
ginolas69 collected $0.05 from pot
ginolas69: doesn't show hand 
*** SUMMARY ***
Total pot $0.05 | Rake $0 
Seat 1: Fkarika (button) folded before Flop (didn't bet)
Seat 2: kozhemsm (small blind) folded before Flop
Seat 4: Grf79 (big blind) folded before Flop
Seat 5: Dorex2007 folded before Flop (didn't bet)
Seat 6: Denis_T8s folded before Flop (didn't bet)
Seat 7: perec2 folded before Flop (didn't bet)
Seat 8: ginolas69 collected ($0.05)
Seat 9: Jebacle folded before Flop (didn't bet)



PokerStars Hand #230592568645:  Hold'em No Limit ($0.01/$0.02 USD) - 2021/10/14 1:03:56 PT [2021/10/14 4:03:56 ET]
Table 'Isonoe III' 9-max Seat #2 is the button
Seat 1: Fkarika ($1.96 in chips) 
Seat 2: kozhemsm ($2.98 in chips) 
Seat 4: Grf79 ($0.63 in chips) 
Seat 5: Dorex2007 ($2.28 in chips) 
Seat 6: Denis_T8s ($2 in chips) 
Seat 7: perec2 ($2 in chips) 
Seat 8: ginolas69 ($2.11 in chips) 
Seat 9: Jebacle ($2.61 in chips) 
Grf79: posts small blind $0.01
Dorex2007: posts big blind $0.02
*** HOLE CARDS ***
Dealt to Dorex2007 [Td 8d]
Denis_T8s: folds 
perec2: folds 
ginolas69: folds 
Jebacle: raises $0.04 to $0.06
Fkarika: folds 
kozhemsm: raises $0.12 to $0.18
Grf79: folds 
Dorex2007: folds 
Jebacle: folds 
Uncalled bet ($0.12) returned to kozhemsm
kozhemsm collected $0.15 from pot
kozhemsm: doesn't show hand 
*** SUMMARY ***
Total pot $0.15 | Rake $0 
Seat 1: Fkarika folded before Flop (didn't bet)
Seat 2: kozhemsm (button) collected ($0.15)
Seat 4: Grf79 (small blind) folded before Flop
Seat 5: Dorex2007 (big blind) folded before Flop
Seat 6: Denis_T8s folded before Flop (didn't bet)
Seat 7: perec2 folded before Flop (didn't bet)
Seat 8: ginolas69 folded before Flop (didn't bet)
Seat 9: Jebacle folded before Flop



PokerStars Hand #230592573597:  Hold'em No Limit ($0.01/$0.02 USD) - 2021/10/14 1:04:27 PT [2021/10/14 4:04:27 ET]
Table 'Isonoe III' 9-max Seat #4 is the button
Seat 2: kozhemsm ($3.07 in chips) 
Seat 4: Grf79 ($0.62 in chips) 
Seat 5: Dorex2007 ($2.26 in chips) 
Seat 6: Denis_T8s ($2 in chips) 
Seat 7: perec2 ($2 in chips) 
Seat 8: ginolas69 ($2.11 in chips) 
Seat 9: Jebacle ($2.55 in chips) 
Dorex2007: posts small blind $0.01
Denis_T8s: posts big blind $0.02
*** HOLE CARDS ***
Dealt to Dorex2007 [Qs Tc]
perec2: folds 
ginolas69: raises $0.03 to $0.05
Jebacle: folds 
kozhemsm: folds 
Grf79: folds 
Dorex2007: calls $0.04
Denis_T8s: folds 
*** FLOP *** [8d Jc Qh]
Dorex2007: checks 
ginolas69: bets $0.06
Dorex2007: raises $0.08 to $0.14
ginolas69: calls $0.08
*** TURN *** [8d Jc Qh] [4s]
Dorex2007: bets $0.39
ginolas69: folds 
Uncalled bet ($0.39) returned to Dorex2007
Dorex2007 collected $0.39 from pot
Dorex2007: doesn't show hand 
*** SUMMARY ***
Total pot $0.40 | Rake $0.01 
Board [8d Jc Qh 4s]
Seat 2: kozhemsm folded before Flop (didn't bet)
Seat 4: Grf79 (button) folded before Flop (didn't bet)
Seat 5: Dorex2007 (small blind) collected ($0.39)
Seat 6: Denis_T8s (big blind) folded before Flop
Seat 7: perec2 folded before Flop (didn't bet)
Seat 8: ginolas69 folded on the Turn
Seat 9: Jebacle folded before Flop (didn't bet)



PokerStars Hand #230592578833:  Hold'em No Limit ($0.01/$0.02 USD) - 2021/10/14 1:05:00 PT [2021/10/14 4:05:00 ET]
Table 'Isonoe III' 9-max Seat #5 is the button
Seat 2: kozhemsm ($3.07 in chips) 
Seat 4: Grf79 ($0.62 in chips) 
Seat 5: Dorex2007 ($2.46 in chips) 
Seat 6: Denis_T8s ($2 in chips) 
Seat 7: perec2 ($2 in chips) 
Seat 8: ginolas69 ($1.92 in chips) 
Seat 9: Jebacle ($2.55 in chips) 
Denis_T8s: posts small blind $0.01
perec2: posts big blind $0.02
*** HOLE CARDS ***
Dealt to Dorex2007 [Ac 7c]
ginolas69: raises $0.03 to $0.05
Jebacle: folds 
kozhemsm: folds 
Grf79: folds 
Dorex2007: folds 
Denis_T8s: folds 
perec2: raises $0.15 to $0.20
ginolas69: calls $0.15
*** FLOP *** [3h 3s Qc]
perec2: bets $0.24
ginolas69: folds 
Uncalled bet ($0.24) returned to perec2
perec2 collected $0.40 from pot
perec2: doesn't show hand 
*** SUMMARY ***
Total pot $0.41 | Rake $0.01 
Board [3h 3s Qc]
Seat 2: kozhemsm folded before Flop (didn't bet)
Seat 4: Grf79 folded before Flop (didn't bet)
Seat 5: Dorex2007 (button) folded before Flop (didn't bet)
Seat 6: Denis_T8s (small blind) folded before Flop
Seat 7: perec2 (big blind) collected ($0.40)
Seat 8: ginolas69 folded on the Flop
Seat 9: Jebacle folded before Flop (didn't bet)



PokerStars Hand #230592584163:  Hold'em No Limit ($0.01/$0.02 USD) - 2021/10/14 1:05:34 PT [2021/10/14 4:05:34 ET]
Table 'Isonoe III' 9-max Seat #6 is the button
Seat 2: kozhemsm ($3.07 in chips) 
Seat 4: Grf79 ($0.62 in chips) 
Seat 5: Dorex2007 ($2.46 in chips) 
Seat 6: Denis_T8s ($2 in chips) 
Seat 7: perec2 ($2.20 in chips) 
Seat 8: ginolas69 ($1.72 in chips) 
Seat 9: Jebacle ($2.55 in chips) 
perec2: posts small blind $0.01
ginolas69: posts big blind $0.02
*** HOLE CARDS ***
Dealt to Dorex2007 [2h 3h]
Jebacle: raises $0.04 to $0.06
kozhemsm: folds 
Grf79: folds 
Dorex2007: folds 
Denis_T8s: folds 
perec2: folds 
ginolas69: folds 
Uncalled bet ($0.04) returned to Jebacle
Jebacle collected $0.05 from pot
Jebacle: doesn't show hand 
*** SUMMARY ***
Total pot $0.05 | Rake $0 
Seat 2: kozhemsm folded before Flop (didn't bet)
Seat 4: Grf79 folded before Flop (didn't bet)
Seat 5: Dorex2007 folded before Flop (didn't bet)
Seat 6: Denis_T8s (button) folded before Flop (didn't bet)
Seat 7: perec2 (small blind) folded before Flop
Seat 8: ginolas69 (big blind) folded before Flop
Seat 9: Jebacle collected ($0.05)



PokerStars Hand #230592586497:  Hold'em No Limit ($0.01/$0.02 USD) - 2021/10/14 1:05:49 PT [2021/10/14 4:05:49 ET]
Table 'Isonoe III' 9-max Seat #7 is the button
Seat 2: kozhemsm ($3.07 in chips) 
Seat 4: Grf79 ($0.62 in chips) 
Seat 5: Dorex2007 ($2.46 in chips) 
Seat 6: Denis_T8s ($2 in chips) 
Seat 7: perec2 ($2.19 in chips) 
Seat 8: ginolas69 ($1.70 in chips) 
ginolas69: posts small blind $0.01
Jebacle: is sitting out 
kozhemsm: posts big blind $0.02
*** HOLE CARDS ***
Dealt to Dorex2007 [5c Qc]
Grf79: folds 
Dorex2007: folds 
Jebacle leaves the table
Denis_T8s: raises $0.04 to $0.06
bloody55hawk joins the table at seat #9 
perec2: raises $0.12 to $0.18
ginolas69: folds 
kozhemsm: folds 
Denis_T8s: folds 
Uncalled bet ($0.12) returned to perec2
perec2 collected $0.15 from pot
perec2: doesn't show hand 
*** SUMMARY ***
Total pot $0.15 | Rake $0 
Seat 2: kozhemsm (big blind) folded before Flop
Seat 4: Grf79 folded before Flop (didn't bet)
Seat 5: Dorex2007 folded before Flop (didn't bet)
Seat 6: Denis_T8s folded before Flop
Seat 7: perec2 (button) collected ($0.15)
Seat 8: ginolas69 (small blind) folded before Flop



PokerStars Hand #230592591046:  Hold'em No Limit ($0.01/$0.02 USD) - 2021/10/14 1:06:18 PT [2021/10/14 4:06:18 ET]
Table 'Isonoe III' 9-max Seat #8 is the button
Seat 2: kozhemsm ($3.05 in chips) 
Seat 4: Grf79 ($0.62 in chips) 
Seat 5: Dorex2007 ($2.46 in chips) 
Seat 6: Denis_T8s ($2 in chips) 
Seat 7: perec2 ($2.28 in chips) 
Seat 8: ginolas69 ($1.69 in chips) 
kozhemsm: posts small blind $0.01
Grf79: posts big blind $0.02
*** HOLE CARDS ***
Dealt to Dorex2007 [Tc 7s]
Dorex2007: folds 
Denis_T8s: folds 
perec2: folds 
ginolas69: calls $0.02
kozhemsm: raises $0.06 to $0.08
Grf79: folds 
ginolas69: folds 
Uncalled bet ($0.06) returned to kozhemsm
kozhemsm collected $0.06 from pot
kozhemsm: doesn't show hand 
*** SUMMARY ***
Total pot $0.06 | Rake $0 
Seat 2: kozhemsm (small blind) collected ($0.06)
Seat 4: Grf79 (big blind) folded before Flop
Seat 5: Dorex2007 folded before Flop (didn't bet)
Seat 6: Denis_T8s folded before Flop (didn't bet)
Seat 7: perec2 folded before Flop (didn't bet)
Seat 8: ginolas69 (button) folded before Flop



PokerStars Hand #230592595899:  Hold'em No Limit ($0.01/$0.02 USD) - 2021/10/14 1:06:48 PT [2021/10/14 4:06:48 ET]
Table 'Isonoe III' 9-max Seat #2 is the button
Seat 2: kozhemsm ($3.09 in chips) 
Seat 4: Grf79 ($0.60 in chips) 
Seat 5: Dorex2007 ($2.46 in chips) 
Seat 6: Denis_T8s ($2 in chips) 
Seat 7: perec2 ($2.28 in chips) 
Seat 8: ginolas69 ($1.67 in chips) 
Grf79: posts small blind $0.01
Dorex2007: posts big blind $0.02
bloody55hawk: sits out 
*** HOLE CARDS ***
Dealt to Dorex2007 [8h Qd]
Denis_T8s: folds 
perec2: folds 
ginolas69: calls $0.02
kozhemsm: folds 
Grf79: folds 
Dorex2007: checks 
*** FLOP *** [8c 6c Kh]
Dorex2007: checks 
ginolas69: checks 
*** TURN *** [8c 6c Kh] [Ac]
Dorex2007: checks 
ginolas69: checks 
*** RIVER *** [8c 6c Kh Ac] [2d]
Dorex2007: checks 
ginolas69: checks 
*** SHOW DOWN ***
Dorex2007: shows [8h Qd] (a pair of Eights)
ginolas69: mucks hand 
Dorex2007 collected $0.05 from pot
*** SUMMARY ***
Total pot $0.05 | Rake $0 
Board [8c 6c Kh Ac 2d]
Seat 2: kozhemsm (button) folded before Flop (didn't bet)
Seat 4: Grf79 (small blind) folded before Flop
Seat 5: Dorex2007 (big blind) showed [8h Qd] and won ($0.05) with a pair of Eights
Seat 6: Denis_T8s folded before Flop (didn't bet)
Seat 7: perec2 folded before Flop (didn't bet)
Seat 8: ginolas69 mucked [7d 5d]



PokerStars Hand #230592601538:  Hold'em No Limit ($0.01/$0.02 USD) - 2021/10/14 1:07:23 PT [2021/10/14 4:07:23 ET]
Table 'Isonoe III' 9-max Seat #4 is the button
Seat 2: kozhemsm ($3.09 in chips) 
Seat 3: Unikul_Ar ($2.31 in chips) 
Seat 4: Grf79 ($0.59 in chips) 
Seat 5: Dorex2007 ($2.49 in chips) 
Seat 6: Denis_T8s ($2 in chips) 
Seat 7: perec2 ($2.28 in chips) 
Seat 8: ginolas69 ($1.65 in chips) 
Dorex2007: posts small blind $0.01
Denis_T8s: posts big blind $0.02
bloody55hawk: sits out 
Unikul_Ar: posts small & big blinds $0.03
*** HOLE CARDS ***
Dealt to Dorex2007 [Jh Ts]
perec2: folds 
ginolas69: raises $0.03 to $0.05
kozhemsm: folds 
Unikul_Ar: folds 
Grf79: folds 
Dorex2007: folds 
Denis_T8s: folds 
Uncalled bet ($0.03) returned to ginolas69
ginolas69 collected $0.08 from pot
ginolas69: doesn't show hand 
*** SUMMARY ***
Total pot $0.08 | Rake $0 
Seat 2: kozhemsm folded before Flop (didn't bet)
Seat 3: Unikul_Ar folded before Flop (didn't bet)
Seat 4: Grf79 (button) folded before Flop (didn't bet)
Seat 5: Dorex2007 (small blind) folded before Flop
Seat 6: Denis_T8s (big blind) folded before Flop
Seat 7: perec2 folded before Flop (didn't bet)
Seat 8: ginolas69 collected ($0.08)



PokerStars Hand #230592604782:  Hold'em No Limit ($0.01/$0.02 USD) - 2021/10/14 1:07:44 PT [2021/10/14 4:07:44 ET]
Table 'Isonoe III' 9-max Seat #5 is the button
Seat 2: kozhemsm ($3.09 in chips) 
Seat 3: Unikul_Ar ($2.28 in chips) 
Seat 4: Grf79 ($0.59 in chips) 
Seat 5: Dorex2007 ($2.48 in chips) 
Seat 6: Denis_T8s ($2 in chips) 
Seat 7: perec2 ($2.28 in chips) 
Seat 8: ginolas69 ($1.71 in chips) 
Denis_T8s: posts small blind $0.01
perec2: posts big blind $0.02
bloody55hawk: sits out 
*** HOLE CARDS ***
Dealt to Dorex2007 [3c Th]
ginolas69: folds 
kozhemsm: folds 
Unikul_Ar: calls $0.02
Grf79: folds 
Dorex2007: folds 
Denis_T8s: calls $0.01
perec2: checks 
*** FLOP *** [Kd Kc 6s]
Denis_T8s: checks 
perec2: bets $0.04
Unikul_Ar: folds 
Denis_T8s: folds 
Uncalled bet ($0.04) returned to perec2
perec2 collected $0.06 from pot
perec2: doesn't show hand 
*** SUMMARY ***
Total pot $0.06 | Rake $0 
Board [Kd Kc 6s]
Seat 2: kozhemsm folded before Flop (didn't bet)
Seat 3: Unikul_Ar folded on the Flop
Seat 4: Grf79 folded before Flop (didn't bet)
Seat 5: Dorex2007 (button) folded before Flop (didn't bet)
Seat 6: Denis_T8s (small blind) folded on the Flop
Seat 7: perec2 (big blind) collected ($0.06)
Seat 8: ginolas69 folded before Flop (didn't bet)



PokerStars Hand #230592610925:  Hold'em No Limit ($0.01/$0.02 USD) - 2021/10/14 1:08:23 PT [2021/10/14 4:08:23 ET]
Table 'Isonoe III' 9-max Seat #6 is the button
Seat 2: kozhemsm ($3.09 in chips) 
Seat 3: Unikul_Ar ($2.26 in chips) 
Seat 4: Grf79 ($0.59 in chips) 
Seat 5: Dorex2007 ($2.48 in chips) 
Seat 6: Denis_T8s ($2 in chips) 
Seat 7: perec2 ($2.32 in chips) 
Seat 8: ginolas69 ($1.71 in chips) 
perec2: posts small blind $0.01
ginolas69: posts big blind $0.02
bloody55hawk: sits out 
*** HOLE CARDS ***
Dealt to Dorex2007 [Tc 2h]
kozhemsm: folds 
Unikul_Ar: folds 
Grf79: folds 
Dorex2007: folds 
Denis_T8s: folds 
perec2: folds 
Uncalled bet ($0.01) returned to ginolas69
ginolas69 collected $0.02 from pot
ginolas69: doesn't show hand 
*** SUMMARY ***
Total pot $0.02 | Rake $0 
Seat 2: kozhemsm folded before Flop (didn't bet)
Seat 3: Unikul_Ar folded before Flop (didn't bet)
Seat 4: Grf79 folded before Flop (didn't bet)
Seat 5: Dorex2007 folded before Flop (didn't bet)
Seat 6: Denis_T8s (button) folded before Flop (didn't bet)
Seat 7: perec2 (small blind) folded before Flop
Seat 8: ginolas69 (big blind) collected ($0.02)



PokerStars Hand #230592612894:  Hold'em No Limit ($0.01/$0.02 USD) - 2021/10/14 1:08:35 PT [2021/10/14 4:08:35 ET]
Table 'Isonoe III' 9-max Seat #7 is the button
Seat 2: kozhemsm ($3.09 in chips) 
Seat 3: Unikul_Ar ($2.26 in chips) 
Seat 4: Grf79 ($0.59 in chips) 
Seat 5: Dorex2007 ($2.48 in chips) 
Seat 6: Denis_T8s ($2 in chips) 
Seat 7: perec2 ($2.31 in chips) 
Seat 8: ginolas69 ($1.72 in chips) 
Seat 9: bloody55hawk ($0.80 in chips) 
ginolas69: posts small blind $0.01
bloody55hawk: posts big blind $0.02
*** HOLE CARDS ***
Dealt to Dorex2007 [9d Ad]
kozhemsm: folds 
Unikul_Ar: calls $0.02
Grf79: folds 
Dorex2007: calls $0.02
Denis_T8s: folds 
perec2: folds 
ginolas69: calls $0.01
bloody55hawk: checks 
*** FLOP *** [8h 7h Qh]
ginolas69: checks 
bloody55hawk: bets $0.08
Unikul_Ar: calls $0.08
Dorex2007: folds 
ginolas69: folds 
*** TURN *** [8h 7h Qh] [9c]
bloody55hawk: bets $0.06
Unikul_Ar: calls $0.06
*** RIVER *** [8h 7h Qh 9c] [4s]
bloody55hawk: bets $0.06
Unikul_Ar: calls $0.06
*** SHOW DOWN ***
bloody55hawk: shows [Kh Qd] (a pair of Queens)
Unikul_Ar: mucks hand 
bloody55hawk collected $0.46 from pot
*** SUMMARY ***
Total pot $0.48 | Rake $0.02 
Board [8h 7h Qh 9c 4s]
Seat 2: kozhemsm folded before Flop (didn't bet)
Seat 3: Unikul_Ar mucked [Th Td]
Seat 4: Grf79 folded before Flop (didn't bet)
Seat 5: Dorex2007 folded on the Flop
Seat 6: Denis_T8s folded before Flop (didn't bet)
Seat 7: perec2 (button) folded before Flop (didn't bet)
Seat 8: ginolas69 (small blind) folded on the Flop
Seat 9: bloody55hawk (big blind) showed [Kh Qd] and won ($0.46) with a pair of Queens



PokerStars Hand #230592624035:  Hold'em No Limit ($0.01/$0.02 USD) - 2021/10/14 1:09:44 PT [2021/10/14 4:09:44 ET]
Table 'Isonoe III' 9-max Seat #8 is the button
Seat 2: kozhemsm ($3.09 in chips) 
Seat 3: Unikul_Ar ($2.04 in chips) 
Seat 4: Grf79 ($0.59 in chips) 
Seat 5: Dorex2007 ($2.46 in chips) 
Seat 6: Denis_T8s ($2 in chips) 
Seat 7: perec2 ($2.31 in chips) 
Seat 8: ginolas69 ($1.70 in chips) 
Seat 9: bloody55hawk ($1.04 in chips) 
bloody55hawk: posts small blind $0.01
kozhemsm: posts big blind $0.02
*** HOLE CARDS ***
Dealt to Dorex2007 [Ts Ks]
Unikul_Ar: folds 
Grf79: folds 
Fkarika leaves the table
Dorex2007: raises $0.04 to $0.06
Denis_T8s: folds 
perec2: calls $0.06
ginolas69: folds 
SS1000 joins the table at seat #1 
bloody55hawk: folds 
kozhemsm: folds 
*** FLOP *** [6h 4h Ah]
Dorex2007: bets $0.07
perec2: calls $0.07
*** TURN *** [6h 4h Ah] [Qs]
Dorex2007: checks 
perec2: bets $0.19
Dorex2007: folds 
Uncalled bet ($0.19) returned to perec2
perec2 collected $0.28 from pot
perec2: doesn't show hand 
*** SUMMARY ***
Total pot $0.29 | Rake $0.01 
Board [6h 4h Ah Qs]
Seat 2: kozhemsm (big blind) folded before Flop
Seat 3: Unikul_Ar folded before Flop (didn't bet)
Seat 4: Grf79 folded before Flop (didn't bet)
Seat 5: Dorex2007 folded on the Turn
Seat 6: Denis_T8s folded before Flop (didn't bet)
Seat 7: perec2 collected ($0.28)
Seat 8: ginolas69 (button) folded before Flop (didn't bet)
Seat 9: bloody55hawk (small blind) folded before Flop



PokerStars Hand #230592630921:  Hold'em No Limit ($0.01/$0.02 USD) - 2021/10/14 1:10:27 PT [2021/10/14 4:10:27 ET]
Table 'Isonoe III' 9-max Seat #9 is the button
Seat 2: kozhemsm ($3.07 in chips) 
Seat 3: Unikul_Ar ($2.04 in chips) 
Seat 4: Grf79 ($0.59 in chips) 
Seat 5: Dorex2007 ($2.33 in chips) 
Seat 6: Denis_T8s ($2 in chips) 
Seat 7: perec2 ($2.46 in chips) 
Seat 8: ginolas69 ($1.70 in chips) 
Seat 9: bloody55hawk ($1.03 in chips) 
kozhemsm: posts small blind $0.01
Unikul_Ar: posts big blind $0.02
*** HOLE CARDS ***
Dealt to Dorex2007 [5c Jc]
Grf79: folds 
Dorex2007: folds 
Denis_T8s: folds 
perec2: folds 
ginolas69: folds 
bloody55hawk: folds 
kozhemsm: folds 
Uncalled bet ($0.01) returned to Unikul_Ar
Unikul_Ar collected $0.02 from pot
Unikul_Ar: doesn't show hand 
*** SUMMARY ***
Total pot $0.02 | Rake $0 
Seat 2: kozhemsm (small blind) folded before Flop
Seat 3: Unikul_Ar (big blind) collected ($0.02)
Seat 4: Grf79 folded before Flop (didn't bet)
Seat 5: Dorex2007 folded before Flop (didn't bet)
Seat 6: Denis_T8s folded before Flop (didn't bet)
Seat 7: perec2 folded before Flop (didn't bet)
Seat 8: ginolas69 folded before Flop (didn't bet)
Seat 9: bloody55hawk (button) folded before Flop (didn't bet)



PokerStars Hand #230592633273:  Hold'em No Limit ($0.01/$0.02 USD) - 2021/10/14 1:10:41 PT [2021/10/14 4:10:41 ET]
Table 'Isonoe III' 9-max Seat #2 is the button
Seat 2: kozhemsm ($3.06 in chips) 
Seat 3: Unikul_Ar ($2.05 in chips) 
Seat 4: Grf79 ($0.59 in chips) 
Seat 5: Dorex2007 ($2.33 in chips) 
Seat 6: Denis_T8s ($2 in chips) 
Seat 7: perec2 ($2.46 in chips) 
Seat 8: ginolas69 ($1.70 in chips) 
Seat 9: bloody55hawk ($1.03 in chips) 
Unikul_Ar: posts small blind $0.01
Grf79: posts big blind $0.02
SS1000: sits out 
*** HOLE CARDS ***
Dealt to Dorex2007 [Tc Jc]
Dorex2007: folds 
Denis_T8s: folds 
perec2: folds 
ginolas69: folds 
bloody55hawk: folds 
kozhemsm: folds 
Unikul_Ar: calls $0.01
Grf79: raises $0.10 to $0.12
Unikul_Ar: calls $0.10
*** FLOP *** [Kd As 9s]
Unikul_Ar: checks 
Grf79: bets $0.47 and is all-in
Unikul_Ar: folds 
Uncalled bet ($0.47) returned to Grf79
Grf79 collected $0.23 from pot
Grf79: doesn't show hand 
*** SUMMARY ***
Total pot $0.24 | Rake $0.01 
Board [Kd As 9s]
Seat 2: kozhemsm (button) folded before Flop (didn't bet)
Seat 3: Unikul_Ar (small blind) folded on the Flop
Seat 4: Grf79 (big blind) collected ($0.23)
Seat 5: Dorex2007 folded before Flop (didn't bet)
Seat 6: Denis_T8s folded before Flop (didn't bet)
Seat 7: perec2 folded before Flop (didn't bet)
Seat 8: ginolas69 folded before Flop (didn't bet)
Seat 9: bloody55hawk folded before Flop (didn't bet)



PokerStars Hand #230592639777:  Hold'em No Limit ($0.01/$0.02 USD) - 2021/10/14 1:11:22 PT [2021/10/14 4:11:22 ET]
Table 'Isonoe III' 9-max Seat #3 is the button
Seat 2: kozhemsm ($3.06 in chips) 
Seat 3: Unikul_Ar ($1.93 in chips) 
Seat 4: Grf79 ($0.70 in chips) 
Seat 5: Dorex2007 ($2.33 in chips) 
Seat 6: Denis_T8s ($2 in chips) 
Seat 7: perec2 ($2.46 in chips) 
Seat 8: ginolas69 ($1.70 in chips) 
Seat 9: bloody55hawk ($1.03 in chips) 
Grf79: posts small blind $0.01
Dorex2007: posts big blind $0.02
SS1000: sits out 
*** HOLE CARDS ***
Dealt to Dorex2007 [5c 4s]
Denis_T8s: folds 
perec2: raises $0.04 to $0.06
ginolas69: folds 
bloody55hawk: folds 
kozhemsm: folds 
Unikul_Ar: calls $0.06
Grf79: folds 
Dorex2007: folds 
*** FLOP *** [Qd 5h Qh]
perec2: bets $0.11
Unikul_Ar: folds 
Uncalled bet ($0.11) returned to perec2
perec2 collected $0.14 from pot
perec2: doesn't show hand 
*** SUMMARY ***
Total pot $0.15 | Rake $0.01 
Board [Qd 5h Qh]
Seat 2: kozhemsm folded before Flop (didn't bet)
Seat 3: Unikul_Ar (button) folded on the Flop
Seat 4: Grf79 (small blind) folded before Flop
Seat 5: Dorex2007 (big blind) folded before Flop
Seat 6: Denis_T8s folded before Flop (didn't bet)
Seat 7: perec2 collected ($0.14)
Seat 8: ginolas69 folded before Flop (didn't bet)
Seat 9: bloody55hawk folded before Flop (didn't bet)



PokerStars Hand #230592645417:  Hold'em No Limit ($0.01/$0.02 USD) - 2021/10/14 1:11:57 PT [2021/10/14 4:11:57 ET]
Table 'Isonoe III' 9-max Seat #4 is the button
Seat 2: kozhemsm ($3.06 in chips) 
Seat 3: Unikul_Ar ($1.87 in chips) 
Seat 4: Grf79 ($0.69 in chips) 
Seat 5: Dorex2007 ($2.31 in chips) 
Seat 6: Denis_T8s ($2 in chips) 
Seat 7: perec2 ($2.54 in chips) 
Seat 8: ginolas69 ($1.70 in chips) 
Seat 9: bloody55hawk ($1.03 in chips) 
Dorex2007: posts small blind $0.01
Denis_T8s: posts big blind $0.02
SS1000: sits out 
*** HOLE CARDS ***
Dealt to Dorex2007 [6s 5c]
perec2: folds 
ginolas69: calls $0.02
bloody55hawk: folds 
kozhemsm: raises $0.04 to $0.06
Unikul_Ar: folds 
Grf79: folds 
Dorex2007: folds 
Denis_T8s: calls $0.04
ginolas69: calls $0.04
*** FLOP *** [Kd 2s Qc]
Denis_T8s: checks 
ginolas69: checks 
kozhemsm: checks 
*** TURN *** [Kd 2s Qc] [5d]
Denis_T8s: checks 
ginolas69: bets $0.09
kozhemsm: folds 
Denis_T8s: folds 
Uncalled bet ($0.09) returned to ginolas69
ginolas69 collected $0.18 from pot
ginolas69: doesn't show hand 
*** SUMMARY ***
Total pot $0.19 | Rake $0.01 
Board [Kd 2s Qc 5d]
Seat 2: kozhemsm folded on the Turn
Seat 3: Unikul_Ar folded before Flop (didn't bet)
Seat 4: Grf79 (button) folded before Flop (didn't bet)
Seat 5: Dorex2007 (small blind) folded before Flop
Seat 6: Denis_T8s (big blind) folded on the Turn
Seat 7: perec2 folded before Flop (didn't bet)
Seat 8: ginolas69 collected ($0.18)
Seat 9: bloody55hawk folded before Flop (didn't bet)



PokerStars Hand #230592654746:  Hold'em No Limit ($0.01/$0.02 USD) - 2021/10/14 1:12:54 PT [2021/10/14 4:12:54 ET]
Table 'Isonoe III' 9-max Seat #5 is the button
Seat 2: kozhemsm ($3 in chips) 
Seat 3: Unikul_Ar ($1.87 in chips) 
Seat 4: Grf79 ($0.69 in chips) 
Seat 5: Dorex2007 ($2.30 in chips) 
Seat 6: Denis_T8s ($2 in chips) 
Seat 7: perec2 ($2.54 in chips) 
Seat 8: ginolas69 ($1.82 in chips) 
Seat 9: bloody55hawk ($1.03 in chips) 
Denis_T8s: posts small blind $0.01
perec2: posts big blind $0.02
SS1000: sits out 
*** HOLE CARDS ***
Dealt to Dorex2007 [2c 5h]
ginolas69: raises $0.03 to $0.05
bloody55hawk: folds 
kozhemsm: folds 
Unikul_Ar: calls $0.05
Grf79: calls $0.05
Dorex2007: folds 
Denis_T8s: folds 
perec2: folds 
*** FLOP *** [9h 4d Jc]
ginolas69: checks 
Unikul_Ar: bets $0.08
Grf79: calls $0.08
ginolas69: calls $0.08
*** TURN *** [9h 4d Jc] [Qs]
ginolas69: checks 
Unikul_Ar: bets $0.20
Grf79: calls $0.20
ginolas69: calls $0.20
*** RIVER *** [9h 4d Jc Qs] [7d]
ginolas69: checks 
Unikul_Ar: checks 
Grf79: checks 
*** SHOW DOWN ***
ginolas69: shows [Tc Td] (a pair of Tens)
Unikul_Ar: mucks hand 
Grf79: mucks hand 
ginolas69 collected $0.98 from pot
*** SUMMARY ***
Total pot $1.02 | Rake $0.04 
Board [9h 4d Jc Qs 7d]
Seat 2: kozhemsm folded before Flop (didn't bet)
Seat 3: Unikul_Ar mucked [As 9s]
Seat 4: Grf79 mucked [Kc 9c]
Seat 5: Dorex2007 (button) folded before Flop (didn't bet)
Seat 6: Denis_T8s (small blind) folded before Flop
Seat 7: perec2 (big blind) folded before Flop
Seat 8: ginolas69 showed [Tc Td] and won ($0.98) with a pair of Tens
Seat 9: bloody55hawk folded before Flop (didn't bet)



PokerStars Hand #230592668898:  Hold'em No Limit ($0.01/$0.02 USD) - 2021/10/14 1:14:20 PT [2021/10/14 4:14:20 ET]
Table 'Isonoe III' 9-max Seat #6 is the button
Seat 2: kozhemsm ($3 in chips) 
Seat 3: Unikul_Ar ($1.54 in chips) 
Seat 4: Grf79 ($0.36 in chips) 
Seat 5: Dorex2007 ($2.30 in chips) 
Seat 6: Denis_T8s ($2 in chips) 
Seat 7: perec2 ($2.52 in chips) 
Seat 8: ginolas69 ($2.47 in chips) 
Seat 9: bloody55hawk ($1.03 in chips) 
perec2: posts small blind $0.01
ginolas69: posts big blind $0.02
SS1000: sits out 
*** HOLE CARDS ***
Dealt to Dorex2007 [Kc 6d]
bloody55hawk: raises $0.04 to $0.06
kozhemsm: folds 
Unikul_Ar: calls $0.06
Grf79: raises $0.30 to $0.36 and is all-in
Dorex2007: folds 
Denis_T8s: folds 
perec2: folds 
ginolas69: folds 
bloody55hawk: raises $0.67 to $1.03 and is all-in
Unikul_Ar: folds 
Uncalled bet ($0.67) returned to bloody55hawk
*** FLOP *** [5d 2h Qh]
*** TURN *** [5d 2h Qh] [3s]
*** RIVER *** [5d 2h Qh 3s] [5c]
*** SHOW DOWN ***
bloody55hawk: shows [Qs Ah] (two pair, Queens and Fives)
Grf79: shows [Ac Jh] (a pair of Fives)
bloody55hawk cashed out the hand for $0.57 | Cash Out Fee $0.01
*** SUMMARY ***
Total pot $0.81 | Rake $0.03 
Board [5d 2h Qh 3s 5c]
Seat 2: kozhemsm folded before Flop (didn't bet)
Seat 3: Unikul_Ar folded before Flop
Seat 4: Grf79 showed [Ac Jh] and lost with a pair of Fives
Seat 5: Dorex2007 folded before Flop (didn't bet)
Seat 6: Denis_T8s (button) folded before Flop (didn't bet)
Seat 7: perec2 (small blind) folded before Flop
Seat 8: ginolas69 (big blind) folded before Flop
Seat 9: bloody55hawk showed [Qs Ah] and won ($0.78) with two pair, Queens and Fives (pot not awarded as player cashed out)



PokerStars Hand #230592674752:  Hold'em No Limit ($0.01/$0.02 USD) - 2021/10/14 1:14:55 PT [2021/10/14 4:14:55 ET]
Table 'Isonoe III' 9-max Seat #7 is the button
Seat 1: SS1000 ($2 in chips) 
Seat 2: kozhemsm ($3 in chips) 
Seat 3: Unikul_Ar ($1.48 in chips) 
Seat 5: Dorex2007 ($2.30 in chips) 
Seat 6: Denis_T8s ($2 in chips) 
Seat 7: perec2 ($2.51 in chips) 
Seat 8: ginolas69 ($2.45 in chips) 
ginolas69: posts small blind $0.01
bloody55hawk: is sitting out 
SS1000: posts big blind $0.02
*** HOLE CARDS ***
Dealt to Dorex2007 [Ad As]
kozhemsm: folds 
Unikul_Ar: calls $0.02
bloody55hawk leaves the table
Grf79 leaves the table
Dorex2007: raises $0.04 to $0.06
Denis_T8s: folds 
perec2: folds 
ginolas69: calls $0.05
SS1000: folds 
Unikul_Ar: calls $0.04
*** FLOP *** [8d Js Ks]
kozhemsm leaves the table
ginolas69: checks 
Unikul_Ar: bets $0.19
Dorex2007: raises $2.05 to $2.24 and is all-in
ginolas69: folds 
rainmann1850 joins the table at seat #2 
Unikul_Ar: calls $1.23 and is all-in
Uncalled bet ($0.82) returned to Dorex2007
natsuchal joins the table at seat #4 
*** TURN *** [8d Js Ks] [2d]
*** RIVER *** [8d Js Ks 2d] [9h]
*** SHOW DOWN ***
Unikul_Ar: shows [Kh Ac] (a pair of Kings)
Dorex2007: shows [Ad As] (a pair of Aces)
Dorex2007 cashed out the hand for $2.62 | Cash Out Fee $0.03
*** SUMMARY ***
Total pot $3.04 | Rake $0.11 
Board [8d Js Ks 2d 9h]
Seat 1: SS1000 (big blind) folded before Flop
Seat 2: kozhemsm folded before Flop (didn't bet)
Seat 3: Unikul_Ar showed [Kh Ac] and lost with a pair of Kings
Seat 5: Dorex2007 showed [Ad As] and won ($2.93) with a pair of Aces (pot not awarded as player cashed out)
Seat 6: Denis_T8s folded before Flop (didn't bet)
Seat 7: perec2 (button) folded before Flop (didn't bet)
Seat 8: ginolas69 (small blind) folded on the Flop



PokerStars Hand #230592683828:  Hold'em No Limit ($0.01/$0.02 USD) - 2021/10/14 1:15:49 PT [2021/10/14 4:15:49 ET]
Table 'Isonoe III' 9-max Seat #8 is the button
Seat 1: SS1000 ($1.98 in chips) 
Seat 2: rainmann1850 ($1.60 in chips) 
Seat 5: Dorex2007 ($3.44 in chips) 
Seat 6: Denis_T8s ($2 in chips) 
Seat 7: perec2 ($2.51 in chips) 
Seat 8: ginolas69 ($2.39 in chips) 
SS1000: posts small blind $0.01
rainmann1850: posts big blind $0.02
natsuchal: sits out 
*** HOLE CARDS ***
Dealt to Dorex2007 [Ad Ah]
Unikul_Ar is disconnected 
Dorex2007: raises $0.04 to $0.06
Denis_T8s: folds 
perec2: folds 
ginolas69: calls $0.06
SS1000: folds 
natsuchal leaves the table
Marlena94 joins the table at seat #9 
natsuchal joins the table at seat #4 
rainmann1850 has timed out
rainmann1850: folds 
*** FLOP *** [8d Kc 6d]
Dorex2007: bets $3.38 and is all-in
ginolas69: folds 
Uncalled bet ($3.38) returned to Dorex2007
Dorex2007 collected $0.14 from pot
Dorex2007: doesn't show hand 
*** SUMMARY ***
Total pot $0.15 | Rake $0.01 
Board [8d Kc 6d]
Seat 1: SS1000 (small blind) folded before Flop
Seat 2: rainmann1850 (big blind) folded before Flop
Seat 5: Dorex2007 collected ($0.14)
Seat 6: Denis_T8s folded before Flop (didn't bet)
Seat 7: perec2 folded before Flop (didn't bet)
Seat 8: ginolas69 (button) folded on the Flop



PokerStars Hand #230592693446:  Hold'em No Limit ($0.01/$0.02 USD) - 2021/10/14 1:16:47 PT [2021/10/14 4:16:47 ET]
Table 'Isonoe III' 9-max Seat #1 is the button
Seat 1: SS1000 ($1.97 in chips) 
Seat 5: Dorex2007 ($3.52 in chips) 
Seat 6: Denis_T8s ($2 in chips) 
Seat 7: perec2 ($2.51 in chips) 
Seat 8: ginolas69 ($2.33 in chips) 
Dorex2007: posts small blind $0.01
Denis_T8s: posts big blind $0.02
Marlena94: sits out 
*** HOLE CARDS ***
Dealt to Dorex2007 [9h 2s]
perec2: folds 
ginolas69: calls $0.02
SS1000: folds 
Dorex2007: folds 
Denis_T8s: checks 
*** FLOP *** [Td 7d 6c]
Denis_T8s: checks 
ginolas69: bets $0.02
Denis_T8s: folds 
Uncalled bet ($0.02) returned to ginolas69
ginolas69 collected $0.05 from pot
ginolas69: doesn't show hand 
*** SUMMARY ***
Total pot $0.05 | Rake $0 
Board [Td 7d 6c]
Seat 1: SS1000 (button) folded before Flop (didn't bet)
Seat 5: Dorex2007 (small blind) folded before Flop
Seat 6: Denis_T8s (big blind) folded on the Flop
Seat 7: perec2 folded before Flop (didn't bet)
Seat 8: ginolas69 collected ($0.05)



PokerStars Hand #230592697554:  Hold'em No Limit ($0.01/$0.02 USD) - 2021/10/14 1:17:12 PT [2021/10/14 4:17:12 ET]
Table 'Isonoe III' 9-max Seat #5 is the button
Seat 1: SS1000 ($1.97 in chips) 
Seat 5: Dorex2007 ($3.51 in chips) 
Seat 6: Denis_T8s ($2 in chips) 
Seat 7: perec2 ($2.51 in chips) 
Seat 8: ginolas69 ($2.36 in chips) 
Denis_T8s: posts small blind $0.01
perec2: posts big blind $0.02
Marlena94: sits out 
natsuchal: sits out 
*** HOLE CARDS ***
Dealt to Dorex2007 [2c 3d]
ginolas69: folds 
SS1000: folds 
Dorex2007: folds 
Denis_T8s: raises $0.04 to $0.06
perec2: folds 
Uncalled bet ($0.04) returned to Denis_T8s
Denis_T8s collected $0.04 from pot
Denis_T8s: doesn't show hand 
*** SUMMARY ***
Total pot $0.04 | Rake $0 
Seat 1: SS1000 folded before Flop (didn't bet)
Seat 5: Dorex2007 (button) folded before Flop (didn't bet)
Seat 6: Denis_T8s (small blind) collected ($0.04)
Seat 7: perec2 (big blind) folded before Flop
Seat 8: ginolas69 folded before Flop (didn't bet)



PokerStars Hand #230592699536:  Hold'em No Limit ($0.01/$0.02 USD) - 2021/10/14 1:17:23 PT [2021/10/14 4:17:23 ET]
Table 'Isonoe III' 9-max Seat #6 is the button
Seat 1: SS1000 ($1.97 in chips) 
Seat 5: Dorex2007 ($3.51 in chips) 
Seat 6: Denis_T8s ($2.02 in chips) 
Seat 7: perec2 ($2.49 in chips) 
Seat 8: ginolas69 ($2.36 in chips) 
perec2: posts small blind $0.01
ginolas69: posts big blind $0.02
Marlena94: sits out 
natsuchal: sits out 
*** HOLE CARDS ***
Dealt to Dorex2007 [9s 5s]
SS1000: folds 
Dorex2007: folds 
Denis_T8s: folds 
perec2: raises $0.04 to $0.06
ginolas69: folds 
Uncalled bet ($0.04) returned to perec2
perec2 collected $0.04 from pot
perec2: doesn't show hand 
*** SUMMARY ***
Total pot $0.04 | Rake $0 
Seat 1: SS1000 folded before Flop (didn't bet)
Seat 5: Dorex2007 folded before Flop (didn't bet)
Seat 6: Denis_T8s (button) folded before Flop (didn't bet)
Seat 7: perec2 (small blind) collected ($0.04)
Seat 8: ginolas69 (big blind) folded before Flop



PokerStars Hand #230592701630:  Hold'em No Limit ($0.01/$0.02 USD) - 2021/10/14 1:17:36 PT [2021/10/14 4:17:36 ET]
Table 'Isonoe III' 9-max Seat #7 is the button
Seat 1: SS1000 ($1.97 in chips) 
Seat 5: Dorex2007 ($3.51 in chips) 
Seat 7: perec2 ($2.51 in chips) 
Seat 8: ginolas69 ($2.34 in chips) 
Seat 9: Marlena94 ($2 in chips) 
Denis_T8s leaves the table
ginolas69: posts small blind $0.01
Marlena94: posts big blind $0.02
natsuchal: sits out 
*** HOLE CARDS ***
Dealt to Dorex2007 [Ts Th]
SS1000: folds 
Dorex2007: raises $0.04 to $0.06
perec2: folds 
ginolas69: calls $0.05
Marlena94: folds 
*** FLOP *** [6c Kd Td]
ginolas69: checks 
Dorex2007: bets $0.14
ginolas69: calls $0.14
*** TURN *** [6c Kd Td] [6h]
ginolas69: checks 
Herbi450 joins the table at seat #6 
Dorex2007: bets $3.31 and is all-in
ginolas69: folds 
Uncalled bet ($3.31) returned to Dorex2007
Dorex2007 collected $0.41 from pot
Dorex2007: doesn't show hand 
*** SUMMARY ***
Total pot $0.42 | Rake $0.01 
Board [6c Kd Td 6h]
Seat 1: SS1000 folded before Flop (didn't bet)
Seat 5: Dorex2007 collected ($0.41)
Seat 7: perec2 (button) folded before Flop (didn't bet)
Seat 8: ginolas69 (small blind) folded on the Turn
Seat 9: Marlena94 (big blind) folded before Flop



PokerStars Hand #230592707968:  Hold'em No Limit ($0.01/$0.02 USD) - 2021/10/14 1:18:13 PT [2021/10/14 4:18:13 ET]
Table 'Isonoe III' 9-max Seat #8 is the button
Seat 1: SS1000 ($1.97 in chips) 
Seat 5: Dorex2007 ($3.72 in chips) 
Seat 6: Herbi450 ($1.60 in chips) 
Seat 7: perec2 ($2.51 in chips) 
Seat 8: ginolas69 ($2.14 in chips) 
Seat 9: Marlena94 ($1.98 in chips) 
Marlena94: posts small blind $0.01
SS1000: posts big blind $0.02
natsuchal: sits out 
Herbi450: posts big blind $0.02
*** HOLE CARDS ***
Dealt to Dorex2007 [Td Kc]
Dorex2007: folds 
Herbi450: checks 
perec2: folds 
ginolas69: calls $0.02
Marlena94: folds 
SS1000: checks 
*** FLOP *** [7c 8s Kd]
SS1000: bets $0.04
Herbi450: folds 
ginolas69: calls $0.04
*** TURN *** [7c 8s Kd] [9d]
SS1000: checks 
ginolas69: checks 
*** RIVER *** [7c 8s Kd 9d] [Qh]
SS1000: checks 
ginolas69: checks 
*** SHOW DOWN ***
SS1000: shows [7h Jh] (a pair of Sevens)
ginolas69: shows [Kh 5c] (a pair of Kings)
ginolas69 collected $0.14 from pot
*** SUMMARY ***
Total pot $0.15 | Rake $0.01 
Board [7c 8s Kd 9d Qh]
Seat 1: SS1000 (big blind) showed [7h Jh] and lost with a pair of Sevens
Seat 5: Dorex2007 folded before Flop (didn't bet)
Seat 6: Herbi450 folded on the Flop (didn't bet)
Seat 7: perec2 folded before Flop (didn't bet)
Seat 8: ginolas69 (button) showed [Kh 5c] and won ($0.14) with a pair of Kings
Seat 9: Marlena94 (small blind) folded before Flop



PokerStars Hand #230592714975:  Hold'em No Limit ($0.01/$0.02 USD) - 2021/10/14 1:18:55 PT [2021/10/14 4:18:55 ET]
Table 'Isonoe III' 9-max Seat #9 is the button
Seat 1: SS1000 ($1.91 in chips) 
Seat 4: natsuchal ($2 in chips) 
Seat 5: Dorex2007 ($3.72 in chips) 
Seat 6: Herbi450 ($1.58 in chips) 
Seat 7: perec2 ($2.51 in chips) 
Seat 8: ginolas69 ($2.22 in chips) 
Seat 9: Marlena94 ($1.97 in chips) 
SS1000: posts small blind $0.01
natsuchal: posts big blind $0.02
*** HOLE CARDS ***
Dealt to Dorex2007 [2c Qd]
Dorex2007: folds 
Herbi450: folds 
perec2: raises $0.04 to $0.06
ginolas69: calls $0.06
Marlena94: folds 
SS1000: folds 
natsuchal: calls $0.04
*** FLOP *** [Kd 2h Qh]
natsuchal: checks 
perec2: checks 
ginolas69: checks 
*** TURN *** [Kd 2h Qh] [Kh]
natsuchal: bets $0.10
perec2: raises $0.26 to $0.36
ginolas69: folds 
natsuchal: calls $0.26
*** RIVER *** [Kd 2h Qh Kh] [8c]
natsuchal: bets $0.22
perec2: raises $1.87 to $2.09 and is all-in
natsuchal: folds 
Uncalled bet ($1.87) returned to perec2
perec2 collected $1.30 from pot
perec2: doesn't show hand 
*** SUMMARY ***
Total pot $1.35 | Rake $0.05 
Board [Kd 2h Qh Kh 8c]
Seat 1: SS1000 (small blind) folded before Flop
Seat 4: natsuchal (big blind) folded on the River
Seat 5: Dorex2007 folded before Flop (didn't bet)
Seat 6: Herbi450 folded before Flop (didn't bet)
Seat 7: perec2 collected ($1.30)
Seat 8: ginolas69 folded on the Turn
Seat 9: Marlena94 (button) folded before Flop (didn't bet)



PokerStars Hand #230592725589:  Hold'em No Limit ($0.01/$0.02 USD) - 2021/10/14 1:19:59 PT [2021/10/14 4:19:59 ET]
Table 'Isonoe III' 9-max Seat #1 is the button
Seat 1: SS1000 ($1.90 in chips) 
Seat 4: natsuchal ($2 in chips) 
Seat 5: Dorex2007 ($3.72 in chips) 
Seat 6: Herbi450 ($1.58 in chips) 
Seat 7: perec2 ($3.17 in chips) 
Seat 8: ginolas69 ($2.16 in chips) 
Seat 9: Marlena94 ($1.97 in chips) 
natsuchal: posts small blind $0.01
Dorex2007: posts big blind $0.02
*** HOLE CARDS ***
Dealt to Dorex2007 [5h Jc]
Herbi450: calls $0.02
perec2: folds 
ginolas69: calls $0.02
Marlena94: folds 
SS1000: calls $0.02
natsuchal: calls $0.01
Dorex2007: checks 
*** FLOP *** [4s Qs 9s]
natsuchal: checks 
Dorex2007: checks 
Herbi450: checks 
ginolas69: bets $0.02
SS1000: folds 
natsuchal: calls $0.02
Dorex2007: folds 
Herbi450: folds 
*** TURN *** [4s Qs 9s] [8c]
natsuchal: checks 
ginolas69: checks 
*** RIVER *** [4s Qs 9s 8c] [3c]
natsuchal: checks 
ginolas69: checks 
*** SHOW DOWN ***
natsuchal: shows [9c Ad] (a pair of Nines)
ginolas69: mucks hand 
natsuchal collected $0.14 from pot
*** SUMMARY ***
Total pot $0.14 | Rake $0 
Board [4s Qs 9s 8c 3c]
Seat 1: SS1000 (button) folded on the Flop
Seat 4: natsuchal (small blind) showed [9c Ad] and won ($0.14) with a pair of Nines
Seat 5: Dorex2007 (big blind) folded on the Flop
Seat 6: Herbi450 folded on the Flop
Seat 7: perec2 folded before Flop (didn't bet)
Seat 8: ginolas69 mucked [Ac 6s]
Seat 9: Marlena94 folded before Flop (didn't bet)



PokerStars Hand #230592734963:  Hold'em No Limit ($0.01/$0.02 USD) - 2021/10/14 1:20:55 PT [2021/10/14 4:20:55 ET]
Table 'Isonoe III' 9-max Seat #4 is the button
Seat 1: SS1000 ($1.88 in chips) 
Seat 4: natsuchal ($2.10 in chips) 
Seat 5: Dorex2007 ($3.70 in chips) 
Seat 6: Herbi450 ($1.56 in chips) 
Seat 7: perec2 ($3.17 in chips) 
Seat 8: ginolas69 ($2.12 in chips) 
Seat 9: Marlena94 ($1.97 in chips) 
Dorex2007: posts small blind $0.01
Herbi450: posts big blind $0.02
*** HOLE CARDS ***
Dealt to Dorex2007 [Ad 4h]
perec2: folds 
ginolas69: folds 
Marlena94: folds 
SS1000: folds 
natsuchal: raises $0.05 to $0.07
perec2 leaves the table
Dorex2007: folds 
Herbi450: folds 
Uncalled bet ($0.05) returned to natsuchal
natsuchal collected $0.05 from pot
natsuchal: doesn't show hand 
*** SUMMARY ***
Total pot $0.05 | Rake $0 
Seat 1: SS1000 folded before Flop (didn't bet)
Seat 4: natsuchal (button) collected ($0.05)
Seat 5: Dorex2007 (small blind) folded before Flop
Seat 6: Herbi450 (big blind) folded before Flop
Seat 7: perec2 folded before Flop (didn't bet)
Seat 8: ginolas69 folded before Flop (didn't bet)
Seat 9: Marlena94 folded before Flop (didn't bet)



PokerStars Hand #230592739886:  Hold'em No Limit ($0.01/$0.02 USD) - 2021/10/14 1:21:24 PT [2021/10/14 4:21:24 ET]
Table 'Isonoe III' 9-max Seat #5 is the button
Seat 1: SS1000 ($1.88 in chips) 
Seat 4: natsuchal ($2.13 in chips) 
Seat 5: Dorex2007 ($3.69 in chips) 
Seat 6: Herbi450 ($1.54 in chips) 
Seat 8: ginolas69 ($2.12 in chips) 
Seat 9: Marlena94 ($1.97 in chips) 
Herbi450: posts small blind $0.01
ginolas69: posts big blind $0.02
*** HOLE CARDS ***
Dealt to Dorex2007 [5c As]
Marlena94: raises $0.02 to $0.04
SS1000: folds 
natsuchal: folds 
Dorex2007: folds 
Herbi450: folds 
ginolas69: calls $0.02
*** FLOP *** [4s Qd 3d]
ginolas69: checks 
Marlena94: bets $0.06
ginolas69: folds 
Uncalled bet ($0.06) returned to Marlena94
Marlena94 collected $0.09 from pot
Marlena94: doesn't show hand 
*** SUMMARY ***
Total pot $0.09 | Rake $0 
Board [4s Qd 3d]
Seat 1: SS1000 folded before Flop (didn't bet)
Seat 4: natsuchal folded before Flop (didn't bet)
Seat 5: Dorex2007 (button) folded before Flop (didn't bet)
Seat 6: Herbi450 (small blind) folded before Flop
Seat 8: ginolas69 (big blind) folded on the Flop
Seat 9: Marlena94 collected ($0.09)



PokerStars Hand #230592744555:  Hold'em No Limit ($0.01/$0.02 USD) - 2021/10/14 1:21:51 PT [2021/10/14 4:21:51 ET]
Table 'Isonoe III' 9-max Seat #6 is the button
Seat 1: SS1000 ($1.88 in chips) 
Seat 4: natsuchal ($2.13 in chips) 
Seat 5: Dorex2007 ($3.69 in chips) 
Seat 6: Herbi450 ($1.53 in chips) 
Seat 8: ginolas69 ($2.08 in chips) 
Seat 9: Marlena94 ($2.02 in chips) 
ginolas69: posts small blind $0.01
Marlena94: posts big blind $0.02
*** HOLE CARDS ***
Dealt to Dorex2007 [2h Td]
SS1000: raises $0.04 to $0.06
natsuchal: folds 
Dorex2007: folds 
Herbi450: folds 
ginolas69: calls $0.05
Marlena94: raises $0.12 to $0.18
Kitten_Mittenz joins the table at seat #7 
SS1000: calls $0.12
ginolas69: folds 
*** FLOP *** [9h 6s 9s]
Herbi450 said, "gaffer affen play or gooooooooooooooo"
Marlena94: bets $0.29
SS1000: folds 
Uncalled bet ($0.29) returned to Marlena94
Marlena94 collected $0.41 from pot
Marlena94: doesn't show hand 
*** SUMMARY ***
Total pot $0.42 | Rake $0.01 
Board [9h 6s 9s]
Seat 1: SS1000 folded on the Flop
Seat 4: natsuchal folded before Flop (didn't bet)
Seat 5: Dorex2007 folded before Flop (didn't bet)
Seat 6: Herbi450 (button) folded before Flop (didn't bet)
Seat 8: ginolas69 (small blind) folded before Flop
Seat 9: Marlena94 (big blind) collected ($0.41)



PokerStars Hand #230592751514:  Hold'em No Limit ($0.01/$0.02 USD) - 2021/10/14 1:22:32 PT [2021/10/14 4:22:32 ET]
Table 'Isonoe III' 9-max Seat #8 is the button
Seat 1: SS1000 ($1.70 in chips) 
Seat 2: rainmann1850 ($1.58 in chips) 
Seat 4: natsuchal ($2.13 in chips) 
Seat 5: Dorex2007 ($3.69 in chips) 
Seat 6: Herbi450 ($1.53 in chips) 
Seat 7: Kitten_Mittenz ($1.15 in chips) 
Seat 8: ginolas69 ($2.02 in chips) 
Seat 9: Marlena94 ($2.25 in chips) 
Marlena94: posts small blind $0.01
SS1000: posts big blind $0.02
rainmann1850: posts small & big blinds $0.03
Kitten_Mittenz: posts big blind $0.02
*** HOLE CARDS ***
Dealt to Dorex2007 [5h 5d]
rainmann1850: checks 
natsuchal: folds 
Dorex2007: raises $0.02 to $0.04
Herbi450: calls $0.04
Kitten_Mittenz: calls $0.02
ginolas69: calls $0.04
Marlena94: folds 
SS1000: folds 
rainmann1850: calls $0.02
*** FLOP *** [7s Ac 5c]
rainmann1850: bets $0.12
Dorex2007: raises $0.47 to $0.59
Herbi450: folds 
Kitten_Mittenz: folds 
Kitten_Mittenz leaves the table
ginolas69: folds 
rainmann1850: folds 
Uncalled bet ($0.47) returned to Dorex2007
Dorex2007 collected $0.46 from pot
Dorex2007: doesn't show hand 
*** SUMMARY ***
Total pot $0.48 | Rake $0.02 
Board [7s Ac 5c]
Seat 1: SS1000 (big blind) folded before Flop
Seat 2: rainmann1850 folded on the Flop
Seat 4: natsuchal folded before Flop (didn't bet)
Seat 5: Dorex2007 collected ($0.46)
Seat 6: Herbi450 folded on the Flop
Seat 7: Kitten_Mittenz folded on the Flop
Seat 8: ginolas69 (button) folded on the Flop
Seat 9: Marlena94 (small blind) folded before Flop



PokerStars Hand #230592762498:  Hold'em No Limit ($0.01/$0.02 USD) - 2021/10/14 1:23:36 PT [2021/10/14 4:23:36 ET]
Table 'Isonoe III' 9-max Seat #9 is the button
Seat 1: SS1000 ($1.68 in chips) 
Seat 2: rainmann1850 ($1.41 in chips) 
Seat 4: natsuchal ($2.13 in chips) 
Seat 5: Dorex2007 ($3.99 in chips) 
Seat 6: Herbi450 ($1.49 in chips) 
Seat 8: ginolas69 ($1.98 in chips) 
Seat 9: Marlena94 ($2.24 in chips) 
SS1000: posts small blind $0.01
rainmann1850: posts big blind $0.02
*** HOLE CARDS ***
Dealt to Dorex2007 [Tc 3s]
natsuchal: folds 
Dorex2007: folds 
Herbi450: folds 
ginolas69: folds 
Marlena94: folds 
Lena647 joins the table at seat #7 
SS1000: raises $0.04 to $0.06
rainmann1850: calls $0.04
*** FLOP *** [Qd 5d 4s]
SS1000: bets $0.06
rainmann1850: calls $0.06
*** TURN *** [Qd 5d 4s] [Kc]
SS1000: bets $0.08
rainmann1850: calls $0.08
*** RIVER *** [Qd 5d 4s Kc] [3h]
SS1000: checks 
rainmann1850: bets $0.20
SS1000: folds 
Uncalled bet ($0.20) returned to rainmann1850
rainmann1850 collected $0.39 from pot
*** SUMMARY ***
Total pot $0.40 | Rake $0.01 
Board [Qd 5d 4s Kc 3h]
Seat 1: SS1000 (small blind) folded on the River
Seat 2: rainmann1850 (big blind) collected ($0.39)
Seat 4: natsuchal folded before Flop (didn't bet)
Seat 5: Dorex2007 folded before Flop (didn't bet)
Seat 6: Herbi450 folded before Flop (didn't bet)
Seat 8: ginolas69 folded before Flop (didn't bet)
Seat 9: Marlena94 (button) folded before Flop (didn't bet)



PokerStars Hand #230592772048:  Hold'em No Limit ($0.01/$0.02 USD) - 2021/10/14 1:24:32 PT [2021/10/14 4:24:32 ET]
Table 'Isonoe III' 9-max Seat #1 is the button
Seat 1: SS1000 ($1.48 in chips) 
Seat 2: rainmann1850 ($1.60 in chips) 
Seat 4: natsuchal ($2.13 in chips) 
Seat 5: Dorex2007 ($3.99 in chips) 
Seat 6: Herbi450 ($1.49 in chips) 
Seat 8: ginolas69 ($1.98 in chips) 
Seat 9: Marlena94 ($2.24 in chips) 
rainmann1850: posts small blind $0.01
natsuchal: posts big blind $0.02
Lena647: sits out 
*** HOLE CARDS ***
Dealt to Dorex2007 [Ac 6d]
Dorex2007: folds 
Herbi450: calls $0.02
ginolas69: raises $0.02 to $0.04
Marlena94: calls $0.04
SS1000: folds 
rainmann1850 has timed out
rainmann1850: folds 
natsuchal: folds 
Herbi450: calls $0.02
*** FLOP *** [9s 5c Jc]
Herbi450: checks 
ginolas69: checks 
Marlena94: checks 
*** TURN *** [9s 5c Jc] [2h]
Herbi450: checks 
ginolas69: checks 
Marlena94: checks 
*** RIVER *** [9s 5c Jc 2h] [Qs]
Herbi450: checks 
ginolas69: bets $0.04
Marlena94: calls $0.04
Herbi450: folds 
*** SHOW DOWN ***
ginolas69: shows [Kc Qh] (a pair of Queens)
Marlena94: shows [Qc As] (a pair of Queens - Ace kicker)
Marlena94 collected $0.22 from pot
*** SUMMARY ***
Total pot $0.23 | Rake $0.01 
Board [9s 5c Jc 2h Qs]
Seat 1: SS1000 (button) folded before Flop (didn't bet)
Seat 2: rainmann1850 (small blind) folded before Flop
Seat 4: natsuchal (big blind) folded before Flop
Seat 5: Dorex2007 folded before Flop (didn't bet)
Seat 6: Herbi450 folded on the River
Seat 8: ginolas69 showed [Kc Qh] and lost with a pair of Queens
Seat 9: Marlena94 showed [Qc As] and won ($0.22) with a pair of Queens



PokerStars Hand #230592782073:  Hold'em No Limit ($0.01/$0.02 USD) - 2021/10/14 1:25:30 PT [2021/10/14 4:25:30 ET]
Table 'Isonoe III' 9-max Seat #4 is the button
Seat 1: SS1000 ($1.48 in chips) 
Seat 4: natsuchal ($2.11 in chips) 
Seat 5: Dorex2007 ($3.99 in chips) 
Seat 6: Herbi450 ($1.45 in chips) 
Seat 8: ginolas69 ($1.90 in chips) 
Seat 9: Marlena94 ($2.38 in chips) 
Dorex2007: posts small blind $0.01
Herbi450: posts big blind $0.02
Lena647: sits out 
*** HOLE CARDS ***
Dealt to Dorex2007 [Jd 2h]
ginolas69: folds 
Marlena94: folds 
SS1000: folds 
natsuchal: folds 
Dorex2007: folds 
Uncalled bet ($0.01) returned to Herbi450
Herbi450 collected $0.02 from pot
Herbi450: doesn't show hand 
*** SUMMARY ***
Total pot $0.02 | Rake $0 
Seat 1: SS1000 folded before Flop (didn't bet)
Seat 4: natsuchal (button) folded before Flop (didn't bet)
Seat 5: Dorex2007 (small blind) folded before Flop
Seat 6: Herbi450 (big blind) collected ($0.02)
Seat 8: ginolas69 folded before Flop (didn't bet)
Seat 9: Marlena94 folded before Flop (didn't bet)



PokerStars Hand #230592783717:  Hold'em No Limit ($0.01/$0.02 USD) - 2021/10/14 1:25:40 PT [2021/10/14 4:25:40 ET]
Table 'Isonoe III' 9-max Seat #5 is the button
Seat 1: SS1000 ($1.48 in chips) 
Seat 4: natsuchal ($2.11 in chips) 
Seat 5: Dorex2007 ($3.98 in chips) 
Seat 6: Herbi450 ($1.46 in chips) 
Seat 7: Lena647 ($2 in chips) 
Seat 8: ginolas69 ($1.90 in chips) 
Seat 9: Marlena94 ($2.38 in chips) 
Herbi450: posts small blind $0.01
Lena647: posts big blind $0.02
*** HOLE CARDS ***
Dealt to Dorex2007 [2s Kd]
ginolas69: folds 
Marlena94: folds 
SS1000: folds 
natsuchal: folds 
Dorex2007: folds 
Herbi450: folds 
Uncalled bet ($0.01) returned to Lena647
Lena647 collected $0.02 from pot
Lena647: doesn't show hand 
*** SUMMARY ***
Total pot $0.02 | Rake $0 
Seat 1: SS1000 folded before Flop (didn't bet)
Seat 4: natsuchal folded before Flop (didn't bet)
Seat 5: Dorex2007 (button) folded before Flop (didn't bet)
Seat 6: Herbi450 (small blind) folded before Flop
Seat 7: Lena647 (big blind) collected ($0.02)
Seat 8: ginolas69 folded before Flop (didn't bet)
Seat 9: Marlena94 folded before Flop (didn't bet)



PokerStars Hand #230592785524:  Hold'em No Limit ($0.01/$0.02 USD) - 2021/10/14 1:25:50 PT [2021/10/14 4:25:50 ET]
Table 'Isonoe III' 9-max Seat #6 is the button
Seat 1: SS1000 ($1.48 in chips) 
Seat 4: natsuchal ($2.11 in chips) 
Seat 5: Dorex2007 ($3.98 in chips) 
Seat 6: Herbi450 ($1.45 in chips) 
Seat 7: Lena647 ($2.01 in chips) 
Seat 8: ginolas69 ($1.90 in chips) 
Seat 9: Marlena94 ($2.38 in chips) 
Lena647: posts small blind $0.01
ginolas69: posts big blind $0.02
*** HOLE CARDS ***
Dealt to Dorex2007 [7h 9d]
Unikul_Ar leaves the table
Marlena94 has timed out
Marlena94: folds 
SS1000: raises $0.04 to $0.06
natsuchal: calls $0.06
Dorex2007: folds 
Herbi450: folds 
Lena647: folds 
ginolas69: folds 
*** FLOP *** [Js 4c 9s]
SS1000: bets $0.09
natsuchal: folds 
Uncalled bet ($0.09) returned to SS1000
SS1000 collected $0.14 from pot
SS1000: doesn't show hand 
*** SUMMARY ***
Total pot $0.15 | Rake $0.01 
Board [Js 4c 9s]
Seat 1: SS1000 collected ($0.14)
Seat 4: natsuchal folded on the Flop
Seat 5: Dorex2007 folded before Flop (didn't bet)
Seat 6: Herbi450 (button) folded before Flop (didn't bet)
Seat 7: Lena647 (small blind) folded before Flop
Seat 8: ginolas69 (big blind) folded before Flop
Seat 9: Marlena94 folded before Flop (didn't bet)



PokerStars Hand #230592790409:  Hold'em No Limit ($0.01/$0.02 USD) - 2021/10/14 1:26:18 PT [2021/10/14 4:26:18 ET]
Table 'Isonoe III' 9-max Seat #7 is the button
Seat 1: SS1000 ($1.56 in chips) 
Seat 4: natsuchal ($2.05 in chips) 
Seat 5: Dorex2007 ($3.98 in chips) 
Seat 6: Herbi450 ($1.45 in chips) 
Seat 7: Lena647 ($2 in chips) 
Seat 8: ginolas69 ($1.88 in chips) 
Seat 9: Marlena94 ($2.38 in chips) 
ginolas69: posts small blind $0.01
Marlena94: posts big blind $0.02
*** HOLE CARDS ***
Dealt to Dorex2007 [Ad 8d]
SS1000: folds 
natsuchal: folds 
Dorex2007: raises $0.04 to $0.06
Herbi450: calls $0.06
Lena647: calls $0.06
ginolas69: folds 
Marlena94: folds 
*** FLOP *** [2s 9s 8s]
Dorex2007: checks 
Herbi450: checks 
Lena647: bets $0.15
Dorex2007: folds 
Herbi450: folds 
Uncalled bet ($0.15) returned to Lena647
Lena647 collected $0.20 from pot
Lena647: doesn't show hand 
*** SUMMARY ***
Total pot $0.21 | Rake $0.01 
Board [2s 9s 8s]
Seat 1: SS1000 folded before Flop (didn't bet)
Seat 4: natsuchal folded before Flop (didn't bet)
Seat 5: Dorex2007 folded on the Flop
Seat 6: Herbi450 folded on the Flop
Seat 7: Lena647 (button) collected ($0.20)
Seat 8: ginolas69 (small blind) folded before Flop
Seat 9: Marlena94 (big blind) folded before Flop



PokerStars Hand #230592795869:  Hold'em No Limit ($0.01/$0.02 USD) - 2021/10/14 1:26:50 PT [2021/10/14 4:26:50 ET]
Table 'Isonoe III' 9-max Seat #8 is the button
Seat 1: SS1000 ($1.56 in chips) 
Seat 2: rainmann1850 ($1.59 in chips) 
Seat 4: natsuchal ($2.05 in chips) 
Seat 5: Dorex2007 ($3.92 in chips) 
Seat 6: Herbi450 ($1.39 in chips) 
Seat 7: Lena647 ($2.14 in chips) 
Seat 8: ginolas69 ($1.87 in chips) 
Seat 9: Marlena94 ($2.36 in chips) 
Marlena94: posts small blind $0.01
SS1000: posts big blind $0.02
*** HOLE CARDS ***
Dealt to Dorex2007 [4c 4h]
rainmann1850: folds 
goblin112 joins the table at seat #3 
natsuchal: folds 
Dorex2007: calls $0.02
Herbi450: folds 
Lena647: folds 
ginolas69: raises $0.02 to $0.04
Marlena94: folds 
SS1000: calls $0.02
Dorex2007: calls $0.02
*** FLOP *** [2h Th Qd]
SS1000: checks 
Dorex2007: checks 
ginolas69: bets $0.09
SS1000: raises $0.13 to $0.22
Dorex2007: folds 
ginolas69: calls $0.13
*** TURN *** [2h Th Qd] [Kh]
SS1000: checks 
ginolas69: checks 
*** RIVER *** [2h Th Qd Kh] [7h]
SS1000: checks 
ginolas69: checks 
*** SHOW DOWN ***
SS1000: shows [Tc Ts] (three of a kind, Tens)
ginolas69: mucks hand 
SS1000 collected $0.55 from pot
*** SUMMARY ***
Total pot $0.57 | Rake $0.02 
Board [2h Th Qd Kh 7h]
Seat 1: SS1000 (big blind) showed [Tc Ts] and won ($0.55) with three of a kind, Tens
Seat 2: rainmann1850 folded before Flop (didn't bet)
Seat 4: natsuchal folded before Flop (didn't bet)
Seat 5: Dorex2007 folded on the Flop
Seat 6: Herbi450 folded before Flop (didn't bet)
Seat 7: Lena647 folded before Flop (didn't bet)
Seat 8: ginolas69 (button) mucked [9c Qs]
Seat 9: Marlena94 (small blind) folded before Flop



PokerStars Hand #230592807832:  Hold'em No Limit ($0.01/$0.02 USD) - 2021/10/14 1:28:00 PT [2021/10/14 4:28:00 ET]
Table 'Isonoe III' 9-max Seat #9 is the button
Seat 1: SS1000 ($1.85 in chips) 
Seat 2: rainmann1850 ($1.59 in chips) 
Seat 3: goblin112 ($0.80 in chips) 
Seat 4: natsuchal ($2.05 in chips) 
Seat 5: Dorex2007 ($3.88 in chips) 
Seat 6: Herbi450 ($1.39 in chips) 
Seat 7: Lena647 ($2.14 in chips) 
Seat 8: ginolas69 ($1.61 in chips) 
Seat 9: Marlena94 ($2.35 in chips) 
SS1000: posts small blind $0.01
rainmann1850: posts big blind $0.02
goblin112: posts big blind $0.02
*** HOLE CARDS ***
Dealt to Dorex2007 [Qd 6c]
goblin112: checks 
natsuchal: folds 
Dorex2007: folds 
Herbi450: folds 
Lena647: folds 
ginolas69: raises $0.02 to $0.04
Marlena94: calls $0.04
SS1000: folds 
rainmann1850: calls $0.02
goblin112: folds 
*** FLOP *** [Jc As Ah]
rainmann1850: bets $0.07
ginolas69: folds 
Marlena94: folds 
Uncalled bet ($0.07) returned to rainmann1850
rainmann1850 collected $0.14 from pot
*** SUMMARY ***
Total pot $0.15 | Rake $0.01 
Board [Jc As Ah]
Seat 1: SS1000 (small blind) folded before Flop
Seat 2: rainmann1850 (big blind) collected ($0.14)
Seat 3: goblin112 folded before Flop (didn't bet)
Seat 4: natsuchal folded before Flop (didn't bet)
Seat 5: Dorex2007 folded before Flop (didn't bet)
Seat 6: Herbi450 folded before Flop (didn't bet)
Seat 7: Lena647 folded before Flop (didn't bet)
Seat 8: ginolas69 folded on the Flop
Seat 9: Marlena94 (button) folded on the Flop



PokerStars Hand #230592814450:  Hold'em No Limit ($0.01/$0.02 USD) - 2021/10/14 1:28:39 PT [2021/10/14 4:28:39 ET]
Table 'Isonoe III' 9-max Seat #1 is the button
Seat 1: SS1000 ($1.84 in chips) 
Seat 2: rainmann1850 ($1.69 in chips) 
Seat 3: goblin112 ($0.78 in chips) 
Seat 4: natsuchal ($2.05 in chips) 
Seat 5: Dorex2007 ($3.88 in chips) 
Seat 6: Herbi450 ($1.39 in chips) 
Seat 7: Lena647 ($2.14 in chips) 
Seat 8: ginolas69 ($2 in chips) 
Seat 9: Marlena94 ($2.31 in chips) 
rainmann1850: posts small blind $0.01
goblin112: posts big blind $0.02
*** HOLE CARDS ***
Dealt to Dorex2007 [3d 7h]
natsuchal: folds 
Dorex2007: folds 
Herbi450: folds 
Lena647: folds 
ginolas69: raises $0.02 to $0.04
Marlena94: folds 
SS1000: folds 
rainmann1850: folds 
goblin112: folds 
Uncalled bet ($0.02) returned to ginolas69
ginolas69 collected $0.05 from pot
ginolas69: doesn't show hand 
*** SUMMARY ***
Total pot $0.05 | Rake $0 
Seat 1: SS1000 (button) folded before Flop (didn't bet)
Seat 2: rainmann1850 (small blind) folded before Flop
Seat 3: goblin112 (big blind) folded before Flop
Seat 4: natsuchal folded before Flop (didn't bet)
Seat 5: Dorex2007 folded before Flop (didn't bet)
Seat 6: Herbi450 folded before Flop (didn't bet)
Seat 7: Lena647 folded before Flop (didn't bet)
Seat 8: ginolas69 collected ($0.05)
Seat 9: Marlena94 folded before Flop (didn't bet)



PokerStars Hand #230592817316:  Hold'em No Limit ($0.01/$0.02 USD) - 2021/10/14 1:28:57 PT [2021/10/14 4:28:57 ET]
Table 'Isonoe III' 9-max Seat #2 is the button
Seat 1: SS1000 ($1.84 in chips) 
Seat 2: rainmann1850 ($1.68 in chips) 
Seat 3: goblin112 ($0.76 in chips) 
Seat 4: natsuchal ($2.05 in chips) 
Seat 5: Dorex2007 ($3.88 in chips) 
Seat 6: Herbi450 ($1.39 in chips) 
Seat 7: Lena647 ($2.14 in chips) 
Seat 8: ginolas69 ($2.03 in chips) 
Seat 9: Marlena94 ($2.31 in chips) 
goblin112: posts small blind $0.01
natsuchal: posts big blind $0.02
*** HOLE CARDS ***
Dealt to Dorex2007 [7h 8h]
Dorex2007: folds 
Herbi450: calls $0.02
Lena647 has timed out
Lena647: folds 
ginolas69: folds 
Marlena94: folds 
SS1000: raises $0.06 to $0.08
rainmann1850 has timed out
rainmann1850: folds 
goblin112: folds 
natsuchal: folds 
Herbi450: calls $0.06
*** FLOP *** [Jd 5s 7c]
Herbi450: checks 
SS1000: bets $0.08
Herbi450: folds 
Uncalled bet ($0.08) returned to SS1000
SS1000 collected $0.18 from pot
SS1000: doesn't show hand 
*** SUMMARY ***
Total pot $0.19 | Rake $0.01 
Board [Jd 5s 7c]
Seat 1: SS1000 collected ($0.18)
Seat 2: rainmann1850 (button) folded before Flop (didn't bet)
Seat 3: goblin112 (small blind) folded before Flop
Seat 4: natsuchal (big blind) folded before Flop
Seat 5: Dorex2007 folded before Flop (didn't bet)
Seat 6: Herbi450 folded on the Flop
Seat 7: Lena647 folded before Flop (didn't bet)
Seat 8: ginolas69 folded before Flop (didn't bet)
Seat 9: Marlena94 folded before Flop (didn't bet)



PokerStars Hand #230592826713:  Hold'em No Limit ($0.01/$0.02 USD) - 2021/10/14 1:29:52 PT [2021/10/14 4:29:52 ET]
Table 'Isonoe III' 9-max Seat #3 is the button
Seat 1: SS1000 ($1.94 in chips) 
Seat 3: goblin112 ($0.75 in chips) 
Seat 4: natsuchal ($2.03 in chips) 
Seat 5: Dorex2007 ($3.88 in chips) 
Seat 6: Herbi450 ($1.31 in chips) 
Seat 8: ginolas69 ($2.03 in chips) 
Seat 9: Marlena94 ($2.31 in chips) 
natsuchal: posts small blind $0.01
Dorex2007: posts big blind $0.02
*** HOLE CARDS ***
Dealt to Dorex2007 [Th 2d]
Herbi450: calls $0.02
ginolas69: calls $0.02
Marlena94: folds 
SS1000: folds 
goblin112: calls $0.02
natsuchal: calls $0.01
Dorex2007: checks 
*** FLOP *** [4h Jh 6c]
natsuchal: checks 
Dorex2007: checks 
Herbi450: checks 
ginolas69: checks 
goblin112: checks 
*** TURN *** [4h Jh 6c] [Ts]
natsuchal: checks 
Dorex2007: bets $0.07
Herbi450: folds 
ginolas69: folds 
goblin112: folds 
natsuchal: folds 
Uncalled bet ($0.07) returned to Dorex2007
Dorex2007 collected $0.10 from pot
Dorex2007: doesn't show hand 
*** SUMMARY ***
Total pot $0.10 | Rake $0 
Board [4h Jh 6c Ts]
Seat 1: SS1000 folded before Flop (didn't bet)
Seat 3: goblin112 (button) folded on the Turn
Seat 4: natsuchal (small blind) folded on the Turn
Seat 5: Dorex2007 (big blind) collected ($0.10)
Seat 6: Herbi450 folded on the Turn
Seat 8: ginolas69 folded on the Turn
Seat 9: Marlena94 folded before Flop (didn't bet)



PokerStars Hand #230592834046:  Hold'em No Limit ($0.01/$0.02 USD) - 2021/10/14 1:30:35 PT [2021/10/14 4:30:35 ET]
Table 'Isonoe III' 9-max Seat #4 is the button
Seat 1: SS1000 ($1.94 in chips) 
Seat 3: goblin112 ($0.73 in chips) 
Seat 4: natsuchal ($2.01 in chips) 
Seat 5: Dorex2007 ($3.96 in chips) 
Seat 6: Herbi450 ($1.29 in chips) 
Seat 7: Lena647 ($2.14 in chips) 
Seat 8: ginolas69 ($2.01 in chips) 
Seat 9: Marlena94 ($2.31 in chips) 
Dorex2007: posts small blind $0.01
Herbi450: posts big blind $0.02
*** HOLE CARDS ***
Dealt to Dorex2007 [Qd 2s]
Lena647: folds 
ginolas69: calls $0.02
Marlena94: folds 
SS1000: raises $0.06 to $0.08
goblin112: folds 
natsuchal: folds 
Dorex2007: folds 
Herbi450: folds 
ginolas69: folds 
Uncalled bet ($0.06) returned to SS1000
SS1000 collected $0.07 from pot
SS1000: doesn't show hand 
*** SUMMARY ***
Total pot $0.07 | Rake $0 
Seat 1: SS1000 collected ($0.07)
Seat 3: goblin112 folded before Flop (didn't bet)
Seat 4: natsuchal (button) folded before Flop (didn't bet)
Seat 5: Dorex2007 (small blind) folded before Flop
Seat 6: Herbi450 (big blind) folded before Flop
Seat 7: Lena647 folded before Flop (didn't bet)
Seat 8: ginolas69 folded before Flop
Seat 9: Marlena94 folded before Flop (didn't bet)



PokerStars Hand #230592839690:  Hold'em No Limit ($0.01/$0.02 USD) - 2021/10/14 1:31:07 PT [2021/10/14 4:31:07 ET]
Table 'Isonoe III' 9-max Seat #5 is the button
Seat 1: SS1000 ($1.99 in chips) 
Seat 2: rainmann1850 ($1.68 in chips) 
Seat 3: goblin112 ($0.73 in chips) 
Seat 4: natsuchal ($2.01 in chips) 
Seat 5: Dorex2007 ($3.95 in chips) 
Seat 6: Herbi450 ($1.27 in chips) 
Seat 7: Lena647 ($2.14 in chips) 
Seat 8: ginolas69 ($1.99 in chips) 
Seat 9: Marlena94 ($2.31 in chips) 
Herbi450: posts small blind $0.01
Lena647: posts big blind $0.02
*** HOLE CARDS ***
Dealt to Dorex2007 [8s Js]
ginolas69: calls $0.02
Marlena94: folds 
SS1000: folds 
rainmann1850: folds 
goblin112: folds 
natsuchal: raises $0.04 to $0.06
Dorex2007: folds 
Herbi450: calls $0.05
Lena647: folds 
ginolas69: calls $0.04
*** FLOP *** [4d 6h 3s]
Herbi450: checks 
ginolas69: bets $0.02
natsuchal: calls $0.02
Herbi450: calls $0.02
*** TURN *** [4d 6h 3s] [Qc]
Herbi450: checks 
ginolas69: bets $0.13
natsuchal: folds 
Herbi450: folds 
Uncalled bet ($0.13) returned to ginolas69
ginolas69 collected $0.25 from pot
ginolas69: doesn't show hand 
*** SUMMARY ***
Total pot $0.26 | Rake $0.01 
Board [4d 6h 3s Qc]
Seat 1: SS1000 folded before Flop (didn't bet)
Seat 2: rainmann1850 folded before Flop (didn't bet)
Seat 3: goblin112 folded before Flop (didn't bet)
Seat 4: natsuchal folded on the Turn
Seat 5: Dorex2007 (button) folded before Flop (didn't bet)
Seat 6: Herbi450 (small blind) folded on the Turn
Seat 7: Lena647 (big blind) folded before Flop
Seat 8: ginolas69 collected ($0.25)
Seat 9: Marlena94 folded before Flop (didn't bet)



PokerStars Hand #230592847516:  Hold'em No Limit ($0.01/$0.02 USD) - 2021/10/14 1:31:53 PT [2021/10/14 4:31:53 ET]
Table 'Isonoe III' 9-max Seat #6 is the button
Seat 1: SS1000 ($1.99 in chips) 
Seat 2: rainmann1850 ($1.68 in chips) 
Seat 3: goblin112 ($0.73 in chips) 
Seat 4: natsuchal ($2 in chips) 
Seat 5: Dorex2007 ($3.95 in chips) 
Seat 6: Herbi450 ($1.19 in chips) 
Seat 8: ginolas69 ($2.16 in chips) 
Seat 9: Marlena94 ($2.31 in chips) 
ginolas69: posts small blind $0.01
Marlena94: posts big blind $0.02
*** HOLE CARDS ***
Dealt to Dorex2007 [7h 6c]
SS1000: folds 
rainmann1850: folds 
goblin112: folds 
natsuchal: folds 
Dorex2007: folds 
Herbi450: folds 
ginolas69: raises $0.02 to $0.04
Marlena94: folds 
Uncalled bet ($0.02) returned to ginolas69
ginolas69 collected $0.04 from pot
ginolas69: doesn't show hand 
*** SUMMARY ***
Total pot $0.04 | Rake $0 
Seat 1: SS1000 folded before Flop (didn't bet)
Seat 2: rainmann1850 folded before Flop (didn't bet)
Seat 3: goblin112 folded before Flop (didn't bet)
Seat 4: natsuchal folded before Flop (didn't bet)
Seat 5: Dorex2007 folded before Flop (didn't bet)
Seat 6: Herbi450 (button) folded before Flop (didn't bet)
Seat 8: ginolas69 (small blind) collected ($0.04)
Seat 9: Marlena94 (big blind) folded before Flop



PokerStars Hand #230592850097:  Hold'em No Limit ($0.01/$0.02 USD) - 2021/10/14 1:32:09 PT [2021/10/14 4:32:09 ET]
Table 'Isonoe III' 9-max Seat #8 is the button
Seat 1: SS1000 ($1.99 in chips) 
Seat 2: rainmann1850 ($1.68 in chips) 
Seat 3: goblin112 ($0.73 in chips) 
Seat 4: natsuchal ($2 in chips) 
Seat 5: Dorex2007 ($3.95 in chips) 
Seat 6: Herbi450 ($1.19 in chips) 
Seat 8: ginolas69 ($2.18 in chips) 
Seat 9: Marlena94 ($2.29 in chips) 
Marlena94: posts small blind $0.01
SS1000: posts big blind $0.02
*** HOLE CARDS ***
Dealt to Dorex2007 [Td 2s]
rainmann1850: folds 
goblin112: folds 
natsuchal: folds 
Dorex2007: folds 
Herbi450: folds 
ginolas69: raises $0.02 to $0.04
Marlena94: calls $0.03
SS1000: calls $0.02
*** FLOP *** [9h 4h 9c]
Marlena94: checks 
SS1000: checks 
ginolas69: checks 
*** TURN *** [9h 4h 9c] [2c]
Marlena94: checks 
SS1000: bets $0.06
ginolas69: folds 
Marlena94: folds 
Uncalled bet ($0.06) returned to SS1000
SS1000 collected $0.12 from pot
SS1000: doesn't show hand 
*** SUMMARY ***
Total pot $0.12 | Rake $0 
Board [9h 4h 9c 2c]
Seat 1: SS1000 (big blind) collected ($0.12)
Seat 2: rainmann1850 folded before Flop (didn't bet)
Seat 3: goblin112 folded before Flop (didn't bet)
Seat 4: natsuchal folded before Flop (didn't bet)
Seat 5: Dorex2007 folded before Flop (didn't bet)
Seat 6: Herbi450 folded before Flop (didn't bet)
Seat 8: ginolas69 (button) folded on the Turn
Seat 9: Marlena94 (small blind) folded on the Turn



PokerStars Hand #230592857724:  Hold'em No Limit ($0.01/$0.02 USD) - 2021/10/14 1:32:53 PT [2021/10/14 4:32:53 ET]
Table 'Isonoe III' 9-max Seat #9 is the button
Seat 1: SS1000 ($2.07 in chips) 
Seat 2: rainmann1850 ($1.68 in chips) 
Seat 3: goblin112 ($0.73 in chips) 
Seat 4: natsuchal ($2 in chips) 
Seat 5: Dorex2007 ($3.95 in chips) 
Seat 6: Herbi450 ($1.19 in chips) 
Seat 8: ginolas69 ($2.14 in chips) 
Seat 9: Marlena94 ($2.25 in chips) 
SS1000: posts small blind $0.01
rainmann1850: posts big blind $0.02
*** HOLE CARDS ***
Dealt to Dorex2007 [9h 3c]
goblin112: folds 
natsuchal: folds 
Dorex2007: folds 
Herbi450: folds 
ginolas69: folds 
Marlena94: raises $0.05 to $0.07
SS1000: folds 
rainmann1850: calls $0.05
*** FLOP *** [Qc 4s 6h]
rainmann1850: bets $0.14
Marlena94: folds 
Uncalled bet ($0.14) returned to rainmann1850
rainmann1850 collected $0.14 from pot
*** SUMMARY ***
Total pot $0.15 | Rake $0.01 
Board [Qc 4s 6h]
Seat 1: SS1000 (small blind) folded before Flop
Seat 2: rainmann1850 (big blind) collected ($0.14)
Seat 3: goblin112 folded before Flop (didn't bet)
Seat 4: natsuchal folded before Flop (didn't bet)
Seat 5: Dorex2007 folded before Flop (didn't bet)
Seat 6: Herbi450 folded before Flop (didn't bet)
Seat 8: ginolas69 folded before Flop (didn't bet)
Seat 9: Marlena94 (button) folded on the Flop



PokerStars Hand #230592864895:  Hold'em No Limit ($0.01/$0.02 USD) - 2021/10/14 1:33:35 PT [2021/10/14 4:33:35 ET]
Table 'Isonoe III' 9-max Seat #1 is the button
Seat 1: SS1000 ($2.06 in chips) 
Seat 2: rainmann1850 ($1.75 in chips) 
Seat 3: goblin112 ($0.73 in chips) 
Seat 4: natsuchal ($2 in chips) 
Seat 5: Dorex2007 ($3.95 in chips) 
Seat 6: Herbi450 ($1.19 in chips) 
Seat 8: ginolas69 ($2.14 in chips) 
Seat 9: Marlena94 ($2.18 in chips) 
rainmann1850: posts small blind $0.01
goblin112: posts big blind $0.02
*** HOLE CARDS ***
Dealt to Dorex2007 [Jc Qc]
natsuchal: raises $0.08 to $0.10
Dorex2007: folds 
Herbi450: folds 
Lena647 leaves the table
Jiroknabok joins the table at seat #7 
ginolas69: folds 
Marlena94: folds 
SS1000: folds 
rainmann1850: folds 
goblin112: folds 
Uncalled bet ($0.08) returned to natsuchal
natsuchal collected $0.05 from pot
natsuchal: doesn't show hand 
*** SUMMARY ***
Total pot $0.05 | Rake $0 
Seat 1: SS1000 (button) folded before Flop (didn't bet)
Seat 2: rainmann1850 (small blind) folded before Flop
Seat 3: goblin112 (big blind) folded before Flop
Seat 4: natsuchal collected ($0.05)
Seat 5: Dorex2007 folded before Flop (didn't bet)
Seat 6: Herbi450 folded before Flop (didn't bet)
Seat 8: ginolas69 folded before Flop (didn't bet)
Seat 9: Marlena94 folded before Flop (didn't bet)



