PokerStars Hand #224822282282:  Hold'em No Limit ($0.01/$0.02 USD) - 2021/03/14 18:14:04 PT [2021/03/14 21:14:04 ET]
Table 'Ljuba II' 9-max Seat #1 is the button
Seat 1: Monich_Bruno ($1.17 in chips) 
Seat 2: AA Cepera AA ($1.95 in chips) 
Seat 3: sss_1386 ($2.47 in chips) 
Seat 4: t-i-m-a-o372 ($3.89 in chips) 
Seat 5: Dorex2007 ($1.50 in chips) 
Seat 7: BoogerChimp ($2 in chips) 
Seat 8: SUPERFISH35 ($2 in chips) 
Seat 9: PABLOZAL10 ($3.21 in chips) 
AA Cepera AA: posts small blind $0.01
sss_1386: posts big blind $0.02
Dorex2007: posts big blind $0.02
thrmsix: sits out 
*** HOLE CARDS ***
Dealt to Dorex2007 [Kc Ks]
t-i-m-a-o372: folds 
Dorex2007: raises $0.04 to $0.06
BoogerChimp: folds 
SUPERFISH35: folds 
PABLOZAL10: folds 
Monich_Bruno: folds 
AA Cepera AA: folds 
sss_1386: calls $0.04
*** FLOP *** [7h 2h Tc]
sss_1386: checks 
Dorex2007: bets $0.09
sss_1386: calls $0.09
*** TURN *** [7h 2h Tc] [5d]
sss_1386: checks 
Dorex2007: bets $0.30
sss_1386: folds 
Uncalled bet ($0.30) returned to Dorex2007
Dorex2007 collected $0.30 from pot
Dorex2007: doesn't show hand 
*** SUMMARY ***
Total pot $0.31 | Rake $0.01 
Board [7h 2h Tc 5d]
Seat 1: Monich_Bruno (button) folded before Flop (didn't bet)
Seat 2: AA Cepera AA (small blind) folded before Flop
Seat 3: sss_1386 (big blind) folded on the Turn
Seat 4: t-i-m-a-o372 folded before Flop (didn't bet)
Seat 5: Dorex2007 collected ($0.30)
Seat 7: BoogerChimp folded before Flop (didn't bet)
Seat 8: SUPERFISH35 folded before Flop (didn't bet)
Seat 9: PABLOZAL10 folded before Flop (didn't bet)



PokerStars Hand #224822293281:  Hold'em No Limit ($0.01/$0.02 USD) - 2021/03/14 18:14:37 PT [2021/03/14 21:14:37 ET]
Table 'Ljuba II' 9-max Seat #2 is the button
Seat 1: Monich_Bruno ($1.17 in chips) 
Seat 2: AA Cepera AA ($1.94 in chips) 
Seat 3: sss_1386 ($2.32 in chips) 
Seat 4: t-i-m-a-o372 ($3.89 in chips) 
Seat 5: Dorex2007 ($1.65 in chips) 
Seat 7: BoogerChimp ($2 in chips) 
Seat 8: SUPERFISH35 ($2 in chips) 
Seat 9: PABLOZAL10 ($3.21 in chips) 
sss_1386: posts small blind $0.01
t-i-m-a-o372: posts big blind $0.02
thrmsix: sits out 
*** HOLE CARDS ***
Dealt to Dorex2007 [3h Ah]
Dorex2007 has timed out
Dorex2007: folds 
BoogerChimp: folds 
SUPERFISH35: folds 
PABLOZAL10: folds 
Monich_Bruno: folds 
AA Cepera AA: folds 
sss_1386: raises $0.02 to $0.04
t-i-m-a-o372: calls $0.02
*** FLOP *** [4d 5d 7s]
sss_1386: bets $0.08
t-i-m-a-o372: raises $0.16 to $0.24
sss_1386: calls $0.16
*** TURN *** [4d 5d 7s] [8h]
sss_1386: checks 
t-i-m-a-o372: bets $0.36
sss_1386: folds 
Uncalled bet ($0.36) returned to t-i-m-a-o372
t-i-m-a-o372 collected $0.54 from pot
*** SUMMARY ***
Total pot $0.56 | Rake $0.02 
Board [4d 5d 7s 8h]
Seat 1: Monich_Bruno folded before Flop (didn't bet)
Seat 2: AA Cepera AA (button) folded before Flop (didn't bet)
Seat 3: sss_1386 (small blind) folded on the Turn
Seat 4: t-i-m-a-o372 (big blind) collected ($0.54)
Seat 5: Dorex2007 folded before Flop (didn't bet)
Seat 7: BoogerChimp folded before Flop (didn't bet)
Seat 8: SUPERFISH35 folded before Flop (didn't bet)
Seat 9: PABLOZAL10 folded before Flop (didn't bet)



PokerStars Hand #224822307256:  Hold'em No Limit ($0.01/$0.02 USD) - 2021/03/14 18:15:18 PT [2021/03/14 21:15:18 ET]
Table 'Ljuba II' 9-max Seat #3 is the button
Seat 1: Monich_Bruno ($1.17 in chips) 
Seat 2: AA Cepera AA ($2 in chips) 
Seat 3: sss_1386 ($2.04 in chips) 
Seat 4: t-i-m-a-o372 ($4.15 in chips) 
Seat 5: Dorex2007 ($1.65 in chips) 
Seat 7: BoogerChimp ($2 in chips) 
Seat 8: SUPERFISH35 ($2 in chips) 
Seat 9: PABLOZAL10 ($3.21 in chips) 
t-i-m-a-o372: posts small blind $0.01
Dorex2007: posts big blind $0.02
thrmsix: sits out 
*** HOLE CARDS ***
Dealt to Dorex2007 [3s Ad]
BoogerChimp: folds 
SUPERFISH35: folds 
PABLOZAL10: raises $0.08 to $0.10
Monich_Bruno: folds 
AA Cepera AA: folds 
sss_1386: calls $0.10
t-i-m-a-o372: folds 
Dorex2007: folds 
*** FLOP *** [2h 9d 2d]
PABLOZAL10: checks 
sss_1386: checks 
*** TURN *** [2h 9d 2d] [6c]
PABLOZAL10: bets $3.11 and is all-in
sss_1386: folds 
Uncalled bet ($3.11) returned to PABLOZAL10
PABLOZAL10 collected $0.22 from pot
PABLOZAL10: doesn't show hand 
*** SUMMARY ***
Total pot $0.23 | Rake $0.01 
Board [2h 9d 2d 6c]
Seat 1: Monich_Bruno folded before Flop (didn't bet)
Seat 2: AA Cepera AA folded before Flop (didn't bet)
Seat 3: sss_1386 (button) folded on the Turn
Seat 4: t-i-m-a-o372 (small blind) folded before Flop
Seat 5: Dorex2007 (big blind) folded before Flop
Seat 7: BoogerChimp folded before Flop (didn't bet)
Seat 8: SUPERFISH35 folded before Flop (didn't bet)
Seat 9: PABLOZAL10 collected ($0.22)



PokerStars Hand #224822321115:  Hold'em No Limit ($0.01/$0.02 USD) - 2021/03/14 18:15:59 PT [2021/03/14 21:15:59 ET]
Table 'Ljuba II' 9-max Seat #4 is the button
Seat 1: Monich_Bruno ($1.17 in chips) 
Seat 2: AA Cepera AA ($2 in chips) 
Seat 3: sss_1386 ($1.94 in chips) 
Seat 4: t-i-m-a-o372 ($4.14 in chips) 
Seat 5: Dorex2007 ($1.63 in chips) 
Seat 6: thrmsix ($2 in chips) 
Seat 7: BoogerChimp ($2 in chips) 
Seat 8: SUPERFISH35 ($2 in chips) 
Seat 9: PABLOZAL10 ($3.33 in chips) 
Dorex2007: posts small blind $0.01
thrmsix: posts big blind $0.02
*** HOLE CARDS ***
Dealt to Dorex2007 [Jh 2c]
BoogerChimp: folds 
SUPERFISH35: folds 
PABLOZAL10: calls $0.02
Monich_Bruno: folds 
AA Cepera AA: folds 
sss_1386: calls $0.02
t-i-m-a-o372: calls $0.02
Dorex2007: calls $0.01
thrmsix: checks 
*** FLOP *** [5h 9h 4s]
Dorex2007: checks 
thrmsix: checks 
PABLOZAL10: checks 
sss_1386: checks 
t-i-m-a-o372: bets $0.07
Dorex2007: folds 
thrmsix: calls $0.07
PABLOZAL10: folds 
sss_1386: calls $0.07
*** TURN *** [5h 9h 4s] [3c]
thrmsix: checks 
sss_1386: checks 
t-i-m-a-o372: bets $0.33
thrmsix: folds 
sss_1386: calls $0.33
*** RIVER *** [5h 9h 4s 3c] [Tc]
sss_1386: bets $0.49
t-i-m-a-o372: raises $1.46 to $1.95
sss_1386: folds 
Uncalled bet ($1.46) returned to t-i-m-a-o372
t-i-m-a-o372 collected $1.88 from pot
*** SUMMARY ***
Total pot $1.95 | Rake $0.07 
Board [5h 9h 4s 3c Tc]
Seat 1: Monich_Bruno folded before Flop (didn't bet)
Seat 2: AA Cepera AA folded before Flop (didn't bet)
Seat 3: sss_1386 folded on the River
Seat 4: t-i-m-a-o372 (button) collected ($1.88)
Seat 5: Dorex2007 (small blind) folded on the Flop
Seat 6: thrmsix (big blind) folded on the Turn
Seat 7: BoogerChimp folded before Flop (didn't bet)
Seat 8: SUPERFISH35 folded before Flop (didn't bet)
Seat 9: PABLOZAL10 folded on the Flop



PokerStars Hand #224822361151:  Hold'em No Limit ($0.01/$0.02 USD) - 2021/03/14 18:17:47 PT [2021/03/14 21:17:47 ET]
Table 'Ljuba II' 9-max Seat #5 is the button
Seat 1: Monich_Bruno ($1.17 in chips) 
Seat 2: AA Cepera AA ($2 in chips) 
Seat 3: sss_1386 ($1.03 in chips) 
Seat 4: t-i-m-a-o372 ($5.11 in chips) 
Seat 5: Dorex2007 ($1.61 in chips) 
Seat 6: thrmsix ($1.91 in chips) 
Seat 7: BoogerChimp ($2 in chips) 
Seat 8: SUPERFISH35 ($2 in chips) 
Seat 9: PABLOZAL10 ($3.31 in chips) 
thrmsix: posts small blind $0.01
BoogerChimp: posts big blind $0.02
*** HOLE CARDS ***
Dealt to Dorex2007 [6h Ac]
SUPERFISH35: folds 
PABLOZAL10: calls $0.02
Monich_Bruno: folds 
AA Cepera AA: folds 
sss_1386: calls $0.02
t-i-m-a-o372: calls $0.02
Dorex2007: folds 
thrmsix: calls $0.01
BoogerChimp: checks 
*** FLOP *** [2d 2s 8h]
thrmsix: checks 
BoogerChimp: checks 
PABLOZAL10: bets $0.05
sss_1386: raises $0.05 to $0.10
t-i-m-a-o372: folds 
thrmsix: calls $0.10
BoogerChimp: folds 
PABLOZAL10: calls $0.05
*** TURN *** [2d 2s 8h] [4s]
thrmsix: checks 
PABLOZAL10: checks 
sss_1386: bets $0.39
thrmsix: calls $0.39
PABLOZAL10: folds 
*** RIVER *** [2d 2s 8h 4s] [9d]
thrmsix: checks 
sss_1386: checks 
*** SHOW DOWN ***
thrmsix: shows [Ad 8d] (two pair, Eights and Deuces)
sss_1386: mucks hand 
thrmsix collected $1.14 from pot
*** SUMMARY ***
Total pot $1.18 | Rake $0.04 
Board [2d 2s 8h 4s 9d]
Seat 1: Monich_Bruno folded before Flop (didn't bet)
Seat 2: AA Cepera AA folded before Flop (didn't bet)
Seat 3: sss_1386 mucked [Th 8c]
Seat 4: t-i-m-a-o372 folded on the Flop
Seat 5: Dorex2007 (button) folded before Flop (didn't bet)
Seat 6: thrmsix (small blind) showed [Ad 8d] and won ($1.14) with two pair, Eights and Deuces
Seat 7: BoogerChimp (big blind) folded on the Flop
Seat 8: SUPERFISH35 folded before Flop (didn't bet)
Seat 9: PABLOZAL10 folded on the Turn



PokerStars Hand #224822387373:  Hold'em No Limit ($0.01/$0.02 USD) - 2021/03/14 18:19:05 PT [2021/03/14 21:19:05 ET]
Table 'Ljuba II' 9-max Seat #6 is the button
Seat 1: Monich_Bruno ($1.17 in chips) 
Seat 2: AA Cepera AA ($2 in chips) 
Seat 3: sss_1386 ($0.52 in chips) 
Seat 4: t-i-m-a-o372 ($5.09 in chips) 
Seat 5: Dorex2007 ($1.61 in chips) 
Seat 6: thrmsix ($2.54 in chips) 
Seat 7: BoogerChimp ($1.98 in chips) 
Seat 8: SUPERFISH35 ($2 in chips) 
Seat 9: PABLOZAL10 ($3.19 in chips) 
BoogerChimp: posts small blind $0.01
SUPERFISH35: posts big blind $0.02
*** HOLE CARDS ***
Dealt to Dorex2007 [5d Ks]
PABLOZAL10: folds 
Monich_Bruno: folds 
AA Cepera AA: folds 
sss_1386: calls $0.02
t-i-m-a-o372: calls $0.02
Dorex2007: folds 
thrmsix: folds 
BoogerChimp: folds 
SUPERFISH35: checks 
*** FLOP *** [Ad Jd Jh]
SUPERFISH35: bets $0.05
sss_1386: raises $0.09 to $0.14
t-i-m-a-o372: folds 
SUPERFISH35: calls $0.09
*** TURN *** [Ad Jd Jh] [3c]
SUPERFISH35: bets $0.62
sss_1386: folds 
Uncalled bet ($0.62) returned to SUPERFISH35
SUPERFISH35 collected $0.34 from pot
SUPERFISH35: doesn't show hand 
*** SUMMARY ***
Total pot $0.35 | Rake $0.01 
Board [Ad Jd Jh 3c]
Seat 1: Monich_Bruno folded before Flop (didn't bet)
Seat 2: AA Cepera AA folded before Flop (didn't bet)
Seat 3: sss_1386 folded on the Turn
Seat 4: t-i-m-a-o372 folded on the Flop
Seat 5: Dorex2007 folded before Flop (didn't bet)
Seat 6: thrmsix (button) folded before Flop (didn't bet)
Seat 7: BoogerChimp (small blind) folded before Flop
Seat 8: SUPERFISH35 (big blind) collected ($0.34)
Seat 9: PABLOZAL10 folded before Flop (didn't bet)



PokerStars Hand #224822400698:  Hold'em No Limit ($0.01/$0.02 USD) - 2021/03/14 18:19:44 PT [2021/03/14 21:19:44 ET]
Table 'Ljuba II' 9-max Seat #7 is the button
Seat 1: Monich_Bruno ($1.17 in chips) 
Seat 2: AA Cepera AA ($2 in chips) 
Seat 3: sss_1386 ($0.36 in chips) 
Seat 4: t-i-m-a-o372 ($5.07 in chips) 
Seat 5: Dorex2007 ($1.61 in chips) 
Seat 6: thrmsix ($2.54 in chips) 
Seat 7: BoogerChimp ($1.97 in chips) 
Seat 8: SUPERFISH35 ($2.18 in chips) 
Seat 9: PABLOZAL10 ($3.19 in chips) 
SUPERFISH35: posts small blind $0.01
PABLOZAL10: posts big blind $0.02
*** HOLE CARDS ***
Dealt to Dorex2007 [Tc As]
Monich_Bruno: calls $0.02
AA Cepera AA: folds 
sss_1386: calls $0.02
t-i-m-a-o372: folds 
Dorex2007: folds 
thrmsix: folds 
BoogerChimp: calls $0.02
SUPERFISH35: folds 
PABLOZAL10: checks 
*** FLOP *** [Js Td 5h]
PABLOZAL10: checks 
Monich_Bruno: checks 
sss_1386: bets $0.02
BoogerChimp: folds 
PABLOZAL10: calls $0.02
Monich_Bruno: folds 
*** TURN *** [Js Td 5h] [7s]
PABLOZAL10: checks 
sss_1386: bets $0.06
PABLOZAL10: folds 
Uncalled bet ($0.06) returned to sss_1386
sss_1386 collected $0.13 from pot
sss_1386: doesn't show hand 
*** SUMMARY ***
Total pot $0.13 | Rake $0 
Board [Js Td 5h 7s]
Seat 1: Monich_Bruno folded on the Flop
Seat 2: AA Cepera AA folded before Flop (didn't bet)
Seat 3: sss_1386 collected ($0.13)
Seat 4: t-i-m-a-o372 folded before Flop (didn't bet)
Seat 5: Dorex2007 folded before Flop (didn't bet)
Seat 6: thrmsix folded before Flop (didn't bet)
Seat 7: BoogerChimp (button) folded on the Flop
Seat 8: SUPERFISH35 (small blind) folded before Flop
Seat 9: PABLOZAL10 (big blind) folded on the Turn



PokerStars Hand #224822417275:  Hold'em No Limit ($0.01/$0.02 USD) - 2021/03/14 18:20:33 PT [2021/03/14 21:20:33 ET]
Table 'Ljuba II' 9-max Seat #8 is the button
Seat 1: Monich_Bruno ($1.15 in chips) 
Seat 2: AA Cepera AA ($2 in chips) 
Seat 3: sss_1386 ($0.45 in chips) 
Seat 4: t-i-m-a-o372 ($5.07 in chips) 
Seat 5: Dorex2007 ($1.61 in chips) 
Seat 6: thrmsix ($2.54 in chips) 
Seat 7: BoogerChimp ($1.95 in chips) 
Seat 8: SUPERFISH35 ($2.17 in chips) 
Seat 9: PABLOZAL10 ($3.15 in chips) 
PABLOZAL10: posts small blind $0.01
Monich_Bruno: posts big blind $0.02
*** HOLE CARDS ***
Dealt to Dorex2007 [4s 6s]
AA Cepera AA: folds 
sss_1386: calls $0.02
t-i-m-a-o372: folds 
Dorex2007: folds 
thrmsix: raises $0.07 to $0.09
BoogerChimp: folds 
SUPERFISH35: folds 
PABLOZAL10: folds 
Monich_Bruno: calls $0.07
sss_1386: calls $0.07
*** FLOP *** [5d Js Ts]
Monich_Bruno: checks 
sss_1386: checks 
thrmsix: bets $0.22
Monich_Bruno: folds 
sss_1386: calls $0.22
*** TURN *** [5d Js Ts] [3s]
sss_1386: checks 
thrmsix: bets $0.16
sss_1386: folds 
Uncalled bet ($0.16) returned to thrmsix
thrmsix collected $0.69 from pot
thrmsix: doesn't show hand 
*** SUMMARY ***
Total pot $0.72 | Rake $0.03 
Board [5d Js Ts 3s]
Seat 1: Monich_Bruno (big blind) folded on the Flop
Seat 2: AA Cepera AA folded before Flop (didn't bet)
Seat 3: sss_1386 folded on the Turn
Seat 4: t-i-m-a-o372 folded before Flop (didn't bet)
Seat 5: Dorex2007 folded before Flop (didn't bet)
Seat 6: thrmsix collected ($0.69)
Seat 7: BoogerChimp folded before Flop (didn't bet)
Seat 8: SUPERFISH35 (button) folded before Flop (didn't bet)
Seat 9: PABLOZAL10 (small blind) folded before Flop



PokerStars Hand #224822435222:  Hold'em No Limit ($0.01/$0.02 USD) - 2021/03/14 18:21:26 PT [2021/03/14 21:21:26 ET]
Table 'Ljuba II' 9-max Seat #9 is the button
Seat 1: Monich_Bruno ($1.06 in chips) 
Seat 2: AA Cepera AA ($2 in chips) 
Seat 3: sss_1386 ($0.14 in chips) 
Seat 4: t-i-m-a-o372 ($5.07 in chips) 
Seat 5: Dorex2007 ($1.61 in chips) 
Seat 6: thrmsix ($2.92 in chips) 
Seat 7: BoogerChimp ($1.95 in chips) 
Seat 8: SUPERFISH35 ($2.17 in chips) 
Seat 9: PABLOZAL10 ($3.14 in chips) 
Monich_Bruno: posts small blind $0.01
AA Cepera AA: posts big blind $0.02
*** HOLE CARDS ***
Dealt to Dorex2007 [9c Kc]
sss_1386: raises $0.12 to $0.14 and is all-in
t-i-m-a-o372: folds 
Dorex2007: folds 
thrmsix: folds 
BoogerChimp: raises $0.23 to $0.37
SUPERFISH35: folds 
PABLOZAL10: folds 
Monich_Bruno: folds 
AA Cepera AA: folds 
Uncalled bet ($0.23) returned to BoogerChimp
*** FLOP *** [6s Td 8d]
*** TURN *** [6s Td 8d] [Jd]
*** RIVER *** [6s Td 8d Jd] [Jh]
*** SHOW DOWN ***
sss_1386: shows [Qc Tc] (two pair, Jacks and Tens)
BoogerChimp: shows [6h 6d] (a full house, Sixes full of Jacks)
BoogerChimp collected $0.30 from pot
*** SUMMARY ***
Total pot $0.31 | Rake $0.01 
Board [6s Td 8d Jd Jh]
Seat 1: Monich_Bruno (small blind) folded before Flop
Seat 2: AA Cepera AA (big blind) folded before Flop
Seat 3: sss_1386 showed [Qc Tc] and lost with two pair, Jacks and Tens
Seat 4: t-i-m-a-o372 folded before Flop (didn't bet)
Seat 5: Dorex2007 folded before Flop (didn't bet)
Seat 6: thrmsix folded before Flop (didn't bet)
Seat 7: BoogerChimp showed [6h 6d] and won ($0.30) with a full house, Sixes full of Jacks
Seat 8: SUPERFISH35 folded before Flop (didn't bet)
Seat 9: PABLOZAL10 (button) folded before Flop (didn't bet)



PokerStars Hand #224822453879:  Hold'em No Limit ($0.01/$0.02 USD) - 2021/03/14 18:22:01 PT [2021/03/14 21:22:01 ET]
Table 'Ljuba II' 9-max Seat #1 is the button
Seat 1: Monich_Bruno ($1.05 in chips) 
Seat 2: AA Cepera AA ($1.98 in chips) 
Seat 4: t-i-m-a-o372 ($5.07 in chips) 
Seat 5: Dorex2007 ($1.61 in chips) 
Seat 6: thrmsix ($2.92 in chips) 
Seat 7: BoogerChimp ($2.11 in chips) 
Seat 8: SUPERFISH35 ($2.17 in chips) 
Seat 9: PABLOZAL10 ($3.14 in chips) 
AA Cepera AA: posts small blind $0.01
t-i-m-a-o372: posts big blind $0.02
*** HOLE CARDS ***
Dealt to Dorex2007 [9d 4c]
Dorex2007: folds 
thrmsix: folds 
BoogerChimp: folds 
SUPERFISH35: folds 
PABLOZAL10: folds 
Monich_Bruno: folds 
AA Cepera AA: folds 
Uncalled bet ($0.01) returned to t-i-m-a-o372
t-i-m-a-o372 collected $0.02 from pot
*** SUMMARY ***
Total pot $0.02 | Rake $0 
Seat 1: Monich_Bruno (button) folded before Flop (didn't bet)
Seat 2: AA Cepera AA (small blind) folded before Flop
Seat 4: t-i-m-a-o372 (big blind) collected ($0.02)
Seat 5: Dorex2007 folded before Flop (didn't bet)
Seat 6: thrmsix folded before Flop (didn't bet)
Seat 7: BoogerChimp folded before Flop (didn't bet)
Seat 8: SUPERFISH35 folded before Flop (didn't bet)
Seat 9: PABLOZAL10 folded before Flop (didn't bet)



PokerStars Hand #224822459768:  Hold'em No Limit ($0.01/$0.02 USD) - 2021/03/14 18:22:18 PT [2021/03/14 21:22:18 ET]
Table 'Ljuba II' 9-max Seat #2 is the button
Seat 1: Monich_Bruno ($1.05 in chips) 
Seat 2: AA Cepera AA ($1.97 in chips) 
Seat 4: t-i-m-a-o372 ($5.08 in chips) 
Seat 5: Dorex2007 ($1.61 in chips) 
Seat 6: thrmsix ($2.92 in chips) 
Seat 7: BoogerChimp ($2.11 in chips) 
Seat 8: SUPERFISH35 ($2.17 in chips) 
Seat 9: PABLOZAL10 ($3.14 in chips) 
t-i-m-a-o372: posts small blind $0.01
Dorex2007: posts big blind $0.02
*** HOLE CARDS ***
Dealt to Dorex2007 [8s Th]
thrmsix: folds 
BoogerChimp: folds 
SUPERFISH35: folds 
PABLOZAL10: folds 
Monich_Bruno: raises $0.04 to $0.06
AA Cepera AA: folds 
t-i-m-a-o372: folds 
Dorex2007: folds 
Uncalled bet ($0.04) returned to Monich_Bruno
Monich_Bruno collected $0.05 from pot
Monich_Bruno: doesn't show hand 
*** SUMMARY ***
Total pot $0.05 | Rake $0 
Seat 1: Monich_Bruno collected ($0.05)
Seat 2: AA Cepera AA (button) folded before Flop (didn't bet)
Seat 4: t-i-m-a-o372 (small blind) folded before Flop
Seat 5: Dorex2007 (big blind) folded before Flop
Seat 6: thrmsix folded before Flop (didn't bet)
Seat 7: BoogerChimp folded before Flop (didn't bet)
Seat 8: SUPERFISH35 folded before Flop (didn't bet)
Seat 9: PABLOZAL10 folded before Flop (didn't bet)



PokerStars Hand #224822474849:  Hold'em No Limit ($0.01/$0.02 USD) - 2021/03/14 18:22:39 PT [2021/03/14 21:22:39 ET]
Table 'Ljuba II' 9-max Seat #4 is the button
Seat 1: Monich_Bruno ($1.08 in chips) 
Seat 2: AA Cepera AA ($1.97 in chips) 
Seat 4: t-i-m-a-o372 ($5.07 in chips) 
Seat 5: Dorex2007 ($1.59 in chips) 
Seat 6: thrmsix ($2.92 in chips) 
Seat 7: BoogerChimp ($2.11 in chips) 
Seat 8: SUPERFISH35 ($2.17 in chips) 
Seat 9: PABLOZAL10 ($3.14 in chips) 
Dorex2007: posts small blind $0.01
thrmsix: posts big blind $0.02
*** HOLE CARDS ***
Dealt to Dorex2007 [Td Jh]
sss_1386 is disconnected 
BoogerChimp: folds 
SUPERFISH35: raises $0.08 to $0.10
PABLOZAL10: folds 
Monich_Bruno: folds 
AA Cepera AA: folds 
t-i-m-a-o372: folds 
Dorex2007: folds 
thrmsix: folds 
Uncalled bet ($0.08) returned to SUPERFISH35
SUPERFISH35 collected $0.05 from pot
SUPERFISH35: doesn't show hand 
*** SUMMARY ***
Total pot $0.05 | Rake $0 
Seat 1: Monich_Bruno folded before Flop (didn't bet)
Seat 2: AA Cepera AA folded before Flop (didn't bet)
Seat 4: t-i-m-a-o372 (button) folded before Flop (didn't bet)
Seat 5: Dorex2007 (small blind) folded before Flop
Seat 6: thrmsix (big blind) folded before Flop
Seat 7: BoogerChimp folded before Flop (didn't bet)
Seat 8: SUPERFISH35 collected ($0.05)
Seat 9: PABLOZAL10 folded before Flop (didn't bet)



PokerStars Hand #224822485138:  Hold'em No Limit ($0.01/$0.02 USD) - 2021/03/14 18:23:10 PT [2021/03/14 21:23:10 ET]
Table 'Ljuba II' 9-max Seat #5 is the button
Seat 1: Monich_Bruno ($1.08 in chips) 
Seat 2: AA Cepera AA ($1.97 in chips) 
Seat 4: t-i-m-a-o372 ($5.07 in chips) 
Seat 5: Dorex2007 ($1.58 in chips) 
Seat 6: thrmsix ($2.90 in chips) 
Seat 7: BoogerChimp ($2.11 in chips) 
Seat 8: SUPERFISH35 ($2.20 in chips) 
Seat 9: PABLOZAL10 ($3.14 in chips) 
thrmsix: posts small blind $0.01
BoogerChimp: posts big blind $0.02
*** HOLE CARDS ***
Dealt to Dorex2007 [9h 4d]
SUPERFISH35: folds 
PABLOZAL10: calls $0.02
Monich_Bruno: folds 
AA Cepera AA: folds 
t-i-m-a-o372: folds 
Dorex2007: folds 
thrmsix: folds 
BoogerChimp: checks 
*** FLOP *** [Ah Jc 3s]
BoogerChimp: checks 
PABLOZAL10: checks 
*** TURN *** [Ah Jc 3s] [2d]
BoogerChimp: checks 
PABLOZAL10: checks 
*** RIVER *** [Ah Jc 3s 2d] [5h]
BoogerChimp: checks 
PABLOZAL10: checks 
*** SHOW DOWN ***
BoogerChimp: shows [6s 8s] (high card Ace)
PABLOZAL10: shows [Kh Ts] (high card Ace - King kicker)
PABLOZAL10 collected $0.05 from pot
*** SUMMARY ***
Total pot $0.05 | Rake $0 
Board [Ah Jc 3s 2d 5h]
Seat 1: Monich_Bruno folded before Flop (didn't bet)
Seat 2: AA Cepera AA folded before Flop (didn't bet)
Seat 4: t-i-m-a-o372 folded before Flop (didn't bet)
Seat 5: Dorex2007 (button) folded before Flop (didn't bet)
Seat 6: thrmsix (small blind) folded before Flop
Seat 7: BoogerChimp (big blind) showed [6s 8s] and lost with high card Ace
Seat 8: SUPERFISH35 folded before Flop (didn't bet)
Seat 9: PABLOZAL10 showed [Kh Ts] and won ($0.05) with high card Ace



PokerStars Hand #224822494833:  Hold'em No Limit ($0.01/$0.02 USD) - 2021/03/14 18:23:38 PT [2021/03/14 21:23:38 ET]
Table 'Ljuba II' 9-max Seat #6 is the button
Seat 1: Monich_Bruno ($1.08 in chips) 
Seat 2: AA Cepera AA ($1.97 in chips) 
Seat 4: t-i-m-a-o372 ($5.07 in chips) 
Seat 5: Dorex2007 ($1.58 in chips) 
Seat 6: thrmsix ($2.89 in chips) 
Seat 7: BoogerChimp ($2.09 in chips) 
Seat 8: SUPERFISH35 ($2.20 in chips) 
Seat 9: PABLOZAL10 ($3.17 in chips) 
BoogerChimp: posts small blind $0.01
SUPERFISH35: posts big blind $0.02
*** HOLE CARDS ***
Dealt to Dorex2007 [7h 6h]
PABLOZAL10: folds 
Monich_Bruno: folds 
AA Cepera AA: folds 
t-i-m-a-o372: folds 
Dorex2007: folds 
thrmsix: folds 
BoogerChimp: calls $0.01
sss_1386 leaves the table
SUPERFISH35: raises $0.04 to $0.06
BoogerChimp: calls $0.04
*** FLOP *** [As 8h Qc]
BoogerChimp: bets $0.08
SUPERFISH35: calls $0.08
*** TURN *** [As 8h Qc] [2c]
BoogerChimp: checks 
SUPERFISH35: bets $0.15
BoogerChimp: folds 
Uncalled bet ($0.15) returned to SUPERFISH35
SUPERFISH35 collected $0.27 from pot
SUPERFISH35: doesn't show hand 
*** SUMMARY ***
Total pot $0.28 | Rake $0.01 
Board [As 8h Qc 2c]
Seat 1: Monich_Bruno folded before Flop (didn't bet)
Seat 2: AA Cepera AA folded before Flop (didn't bet)
Seat 4: t-i-m-a-o372 folded before Flop (didn't bet)
Seat 5: Dorex2007 folded before Flop (didn't bet)
Seat 6: thrmsix (button) folded before Flop (didn't bet)
Seat 7: BoogerChimp (small blind) folded on the Turn
Seat 8: SUPERFISH35 (big blind) collected ($0.27)
Seat 9: PABLOZAL10 folded before Flop (didn't bet)



PokerStars Hand #224822508467:  Hold'em No Limit ($0.01/$0.02 USD) - 2021/03/14 18:24:19 PT [2021/03/14 21:24:19 ET]
Table 'Ljuba II' 9-max Seat #7 is the button
Seat 1: Monich_Bruno ($1.08 in chips) 
Seat 2: AA Cepera AA ($1.97 in chips) 
Seat 4: t-i-m-a-o372 ($5.07 in chips) 
Seat 5: Dorex2007 ($1.58 in chips) 
Seat 6: thrmsix ($2.89 in chips) 
Seat 7: BoogerChimp ($1.95 in chips) 
Seat 8: SUPERFISH35 ($2.33 in chips) 
Seat 9: PABLOZAL10 ($3.17 in chips) 
SUPERFISH35: posts small blind $0.01
PABLOZAL10: posts big blind $0.02
*** HOLE CARDS ***
Dealt to Dorex2007 [Kh 5c]
Monich_Bruno: raises $0.04 to $0.06
AA Cepera AA: folds 
t-i-m-a-o372: folds 
Dorex2007: folds 
thrmsix: folds 
BoogerChimp: folds 
SUPERFISH35: folds 
PABLOZAL10: calls $0.04
*** FLOP *** [7c Jd 9s]
PABLOZAL10: checks 
Monich_Bruno: bets $0.13
ARMMARTT joins the table at seat #3 
PABLOZAL10: calls $0.13
*** TURN *** [7c Jd 9s] [6h]
PABLOZAL10: checks 
Monich_Bruno: checks 
*** RIVER *** [7c Jd 9s 6h] [9c]
PABLOZAL10: checks 
Monich_Bruno: checks 
*** SHOW DOWN ***
PABLOZAL10: shows [Td Kd] (a pair of Nines)
Monich_Bruno: shows [As Qs] (a pair of Nines - Ace kicker)
Monich_Bruno collected $0.38 from pot
*** SUMMARY ***
Total pot $0.39 | Rake $0.01 
Board [7c Jd 9s 6h 9c]
Seat 1: Monich_Bruno showed [As Qs] and won ($0.38) with a pair of Nines
Seat 2: AA Cepera AA folded before Flop (didn't bet)
Seat 4: t-i-m-a-o372 folded before Flop (didn't bet)
Seat 5: Dorex2007 folded before Flop (didn't bet)
Seat 6: thrmsix folded before Flop (didn't bet)
Seat 7: BoogerChimp (button) folded before Flop (didn't bet)
Seat 8: SUPERFISH35 (small blind) folded before Flop
Seat 9: PABLOZAL10 (big blind) showed [Td Kd] and lost with a pair of Nines



PokerStars Hand #224822525498:  Hold'em No Limit ($0.01/$0.02 USD) - 2021/03/14 18:25:10 PT [2021/03/14 21:25:10 ET]
Table 'Ljuba II' 9-max Seat #8 is the button
Seat 1: Monich_Bruno ($1.27 in chips) 
Seat 2: AA Cepera AA ($1.97 in chips) 
Seat 4: t-i-m-a-o372 ($5.07 in chips) 
Seat 5: Dorex2007 ($1.58 in chips) 
Seat 6: thrmsix ($2.89 in chips) 
Seat 7: BoogerChimp ($1.95 in chips) 
Seat 8: SUPERFISH35 ($2.32 in chips) 
Seat 9: PABLOZAL10 ($2.98 in chips) 
PABLOZAL10: posts small blind $0.01
Monich_Bruno: posts big blind $0.02
ARMMARTT: is sitting out 
*** HOLE CARDS ***
Dealt to Dorex2007 [Jc Qh]
ARMMARTT leaves the table
AA Cepera AA: folds 
t-i-m-a-o372: folds 
Dorex2007: folds 
thrmsix: folds 
BoogerChimp: folds 
AA Cepera AA leaves the table
SUPERFISH35: folds 
PABLOZAL10: raises $0.06 to $0.08
Monich_Bruno: folds 
Uncalled bet ($0.06) returned to PABLOZAL10
PABLOZAL10 collected $0.04 from pot
PABLOZAL10: doesn't show hand 
*** SUMMARY ***
Total pot $0.04 | Rake $0 
Seat 1: Monich_Bruno (big blind) folded before Flop
Seat 2: AA Cepera AA folded before Flop (didn't bet)
Seat 4: t-i-m-a-o372 folded before Flop (didn't bet)
Seat 5: Dorex2007 folded before Flop (didn't bet)
Seat 6: thrmsix folded before Flop (didn't bet)
Seat 7: BoogerChimp folded before Flop (didn't bet)
Seat 8: SUPERFISH35 (button) folded before Flop (didn't bet)
Seat 9: PABLOZAL10 (small blind) collected ($0.04)



PokerStars Hand #224822533112:  Hold'em No Limit ($0.01/$0.02 USD) - 2021/03/14 18:25:33 PT [2021/03/14 21:25:33 ET]
Table 'Ljuba II' 9-max Seat #9 is the button
Seat 1: Monich_Bruno ($1.25 in chips) 
Seat 4: t-i-m-a-o372 ($5.07 in chips) 
Seat 5: Dorex2007 ($1.58 in chips) 
Seat 6: thrmsix ($2.89 in chips) 
Seat 7: BoogerChimp ($1.95 in chips) 
Seat 8: SUPERFISH35 ($2.32 in chips) 
Seat 9: PABLOZAL10 ($3 in chips) 
Monich_Bruno: posts small blind $0.01
t-i-m-a-o372: posts big blind $0.02
*** HOLE CARDS ***
Dealt to Dorex2007 [4h Qc]
Dorex2007: folds 
thrmsix: folds 
BoogerChimp: folds 
SUPERFISH35: raises $0.06 to $0.08
PABLOZAL10: folds 
Monich_Bruno: folds 
t-i-m-a-o372: folds 
Uncalled bet ($0.06) returned to SUPERFISH35
SUPERFISH35 collected $0.05 from pot
SUPERFISH35: doesn't show hand 
*** SUMMARY ***
Total pot $0.05 | Rake $0 
Seat 1: Monich_Bruno (small blind) folded before Flop
Seat 4: t-i-m-a-o372 (big blind) folded before Flop
Seat 5: Dorex2007 folded before Flop (didn't bet)
Seat 6: thrmsix folded before Flop (didn't bet)
Seat 7: BoogerChimp folded before Flop (didn't bet)
Seat 8: SUPERFISH35 collected ($0.05)
Seat 9: PABLOZAL10 (button) folded before Flop (didn't bet)



PokerStars Hand #224822540345:  Hold'em No Limit ($0.01/$0.02 USD) - 2021/03/14 18:25:54 PT [2021/03/14 21:25:54 ET]
Table 'Ljuba II' 9-max Seat #1 is the button
Seat 1: Monich_Bruno ($1.24 in chips) 
Seat 4: t-i-m-a-o372 ($5.05 in chips) 
Seat 5: Dorex2007 ($1.58 in chips) 
Seat 6: thrmsix ($2.89 in chips) 
Seat 7: BoogerChimp ($1.95 in chips) 
Seat 8: SUPERFISH35 ($2.35 in chips) 
Seat 9: PABLOZAL10 ($3 in chips) 
t-i-m-a-o372: posts small blind $0.01
Dorex2007: posts big blind $0.02
*** HOLE CARDS ***
Dealt to Dorex2007 [4d Ad]
thrmsix: folds 
BoogerChimp: folds 
SUPERFISH35: folds 
PABLOZAL10: calls $0.02
Monich_Bruno: folds 
t-i-m-a-o372: calls $0.01
Dorex2007: checks 
*** FLOP *** [3s Td 7h]
t-i-m-a-o372: checks 
Dorex2007: checks 
PABLOZAL10: bets $0.06
t-i-m-a-o372: calls $0.06
Dorex2007: folds 
*** TURN *** [3s Td 7h] [8s]
t-i-m-a-o372: bets $0.09
PABLOZAL10: calls $0.09
*** RIVER *** [3s Td 7h 8s] [3d]
t-i-m-a-o372: bets $0.23
PABLOZAL10: folds 
Uncalled bet ($0.23) returned to t-i-m-a-o372
t-i-m-a-o372 collected $0.35 from pot
*** SUMMARY ***
Total pot $0.36 | Rake $0.01 
Board [3s Td 7h 8s 3d]
Seat 1: Monich_Bruno (button) folded before Flop (didn't bet)
Seat 4: t-i-m-a-o372 (small blind) collected ($0.35)
Seat 5: Dorex2007 (big blind) folded on the Flop
Seat 6: thrmsix folded before Flop (didn't bet)
Seat 7: BoogerChimp folded before Flop (didn't bet)
Seat 8: SUPERFISH35 folded before Flop (didn't bet)
Seat 9: PABLOZAL10 folded on the River



PokerStars Hand #224822557839:  Hold'em No Limit ($0.01/$0.02 USD) - 2021/03/14 18:26:47 PT [2021/03/14 21:26:47 ET]
Table 'Ljuba II' 9-max Seat #4 is the button
Seat 1: Monich_Bruno ($1.24 in chips) 
Seat 4: t-i-m-a-o372 ($5.23 in chips) 
Seat 5: Dorex2007 ($1.56 in chips) 
Seat 6: thrmsix ($2.89 in chips) 
Seat 7: BoogerChimp ($1.95 in chips) 
Seat 8: SUPERFISH35 ($2.35 in chips) 
Seat 9: PABLOZAL10 ($2.83 in chips) 
Dorex2007: posts small blind $0.01
thrmsix: posts big blind $0.02
*** HOLE CARDS ***
Dealt to Dorex2007 [5d Ah]
BoogerChimp: folds 
SUPERFISH35: folds 
PABLOZAL10: folds 
Monich_Bruno: calls $0.02
t-i-m-a-o372: folds 
Héber Maffi joins the table at seat #2 
Dorex2007: calls $0.01
thrmsix: checks 
*** FLOP *** [3c 5s Ts]
FranksTV joins the table at seat #3 
Dorex2007: checks 
thrmsix: checks 
Monich_Bruno: checks 
*** TURN *** [3c 5s Ts] [Ks]
Dorex2007: checks 
thrmsix: checks 
Monich_Bruno: checks 
*** RIVER *** [3c 5s Ts Ks] [8s]
Dorex2007: checks 
thrmsix: checks 
Monich_Bruno: checks 
*** SHOW DOWN ***
Dorex2007: shows [5d Ah] (a pair of Fives)
thrmsix: shows [6s 2d] (a flush, King high)
Monich_Bruno: mucks hand 
thrmsix collected $0.06 from pot
*** SUMMARY ***
Total pot $0.06 | Rake $0 
Board [3c 5s Ts Ks 8s]
Seat 1: Monich_Bruno mucked [Ad 2c]
Seat 4: t-i-m-a-o372 (button) folded before Flop (didn't bet)
Seat 5: Dorex2007 (small blind) showed [5d Ah] and lost with a pair of Fives
Seat 6: thrmsix (big blind) showed [6s 2d] and won ($0.06) with a flush, King high
Seat 7: BoogerChimp folded before Flop (didn't bet)
Seat 8: SUPERFISH35 folded before Flop (didn't bet)
Seat 9: PABLOZAL10 folded before Flop (didn't bet)



PokerStars Hand #224822572277:  Hold'em No Limit ($0.01/$0.02 USD) - 2021/03/14 18:27:30 PT [2021/03/14 21:27:30 ET]
Table 'Ljuba II' 9-max Seat #5 is the button
Seat 1: Monich_Bruno ($1.22 in chips) 
Seat 2: Héber Maffi ($1.60 in chips) 
Seat 4: t-i-m-a-o372 ($5.23 in chips) 
Seat 5: Dorex2007 ($1.54 in chips) 
Seat 6: thrmsix ($2.93 in chips) 
Seat 7: BoogerChimp ($1.95 in chips) 
Seat 8: SUPERFISH35 ($2.35 in chips) 
Seat 9: PABLOZAL10 ($2.83 in chips) 
thrmsix: posts small blind $0.01
BoogerChimp: posts big blind $0.02
Héber Maffi: posts big blind $0.02
FranksTV: sits out 
*** HOLE CARDS ***
Dealt to Dorex2007 [8c 4s]
SUPERFISH35: folds 
PABLOZAL10: folds 
Monich_Bruno: folds 
Héber Maffi: checks 
t-i-m-a-o372 has timed out
t-i-m-a-o372: folds 
Dorex2007: folds 
thrmsix: raises $0.06 to $0.08
BoogerChimp: folds 
Héber Maffi: calls $0.06
*** FLOP *** [Qs 6c Ac]
thrmsix: bets $0.12
Héber Maffi: calls $0.12
*** TURN *** [Qs 6c Ac] [6h]
thrmsix: checks 
Héber Maffi: bets $0.21
thrmsix: folds 
Uncalled bet ($0.21) returned to Héber Maffi
Héber Maffi collected $0.41 from pot
Héber Maffi: doesn't show hand 
*** SUMMARY ***
Total pot $0.42 | Rake $0.01 
Board [Qs 6c Ac 6h]
Seat 1: Monich_Bruno folded before Flop (didn't bet)
Seat 2: Héber Maffi collected ($0.41)
Seat 4: t-i-m-a-o372 folded before Flop (didn't bet)
Seat 5: Dorex2007 (button) folded before Flop (didn't bet)
Seat 6: thrmsix (small blind) folded on the Turn
Seat 7: BoogerChimp (big blind) folded before Flop
Seat 8: SUPERFISH35 folded before Flop (didn't bet)
Seat 9: PABLOZAL10 folded before Flop (didn't bet)



PokerStars Hand #224822587712:  Hold'em No Limit ($0.01/$0.02 USD) - 2021/03/14 18:28:17 PT [2021/03/14 21:28:17 ET]
Table 'Ljuba II' 9-max Seat #6 is the button
Seat 1: Monich_Bruno ($1.22 in chips) 
Seat 2: Héber Maffi ($1.81 in chips) 
Seat 3: FranksTV ($2 in chips) 
Seat 5: Dorex2007 ($1.54 in chips) 
Seat 6: thrmsix ($2.73 in chips) 
Seat 7: BoogerChimp ($1.93 in chips) 
Seat 8: SUPERFISH35 ($2.35 in chips) 
Seat 9: PABLOZAL10 ($2.83 in chips) 
BoogerChimp: posts small blind $0.01
SUPERFISH35: posts big blind $0.02
FranksTV: posts big blind $0.02
*** HOLE CARDS ***
Dealt to Dorex2007 [Ts 6c]
PABLOZAL10: calls $0.02
Monich_Bruno: folds 
Héber Maffi: calls $0.02
FranksTV: checks 
Dorex2007: folds 
thrmsix: folds 
BoogerChimp: folds 
SUPERFISH35: checks 
*** FLOP *** [9h 8c 3s]
SUPERFISH35: checks 
PABLOZAL10: checks 
Héber Maffi: bets $0.02
FranksTV: folds 
SUPERFISH35: calls $0.02
PABLOZAL10: calls $0.02
*** TURN *** [9h 8c 3s] [8h]
SUPERFISH35: checks 
PABLOZAL10: checks 
Héber Maffi: bets $0.02
SUPERFISH35: calls $0.02
PABLOZAL10: calls $0.02
*** RIVER *** [9h 8c 3s 8h] [4s]
SUPERFISH35: checks 
PABLOZAL10: checks 
Héber Maffi: bets $0.10
SUPERFISH35: folds 
PABLOZAL10: folds 
Uncalled bet ($0.10) returned to Héber Maffi
Héber Maffi collected $0.20 from pot
Héber Maffi: doesn't show hand 
*** SUMMARY ***
Total pot $0.21 | Rake $0.01 
Board [9h 8c 3s 8h 4s]
Seat 1: Monich_Bruno folded before Flop (didn't bet)
Seat 2: Héber Maffi collected ($0.20)
Seat 3: FranksTV folded on the Flop (didn't bet)
Seat 5: Dorex2007 folded before Flop (didn't bet)
Seat 6: thrmsix (button) folded before Flop (didn't bet)
Seat 7: BoogerChimp (small blind) folded before Flop
Seat 8: SUPERFISH35 (big blind) folded on the River
Seat 9: PABLOZAL10 folded on the River



PokerStars Hand #224822608442:  Hold'em No Limit ($0.01/$0.02 USD) - 2021/03/14 18:29:19 PT [2021/03/14 21:29:19 ET]
Table 'Ljuba II' 9-max Seat #7 is the button
Seat 1: Monich_Bruno ($1.22 in chips) 
Seat 2: Héber Maffi ($1.95 in chips) 
Seat 3: FranksTV ($1.98 in chips) 
Seat 4: t-i-m-a-o372 ($5.23 in chips) 
Seat 5: Dorex2007 ($1.54 in chips) 
Seat 6: thrmsix ($2.73 in chips) 
Seat 7: BoogerChimp ($1.92 in chips) 
Seat 8: SUPERFISH35 ($2.29 in chips) 
Seat 9: PABLOZAL10 ($2.77 in chips) 
SUPERFISH35: posts small blind $0.01
PABLOZAL10: posts big blind $0.02
*** HOLE CARDS ***
Dealt to Dorex2007 [Kh 9d]
Monich_Bruno: folds 
Héber Maffi: folds 
FranksTV: folds 
t-i-m-a-o372: raises $0.04 to $0.06
Dorex2007: folds 
thrmsix: folds 
BoogerChimp: folds 
SUPERFISH35: folds 
PABLOZAL10: calls $0.04
*** FLOP *** [Ac 5c 7h]
PABLOZAL10: checks 
t-i-m-a-o372: bets $0.07
PABLOZAL10: folds 
Uncalled bet ($0.07) returned to t-i-m-a-o372
t-i-m-a-o372 collected $0.13 from pot
*** SUMMARY ***
Total pot $0.13 | Rake $0 
Board [Ac 5c 7h]
Seat 1: Monich_Bruno folded before Flop (didn't bet)
Seat 2: Héber Maffi folded before Flop (didn't bet)
Seat 3: FranksTV folded before Flop (didn't bet)
Seat 4: t-i-m-a-o372 collected ($0.13)
Seat 5: Dorex2007 folded before Flop (didn't bet)
Seat 6: thrmsix folded before Flop (didn't bet)
Seat 7: BoogerChimp (button) folded before Flop (didn't bet)
Seat 8: SUPERFISH35 (small blind) folded before Flop
Seat 9: PABLOZAL10 (big blind) folded on the Flop



PokerStars Hand #224822620069:  Hold'em No Limit ($0.01/$0.02 USD) - 2021/03/14 18:29:54 PT [2021/03/14 21:29:54 ET]
Table 'Ljuba II' 9-max Seat #8 is the button
Seat 1: Monich_Bruno ($1.22 in chips) 
Seat 2: Héber Maffi ($1.95 in chips) 
Seat 3: FranksTV ($1.98 in chips) 
Seat 4: t-i-m-a-o372 ($5.30 in chips) 
Seat 5: Dorex2007 ($1.54 in chips) 
Seat 6: thrmsix ($2.73 in chips) 
Seat 7: BoogerChimp ($1.92 in chips) 
Seat 8: SUPERFISH35 ($2.28 in chips) 
Seat 9: PABLOZAL10 ($2.71 in chips) 
PABLOZAL10: posts small blind $0.01
Monich_Bruno: posts big blind $0.02
*** HOLE CARDS ***
Dealt to Dorex2007 [5d Qd]
Héber Maffi: folds 
FranksTV: folds 
t-i-m-a-o372: calls $0.02
Dorex2007: folds 
thrmsix: folds 
BoogerChimp: folds 
SUPERFISH35: folds 
PABLOZAL10: calls $0.01
Monich_Bruno: checks 
*** FLOP *** [Ah Jh Tc]
PABLOZAL10: checks 
Monich_Bruno: bets $0.02
t-i-m-a-o372: calls $0.02
PABLOZAL10: calls $0.02
*** TURN *** [Ah Jh Tc] [7s]
PABLOZAL10: checks 
Monich_Bruno: bets $0.12
t-i-m-a-o372: calls $0.12
PABLOZAL10: calls $0.12
*** RIVER *** [Ah Jh Tc 7s] [7d]
PABLOZAL10: checks 
Monich_Bruno: bets $0.23
t-i-m-a-o372: calls $0.23
PABLOZAL10: folds 
*** SHOW DOWN ***
Monich_Bruno: shows [Ad 2h] (two pair, Aces and Sevens)
t-i-m-a-o372: mucks hand 
Monich_Bruno collected $0.91 from pot
*** SUMMARY ***
Total pot $0.94 | Rake $0.03 
Board [Ah Jh Tc 7s 7d]
Seat 1: Monich_Bruno (big blind) showed [Ad 2h] and won ($0.91) with two pair, Aces and Sevens
Seat 2: Héber Maffi folded before Flop (didn't bet)
Seat 3: FranksTV folded before Flop (didn't bet)
Seat 4: t-i-m-a-o372 mucked [2s Js]
Seat 5: Dorex2007 folded before Flop (didn't bet)
Seat 6: thrmsix folded before Flop (didn't bet)
Seat 7: BoogerChimp folded before Flop (didn't bet)
Seat 8: SUPERFISH35 (button) folded before Flop (didn't bet)
Seat 9: PABLOZAL10 (small blind) folded on the River



PokerStars Hand #224822639538:  Hold'em No Limit ($0.01/$0.02 USD) - 2021/03/14 18:30:53 PT [2021/03/14 21:30:53 ET]
Table 'Ljuba II' 9-max Seat #9 is the button
Seat 1: Monich_Bruno ($1.74 in chips) 
Seat 2: Héber Maffi ($1.95 in chips) 
Seat 3: FranksTV ($1.98 in chips) 
Seat 4: t-i-m-a-o372 ($4.91 in chips) 
Seat 5: Dorex2007 ($1.54 in chips) 
Seat 6: thrmsix ($2.73 in chips) 
Seat 7: BoogerChimp ($1.92 in chips) 
Seat 8: SUPERFISH35 ($2.28 in chips) 
Seat 9: PABLOZAL10 ($2.55 in chips) 
Monich_Bruno: posts small blind $0.01
Héber Maffi: posts big blind $0.02
*** HOLE CARDS ***
Dealt to Dorex2007 [6s Kc]
FranksTV: folds 
t-i-m-a-o372: folds 
Dorex2007: folds 
thrmsix: folds 
BoogerChimp: folds 
SUPERFISH35: raises $0.06 to $0.08
PABLOZAL10: folds 
Monich_Bruno: folds 
Héber Maffi: calls $0.06
*** FLOP *** [7d Jc 6h]
Monich_Bruno leaves the table
Héber Maffi: bets $0.02
SUPERFISH35: raises $0.08 to $0.10
Héber Maffi: calls $0.08
*** TURN *** [7d Jc 6h] [Th]
Héber Maffi: bets $0.18
SUPERFISH35: calls $0.18
*** RIVER *** [7d Jc 6h Th] [3h]
Héber Maffi: bets $0.35
SUPERFISH35: calls $0.35
*** SHOW DOWN ***
Héber Maffi: shows [7s 8c] (a pair of Sevens)
SUPERFISH35: shows [Td Qc] (a pair of Tens)
SUPERFISH35 collected $1.38 from pot
*** SUMMARY ***
Total pot $1.43 | Rake $0.05 
Board [7d Jc 6h Th 3h]
Seat 1: Monich_Bruno (small blind) folded before Flop
Seat 2: Héber Maffi (big blind) showed [7s 8c] and lost with a pair of Sevens
Seat 3: FranksTV folded before Flop (didn't bet)
Seat 4: t-i-m-a-o372 folded before Flop (didn't bet)
Seat 5: Dorex2007 folded before Flop (didn't bet)
Seat 6: thrmsix folded before Flop (didn't bet)
Seat 7: BoogerChimp folded before Flop (didn't bet)
Seat 8: SUPERFISH35 showed [Td Qc] and won ($1.38) with a pair of Tens
Seat 9: PABLOZAL10 (button) folded before Flop (didn't bet)



PokerStars Hand #224822661815:  Hold'em No Limit ($0.01/$0.02 USD) - 2021/03/14 18:31:44 PT [2021/03/14 21:31:44 ET]
Table 'Ljuba II' 9-max Seat #2 is the button
Seat 2: Héber Maffi ($1.24 in chips) 
Seat 3: FranksTV ($1.98 in chips) 
Seat 4: t-i-m-a-o372 ($4.91 in chips) 
Seat 5: Dorex2007 ($1.54 in chips) 
Seat 6: thrmsix ($2.73 in chips) 
Seat 7: BoogerChimp ($1.92 in chips) 
Seat 8: SUPERFISH35 ($2.95 in chips) 
Seat 9: PABLOZAL10 ($2.55 in chips) 
FranksTV: posts small blind $0.01
t-i-m-a-o372: posts big blind $0.02
*** HOLE CARDS ***
Dealt to Dorex2007 [Ks 8s]
Dorex2007: folds 
thrmsix: folds 
BoogerChimp: folds 
SUPERFISH35: folds 
PABLOZAL10: folds 
Héber Maffi: raises $0.02 to $0.04
FranksTV: raises $0.02 to $0.06
t-i-m-a-o372: folds 
Héber Maffi: raises $0.02 to $0.08
FranksTV: calls $0.02
*** FLOP *** [8d 3c 5s]
FranksTV: checks 
Héber Maffi: bets $0.09
FranksTV: folds 
Uncalled bet ($0.09) returned to Héber Maffi
Héber Maffi collected $0.17 from pot
Héber Maffi: doesn't show hand 
*** SUMMARY ***
Total pot $0.18 | Rake $0.01 
Board [8d 3c 5s]
Seat 2: Héber Maffi (button) collected ($0.17)
Seat 3: FranksTV (small blind) folded on the Flop
Seat 4: t-i-m-a-o372 (big blind) folded before Flop
Seat 5: Dorex2007 folded before Flop (didn't bet)
Seat 6: thrmsix folded before Flop (didn't bet)
Seat 7: BoogerChimp folded before Flop (didn't bet)
Seat 8: SUPERFISH35 folded before Flop (didn't bet)
Seat 9: PABLOZAL10 folded before Flop (didn't bet)



PokerStars Hand #224822674157:  Hold'em No Limit ($0.01/$0.02 USD) - 2021/03/14 18:32:22 PT [2021/03/14 21:32:22 ET]
Table 'Ljuba II' 9-max Seat #3 is the button
Seat 2: Héber Maffi ($1.33 in chips) 
Seat 3: FranksTV ($1.90 in chips) 
Seat 4: t-i-m-a-o372 ($4.89 in chips) 
Seat 5: Dorex2007 ($1.54 in chips) 
Seat 6: thrmsix ($2.73 in chips) 
Seat 7: BoogerChimp ($1.92 in chips) 
Seat 8: SUPERFISH35 ($2.95 in chips) 
Seat 9: PABLOZAL10 ($2.55 in chips) 
t-i-m-a-o372: posts small blind $0.01
Dorex2007: posts big blind $0.02
*** HOLE CARDS ***
Dealt to Dorex2007 [Ks Ts]
thrmsix: folds 
BoogerChimp: raises $0.06 to $0.08
SUPERFISH35: folds 
PABLOZAL10: folds 
Héber Maffi: calls $0.08
FranksTV: folds 
t-i-m-a-o372: folds 
Dorex2007: folds 
*** FLOP *** [2s 3h 4d]
BoogerChimp: bets $0.11
Héber Maffi: folds 
Uncalled bet ($0.11) returned to BoogerChimp
BoogerChimp collected $0.18 from pot
BoogerChimp: doesn't show hand 
*** SUMMARY ***
Total pot $0.19 | Rake $0.01 
Board [2s 3h 4d]
Seat 2: Héber Maffi folded on the Flop
Seat 3: FranksTV (button) folded before Flop (didn't bet)
Seat 4: t-i-m-a-o372 (small blind) folded before Flop
Seat 5: Dorex2007 (big blind) folded before Flop
Seat 6: thrmsix folded before Flop (didn't bet)
Seat 7: BoogerChimp collected ($0.18)
Seat 8: SUPERFISH35 folded before Flop (didn't bet)
Seat 9: PABLOZAL10 folded before Flop (didn't bet)



PokerStars Hand #224822687363:  Hold'em No Limit ($0.01/$0.02 USD) - 2021/03/14 18:33:03 PT [2021/03/14 21:33:03 ET]
Table 'Ljuba II' 9-max Seat #4 is the button
Seat 2: Héber Maffi ($1.25 in chips) 
Seat 3: FranksTV ($1.90 in chips) 
Seat 4: t-i-m-a-o372 ($4.88 in chips) 
Seat 5: Dorex2007 ($1.52 in chips) 
Seat 6: thrmsix ($2.73 in chips) 
Seat 7: BoogerChimp ($2.02 in chips) 
Seat 8: SUPERFISH35 ($2.95 in chips) 
Seat 9: PABLOZAL10 ($2.55 in chips) 
Dorex2007: posts small blind $0.01
thrmsix: posts big blind $0.02
*** HOLE CARDS ***
Dealt to Dorex2007 [Jc Tc]
BoogerChimp: folds 
SUPERFISH35: folds 
PABLOZAL10: folds 
Héber Maffi: calls $0.02
FranksTV: folds 
t-i-m-a-o372: calls $0.02
Dorex2007: calls $0.01
thrmsix: raises $0.08 to $0.10
Héber Maffi: folds 
t-i-m-a-o372: calls $0.08
Dorex2007: calls $0.08
*** FLOP *** [2s Ac Ah]
Dorex2007: checks 
thrmsix: bets $0.10
t-i-m-a-o372: raises $0.17 to $0.27
Dorex2007: folds 
thrmsix: calls $0.17
*** TURN *** [2s Ac Ah] [9c]
thrmsix: checks 
t-i-m-a-o372: bets $0.43
thrmsix: calls $0.43
*** RIVER *** [2s Ac Ah 9c] [Ks]
thrmsix: bets $0.40
t-i-m-a-o372: raises $1.65 to $2.05
thrmsix: calls $1.53 and is all-in
Uncalled bet ($0.12) returned to t-i-m-a-o372
*** SHOW DOWN ***
t-i-m-a-o372: shows [6d 2d] (two pair, Aces and Deuces)
thrmsix: shows [9s 9d] (a full house, Nines full of Aces)
thrmsix collected $5.38 from pot
*** SUMMARY ***
Total pot $5.58 | Rake $0.20 
Board [2s Ac Ah 9c Ks]
Seat 2: Héber Maffi folded before Flop
Seat 3: FranksTV folded before Flop (didn't bet)
Seat 4: t-i-m-a-o372 (button) showed [6d 2d] and lost with two pair, Aces and Deuces
Seat 5: Dorex2007 (small blind) folded on the Flop
Seat 6: thrmsix (big blind) showed [9s 9d] and won ($5.38) with a full house, Nines full of Aces
Seat 7: BoogerChimp folded before Flop (didn't bet)
Seat 8: SUPERFISH35 folded before Flop (didn't bet)
Seat 9: PABLOZAL10 folded before Flop (didn't bet)



PokerStars Hand #224822717108:  Hold'em No Limit ($0.01/$0.02 USD) - 2021/03/14 18:34:34 PT [2021/03/14 21:34:34 ET]
Table 'Ljuba II' 9-max Seat #5 is the button
Seat 2: Héber Maffi ($1.23 in chips) 
Seat 3: FranksTV ($1.90 in chips) 
Seat 4: t-i-m-a-o372 ($2.15 in chips) 
Seat 5: Dorex2007 ($1.42 in chips) 
Seat 6: thrmsix ($5.38 in chips) 
Seat 7: BoogerChimp ($2.02 in chips) 
Seat 8: SUPERFISH35 ($2.95 in chips) 
Seat 9: PABLOZAL10 ($2.55 in chips) 
thrmsix: posts small blind $0.01
BoogerChimp: posts big blind $0.02
*** HOLE CARDS ***
Dealt to Dorex2007 [7d Jh]
SUPERFISH35: folds 
PABLOZAL10: folds 
SUPERFISH35 leaves the table
Héber Maffi: calls $0.02
FranksTV has timed out
FranksTV: folds 
t-i-m-a-o372: raises $0.06 to $0.08
3aPuK_PROFFI joins the table at seat #1 
Dorex2007: folds 
thrmsix: raises $0.20 to $0.28
BoogerChimp: folds 
Héber Maffi: calls $0.26
t-i-m-a-o372: calls $0.20
*** FLOP *** [Kd 2d Ks]
thrmsix: checks 
Héber Maffi: bets $0.95 and is all-in
t-i-m-a-o372: raises $0.92 to $1.87 and is all-in
thrmsix: folds 
Uncalled bet ($0.92) returned to t-i-m-a-o372
morayjak joins the table at seat #8 
*** TURN *** [Kd 2d Ks] [Jd]
*** RIVER *** [Kd 2d Ks Jd] [5d]
*** SHOW DOWN ***
Héber Maffi: shows [Ad 9h] (a flush, Ace high)
t-i-m-a-o372: shows [6d 8d] (a flush, King high)
Héber Maffi collected $2.66 from pot
*** SUMMARY ***
Total pot $2.76 | Rake $0.10 
Board [Kd 2d Ks Jd 5d]
Seat 2: Héber Maffi showed [Ad 9h] and won ($2.66) with a flush, Ace high
Seat 3: FranksTV folded before Flop (didn't bet)
Seat 4: t-i-m-a-o372 showed [6d 8d] and lost with a flush, King high
Seat 5: Dorex2007 (button) folded before Flop (didn't bet)
Seat 6: thrmsix (small blind) folded on the Flop
Seat 7: BoogerChimp (big blind) folded before Flop
Seat 8: SUPERFISH35 folded before Flop (didn't bet)
Seat 9: PABLOZAL10 folded before Flop (didn't bet)



PokerStars Hand #224822740800:  Hold'em No Limit ($0.01/$0.02 USD) - 2021/03/14 18:35:47 PT [2021/03/14 21:35:47 ET]
Table 'Ljuba II' 9-max Seat #6 is the button
Seat 2: Héber Maffi ($2.66 in chips) 
Seat 3: FranksTV ($1.90 in chips) 
Seat 4: t-i-m-a-o372 ($0.92 in chips) 
Seat 5: Dorex2007 ($1.42 in chips) 
Seat 6: thrmsix ($5.10 in chips) 
Seat 7: BoogerChimp ($2 in chips) 
Seat 8: morayjak ($1 in chips) 
Seat 9: PABLOZAL10 ($2.55 in chips) 
BoogerChimp: posts small blind $0.01
morayjak: posts big blind $0.02
3aPuK_PROFFI: sits out 
*** HOLE CARDS ***
Dealt to Dorex2007 [Tc 5h]
PABLOZAL10: folds 
Héber Maffi: folds 
Héber Maffi leaves the table
FranksTV: calls $0.02
t-i-m-a-o372: calls $0.02
Dorex2007: folds 
thrmsix: folds 
BoogerChimp: folds 
morayjak: checks 
*** FLOP *** [2d 8h 7c]
morayjak: checks 
FranksTV: bets $0.03
t-i-m-a-o372: raises $0.10 to $0.13
morayjak: folds 
FranksTV: calls $0.10
*** TURN *** [2d 8h 7c] [Ac]
FranksTV: checks 
t-i-m-a-o372: bets $0.21
FranksTV: folds 
Uncalled bet ($0.21) returned to t-i-m-a-o372
t-i-m-a-o372 collected $0.32 from pot
*** SUMMARY ***
Total pot $0.33 | Rake $0.01 
Board [2d 8h 7c Ac]
Seat 2: Héber Maffi folded before Flop (didn't bet)
Seat 3: FranksTV folded on the Turn
Seat 4: t-i-m-a-o372 collected ($0.32)
Seat 5: Dorex2007 folded before Flop (didn't bet)
Seat 6: thrmsix (button) folded before Flop (didn't bet)
Seat 7: BoogerChimp (small blind) folded before Flop
Seat 8: morayjak (big blind) folded on the Flop
Seat 9: PABLOZAL10 folded before Flop (didn't bet)



PokerStars Hand #224822759709:  Hold'em No Limit ($0.01/$0.02 USD) - 2021/03/14 18:36:45 PT [2021/03/14 21:36:45 ET]
Table 'Ljuba II' 9-max Seat #7 is the button
Seat 1: 3aPuK_PROFFI ($2 in chips) 
Seat 3: FranksTV ($1.75 in chips) 
Seat 4: t-i-m-a-o372 ($1.09 in chips) 
Seat 5: Dorex2007 ($1.42 in chips) 
Seat 6: thrmsix ($5.10 in chips) 
Seat 7: BoogerChimp ($1.99 in chips) 
Seat 8: morayjak ($0.98 in chips) 
morayjak: posts small blind $0.01
PABLOZAL10: is sitting out 
3aPuK_PROFFI: posts big blind $0.02
*** HOLE CARDS ***
Dealt to Dorex2007 [As 7s]
FranksTV has timed out
FranksTV: folds 
t-i-m-a-o372: folds 
Dorex2007: calls $0.02
thrmsix: folds 
BoogerChimp: folds 
morayjak: raises $0.04 to $0.06
3aPuK_PROFFI: folds 
Dorex2007: calls $0.04
*** FLOP *** [9s Qc 7d]
morayjak: bets $0.07
Dorex2007: calls $0.07
*** TURN *** [9s Qc 7d] [3c]
morayjak: bets $0.14
Dorex2007: calls $0.14
*** RIVER *** [9s Qc 7d 3c] [8c]
morayjak: bets $0.27
Dorex2007: folds 
Uncalled bet ($0.27) returned to morayjak
morayjak collected $0.54 from pot
morayjak: doesn't show hand 
*** SUMMARY ***
Total pot $0.56 | Rake $0.02 
Board [9s Qc 7d 3c 8c]
Seat 1: 3aPuK_PROFFI (big blind) folded before Flop
Seat 3: FranksTV folded before Flop (didn't bet)
Seat 4: t-i-m-a-o372 folded before Flop (didn't bet)
Seat 5: Dorex2007 folded on the River
Seat 6: thrmsix folded before Flop (didn't bet)
Seat 7: BoogerChimp (button) folded before Flop (didn't bet)
Seat 8: morayjak (small blind) collected ($0.54)



PokerStars Hand #224822789304:  Hold'em No Limit ($0.01/$0.02 USD) - 2021/03/14 18:38:08 PT [2021/03/14 21:38:08 ET]
Table 'Ljuba II' 9-max Seat #8 is the button
Seat 1: 3aPuK_PROFFI ($1.98 in chips) 
Seat 3: FranksTV ($1.75 in chips) 
Seat 4: t-i-m-a-o372 ($1.09 in chips) 
Seat 5: Dorex2007 ($1.15 in chips) 
Seat 6: thrmsix ($5.10 in chips) 
Seat 7: BoogerChimp ($1.99 in chips) 
Seat 8: morayjak ($1.25 in chips) 
3aPuK_PROFFI: posts small blind $0.01
FranksTV: posts big blind $0.02
*** HOLE CARDS ***
Dealt to Dorex2007 [Th Qh]
t-i-m-a-o372: folds 
Dorex2007: calls $0.02
thrmsix: folds 
BoogerChimp: folds 
morayjak: raises $0.04 to $0.06
3aPuK_PROFFI: folds 
FranksTV: calls $0.04
Dorex2007: calls $0.04
*** FLOP *** [4d 9s 9h]
FranksTV: checks 
Dorex2007: checks 
morayjak: bets $0.12
FranksTV: folds 
Dorex2007: folds 
Uncalled bet ($0.12) returned to morayjak
morayjak collected $0.18 from pot
morayjak: doesn't show hand 
*** SUMMARY ***
Total pot $0.19 | Rake $0.01 
Board [4d 9s 9h]
Seat 1: 3aPuK_PROFFI (small blind) folded before Flop
Seat 3: FranksTV (big blind) folded on the Flop
Seat 4: t-i-m-a-o372 folded before Flop (didn't bet)
Seat 5: Dorex2007 folded on the Flop
Seat 6: thrmsix folded before Flop (didn't bet)
Seat 7: BoogerChimp folded before Flop (didn't bet)
Seat 8: morayjak (button) collected ($0.18)



