PokerStars Hand #225613381966:  Hold'em No Limit ($0.01/$0.02 USD) - 2021/04/07 17:30:16 PT [2021/04/07 20:30:16 ET]
Table 'Antonia II' 9-max Seat #5 is the button
Seat 1: Dorex2007 ($1.50 in chips) 
Seat 2: gweeble ($1.72 in chips) 
Seat 3: hgpperez ($4 in chips) 
Seat 5: tgb85 ($3.33 in chips) 
Seat 6: ReendS ($0.76 in chips) 
Seat 7: Toppi888 ($2.42 in chips) 
Seat 8: lengaarcia ($1.08 in chips) 
Seat 9: MasterMento ($1.99 in chips) 
ReendS: posts small blind $0.01
Toppi888: posts big blind $0.02
Dorex2007: posts big blind $0.02
oreniDiM: sits out 
*** HOLE CARDS ***
Dealt to Dorex2007 [7h 3d]
lengaarcia: calls $0.02
MasterMento: folds 
Dorex2007: checks 
gweeble: folds 
hgpperez: folds 
tgb85: folds 
ReendS: calls $0.01
Toppi888: checks 
*** FLOP *** [Kd 3s Qd]
ReendS has timed out
ReendS: checks 
Toppi888: checks 
lengaarcia: checks 
Dorex2007: checks 
*** TURN *** [Kd 3s Qd] [8h]
ReendS: checks 
Toppi888: checks 
lengaarcia: checks 
Dorex2007: checks 
*** RIVER *** [Kd 3s Qd 8h] [5s]
ReendS: checks 
Toppi888: checks 
lengaarcia: checks 
Dorex2007: checks 
*** SHOW DOWN ***
ReendS: shows [Js 7s] (high card King)
Toppi888: shows [5c Ts] (a pair of Fives)
lengaarcia: shows [Ks 2c] (a pair of Kings)
Dorex2007: mucks hand 
lengaarcia collected $0.08 from pot
*** SUMMARY ***
Total pot $0.08 | Rake $0 
Board [Kd 3s Qd 8h 5s]
Seat 1: Dorex2007 mucked [7h 3d]
Seat 2: gweeble folded before Flop (didn't bet)
Seat 3: hgpperez folded before Flop (didn't bet)
Seat 5: tgb85 (button) folded before Flop (didn't bet)
Seat 6: ReendS (small blind) showed [Js 7s] and lost with high card King
Seat 7: Toppi888 (big blind) showed [5c Ts] and lost with a pair of Fives
Seat 8: lengaarcia showed [Ks 2c] and won ($0.08) with a pair of Kings
Seat 9: MasterMento folded before Flop (didn't bet)



PokerStars Hand #225613412339:  Hold'em No Limit ($0.01/$0.02 USD) - 2021/04/07 17:31:52 PT [2021/04/07 20:31:52 ET]
Table 'Antonia II' 9-max Seat #6 is the button
Seat 1: Dorex2007 ($1.48 in chips) 
Seat 2: gweeble ($1.72 in chips) 
Seat 3: hgpperez ($4 in chips) 
Seat 5: tgb85 ($3.33 in chips) 
Seat 6: ReendS ($0.74 in chips) 
Seat 7: Toppi888 ($2.40 in chips) 
Seat 8: lengaarcia ($1.14 in chips) 
Seat 9: MasterMento ($1.99 in chips) 
Toppi888: posts small blind $0.01
lengaarcia: posts big blind $0.02
oreniDiM: sits out 
*** HOLE CARDS ***
Dealt to Dorex2007 [Td Kh]
MasterMento: raises $0.02 to $0.04
Dorex2007: folds 
gweeble: calls $0.04
hgpperez: calls $0.04
tgb85: calls $0.04
ReendS: calls $0.04
Toppi888: folds 
lengaarcia: calls $0.02
*** FLOP *** [4c Js 6s]
lengaarcia: checks 
MasterMento: checks 
gweeble: checks 
hgpperez: checks 
tgb85: checks 
ReendS: bets $0.12
lengaarcia: folds 
MasterMento: folds 
gweeble: folds 
hgpperez: folds 
tgb85: calls $0.12
*** TURN *** [4c Js 6s] [8h]
Toppi888 leaves the table
tgb85: checks 
ReendS: checks 
*** RIVER *** [4c Js 6s 8h] [3d]
tgb85: checks 
ReendS: bets $0.58 and is all-in
tgb85: folds 
Uncalled bet ($0.58) returned to ReendS
ReendS collected $0.47 from pot
ReendS: doesn't show hand 
*** SUMMARY ***
Total pot $0.49 | Rake $0.02 
Board [4c Js 6s 8h 3d]
Seat 1: Dorex2007 folded before Flop (didn't bet)
Seat 2: gweeble folded on the Flop
Seat 3: hgpperez folded on the Flop
Seat 5: tgb85 folded on the River
Seat 6: ReendS (button) collected ($0.47)
Seat 7: Toppi888 (small blind) folded before Flop
Seat 8: lengaarcia (big blind) folded on the Flop
Seat 9: MasterMento folded on the Flop



PokerStars Hand #225613443965:  Hold'em No Limit ($0.01/$0.02 USD) - 2021/04/07 17:33:32 PT [2021/04/07 20:33:32 ET]
Table 'Antonia II' 9-max Seat #8 is the button
Seat 1: Dorex2007 ($1.48 in chips) 
Seat 2: gweeble ($1.68 in chips) 
Seat 3: hgpperez ($3.96 in chips) 
Seat 5: tgb85 ($3.17 in chips) 
Seat 6: ReendS ($1.05 in chips) 
Seat 8: lengaarcia ($1.10 in chips) 
Seat 9: MasterMento ($1.95 in chips) 
MasterMento: posts small blind $0.01
Dorex2007: posts big blind $0.02
oreniDiM: sits out 
*** HOLE CARDS ***
Dealt to Dorex2007 [5h Qs]
gweeble has timed out
gweeble: folds 
hgpperez: folds 
gweeble leaves the table
tgb85: folds 
ReendS has timed out
ReendS: folds 
lengaarcia: calls $0.02
MasterMento: calls $0.01
Dorex2007: checks 
*** FLOP *** [Kc As Ah]
MasterMento: checks 
Dorex2007: checks 
lengaarcia: checks 
*** TURN *** [Kc As Ah] [5d]
MasterMento: bets $0.02
Dorex2007: folds 
lengaarcia: calls $0.02
*** RIVER *** [Kc As Ah 5d] [2d]
MasterMento: bets $0.03
lengaarcia: raises $0.13 to $0.16
MasterMento: folds 
Uncalled bet ($0.13) returned to lengaarcia
lengaarcia collected $0.15 from pot
lengaarcia: doesn't show hand 
*** SUMMARY ***
Total pot $0.16 | Rake $0.01 
Board [Kc As Ah 5d 2d]
Seat 1: Dorex2007 (big blind) folded on the Turn
Seat 2: gweeble folded before Flop (didn't bet)
Seat 3: hgpperez folded before Flop (didn't bet)
Seat 5: tgb85 folded before Flop (didn't bet)
Seat 6: ReendS folded before Flop (didn't bet)
Seat 8: lengaarcia (button) collected ($0.15)
Seat 9: MasterMento (small blind) folded on the River



PokerStars Hand #225613473828:  Hold'em No Limit ($0.01/$0.02 USD) - 2021/04/07 17:34:44 PT [2021/04/07 20:34:44 ET]
Table 'Antonia II' 9-max Seat #9 is the button
Seat 1: Dorex2007 ($1.46 in chips) 
Seat 3: hgpperez ($3.96 in chips) 
Seat 5: tgb85 ($3.17 in chips) 
Seat 8: lengaarcia ($1.18 in chips) 
Seat 9: MasterMento ($1.88 in chips) 
Dorex2007: posts small blind $0.01
hgpperez: posts big blind $0.02
oreniDiM: sits out 
*** HOLE CARDS ***
Dealt to Dorex2007 [5s 6c]
TexugoTx joins the table at seat #2 
tgb85: calls $0.02
lengaarcia: calls $0.02
MasterMento: folds 
Dorex2007: folds 
hgpperez: checks 
*** FLOP *** [Kc 8c 2d]
hgpperez: checks 
tgb85: checks 
lengaarcia: checks 
*** TURN *** [Kc 8c 2d] [Ah]
hgpperez: checks 
tgb85: checks 
lengaarcia: checks 
*** RIVER *** [Kc 8c 2d Ah] [4c]
hgpperez: bets $0.07
tgb85: folds 
lengaarcia: calls $0.07
*** SHOW DOWN ***
hgpperez: shows [3c 9c] (a flush, King high)
lengaarcia: mucks hand 
hgpperez collected $0.20 from pot
*** SUMMARY ***
Total pot $0.21 | Rake $0.01 
Board [Kc 8c 2d Ah 4c]
Seat 1: Dorex2007 (small blind) folded before Flop
Seat 3: hgpperez (big blind) showed [3c 9c] and won ($0.20) with a flush, King high
Seat 5: tgb85 folded on the River
Seat 8: lengaarcia mucked [Ks 3d]
Seat 9: MasterMento (button) folded before Flop (didn't bet)



PokerStars Hand #225613488440:  Hold'em No Limit ($0.01/$0.02 USD) - 2021/04/07 17:35:30 PT [2021/04/07 20:35:30 ET]
Table 'Antonia II' 9-max Seat #1 is the button
Seat 1: Dorex2007 ($1.45 in chips) 
Seat 3: hgpperez ($4.07 in chips) 
Seat 4: oreniDiM ($0.80 in chips) 
Seat 5: tgb85 ($3.15 in chips) 
Seat 6: ReendS ($1.05 in chips) 
Seat 8: lengaarcia ($1.09 in chips) 
Seat 9: MasterMento ($1.88 in chips) 
hgpperez: posts small blind $0.01
oreniDiM: posts big blind $0.02
*** HOLE CARDS ***
Dealt to Dorex2007 [Kd Ks]
tgb85: calls $0.02
ReendS: calls $0.02
lengaarcia: calls $0.02
MasterMento has timed out
MasterMento: folds 
Dorex2007: raises $0.04 to $0.06
hgpperez: folds 
oreniDiM: folds 
tgb85: calls $0.04
ReendS: raises $0.06 to $0.12
lengaarcia: folds 
Dorex2007: raises $0.06 to $0.18
tgb85: folds 
ReendS: calls $0.06
*** FLOP *** [8d Qd 7d]
ReendS: checks 
Dorex2007: bets $0.45
ReendS has timed out
ReendS: folds 
Uncalled bet ($0.45) returned to Dorex2007
Dorex2007 collected $0.45 from pot
Dorex2007: doesn't show hand 
*** SUMMARY ***
Total pot $0.47 | Rake $0.02 
Board [8d Qd 7d]
Seat 1: Dorex2007 (button) collected ($0.45)
Seat 3: hgpperez (small blind) folded before Flop
Seat 4: oreniDiM (big blind) folded before Flop
Seat 5: tgb85 folded before Flop
Seat 6: ReendS folded on the Flop
Seat 8: lengaarcia folded before Flop
Seat 9: MasterMento folded before Flop (didn't bet)



PokerStars Hand #225613516553:  Hold'em No Limit ($0.01/$0.02 USD) - 2021/04/07 17:36:58 PT [2021/04/07 20:36:58 ET]
Table 'Antonia II' 9-max Seat #3 is the button
Seat 1: Dorex2007 ($1.72 in chips) 
Seat 3: hgpperez ($4.06 in chips) 
Seat 4: oreniDiM ($0.78 in chips) 
Seat 5: tgb85 ($3.09 in chips) 
Seat 8: lengaarcia ($1.07 in chips) 
Seat 9: MasterMento ($1.88 in chips) 
oreniDiM: posts small blind $0.01
tgb85: posts big blind $0.02
TexugoTx: sits out 
*** HOLE CARDS ***
Dealt to Dorex2007 [9c Kh]
lengaarcia: calls $0.02
MasterMento: folds 
Dorex2007: folds 
hgpperez: folds 
oreniDiM: raises $0.06 to $0.08
tgb85: folds 
lengaarcia: folds 
Uncalled bet ($0.06) returned to oreniDiM
oreniDiM collected $0.06 from pot
oreniDiM: doesn't show hand 
*** SUMMARY ***
Total pot $0.06 | Rake $0 
Seat 1: Dorex2007 folded before Flop (didn't bet)
Seat 3: hgpperez (button) folded before Flop (didn't bet)
Seat 4: oreniDiM (small blind) collected ($0.06)
Seat 5: tgb85 (big blind) folded before Flop
Seat 8: lengaarcia folded before Flop
Seat 9: MasterMento folded before Flop (didn't bet)



