PokerStars Hand #231125340081:  Hold'em No Limit ($0.01/$0.02 USD) - 2021/11/03 21:05:32 PT [2021/11/04 0:05:32 ET]
Table 'Garuda II' 9-max Seat #7 is the button
Seat 1: Shahta-16 ($2.09 in chips) 
Seat 2: frosa9397 ($2.41 in chips) 
Seat 3: harry nz ($1.78 in chips) 
Seat 4: bueninnN ($1.93 in chips) 
Seat 5: Cammerrzr ($0.91 in chips) 
Seat 6: Dorex2007 ($2 in chips) 
Seat 7: rpatenau91 ($0.95 in chips) 
Seat 8: Pokittenz ($0.81 in chips) 
Seat 9: MsBennet95 ($1.76 in chips) 
Pokittenz: posts small blind $0.01
MsBennet95: posts big blind $0.02
Dorex2007: posts big blind $0.02
*** HOLE CARDS ***
Dealt to Dorex2007 [7d Kh]
Shahta-16: folds 
frosa9397: calls $0.02
harry nz: folds 
bueninnN: folds 
Cammerrzr: folds 
Dorex2007: checks 
rpatenau91: folds 
Pokittenz: calls $0.01
MsBennet95: checks 
*** FLOP *** [6d Kc Ah]
Pokittenz: checks 
MsBennet95: checks 
frosa9397: checks 
Dorex2007: bets $0.04
Pokittenz: folds 
MsBennet95: folds 
frosa9397: folds 
Uncalled bet ($0.04) returned to Dorex2007
Dorex2007 collected $0.08 from pot
Dorex2007: doesn't show hand 
*** SUMMARY ***
Total pot $0.08 | Rake $0 
Board [6d Kc Ah]
Seat 1: Shahta-16 folded before Flop (didn't bet)
Seat 2: frosa9397 folded on the Flop
Seat 3: harry nz folded before Flop (didn't bet)
Seat 4: bueninnN folded before Flop (didn't bet)
Seat 5: Cammerrzr folded before Flop (didn't bet)
Seat 6: Dorex2007 collected ($0.08)
Seat 7: rpatenau91 (button) folded before Flop (didn't bet)
Seat 8: Pokittenz (small blind) folded on the Flop
Seat 9: MsBennet95 (big blind) folded on the Flop



PokerStars Hand #231125351430:  Hold'em No Limit ($0.01/$0.02 USD) - 2021/11/03 21:06:47 PT [2021/11/04 0:06:47 ET]
Table 'Garuda II' 9-max Seat #8 is the button
Seat 1: Shahta-16 ($2.09 in chips) 
Seat 2: frosa9397 ($2.39 in chips) 
Seat 3: harry nz ($1.78 in chips) 
Seat 4: bueninnN ($1.93 in chips) 
Seat 5: Cammerrzr ($0.91 in chips) 
Seat 6: Dorex2007 ($2.06 in chips) 
Seat 7: rpatenau91 ($0.95 in chips) 
Seat 8: Pokittenz ($0.79 in chips) 
Seat 9: MsBennet95 ($1.74 in chips) 
MsBennet95: posts small blind $0.01
Shahta-16: posts big blind $0.02
*** HOLE CARDS ***
Dealt to Dorex2007 [5d 5c]
frosa9397: folds 
harry nz has timed out
harry nz: folds 
bueninnN: folds 
Cammerrzr: folds 
Dorex2007: calls $0.02
rpatenau91: raises $0.04 to $0.06
Pokittenz: folds 
MsBennet95: calls $0.05
Shahta-16: calls $0.04
Dorex2007: calls $0.04
*** FLOP *** [9d Td 8s]
MsBennet95: checks 
Shahta-16: checks 
Dorex2007: checks 
rpatenau91: checks 
*** TURN *** [9d Td 8s] [9h]
MsBennet95: checks 
Shahta-16: bets $0.15
Dorex2007: folds 
rpatenau91: folds 
MsBennet95: calls $0.15
*** RIVER *** [9d Td 8s 9h] [6h]
MsBennet95: checks 
Shahta-16: checks 
*** SHOW DOWN ***
MsBennet95: shows [9s Qd] (three of a kind, Nines)
Shahta-16: shows [7h 8h] (a straight, Six to Ten)
Shahta-16 collected $0.52 from pot
*** SUMMARY ***
Total pot $0.54 | Rake $0.02 
Board [9d Td 8s 9h 6h]
Seat 1: Shahta-16 (big blind) showed [7h 8h] and won ($0.52) with a straight, Six to Ten
Seat 2: frosa9397 folded before Flop (didn't bet)
Seat 3: harry nz folded before Flop (didn't bet)
Seat 4: bueninnN folded before Flop (didn't bet)
Seat 5: Cammerrzr folded before Flop (didn't bet)
Seat 6: Dorex2007 folded on the Turn
Seat 7: rpatenau91 folded on the Turn
Seat 8: Pokittenz (button) folded before Flop (didn't bet)
Seat 9: MsBennet95 (small blind) showed [9s Qd] and lost with three of a kind, Nines



PokerStars Hand #231125365532:  Hold'em No Limit ($0.01/$0.02 USD) - 2021/11/03 21:08:21 PT [2021/11/04 0:08:21 ET]
Table 'Garuda II' 9-max Seat #9 is the button
Seat 1: Shahta-16 ($2.40 in chips) 
Seat 2: frosa9397 ($2.39 in chips) 
Seat 3: harry nz ($1.78 in chips) 
Seat 4: bueninnN ($1.93 in chips) 
Seat 5: Cammerrzr ($0.91 in chips) 
Seat 6: Dorex2007 ($2 in chips) 
Seat 7: rpatenau91 ($0.89 in chips) 
Seat 8: Pokittenz ($0.79 in chips) 
Seat 9: MsBennet95 ($1.53 in chips) 
Shahta-16: posts small blind $0.01
frosa9397: posts big blind $0.02
*** HOLE CARDS ***
Dealt to Dorex2007 [4c Ks]
harry nz: folds 
bueninnN: folds 
Cammerrzr has timed out
Cammerrzr: folds 
Dorex2007: folds 
rpatenau91: folds 
Pokittenz: folds 
MsBennet95: folds 
Shahta-16: folds 
Uncalled bet ($0.01) returned to frosa9397
frosa9397 collected $0.02 from pot
frosa9397: doesn't show hand 
*** SUMMARY ***
Total pot $0.02 | Rake $0 
Seat 1: Shahta-16 (small blind) folded before Flop
Seat 2: frosa9397 (big blind) collected ($0.02)
Seat 3: harry nz folded before Flop (didn't bet)
Seat 4: bueninnN folded before Flop (didn't bet)
Seat 5: Cammerrzr folded before Flop (didn't bet)
Seat 6: Dorex2007 folded before Flop (didn't bet)
Seat 7: rpatenau91 folded before Flop (didn't bet)
Seat 8: Pokittenz folded before Flop (didn't bet)
Seat 9: MsBennet95 (button) folded before Flop (didn't bet)



PokerStars Hand #231125369038:  Hold'em No Limit ($0.01/$0.02 USD) - 2021/11/03 21:08:44 PT [2021/11/04 0:08:44 ET]
Table 'Garuda II' 9-max Seat #1 is the button
Seat 1: Shahta-16 ($2.39 in chips) 
Seat 2: frosa9397 ($2.40 in chips) 
Seat 3: harry nz ($1.78 in chips) 
Seat 4: bueninnN ($1.93 in chips) 
Seat 5: Cammerrzr ($0.91 in chips) 
Seat 6: Dorex2007 ($2 in chips) 
Seat 7: rpatenau91 ($0.89 in chips) 
Seat 8: Pokittenz ($0.79 in chips) 
Seat 9: MsBennet95 ($1.53 in chips) 
frosa9397: posts small blind $0.01
harry nz: posts big blind $0.02
*** HOLE CARDS ***
Dealt to Dorex2007 [2h 2s]
bueninnN: folds 
Cammerrzr has timed out
Cammerrzr: folds 
Dorex2007: calls $0.02
rpatenau91: calls $0.02
Pokittenz: folds 
MsBennet95: calls $0.02
Shahta-16: calls $0.02
frosa9397: folds 
harry nz: checks 
*** FLOP *** [2c Tc Kd]
harry nz: bets $0.02
Dorex2007: raises $0.04 to $0.06
rpatenau91: calls $0.06
MsBennet95: folds 
Shahta-16: folds 
harry nz: calls $0.04
*** TURN *** [2c Tc Kd] [7c]
harry nz: checks 
Dorex2007: checks 
rpatenau91: checks 
*** RIVER *** [2c Tc Kd 7c] [Ts]
harry nz: checks 
Dorex2007: bets $0.19
rpatenau91: calls $0.19
harry nz: folds 
*** SHOW DOWN ***
Dorex2007: shows [2h 2s] (a full house, Deuces full of Tens)
rpatenau91: mucks hand 
Dorex2007 collected $0.65 from pot
*** SUMMARY ***
Total pot $0.67 | Rake $0.02 
Board [2c Tc Kd 7c Ts]
Seat 1: Shahta-16 (button) folded on the Flop
Seat 2: frosa9397 (small blind) folded before Flop
Seat 3: harry nz (big blind) folded on the River
Seat 4: bueninnN folded before Flop (didn't bet)
Seat 5: Cammerrzr folded before Flop (didn't bet)
Seat 6: Dorex2007 showed [2h 2s] and won ($0.65) with a full house, Deuces full of Tens
Seat 7: rpatenau91 mucked [Jd Jc]
Seat 8: Pokittenz folded before Flop (didn't bet)
Seat 9: MsBennet95 folded on the Flop



PokerStars Hand #231125391682:  Hold'em No Limit ($0.01/$0.02 USD) - 2021/11/03 21:11:07 PT [2021/11/04 0:11:07 ET]
Table 'Garuda II' 9-max Seat #2 is the button
Seat 1: Shahta-16 ($2.37 in chips) 
Seat 2: frosa9397 ($2.39 in chips) 
Seat 3: harry nz ($1.70 in chips) 
Seat 5: Cammerrzr ($0.91 in chips) 
Seat 6: Dorex2007 ($2.38 in chips) 
Seat 7: rpatenau91 ($0.62 in chips) 
Seat 8: Pokittenz ($0.79 in chips) 
Seat 9: MsBennet95 ($1.51 in chips) 
harry nz: posts small blind $0.01
bueninnN: is sitting out 
Cammerrzr: posts big blind $0.02
*** HOLE CARDS ***
Dealt to Dorex2007 [2d Td]
Dorex2007: folds 
rpatenau91: folds 
Pokittenz: folds 
MsBennet95: folds 
Shahta-16: raises $0.03 to $0.05
frosa9397: folds 
harry nz: calls $0.04
Cammerrzr has timed out
Cammerrzr: folds 
*** FLOP *** [Kd 8d 9h]
frosa9397 is disconnected 
harry nz: checks 
Shahta-16: bets $0.08
harry nz: folds 
Uncalled bet ($0.08) returned to Shahta-16
Shahta-16 collected $0.12 from pot
*** SUMMARY ***
Total pot $0.12 | Rake $0 
Board [Kd 8d 9h]
Seat 1: Shahta-16 collected ($0.12)
Seat 2: frosa9397 (button) folded before Flop (didn't bet)
Seat 3: harry nz (small blind) folded on the Flop
Seat 5: Cammerrzr (big blind) folded before Flop
Seat 6: Dorex2007 folded before Flop (didn't bet)
Seat 7: rpatenau91 folded before Flop (didn't bet)
Seat 8: Pokittenz folded before Flop (didn't bet)
Seat 9: MsBennet95 folded before Flop (didn't bet)



PokerStars Hand #231125400290:  Hold'em No Limit ($0.01/$0.02 USD) - 2021/11/03 21:12:06 PT [2021/11/04 0:12:06 ET]
Table 'Garuda II' 9-max Seat #3 is the button
Seat 1: Shahta-16 ($2.44 in chips) 
Seat 2: frosa9397 ($2.39 in chips) 
Seat 3: harry nz ($1.65 in chips) 
Seat 6: Dorex2007 ($2.38 in chips) 
Seat 7: rpatenau91 ($0.62 in chips) 
Seat 8: Pokittenz ($0.79 in chips) 
Seat 9: MsBennet95 ($1.51 in chips) 
Dorex2007: posts small blind $0.01
rpatenau91: posts big blind $0.02
*** HOLE CARDS ***
Dealt to Dorex2007 [6h 8h]
Pokittenz has timed out
Pokittenz: folds 
MsBennet95: calls $0.02
Shahta-16: folds 
frosa9397 has timed out while disconnected
frosa9397: folds 
harry nz: folds 
Dorex2007: calls $0.01
rpatenau91: checks 
*** FLOP *** [Tc 4d Qd]
Dorex2007: checks 
rpatenau91: checks 
MsBennet95: checks 
*** TURN *** [Tc 4d Qd] [8s]
Dorex2007: checks 
rpatenau91: checks 
MsBennet95: checks 
*** RIVER *** [Tc 4d Qd 8s] [4c]
Dorex2007: checks 
rpatenau91: bets $0.12
MsBennet95: folds 
Dorex2007: folds 
Uncalled bet ($0.12) returned to rpatenau91
rpatenau91 collected $0.06 from pot
rpatenau91: doesn't show hand 
*** SUMMARY ***
Total pot $0.06 | Rake $0 
Board [Tc 4d Qd 8s 4c]
Seat 1: Shahta-16 folded before Flop (didn't bet)
Seat 2: frosa9397 folded before Flop (didn't bet)
Seat 3: harry nz (button) folded before Flop (didn't bet)
Seat 6: Dorex2007 (small blind) folded on the River
Seat 7: rpatenau91 (big blind) collected ($0.06)
Seat 8: Pokittenz folded before Flop (didn't bet)
Seat 9: MsBennet95 folded on the River



PokerStars Hand #231125411994:  Hold'em No Limit ($0.01/$0.02 USD) - 2021/11/03 21:13:25 PT [2021/11/04 0:13:25 ET]
Table 'Garuda II' 9-max Seat #6 is the button
Seat 1: Shahta-16 ($2.44 in chips) 
Seat 3: harry nz ($1.65 in chips) 
Seat 4: bueninnN ($1.93 in chips) 
Seat 6: Dorex2007 ($2.36 in chips) 
Seat 7: rpatenau91 ($0.66 in chips) 
Seat 8: Pokittenz ($0.79 in chips) 
Seat 9: MsBennet95 ($1.49 in chips) 
rpatenau91: posts small blind $0.01
Pokittenz: posts big blind $0.02
bueninnN: posts small & big blinds $0.03
*** HOLE CARDS ***
Dealt to Dorex2007 [Ks 5c]
MsBennet95: calls $0.02
Shahta-16: folds 
harry nz: folds 
bueninnN: checks 
Dorex2007: folds 
rpatenau91: calls $0.01
Pokittenz: checks 
*** FLOP *** [3c 2h 7h]
rpatenau91: checks 
Pokittenz: bets $0.02
MsBennet95: calls $0.02
bueninnN: calls $0.02
rpatenau91: folds 
*** TURN *** [3c 2h 7h] [Jh]
Pokittenz: bets $0.02
MsBennet95: calls $0.02
bueninnN: calls $0.02
*** RIVER *** [3c 2h 7h Jh] [Ac]
Pokittenz: bets $0.10
MsBennet95: folds 
bueninnN: calls $0.10
*** SHOW DOWN ***
Pokittenz: shows [7s 8d] (a pair of Sevens)
bueninnN: shows [Ah 2d] (two pair, Aces and Deuces)
bueninnN collected $0.40 from pot
*** SUMMARY ***
Total pot $0.41 | Rake $0.01 
Board [3c 2h 7h Jh Ac]
Seat 1: Shahta-16 folded before Flop (didn't bet)
Seat 3: harry nz folded before Flop (didn't bet)
Seat 4: bueninnN showed [Ah 2d] and won ($0.40) with two pair, Aces and Deuces
Seat 6: Dorex2007 (button) folded before Flop (didn't bet)
Seat 7: rpatenau91 (small blind) folded on the Flop
Seat 8: Pokittenz (big blind) showed [7s 8d] and lost with a pair of Sevens
Seat 9: MsBennet95 folded on the River



PokerStars Hand #231125422880:  Hold'em No Limit ($0.01/$0.02 USD) - 2021/11/03 21:14:38 PT [2021/11/04 0:14:38 ET]
Table 'Garuda II' 9-max Seat #7 is the button
Seat 1: Shahta-16 ($2.44 in chips) 
Seat 3: harry nz ($1.65 in chips) 
Seat 4: bueninnN ($2.16 in chips) 
Seat 6: Dorex2007 ($2.36 in chips) 
Seat 7: rpatenau91 ($0.64 in chips) 
Seat 8: Pokittenz ($0.63 in chips) 
Seat 9: MsBennet95 ($1.43 in chips) 
Pokittenz: posts small blind $0.01
MsBennet95: posts big blind $0.02
*** HOLE CARDS ***
Dealt to Dorex2007 [7d 2s]
Shahta-16: folds 
harry nz has timed out
harry nz: folds 
bueninnN: raises $0.04 to $0.06
Dorex2007: folds 
rpatenau91: folds 
Pokittenz: calls $0.05
MsBennet95: folds 
*** FLOP *** [6h Th Qh]
Pokittenz: bets $0.02
bueninnN: raises $0.05 to $0.07
Pokittenz: folds 
Uncalled bet ($0.05) returned to bueninnN
bueninnN collected $0.17 from pot
bueninnN: doesn't show hand 
*** SUMMARY ***
Total pot $0.18 | Rake $0.01 
Board [6h Th Qh]
Seat 1: Shahta-16 folded before Flop (didn't bet)
Seat 3: harry nz folded before Flop (didn't bet)
Seat 4: bueninnN collected ($0.17)
Seat 6: Dorex2007 folded before Flop (didn't bet)
Seat 7: rpatenau91 (button) folded before Flop (didn't bet)
Seat 8: Pokittenz (small blind) folded on the Flop
Seat 9: MsBennet95 (big blind) folded before Flop



PokerStars Hand #231125431358:  Hold'em No Limit ($0.01/$0.02 USD) - 2021/11/03 21:15:35 PT [2021/11/04 0:15:35 ET]
Table 'Garuda II' 9-max Seat #8 is the button
Seat 3: harry nz ($1.65 in chips) 
Seat 4: bueninnN ($2.25 in chips) 
Seat 6: Dorex2007 ($2.36 in chips) 
Seat 7: rpatenau91 ($0.64 in chips) 
Seat 8: Pokittenz ($0.55 in chips) 
Seat 9: MsBennet95 ($1.41 in chips) 
MsBennet95: posts small blind $0.01
harry nz: posts big blind $0.02
*** HOLE CARDS ***
Dealt to Dorex2007 [Qh 8d]
bueninnN: folds 
Dorex2007: folds 
rpatenau91: folds 
bueninnN leaves the table
Pokittenz: folds 
MsBennet95: calls $0.01
harry nz: checks 
*** FLOP *** [Kh Th 4h]
tridmax joins the table at seat #4 
MsBennet95: checks 
harry nz: checks 
*** TURN *** [Kh Th 4h] [Qs]
MsBennet95: checks 
harry nz: bets $0.02
MsBennet95: calls $0.02
*** RIVER *** [Kh Th 4h Qs] [9d]
MsBennet95: checks 
harry nz: checks 
*** SHOW DOWN ***
MsBennet95: shows [9s Tc] (two pair, Tens and Nines)
harry nz: mucks hand 
MsBennet95 collected $0.08 from pot
*** SUMMARY ***
Total pot $0.08 | Rake $0 
Board [Kh Th 4h Qs 9d]
Seat 3: harry nz (big blind) mucked [Qd 3c]
Seat 4: bueninnN folded before Flop (didn't bet)
Seat 6: Dorex2007 folded before Flop (didn't bet)
Seat 7: rpatenau91 folded before Flop (didn't bet)
Seat 8: Pokittenz (button) folded before Flop (didn't bet)
Seat 9: MsBennet95 (small blind) showed [9s Tc] and won ($0.08) with two pair, Tens and Nines



PokerStars Hand #231125443115:  Hold'em No Limit ($0.01/$0.02 USD) - 2021/11/03 21:16:36 PT [2021/11/04 0:16:36 ET]
Table 'Garuda II' 9-max Seat #9 is the button
Seat 3: harry nz ($1.61 in chips) 
Seat 4: tridmax ($2 in chips) 
Seat 6: Dorex2007 ($2.36 in chips) 
Seat 7: rpatenau91 ($0.64 in chips) 
Seat 8: Pokittenz ($0.55 in chips) 
Seat 9: MsBennet95 ($1.45 in chips) 
harry nz: posts small blind $0.01
tridmax: posts big blind $0.02
*** HOLE CARDS ***
Dealt to Dorex2007 [Qd Qh]
Dorex2007: raises $0.04 to $0.06
rpatenau91: folds 
Pokittenz: folds 
MsBennet95: folds 
harry nz: calls $0.05
tridmax: folds 
*** FLOP *** [Qc 8c 3h]
harry nz: checks 
Dorex2007: bets $0.09
harry nz: folds 
Uncalled bet ($0.09) returned to Dorex2007
Dorex2007 collected $0.14 from pot
Dorex2007: doesn't show hand 
*** SUMMARY ***
Total pot $0.14 | Rake $0 
Board [Qc 8c 3h]
Seat 3: harry nz (small blind) folded on the Flop
Seat 4: tridmax (big blind) folded before Flop
Seat 6: Dorex2007 collected ($0.14)
Seat 7: rpatenau91 folded before Flop (didn't bet)
Seat 8: Pokittenz folded before Flop (didn't bet)
Seat 9: MsBennet95 (button) folded before Flop (didn't bet)



PokerStars Hand #231125448539:  Hold'em No Limit ($0.01/$0.02 USD) - 2021/11/03 21:17:12 PT [2021/11/04 0:17:12 ET]
Table 'Garuda II' 9-max Seat #3 is the button
Seat 3: harry nz ($1.55 in chips) 
Seat 4: tridmax ($2 in chips) 
Seat 6: Dorex2007 ($2.44 in chips) 
Seat 7: rpatenau91 ($0.64 in chips) 
Seat 8: Pokittenz ($0.55 in chips) 
Seat 9: MsBennet95 ($1.45 in chips) 
tridmax: posts small blind $0.01
Dorex2007: posts big blind $0.02
*** HOLE CARDS ***
Dealt to Dorex2007 [6c Ks]
rpatenau91: folds 
Pokittenz: calls $0.02
MsBennet95 has timed out
MsBennet95: folds 
harry nz: calls $0.02
tridmax: folds 
Dorex2007: checks 
*** FLOP *** [4h Qd As]
Dorex2007: checks 
Pokittenz: checks 
harry nz: bets $0.06
Dorex2007: folds 
Pokittenz: folds 
Uncalled bet ($0.06) returned to harry nz
harry nz collected $0.07 from pot
harry nz: doesn't show hand 
*** SUMMARY ***
Total pot $0.07 | Rake $0 
Board [4h Qd As]
Seat 3: harry nz (button) collected ($0.07)
Seat 4: tridmax (small blind) folded before Flop
Seat 6: Dorex2007 (big blind) folded on the Flop
Seat 7: rpatenau91 folded before Flop (didn't bet)
Seat 8: Pokittenz folded on the Flop
Seat 9: MsBennet95 folded before Flop (didn't bet)



PokerStars Hand #231125456041:  Hold'em No Limit ($0.01/$0.02 USD) - 2021/11/03 21:18:03 PT [2021/11/04 0:18:03 ET]
Table 'Garuda II' 9-max Seat #4 is the button
Seat 3: harry nz ($1.60 in chips) 
Seat 4: tridmax ($2 in chips) 
Seat 6: Dorex2007 ($2.42 in chips) 
Seat 7: rpatenau91 ($0.64 in chips) 
Seat 8: Pokittenz ($0.53 in chips) 
Seat 9: MsBennet95 ($1.45 in chips) 
Dorex2007: posts small blind $0.01
rpatenau91: posts big blind $0.02
*** HOLE CARDS ***
Dealt to Dorex2007 [9c 7d]
Pokittenz has timed out
Pokittenz: folds 
MsBennet95: calls $0.02
Shahta-16 leaves the table
harry nz: calls $0.02
tridmax: folds 
Dorex2007: calls $0.01
rpatenau91: checks 
*** FLOP *** [Kd Tc 5c]
Dorex2007: checks 
rpatenau91: checks 
shawmoney joins the table at seat #1 
MsBennet95: checks 
harry nz: checks 
*** TURN *** [Kd Tc 5c] [6c]
Dorex2007: checks 
rpatenau91: bets $0.06
MsBennet95: folds 
harry nz: calls $0.06
Dorex2007: folds 
*** RIVER *** [Kd Tc 5c 6c] [Ts]
rpatenau91: bets $0.19
harry nz: folds 
Uncalled bet ($0.19) returned to rpatenau91
rpatenau91 collected $0.19 from pot
rpatenau91: doesn't show hand 
*** SUMMARY ***
Total pot $0.20 | Rake $0.01 
Board [Kd Tc 5c 6c Ts]
Seat 3: harry nz folded on the River
Seat 4: tridmax (button) folded before Flop (didn't bet)
Seat 6: Dorex2007 (small blind) folded on the Turn
Seat 7: rpatenau91 (big blind) collected ($0.19)
Seat 8: Pokittenz folded before Flop (didn't bet)
Seat 9: MsBennet95 folded on the Turn



PokerStars Hand #231125469314:  Hold'em No Limit ($0.01/$0.02 USD) - 2021/11/03 21:19:33 PT [2021/11/04 0:19:33 ET]
Table 'Garuda II' 9-max Seat #6 is the button
Seat 3: harry nz ($1.52 in chips) 
Seat 4: tridmax ($2 in chips) 
Seat 6: Dorex2007 ($2.40 in chips) 
Seat 7: rpatenau91 ($0.75 in chips) 
Seat 9: MsBennet95 ($1.43 in chips) 
rpatenau91: posts small blind $0.01
MsBennet95: posts big blind $0.02
shawmoney: sits out 
*** HOLE CARDS ***
Dealt to Dorex2007 [5c Kd]
harry nz: folds 
tridmax: raises $0.03 to $0.05
Dorex2007: folds 
rpatenau91: folds 
MsBennet95: calls $0.03
*** FLOP *** [4s Ac 6c]
MsBennet95: checks 
tridmax: bets $0.06
MsBennet95: calls $0.06
*** TURN *** [4s Ac 6c] [Ad]
harry nz leaves the table
MsBennet95: checks 
prost09 joins the table at seat #3 
tridmax: bets $0.11
MsBennet95: calls $0.11
*** RIVER *** [4s Ac 6c Ad] [Qs]
MsBennet95: checks 
tridmax: checks 
*** SHOW DOWN ***
MsBennet95: shows [5d 5h] (two pair, Aces and Fives)
tridmax: shows [3s As] (three of a kind, Aces)
tridmax collected $0.43 from pot
*** SUMMARY ***
Total pot $0.45 | Rake $0.02 
Board [4s Ac 6c Ad Qs]
Seat 3: harry nz folded before Flop (didn't bet)
Seat 4: tridmax showed [3s As] and won ($0.43) with three of a kind, Aces
Seat 6: Dorex2007 (button) folded before Flop (didn't bet)
Seat 7: rpatenau91 (small blind) folded before Flop
Seat 9: MsBennet95 (big blind) showed [5d 5h] and lost with two pair, Aces and Fives



PokerStars Hand #231125482240:  Hold'em No Limit ($0.01/$0.02 USD) - 2021/11/03 21:21:03 PT [2021/11/04 0:21:03 ET]
Table 'Garuda II' 9-max Seat #7 is the button
Seat 1: shawmoney ($1.60 in chips) 
Seat 4: tridmax ($2.21 in chips) 
Seat 6: Dorex2007 ($2.40 in chips) 
Seat 7: rpatenau91 ($0.74 in chips) 
Seat 9: MsBennet95 ($1.21 in chips) 
MsBennet95: posts small blind $0.01
shawmoney: posts big blind $0.02
prost09: sits out 
*** HOLE CARDS ***
Dealt to Dorex2007 [Qd Kh]
tridmax: folds 
Dorex2007: raises $0.04 to $0.06
rpatenau91: calls $0.06
MsBennet95: folds 
shawmoney: folds 
*** FLOP *** [Js 7s 5d]
Dorex2007: bets $0.07
rpatenau91: folds 
Uncalled bet ($0.07) returned to Dorex2007
Dorex2007 collected $0.14 from pot
Dorex2007: doesn't show hand 
*** SUMMARY ***
Total pot $0.15 | Rake $0.01 
Board [Js 7s 5d]
Seat 1: shawmoney (big blind) folded before Flop
Seat 4: tridmax folded before Flop (didn't bet)
Seat 6: Dorex2007 collected ($0.14)
Seat 7: rpatenau91 (button) folded on the Flop
Seat 9: MsBennet95 (small blind) folded before Flop



PokerStars Hand #231125487754:  Hold'em No Limit ($0.01/$0.02 USD) - 2021/11/03 21:21:42 PT [2021/11/04 0:21:42 ET]
Table 'Garuda II' 9-max Seat #9 is the button
Seat 1: shawmoney ($1.58 in chips) 
Seat 3: prost09 ($2 in chips) 
Seat 4: tridmax ($2.21 in chips) 
Seat 5: Cammerrzr ($0.89 in chips) 
Seat 6: Dorex2007 ($2.48 in chips) 
Seat 7: rpatenau91 ($0.68 in chips) 
Seat 9: MsBennet95 ($1.20 in chips) 
shawmoney: posts small blind $0.01
prost09: posts big blind $0.02
Cammerrzr: posts small & big blinds $0.03
*** HOLE CARDS ***
Dealt to Dorex2007 [Jh 7d]
tridmax: folds 
Cammerrzr has timed out
Cammerrzr: checks 
Dorex2007: folds 
rpatenau91: folds 
frosa9397 leaves the table
MsBennet95: calls $0.02
shawmoney: calls $0.01
prost09: checks 
*** FLOP *** [3c Ks 3d]
shawmoney: checks 
prost09: checks 
Cammerrzr: checks 
MsBennet95: checks 
*** TURN *** [3c Ks 3d] [2s]
shawmoney: checks 
prost09: checks 
Cammerrzr: checks 
Jumbaliah123 joins the table at seat #2 
MsBennet95: checks 
*** RIVER *** [3c Ks 3d 2s] [6s]
shawmoney: checks 
prost09: checks 
Cammerrzr: checks 
MsBennet95: checks 
*** SHOW DOWN ***
shawmoney: shows [8d Qh] (a pair of Threes)
prost09: mucks hand 
Cammerrzr: mucks hand 
MsBennet95: shows [9c Qd] (a pair of Threes - King+Queen+Nine kicker)
MsBennet95 collected $0.09 from pot
*** SUMMARY ***
Total pot $0.09 | Rake $0 
Board [3c Ks 3d 2s 6s]
Seat 1: shawmoney (small blind) showed [8d Qh] and lost with a pair of Threes
Seat 3: prost09 (big blind) mucked [7h 5h]
Seat 4: tridmax folded before Flop (didn't bet)
Seat 5: Cammerrzr mucked [5d 8s]
Seat 6: Dorex2007 folded before Flop (didn't bet)
Seat 7: rpatenau91 folded before Flop (didn't bet)
Seat 9: MsBennet95 (button) showed [9c Qd] and won ($0.09) with a pair of Threes



PokerStars Hand #231125501155:  Hold'em No Limit ($0.01/$0.02 USD) - 2021/11/03 21:23:15 PT [2021/11/04 0:23:15 ET]
Table 'Garuda II' 9-max Seat #1 is the button
Seat 1: shawmoney ($1.56 in chips) 
Seat 3: prost09 ($2 in chips) 
Seat 4: tridmax ($2.21 in chips) 
Seat 5: Cammerrzr ($0.86 in chips) 
Seat 6: Dorex2007 ($2.48 in chips) 
Seat 7: rpatenau91 ($0.68 in chips) 
Seat 9: MsBennet95 ($1.27 in chips) 
prost09: posts small blind $0.01
tridmax: posts big blind $0.02
*** HOLE CARDS ***
Dealt to Dorex2007 [3d 6c]
Cammerrzr has timed out
Cammerrzr: folds 
Dorex2007: folds 
rpatenau91: folds 
MsBennet95: raises $0.02 to $0.04
shawmoney: calls $0.04
prost09: folds 
tridmax: folds 
*** FLOP *** [9c 8d Qs]
MsBennet95: checks 
shawmoney: checks 
*** TURN *** [9c 8d Qs] [5d]
MsBennet95: checks 
shawmoney: checks 
*** RIVER *** [9c 8d Qs 5d] [As]
MsBennet95: bets $0.02
shawmoney: folds 
Uncalled bet ($0.02) returned to MsBennet95
MsBennet95 collected $0.11 from pot
MsBennet95: doesn't show hand 
*** SUMMARY ***
Total pot $0.11 | Rake $0 
Board [9c 8d Qs 5d As]
Seat 1: shawmoney (button) folded on the River
Seat 3: prost09 (small blind) folded before Flop
Seat 4: tridmax (big blind) folded before Flop
Seat 5: Cammerrzr folded before Flop (didn't bet)
Seat 6: Dorex2007 folded before Flop (didn't bet)
Seat 7: rpatenau91 folded before Flop (didn't bet)
Seat 9: MsBennet95 collected ($0.11)



PokerStars Hand #231125516212:  Hold'em No Limit ($0.01/$0.02 USD) - 2021/11/03 21:24:18 PT [2021/11/04 0:24:18 ET]
Table 'Garuda II' 9-max Seat #3 is the button
Seat 1: shawmoney ($1.52 in chips) 
Seat 2: Jumbaliah123 ($2 in chips) 
Seat 3: prost09 ($2 in chips) 
Seat 4: tridmax ($2.19 in chips) 
Seat 5: Cammerrzr ($0.86 in chips) 
Seat 6: Dorex2007 ($2.48 in chips) 
Seat 7: rpatenau91 ($0.68 in chips) 
Seat 9: MsBennet95 ($1.34 in chips) 
tridmax: posts small blind $0.01
Cammerrzr: posts big blind $0.02
Jumbaliah123: posts big blind $0.02
*** HOLE CARDS ***
Dealt to Dorex2007 [8s 2h]
Dorex2007: folds 
rpatenau91: folds 
MsBennet95: folds 
shawmoney: raises $0.02 to $0.04
Jumbaliah123: folds 
prost09: folds 
tridmax: folds 
Cammerrzr: folds 
Uncalled bet ($0.02) returned to shawmoney
shawmoney collected $0.07 from pot
shawmoney: doesn't show hand 
*** SUMMARY ***
Total pot $0.07 | Rake $0 
Seat 1: shawmoney collected ($0.07)
Seat 2: Jumbaliah123 folded before Flop (didn't bet)
Seat 3: prost09 (button) folded before Flop (didn't bet)
Seat 4: tridmax (small blind) folded before Flop
Seat 5: Cammerrzr (big blind) folded before Flop
Seat 6: Dorex2007 folded before Flop (didn't bet)
Seat 7: rpatenau91 folded before Flop (didn't bet)
Seat 9: MsBennet95 folded before Flop (didn't bet)



PokerStars Hand #231125520133:  Hold'em No Limit ($0.01/$0.02 USD) - 2021/11/03 21:24:46 PT [2021/11/04 0:24:46 ET]
Table 'Garuda II' 9-max Seat #4 is the button
Seat 1: shawmoney ($1.57 in chips) 
Seat 2: Jumbaliah123 ($1.98 in chips) 
Seat 3: prost09 ($2 in chips) 
Seat 4: tridmax ($2.18 in chips) 
Seat 5: Cammerrzr ($0.84 in chips) 
Seat 6: Dorex2007 ($2.48 in chips) 
Seat 7: rpatenau91 ($0.68 in chips) 
Seat 9: MsBennet95 ($1.34 in chips) 
Cammerrzr: posts small blind $0.01
Dorex2007: posts big blind $0.02
*** HOLE CARDS ***
Dealt to Dorex2007 [Qd 5d]
rpatenau91: folds 
MsBennet95 has timed out
MsBennet95: folds 
shawmoney: folds 
Jumbaliah123: folds 
prost09: folds 
tridmax: folds 
tridmax leaves the table
Cammerrzr: folds 
Uncalled bet ($0.01) returned to Dorex2007
Dorex2007 collected $0.02 from pot
Dorex2007: doesn't show hand 
*** SUMMARY ***
Total pot $0.02 | Rake $0 
Seat 1: shawmoney folded before Flop (didn't bet)
Seat 2: Jumbaliah123 folded before Flop (didn't bet)
Seat 3: prost09 folded before Flop (didn't bet)
Seat 4: tridmax (button) folded before Flop (didn't bet)
Seat 5: Cammerrzr (small blind) folded before Flop
Seat 6: Dorex2007 (big blind) collected ($0.02)
Seat 7: rpatenau91 folded before Flop (didn't bet)
Seat 9: MsBennet95 folded before Flop (didn't bet)



PokerStars Hand #231125523284:  Hold'em No Limit ($0.01/$0.02 USD) - 2021/11/03 21:25:08 PT [2021/11/04 0:25:08 ET]
Table 'Garuda II' 9-max Seat #5 is the button
Seat 1: shawmoney ($1.57 in chips) 
Seat 2: Jumbaliah123 ($1.98 in chips) 
Seat 3: prost09 ($2 in chips) 
Seat 5: Cammerrzr ($0.83 in chips) 
Seat 6: Dorex2007 ($2.49 in chips) 
Seat 7: rpatenau91 ($0.68 in chips) 
Dorex2007: posts small blind $0.01
rpatenau91: posts big blind $0.02
*** HOLE CARDS ***
Dealt to Dorex2007 [7c Th]
shawmoney: folds 
Jumbaliah123: folds 
prost09: folds 
Cammerrzr: folds 
Dorex2007: folds 
Uncalled bet ($0.01) returned to rpatenau91
rpatenau91 collected $0.02 from pot
rpatenau91: doesn't show hand 
*** SUMMARY ***
Total pot $0.02 | Rake $0 
Seat 1: shawmoney folded before Flop (didn't bet)
Seat 2: Jumbaliah123 folded before Flop (didn't bet)
Seat 3: prost09 folded before Flop (didn't bet)
Seat 5: Cammerrzr (button) folded before Flop (didn't bet)
Seat 6: Dorex2007 (small blind) folded before Flop
Seat 7: rpatenau91 (big blind) collected ($0.02)



PokerStars Hand #231125525052:  Hold'em No Limit ($0.01/$0.02 USD) - 2021/11/03 21:25:21 PT [2021/11/04 0:25:21 ET]
Table 'Garuda II' 9-max Seat #6 is the button
Seat 1: shawmoney ($1.57 in chips) 
Seat 2: Jumbaliah123 ($1.98 in chips) 
Seat 3: prost09 ($2 in chips) 
Seat 5: Cammerrzr ($0.83 in chips) 
Seat 6: Dorex2007 ($2.48 in chips) 
Seat 7: rpatenau91 ($0.69 in chips) 
rpatenau91: posts small blind $0.01
shawmoney: posts big blind $0.02
*** HOLE CARDS ***
Dealt to Dorex2007 [Ah Qs]
Jumbaliah123: folds 
prost09: folds 
Cammerrzr has timed out
Cammerrzr: folds 
Dorex2007: raises $0.06 to $0.08
rpatenau91: folds 
shawmoney: folds 
Uncalled bet ($0.06) returned to Dorex2007
Dorex2007 collected $0.05 from pot
Dorex2007: doesn't show hand 
*** SUMMARY ***
Total pot $0.05 | Rake $0 
Seat 1: shawmoney (big blind) folded before Flop
Seat 2: Jumbaliah123 folded before Flop (didn't bet)
Seat 3: prost09 folded before Flop (didn't bet)
Seat 5: Cammerrzr folded before Flop (didn't bet)
Seat 6: Dorex2007 (button) collected ($0.05)
Seat 7: rpatenau91 (small blind) folded before Flop



PokerStars Hand #231125529281:  Hold'em No Limit ($0.01/$0.02 USD) - 2021/11/03 21:25:50 PT [2021/11/04 0:25:50 ET]
Table 'Garuda II' 9-max Seat #7 is the button
Seat 1: shawmoney ($1.55 in chips) 
Seat 2: Jumbaliah123 ($1.98 in chips) 
Seat 3: prost09 ($2 in chips) 
Seat 6: Dorex2007 ($2.51 in chips) 
Seat 7: rpatenau91 ($0.68 in chips) 
shawmoney: posts small blind $0.01
Jumbaliah123: posts big blind $0.02
*** HOLE CARDS ***
Dealt to Dorex2007 [9s Ts]
prost09: folds 
Dorex2007: calls $0.02
rpatenau91: folds 
shawmoney: calls $0.01
Jumbaliah123: checks 
*** FLOP *** [Qs Qc 2s]
shawmoney: bets $0.03
Jumbaliah123: folds 
Dorex2007: calls $0.03
*** TURN *** [Qs Qc 2s] [8s]
shawmoney: bets $0.06
Dorex2007: calls $0.06
*** RIVER *** [Qs Qc 2s 8s] [As]
shawmoney: checks 
Dorex2007: bets $0.15
shawmoney: folds 
Uncalled bet ($0.15) returned to Dorex2007
Dorex2007 collected $0.23 from pot
Dorex2007: doesn't show hand 
*** SUMMARY ***
Total pot $0.24 | Rake $0.01 
Board [Qs Qc 2s 8s As]
Seat 1: shawmoney (small blind) folded on the River
Seat 2: Jumbaliah123 (big blind) folded on the Flop
Seat 3: prost09 folded before Flop (didn't bet)
Seat 6: Dorex2007 collected ($0.23)
Seat 7: rpatenau91 (button) folded before Flop (didn't bet)



PokerStars Hand #231125535845:  Hold'em No Limit ($0.01/$0.02 USD) - 2021/11/03 21:26:37 PT [2021/11/04 0:26:37 ET]
Table 'Garuda II' 9-max Seat #1 is the button
Seat 1: shawmoney ($1.44 in chips) 
Seat 2: Jumbaliah123 ($1.96 in chips) 
Seat 3: prost09 ($2 in chips) 
Seat 5: Cammerrzr ($0.83 in chips) 
Seat 6: Dorex2007 ($2.63 in chips) 
Seat 7: rpatenau91 ($0.68 in chips) 
Seat 9: MsBennet95 ($1.34 in chips) 
Jumbaliah123: posts small blind $0.01
prost09: posts big blind $0.02
MsBennet95: posts small & big blinds $0.03
*** HOLE CARDS ***
Dealt to Dorex2007 [8h Kd]
Cammerrzr has timed out
Cammerrzr: folds 
Dorex2007: folds 
rpatenau91: calls $0.02
MsBennet95: checks 
shawmoney: folds 
Jumbaliah123: calls $0.01
prost09: checks 
*** FLOP *** [Ah 8c Ad]
Jumbaliah123: checks 
prost09: checks 
rpatenau91: checks 
MsBennet95: checks 
*** TURN *** [Ah 8c Ad] [3c]
Jumbaliah123: checks 
prost09: checks 
rpatenau91: checks 
MsBennet95: checks 
*** RIVER *** [Ah 8c Ad 3c] [5h]
Jumbaliah123: checks 
prost09: checks 
rpatenau91: bets $0.66 and is all-in
MsBennet95: folds 
Jumbaliah123: folds 
prost09: folds 
Uncalled bet ($0.66) returned to rpatenau91
rpatenau91 collected $0.09 from pot
rpatenau91: doesn't show hand 
*** SUMMARY ***
Total pot $0.09 | Rake $0 
Board [Ah 8c Ad 3c 5h]
Seat 1: shawmoney (button) folded before Flop (didn't bet)
Seat 2: Jumbaliah123 (small blind) folded on the River
Seat 3: prost09 (big blind) folded on the River
Seat 5: Cammerrzr folded before Flop (didn't bet)
Seat 6: Dorex2007 folded before Flop (didn't bet)
Seat 7: rpatenau91 collected ($0.09)
Seat 9: MsBennet95 folded on the River (didn't bet)



PokerStars Hand #231125546460:  Hold'em No Limit ($0.01/$0.02 USD) - 2021/11/03 21:27:51 PT [2021/11/04 0:27:51 ET]
Table 'Garuda II' 9-max Seat #2 is the button
Seat 1: shawmoney ($1.44 in chips) 
Seat 2: Jumbaliah123 ($1.98 in chips) 
Seat 3: prost09 ($2 in chips) 
Seat 5: Cammerrzr ($0.83 in chips) 
Seat 6: Dorex2007 ($2.63 in chips) 
Seat 7: rpatenau91 ($0.75 in chips) 
Seat 9: MsBennet95 ($1.31 in chips) 
prost09: posts small blind $0.01
Cammerrzr: posts big blind $0.02
*** HOLE CARDS ***
Dealt to Dorex2007 [Kd 7s]
Dorex2007: folds 
rpatenau91: folds 
MsBennet95: folds 
shawmoney: folds 
Jumbaliah123: folds 
prost09: folds 
Uncalled bet ($0.01) returned to Cammerrzr
Cammerrzr collected $0.02 from pot
Cammerrzr: doesn't show hand 
*** SUMMARY ***
Total pot $0.02 | Rake $0 
Seat 1: shawmoney folded before Flop (didn't bet)
Seat 2: Jumbaliah123 (button) folded before Flop (didn't bet)
Seat 3: prost09 (small blind) folded before Flop
Seat 5: Cammerrzr (big blind) collected ($0.02)
Seat 6: Dorex2007 folded before Flop (didn't bet)
Seat 7: rpatenau91 folded before Flop (didn't bet)
Seat 9: MsBennet95 folded before Flop (didn't bet)



PokerStars Hand #231125547862:  Hold'em No Limit ($0.01/$0.02 USD) - 2021/11/03 21:28:01 PT [2021/11/04 0:28:01 ET]
Table 'Garuda II' 9-max Seat #3 is the button
Seat 1: shawmoney ($1.44 in chips) 
Seat 2: Jumbaliah123 ($1.98 in chips) 
Seat 3: prost09 ($2 in chips) 
Seat 5: Cammerrzr ($0.84 in chips) 
Seat 6: Dorex2007 ($2.63 in chips) 
Seat 7: rpatenau91 ($0.75 in chips) 
Seat 9: MsBennet95 ($1.31 in chips) 
Cammerrzr: posts small blind $0.01
Dorex2007: posts big blind $0.02
*** HOLE CARDS ***
Dealt to Dorex2007 [9h Ah]
rpatenau91: folds 
MsBennet95: folds 
shawmoney: raises $0.02 to $0.04
Jumbaliah123: folds 
prost09: calls $0.04
MsBennet95 leaves the table
Cammerrzr: folds 
Dorex2007: calls $0.02
*** FLOP *** [Ac 5h 2s]
Dorex2007: checks 
shawmoney: checks 
prost09: checks 
*** TURN *** [Ac 5h 2s] [Ks]
Dorex2007: bets $0.07
shawmoney: folds 
prost09: folds 
Uncalled bet ($0.07) returned to Dorex2007
Dorex2007 collected $0.13 from pot
Dorex2007: doesn't show hand 
*** SUMMARY ***
Total pot $0.13 | Rake $0 
Board [Ac 5h 2s Ks]
Seat 1: shawmoney folded on the Turn
Seat 2: Jumbaliah123 folded before Flop (didn't bet)
Seat 3: prost09 (button) folded on the Turn
Seat 5: Cammerrzr (small blind) folded before Flop
Seat 6: Dorex2007 (big blind) collected ($0.13)
Seat 7: rpatenau91 folded before Flop (didn't bet)
Seat 9: MsBennet95 folded before Flop (didn't bet)



PokerStars Hand #231125556894:  Hold'em No Limit ($0.01/$0.02 USD) - 2021/11/03 21:29:06 PT [2021/11/04 0:29:06 ET]
Table 'Garuda II' 9-max Seat #5 is the button
Seat 1: shawmoney ($1.40 in chips) 
Seat 2: Jumbaliah123 ($1.98 in chips) 
Seat 3: prost09 ($2 in chips) 
Seat 5: Cammerrzr ($0.83 in chips) 
Seat 6: Dorex2007 ($2.72 in chips) 
Seat 7: rpatenau91 ($0.75 in chips) 
Dorex2007: posts small blind $0.01
rpatenau91: posts big blind $0.02
*** HOLE CARDS ***
Dealt to Dorex2007 [2h 3s]
maxarchi1985 joins the table at seat #4 
shawmoney: folds 
Jumbaliah123: folds 
prost09: folds 
Cammerrzr: folds 
Dorex2007: folds 
Uncalled bet ($0.01) returned to rpatenau91
rpatenau91 collected $0.02 from pot
rpatenau91: doesn't show hand 
*** SUMMARY ***
Total pot $0.02 | Rake $0 
Seat 1: shawmoney folded before Flop (didn't bet)
Seat 2: Jumbaliah123 folded before Flop (didn't bet)
Seat 3: prost09 folded before Flop (didn't bet)
Seat 5: Cammerrzr (button) folded before Flop (didn't bet)
Seat 6: Dorex2007 (small blind) folded before Flop
Seat 7: rpatenau91 (big blind) collected ($0.02)



PokerStars Hand #231125558402:  Hold'em No Limit ($0.01/$0.02 USD) - 2021/11/03 21:29:17 PT [2021/11/04 0:29:17 ET]
Table 'Garuda II' 9-max Seat #6 is the button
Seat 1: shawmoney ($1.40 in chips) 
Seat 2: Jumbaliah123 ($1.98 in chips) 
Seat 3: prost09 ($2 in chips) 
Seat 4: maxarchi1985 ($2 in chips) 
Seat 5: Cammerrzr ($0.83 in chips) 
Seat 6: Dorex2007 ($2.71 in chips) 
Seat 7: rpatenau91 ($0.76 in chips) 
rpatenau91: posts small blind $0.01
shawmoney: posts big blind $0.02
maxarchi1985: posts big blind $0.02
*** HOLE CARDS ***
Dealt to Dorex2007 [3c 9c]
Jumbaliah123: folds 
prost09: folds 
maxarchi1985: raises $0.04 to $0.06
Cammerrzr: folds 
Dorex2007: folds 
rpatenau91: folds 
shawmoney: folds 
Uncalled bet ($0.04) returned to maxarchi1985
maxarchi1985 collected $0.05 from pot
maxarchi1985: doesn't show hand 
*** SUMMARY ***
Total pot $0.05 | Rake $0 
Seat 1: shawmoney (big blind) folded before Flop
Seat 2: Jumbaliah123 folded before Flop (didn't bet)
Seat 3: prost09 folded before Flop (didn't bet)
Seat 4: maxarchi1985 collected ($0.05)
Seat 5: Cammerrzr folded before Flop (didn't bet)
Seat 6: Dorex2007 (button) folded before Flop (didn't bet)
Seat 7: rpatenau91 (small blind) folded before Flop



PokerStars Hand #231125560702:  Hold'em No Limit ($0.01/$0.02 USD) - 2021/11/03 21:29:32 PT [2021/11/04 0:29:32 ET]
Table 'Garuda II' 9-max Seat #7 is the button
Seat 1: shawmoney ($1.38 in chips) 
Seat 2: Jumbaliah123 ($1.98 in chips) 
Seat 3: prost09 ($2 in chips) 
Seat 4: maxarchi1985 ($2.03 in chips) 
Seat 5: Cammerrzr ($0.83 in chips) 
Seat 6: Dorex2007 ($2.71 in chips) 
Seat 7: rpatenau91 ($0.75 in chips) 
shawmoney: posts small blind $0.01
Jumbaliah123: posts big blind $0.02
*** HOLE CARDS ***
Dealt to Dorex2007 [Ks Js]
Joker888281 joins the table at seat #9 
prost09: raises $0.04 to $0.06
maxarchi1985: calls $0.06
Cammerrzr: folds 
Dorex2007: calls $0.06
rpatenau91: folds 
shawmoney: calls $0.05
Jumbaliah123: calls $0.04
*** FLOP *** [2c 4s Jd]
shawmoney: checks 
Jumbaliah123: checks 
prost09: checks 
maxarchi1985: checks 
Dorex2007: bets $0.19
shawmoney: folds 
Jumbaliah123: folds 
prost09: calls $0.19
maxarchi1985: folds 
*** TURN *** [2c 4s Jd] [6s]
prost09: checks 
Dorex2007: checks 
*** RIVER *** [2c 4s Jd 6s] [Ac]
prost09: bets $0.31
Dorex2007: folds 
Uncalled bet ($0.31) returned to prost09
prost09 collected $0.66 from pot
prost09: doesn't show hand 
*** SUMMARY ***
Total pot $0.68 | Rake $0.02 
Board [2c 4s Jd 6s Ac]
Seat 1: shawmoney (small blind) folded on the Flop
Seat 2: Jumbaliah123 (big blind) folded on the Flop
Seat 3: prost09 collected ($0.66)
Seat 4: maxarchi1985 folded on the Flop
Seat 5: Cammerrzr folded before Flop (didn't bet)
Seat 6: Dorex2007 folded on the River
Seat 7: rpatenau91 (button) folded before Flop (didn't bet)



PokerStars Hand #231125572763:  Hold'em No Limit ($0.01/$0.02 USD) - 2021/11/03 21:30:41 PT [2021/11/04 0:30:41 ET]
Table 'Garuda II' 9-max Seat #1 is the button
Seat 1: shawmoney ($1.32 in chips) 
Seat 2: Jumbaliah123 ($1.92 in chips) 
Seat 3: prost09 ($2.41 in chips) 
Seat 4: maxarchi1985 ($1.97 in chips) 
Seat 5: Cammerrzr ($0.83 in chips) 
Seat 6: Dorex2007 ($2.46 in chips) 
Seat 7: rpatenau91 ($0.75 in chips) 
Seat 9: Joker888281 ($1.60 in chips) 
Jumbaliah123: posts small blind $0.01
prost09: posts big blind $0.02
Joker888281: posts big blind $0.02
*** HOLE CARDS ***
Dealt to Dorex2007 [Qh Ts]
maxarchi1985: folds 
Cammerrzr has timed out
Cammerrzr: folds 
Dorex2007: folds 
rpatenau91: folds 
Joker888281: raises $0.04 to $0.06
shawmoney: folds 
Jumbaliah123: folds 
prost09: folds 
Uncalled bet ($0.04) returned to Joker888281
Joker888281 collected $0.05 from pot
Joker888281: doesn't show hand 
*** SUMMARY ***
Total pot $0.05 | Rake $0 
Seat 1: shawmoney (button) folded before Flop (didn't bet)
Seat 2: Jumbaliah123 (small blind) folded before Flop
Seat 3: prost09 (big blind) folded before Flop
Seat 4: maxarchi1985 folded before Flop (didn't bet)
Seat 5: Cammerrzr folded before Flop (didn't bet)
Seat 6: Dorex2007 folded before Flop (didn't bet)
Seat 7: rpatenau91 folded before Flop (didn't bet)
Seat 9: Joker888281 collected ($0.05)



PokerStars Hand #231125576337:  Hold'em No Limit ($0.01/$0.02 USD) - 2021/11/03 21:31:07 PT [2021/11/04 0:31:07 ET]
Table 'Garuda II' 9-max Seat #2 is the button
Seat 1: shawmoney ($1.32 in chips) 
Seat 2: Jumbaliah123 ($1.91 in chips) 
Seat 3: prost09 ($2.39 in chips) 
Seat 4: maxarchi1985 ($1.97 in chips) 
Seat 5: Cammerrzr ($0.83 in chips) 
Seat 6: Dorex2007 ($2.46 in chips) 
Seat 7: rpatenau91 ($0.75 in chips) 
Seat 9: Joker888281 ($1.63 in chips) 
prost09: posts small blind $0.01
maxarchi1985: posts big blind $0.02
*** HOLE CARDS ***
Dealt to Dorex2007 [4h 2d]
Cammerrzr: folds 
Dorex2007: folds 
rpatenau91: calls $0.02
Joker888281: folds 
shawmoney: folds 
Jumbaliah123: folds 
prost09: calls $0.01
maxarchi1985: raises $0.04 to $0.06
rpatenau91: calls $0.04
prost09: calls $0.04
*** FLOP *** [2s 3c 6h]
prost09: checks 
maxarchi1985: bets $0.17
rpatenau91: calls $0.17
prost09: folds 
*** TURN *** [2s 3c 6h] [Jc]
maxarchi1985: checks 
rpatenau91: bets $0.14
maxarchi1985: folds 
Uncalled bet ($0.14) returned to rpatenau91
rpatenau91 collected $0.50 from pot
rpatenau91: doesn't show hand 
*** SUMMARY ***
Total pot $0.52 | Rake $0.02 
Board [2s 3c 6h Jc]
Seat 1: shawmoney folded before Flop (didn't bet)
Seat 2: Jumbaliah123 (button) folded before Flop (didn't bet)
Seat 3: prost09 (small blind) folded on the Flop
Seat 4: maxarchi1985 (big blind) folded on the Turn
Seat 5: Cammerrzr folded before Flop (didn't bet)
Seat 6: Dorex2007 folded before Flop (didn't bet)
Seat 7: rpatenau91 collected ($0.50)
Seat 9: Joker888281 folded before Flop (didn't bet)



PokerStars Hand #231125584099:  Hold'em No Limit ($0.01/$0.02 USD) - 2021/11/03 21:32:01 PT [2021/11/04 0:32:01 ET]
Table 'Garuda II' 9-max Seat #3 is the button
Seat 1: shawmoney ($1.32 in chips) 
Seat 2: Jumbaliah123 ($1.91 in chips) 
Seat 3: prost09 ($2.33 in chips) 
Seat 4: maxarchi1985 ($1.74 in chips) 
Seat 5: Cammerrzr ($0.83 in chips) 
Seat 6: Dorex2007 ($2.46 in chips) 
Seat 7: rpatenau91 ($1.02 in chips) 
Seat 9: Joker888281 ($1.63 in chips) 
maxarchi1985: posts small blind $0.01
Cammerrzr: posts big blind $0.02
*** HOLE CARDS ***
Dealt to Dorex2007 [6d 3c]
Dorex2007: folds 
rpatenau91: raises $0.04 to $0.06
Joker888281: folds 
shawmoney: folds 
Jumbaliah123: folds 
prost09: folds 
maxarchi1985: calls $0.05
Cammerrzr: folds 
*** FLOP *** [9c 8s 5s]
maxarchi1985: bets $0.14
rpatenau91: folds 
Uncalled bet ($0.14) returned to maxarchi1985
maxarchi1985 collected $0.14 from pot
maxarchi1985: doesn't show hand 
*** SUMMARY ***
Total pot $0.14 | Rake $0 
Board [9c 8s 5s]
Seat 1: shawmoney folded before Flop (didn't bet)
Seat 2: Jumbaliah123 folded before Flop (didn't bet)
Seat 3: prost09 (button) folded before Flop (didn't bet)
Seat 4: maxarchi1985 (small blind) collected ($0.14)
Seat 5: Cammerrzr (big blind) folded before Flop
Seat 6: Dorex2007 folded before Flop (didn't bet)
Seat 7: rpatenau91 folded on the Flop
Seat 9: Joker888281 folded before Flop (didn't bet)



PokerStars Hand #231125589261:  Hold'em No Limit ($0.01/$0.02 USD) - 2021/11/03 21:32:38 PT [2021/11/04 0:32:38 ET]
Table 'Garuda II' 9-max Seat #4 is the button
Seat 1: shawmoney ($1.32 in chips) 
Seat 2: Jumbaliah123 ($2 in chips) 
Seat 3: prost09 ($2.33 in chips) 
Seat 4: maxarchi1985 ($1.82 in chips) 
Seat 5: Cammerrzr ($0.81 in chips) 
Seat 6: Dorex2007 ($2.46 in chips) 
Seat 7: rpatenau91 ($0.96 in chips) 
Seat 9: Joker888281 ($1.63 in chips) 
Cammerrzr: posts small blind $0.01
Dorex2007: posts big blind $0.02
*** HOLE CARDS ***
Dealt to Dorex2007 [6s Ad]
rpatenau91: folds 
rpatenau91 leaves the table
Joker888281: folds 
shawmoney: folds 
Jumbaliah123: folds 
prost09: folds 
maxarchi1985: raises $0.04 to $0.06
Cammerrzr: calls $0.05
Dorex2007: folds 
*** FLOP *** [3h Kd 2c]
Cammerrzr: checks 
maxarchi1985: bets $0.14
Cammerrzr: folds 
Uncalled bet ($0.14) returned to maxarchi1985
maxarchi1985 collected $0.14 from pot
maxarchi1985: doesn't show hand 
*** SUMMARY ***
Total pot $0.14 | Rake $0 
Board [3h Kd 2c]
Seat 1: shawmoney folded before Flop (didn't bet)
Seat 2: Jumbaliah123 folded before Flop (didn't bet)
Seat 3: prost09 folded before Flop (didn't bet)
Seat 4: maxarchi1985 (button) collected ($0.14)
Seat 5: Cammerrzr (small blind) folded on the Flop
Seat 6: Dorex2007 (big blind) folded before Flop
Seat 7: rpatenau91 folded before Flop (didn't bet)
Seat 9: Joker888281 folded before Flop (didn't bet)



PokerStars Hand #231125593059:  Hold'em No Limit ($0.01/$0.02 USD) - 2021/11/03 21:33:06 PT [2021/11/04 0:33:06 ET]
Table 'Garuda II' 9-max Seat #5 is the button
Seat 1: shawmoney ($1.32 in chips) 
Seat 2: Jumbaliah123 ($2 in chips) 
Seat 3: prost09 ($2.33 in chips) 
Seat 4: maxarchi1985 ($1.90 in chips) 
Seat 5: Cammerrzr ($0.75 in chips) 
Seat 6: Dorex2007 ($2.44 in chips) 
Seat 9: Joker888281 ($1.63 in chips) 
Dorex2007: posts small blind $0.01
Joker888281: posts big blind $0.02
*** HOLE CARDS ***
Dealt to Dorex2007 [4s Jh]
shawmoney: folds 
Jumbaliah123: folds 
prost09: folds 
maxarchi1985: folds 
Cammerrzr: calls $0.02
Dorex2007: folds 
Joker888281: checks 
*** FLOP *** [Qs Kh Kd]
Joker888281: checks 
Cammerrzr: checks 
*** TURN *** [Qs Kh Kd] [Ts]
Joker888281: checks 
Cammerrzr: checks 
*** RIVER *** [Qs Kh Kd Ts] [Td]
Joker888281: checks 
Cammerrzr: checks 
*** SHOW DOWN ***
Joker888281: shows [2c Ac] (two pair, Kings and Tens)
Cammerrzr: shows [3s As] (two pair, Kings and Tens)
Joker888281 collected $0.03 from pot
Cammerrzr collected $0.02 from pot
Pokittenz leaves the table
*** SUMMARY ***
Total pot $0.05 | Rake $0 
Board [Qs Kh Kd Ts Td]
Seat 1: shawmoney folded before Flop (didn't bet)
Seat 2: Jumbaliah123 folded before Flop (didn't bet)
Seat 3: prost09 folded before Flop (didn't bet)
Seat 4: maxarchi1985 folded before Flop (didn't bet)
Seat 5: Cammerrzr (button) showed [3s As] and won ($0.02) with two pair, Kings and Tens
Seat 6: Dorex2007 (small blind) folded before Flop
Seat 9: Joker888281 (big blind) showed [2c Ac] and won ($0.03) with two pair, Kings and Tens



PokerStars Hand #231125600453:  Hold'em No Limit ($0.01/$0.02 USD) - 2021/11/03 21:34:00 PT [2021/11/04 0:34:00 ET]
Table 'Garuda II' 9-max Seat #6 is the button
Seat 1: shawmoney ($1.32 in chips) 
Seat 2: Jumbaliah123 ($2 in chips) 
Seat 3: prost09 ($2.33 in chips) 
Seat 4: maxarchi1985 ($1.90 in chips) 
Seat 5: Cammerrzr ($0.75 in chips) 
Seat 6: Dorex2007 ($2.43 in chips) 
Seat 9: Joker888281 ($1.64 in chips) 
Joker888281: posts small blind $0.01
shawmoney: posts big blind $0.02
*** HOLE CARDS ***
Dealt to Dorex2007 [6d 8s]
Jumbaliah123: folds 
prost09: folds 
maxarchi1985: raises $0.04 to $0.06
Cammerrzr: folds 
Dorex2007: folds 
Joker888281: calls $0.05
shawmoney: folds 
*** FLOP *** [Jd 6s 6h]
Joker888281: checks 
maxarchi1985: bets $0.14
Joker888281: calls $0.14
*** TURN *** [Jd 6s 6h] [3d]
Joker888281: checks 
maxarchi1985: bets $0.41
Joker888281: calls $0.41
*** RIVER *** [Jd 6s 6h 3d] [9s]
Joker888281: checks 
maxarchi1985: checks 
*** SHOW DOWN ***
Joker888281: shows [Qc Js] (two pair, Jacks and Sixes)
maxarchi1985: mucks hand 
Joker888281 collected $1.20 from pot
*** SUMMARY ***
Total pot $1.24 | Rake $0.04 
Board [Jd 6s 6h 3d 9s]
Seat 1: shawmoney (big blind) folded before Flop
Seat 2: Jumbaliah123 folded before Flop (didn't bet)
Seat 3: prost09 folded before Flop (didn't bet)
Seat 4: maxarchi1985 mucked [5d 8c]
Seat 5: Cammerrzr folded before Flop (didn't bet)
Seat 6: Dorex2007 (button) folded before Flop (didn't bet)
Seat 9: Joker888281 (small blind) showed [Qc Js] and won ($1.20) with two pair, Jacks and Sixes



PokerStars Hand #231125605904:  Hold'em No Limit ($0.01/$0.02 USD) - 2021/11/03 21:34:39 PT [2021/11/04 0:34:39 ET]
Table 'Garuda II' 9-max Seat #9 is the button
Seat 1: shawmoney ($1.30 in chips) 
Seat 2: Jumbaliah123 ($2 in chips) 
Seat 3: prost09 ($2.33 in chips) 
Seat 4: maxarchi1985 ($1.29 in chips) 
Seat 5: Cammerrzr ($0.75 in chips) 
Seat 6: Dorex2007 ($2.43 in chips) 
Seat 9: Joker888281 ($2.23 in chips) 
shawmoney: posts small blind $0.01
Jumbaliah123: posts big blind $0.02
*** HOLE CARDS ***
Dealt to Dorex2007 [5s 7c]
prost09: folds 
maxarchi1985: raises $0.04 to $0.06
Cammerrzr: folds 
Dorex2007: folds 
Joker888281: calls $0.06
shawmoney: calls $0.05
Jumbaliah123: folds 
*** FLOP *** [Ah Jc As]
shawmoney: checks 
maxarchi1985: checks 
Joker888281: checks 
*** TURN *** [Ah Jc As] [3h]
shawmoney: bets $0.02
maxarchi1985: folds 
Joker888281: folds 
Uncalled bet ($0.02) returned to shawmoney
shawmoney collected $0.19 from pot
shawmoney: doesn't show hand 
*** SUMMARY ***
Total pot $0.20 | Rake $0.01 
Board [Ah Jc As 3h]
Seat 1: shawmoney (small blind) collected ($0.19)
Seat 2: Jumbaliah123 (big blind) folded before Flop
Seat 3: prost09 folded before Flop (didn't bet)
Seat 4: maxarchi1985 folded on the Turn
Seat 5: Cammerrzr folded before Flop (didn't bet)
Seat 6: Dorex2007 folded before Flop (didn't bet)
Seat 9: Joker888281 (button) folded on the Turn



