PokerStars Hand #225787622170:  Hold'em No Limit ($0.01/$0.02 USD) - 2021/04/12 19:22:46 PT [2021/04/12 22:22:46 ET]
Table 'Sadeya' 9-max Seat #2 is the button
Seat 1: WaterKirk ($0.49 in chips) 
Seat 2: lhtrizl ($2.25 in chips) 
Seat 3: Micheel_an ($1.65 in chips) 
Seat 4: Dorex2007 ($1.50 in chips) 
Seat 6: XTLMZUWR ($5.10 in chips) 
Seat 7: ChiguireJr ($1.81 in chips) 
Seat 8: ser447787 ($4.38 in chips) 
Seat 9: wlyanna ($2.03 in chips) 
Micheel_an: posts small blind $0.01
Dorex2007: posts big blind $0.02
*** HOLE CARDS ***
Dealt to Dorex2007 [Qc Kh]
XTLMZUWR: folds 
ChiguireJr: folds 
ser447787: folds 
wlyanna: folds 
WaterKirk: folds 
lhtrizl: folds 
Micheel_an: folds 
Uncalled bet ($0.01) returned to Dorex2007
Dorex2007 collected $0.02 from pot
Dorex2007: doesn't show hand 
*** SUMMARY ***
Total pot $0.02 | Rake $0 
Seat 1: WaterKirk folded before Flop (didn't bet)
Seat 2: lhtrizl (button) folded before Flop (didn't bet)
Seat 3: Micheel_an (small blind) folded before Flop
Seat 4: Dorex2007 (big blind) collected ($0.02)
Seat 6: XTLMZUWR folded before Flop (didn't bet)
Seat 7: ChiguireJr folded before Flop (didn't bet)
Seat 8: ser447787 folded before Flop (didn't bet)
Seat 9: wlyanna folded before Flop (didn't bet)



PokerStars Hand #225787626062:  Hold'em No Limit ($0.01/$0.02 USD) - 2021/04/12 19:23:01 PT [2021/04/12 22:23:01 ET]
Table 'Sadeya' 9-max Seat #3 is the button
Seat 1: WaterKirk ($0.49 in chips) 
Seat 2: lhtrizl ($2.25 in chips) 
Seat 3: Micheel_an ($1.64 in chips) 
Seat 4: Dorex2007 ($1.51 in chips) 
Seat 6: XTLMZUWR ($5.10 in chips) 
Seat 7: ChiguireJr ($1.81 in chips) 
Seat 8: ser447787 ($4.38 in chips) 
Seat 9: wlyanna ($2.03 in chips) 
Dorex2007: posts small blind $0.01
XTLMZUWR: posts big blind $0.02
*** HOLE CARDS ***
Dealt to Dorex2007 [Ac 9d]
ChiguireJr: folds 
ser447787: raises $0.05 to $0.07
wlyanna: folds 
WaterKirk: folds 
lhtrizl: folds 
Micheel_an: folds 
Dorex2007: folds 
XTLMZUWR: folds 
Uncalled bet ($0.05) returned to ser447787
ser447787 collected $0.05 from pot
*** SUMMARY ***
Total pot $0.05 | Rake $0 
Seat 1: WaterKirk folded before Flop (didn't bet)
Seat 2: lhtrizl folded before Flop (didn't bet)
Seat 3: Micheel_an (button) folded before Flop (didn't bet)
Seat 4: Dorex2007 (small blind) folded before Flop
Seat 6: XTLMZUWR (big blind) folded before Flop
Seat 7: ChiguireJr folded before Flop (didn't bet)
Seat 8: ser447787 collected ($0.05)
Seat 9: wlyanna folded before Flop (didn't bet)



PokerStars Hand #225787630905:  Hold'em No Limit ($0.01/$0.02 USD) - 2021/04/12 19:23:20 PT [2021/04/12 22:23:20 ET]
Table 'Sadeya' 9-max Seat #4 is the button
Seat 1: WaterKirk ($0.49 in chips) 
Seat 2: lhtrizl ($2.25 in chips) 
Seat 3: Micheel_an ($1.64 in chips) 
Seat 4: Dorex2007 ($1.50 in chips) 
Seat 6: XTLMZUWR ($5.08 in chips) 
Seat 7: ChiguireJr ($1.81 in chips) 
Seat 8: ser447787 ($4.41 in chips) 
Seat 9: wlyanna ($2.03 in chips) 
XTLMZUWR: posts small blind $0.01
ChiguireJr: posts big blind $0.02
*** HOLE CARDS ***
Dealt to Dorex2007 [3s 7d]
ser447787: folds 
wlyanna: folds 
WaterKirk: folds 
lhtrizl: raises $0.02 to $0.04
Micheel_an: folds 
Dorex2007: folds 
XTLMZUWR: folds 
ChiguireJr: folds 
Uncalled bet ($0.02) returned to lhtrizl
lhtrizl collected $0.05 from pot
lhtrizl: doesn't show hand 
*** SUMMARY ***
Total pot $0.05 | Rake $0 
Seat 1: WaterKirk folded before Flop (didn't bet)
Seat 2: lhtrizl collected ($0.05)
Seat 3: Micheel_an folded before Flop (didn't bet)
Seat 4: Dorex2007 (button) folded before Flop (didn't bet)
Seat 6: XTLMZUWR (small blind) folded before Flop
Seat 7: ChiguireJr (big blind) folded before Flop
Seat 8: ser447787 folded before Flop (didn't bet)
Seat 9: wlyanna folded before Flop (didn't bet)



PokerStars Hand #225787634385:  Hold'em No Limit ($0.01/$0.02 USD) - 2021/04/12 19:23:33 PT [2021/04/12 22:23:33 ET]
Table 'Sadeya' 9-max Seat #6 is the button
Seat 1: WaterKirk ($0.49 in chips) 
Seat 2: lhtrizl ($2.28 in chips) 
Seat 3: Micheel_an ($1.64 in chips) 
Seat 4: Dorex2007 ($1.50 in chips) 
Seat 6: XTLMZUWR ($5.07 in chips) 
Seat 7: ChiguireJr ($1.79 in chips) 
Seat 8: ser447787 ($4.41 in chips) 
Seat 9: wlyanna ($2.03 in chips) 
ChiguireJr: posts small blind $0.01
ser447787: posts big blind $0.02
*** HOLE CARDS ***
Dealt to Dorex2007 [2s Td]
wlyanna: folds 
WaterKirk: folds 
POLLO ISRA75 is disconnected 
lhtrizl: folds 
Micheel_an: calls $0.02
Dorex2007: folds 
XTLMZUWR: folds 
ChiguireJr: calls $0.01
ser447787: checks 
*** FLOP *** [Jh Qd 3s]
ChiguireJr: checks 
ser447787: checks 
Micheel_an: checks 
*** TURN *** [Jh Qd 3s] [9s]
ChiguireJr: checks 
ser447787: checks 
Micheel_an: checks 
*** RIVER *** [Jh Qd 3s 9s] [5s]
ChiguireJr: checks 
ser447787: checks 
Micheel_an: bets $0.06
ChiguireJr: folds 
ser447787: folds 
Uncalled bet ($0.06) returned to Micheel_an
Micheel_an collected $0.06 from pot
Micheel_an: doesn't show hand 
*** SUMMARY ***
Total pot $0.06 | Rake $0 
Board [Jh Qd 3s 9s 5s]
Seat 1: WaterKirk folded before Flop (didn't bet)
Seat 2: lhtrizl folded before Flop (didn't bet)
Seat 3: Micheel_an collected ($0.06)
Seat 4: Dorex2007 folded before Flop (didn't bet)
Seat 6: XTLMZUWR (button) folded before Flop (didn't bet)
Seat 7: ChiguireJr (small blind) folded on the River
Seat 8: ser447787 (big blind) folded on the River
Seat 9: wlyanna folded before Flop (didn't bet)



PokerStars Hand #225787648927:  Hold'em No Limit ($0.01/$0.02 USD) - 2021/04/12 19:24:19 PT [2021/04/12 22:24:19 ET]
Table 'Sadeya' 9-max Seat #7 is the button
Seat 1: WaterKirk ($0.49 in chips) 
Seat 2: lhtrizl ($2.28 in chips) 
Seat 3: Micheel_an ($1.68 in chips) 
Seat 4: Dorex2007 ($1.50 in chips) 
Seat 6: XTLMZUWR ($5.07 in chips) 
Seat 7: ChiguireJr ($1.77 in chips) 
Seat 8: ser447787 ($4.39 in chips) 
Seat 9: wlyanna ($2.03 in chips) 
ser447787: posts small blind $0.01
wlyanna: posts big blind $0.02
*** HOLE CARDS ***
Dealt to Dorex2007 [Kc Ah]
WaterKirk: folds 
lhtrizl: folds 
Micheel_an: raises $0.04 to $0.06
Dorex2007: raises $0.12 to $0.18
XTLMZUWR: folds 
ChiguireJr: folds 
ser447787: folds 
wlyanna: folds 
Micheel_an: calls $0.12
*** FLOP *** [8s 6h 8d]
Micheel_an: checks 
Dorex2007: bets $0.38
Micheel_an: folds [Kh As]
Uncalled bet ($0.38) returned to Dorex2007
Dorex2007 collected $0.38 from pot
Dorex2007: doesn't show hand 
*** SUMMARY ***
Total pot $0.39 | Rake $0.01 
Board [8s 6h 8d]
Seat 1: WaterKirk folded before Flop (didn't bet)
Seat 2: lhtrizl folded before Flop (didn't bet)
Seat 3: Micheel_an folded on the Flop
Seat 4: Dorex2007 collected ($0.38)
Seat 6: XTLMZUWR folded before Flop (didn't bet)
Seat 7: ChiguireJr (button) folded before Flop (didn't bet)
Seat 8: ser447787 (small blind) folded before Flop
Seat 9: wlyanna (big blind) folded before Flop



PokerStars Hand #225787666910:  Hold'em No Limit ($0.01/$0.02 USD) - 2021/04/12 19:24:51 PT [2021/04/12 22:24:51 ET]
Table 'Sadeya' 9-max Seat #8 is the button
Seat 1: WaterKirk ($0.49 in chips) 
Seat 2: lhtrizl ($2.28 in chips) 
Seat 3: Micheel_an ($1.50 in chips) 
Seat 4: Dorex2007 ($1.70 in chips) 
Seat 6: XTLMZUWR ($5.07 in chips) 
Seat 7: ChiguireJr ($1.77 in chips) 
Seat 8: ser447787 ($4.38 in chips) 
Seat 9: wlyanna ($2.01 in chips) 
wlyanna: posts small blind $0.01
WaterKirk: posts big blind $0.02
POLLO ISRA75: sits out 
*** HOLE CARDS ***
Dealt to Dorex2007 [6s 3c]
lhtrizl: folds 
Micheel_an: calls $0.02
Dorex2007: folds 
XTLMZUWR: folds 
ChiguireJr: raises $0.07 to $0.09
ser447787: folds 
wlyanna: folds 
WaterKirk: folds 
Micheel_an: folds 
Uncalled bet ($0.07) returned to ChiguireJr
ChiguireJr collected $0.07 from pot
*** SUMMARY ***
Total pot $0.07 | Rake $0 
Seat 1: WaterKirk (big blind) folded before Flop
Seat 2: lhtrizl folded before Flop (didn't bet)
Seat 3: Micheel_an folded before Flop
Seat 4: Dorex2007 folded before Flop (didn't bet)
Seat 6: XTLMZUWR folded before Flop (didn't bet)
Seat 7: ChiguireJr collected ($0.07)
Seat 8: ser447787 (button) folded before Flop (didn't bet)
Seat 9: wlyanna (small blind) folded before Flop



PokerStars Hand #225787674414:  Hold'em No Limit ($0.01/$0.02 USD) - 2021/04/12 19:25:20 PT [2021/04/12 22:25:20 ET]
Table 'Sadeya' 9-max Seat #9 is the button
Seat 1: WaterKirk ($0.47 in chips) 
Seat 2: lhtrizl ($2.28 in chips) 
Seat 3: Micheel_an ($1.48 in chips) 
Seat 4: Dorex2007 ($1.70 in chips) 
Seat 5: POLLO ISRA75 ($2 in chips) 
Seat 6: XTLMZUWR ($5.07 in chips) 
Seat 7: ChiguireJr ($1.82 in chips) 
Seat 8: ser447787 ($4.38 in chips) 
Seat 9: wlyanna ($2 in chips) 
WaterKirk: posts small blind $0.01
lhtrizl: posts big blind $0.02
POLLO ISRA75: posts big blind $0.02
*** HOLE CARDS ***
Dealt to Dorex2007 [7s 6d]
Micheel_an: folds 
Dorex2007: folds 
POLLO ISRA75: checks 
XTLMZUWR: folds 
ChiguireJr: folds 
ser447787: raises $0.07 to $0.09
wlyanna: folds 
WaterKirk: folds 
lhtrizl: calls $0.07
POLLO ISRA75: folds 
*** FLOP *** [3s Jd Qd]
lhtrizl: checks 
ser447787: bets $0.10
lhtrizl: calls $0.10
*** TURN *** [3s Jd Qd] [9h]
lhtrizl: checks 
ser447787: checks 
*** RIVER *** [3s Jd Qd 9h] [8h]
lhtrizl: checks 
ser447787: checks 
*** SHOW DOWN ***
lhtrizl: shows [Ks Qs] (a pair of Queens)
ser447787: mucks hand 
lhtrizl collected $0.40 from pot
*** SUMMARY ***
Total pot $0.41 | Rake $0.01 
Board [3s Jd Qd 9h 8h]
Seat 1: WaterKirk (small blind) folded before Flop
Seat 2: lhtrizl (big blind) showed [Ks Qs] and won ($0.40) with a pair of Queens
Seat 3: Micheel_an folded before Flop (didn't bet)
Seat 4: Dorex2007 folded before Flop (didn't bet)
Seat 5: POLLO ISRA75 folded before Flop (didn't bet)
Seat 6: XTLMZUWR folded before Flop (didn't bet)
Seat 7: ChiguireJr folded before Flop (didn't bet)
Seat 8: ser447787 mucked [Ac 3c]
Seat 9: wlyanna (button) folded before Flop (didn't bet)



PokerStars Hand #225787689258:  Hold'em No Limit ($0.01/$0.02 USD) - 2021/04/12 19:26:16 PT [2021/04/12 22:26:16 ET]
Table 'Sadeya' 9-max Seat #1 is the button
Seat 1: WaterKirk ($0.46 in chips) 
Seat 2: lhtrizl ($2.49 in chips) 
Seat 3: Micheel_an ($1.48 in chips) 
Seat 4: Dorex2007 ($1.70 in chips) 
Seat 5: POLLO ISRA75 ($1.98 in chips) 
Seat 6: XTLMZUWR ($5.07 in chips) 
Seat 7: ChiguireJr ($1.82 in chips) 
Seat 8: ser447787 ($4.19 in chips) 
Seat 9: wlyanna ($2 in chips) 
lhtrizl: posts small blind $0.01
Micheel_an: posts big blind $0.02
*** HOLE CARDS ***
Dealt to Dorex2007 [Tc 8h]
Dorex2007: folds 
POLLO ISRA75 is disconnected 
POLLO ISRA75 has timed out while disconnected
POLLO ISRA75: folds 
XTLMZUWR: folds 
ChiguireJr: folds 
ser447787: folds 
wlyanna: folds 
WaterKirk: raises $0.02 to $0.04
lhtrizl: calls $0.03
Micheel_an: folds 
*** FLOP *** [Td 4c Kc]
lhtrizl: bets $0.05
WaterKirk: calls $0.05
*** TURN *** [Td 4c Kc] [5d]
lhtrizl: bets $0.10
WaterKirk: folds 
Uncalled bet ($0.10) returned to lhtrizl
lhtrizl collected $0.19 from pot
lhtrizl: doesn't show hand 
*** SUMMARY ***
Total pot $0.20 | Rake $0.01 
Board [Td 4c Kc 5d]
Seat 1: WaterKirk (button) folded on the Turn
Seat 2: lhtrizl (small blind) collected ($0.19)
Seat 3: Micheel_an (big blind) folded before Flop
Seat 4: Dorex2007 folded before Flop (didn't bet)
Seat 5: POLLO ISRA75 folded before Flop (didn't bet)
Seat 6: XTLMZUWR folded before Flop (didn't bet)
Seat 7: ChiguireJr folded before Flop (didn't bet)
Seat 8: ser447787 folded before Flop (didn't bet)
Seat 9: wlyanna folded before Flop (didn't bet)



PokerStars Hand #225787703993:  Hold'em No Limit ($0.01/$0.02 USD) - 2021/04/12 19:27:12 PT [2021/04/12 22:27:12 ET]
Table 'Sadeya' 9-max Seat #2 is the button
Seat 1: WaterKirk ($0.37 in chips) 
Seat 2: lhtrizl ($2.59 in chips) 
Seat 3: Micheel_an ($1.46 in chips) 
Seat 4: Dorex2007 ($1.70 in chips) 
Seat 6: XTLMZUWR ($5.07 in chips) 
Seat 7: ChiguireJr ($1.82 in chips) 
Seat 8: ser447787 ($4.19 in chips) 
Seat 9: wlyanna ($2 in chips) 
Micheel_an: posts small blind $0.01
Dorex2007: posts big blind $0.02
*** HOLE CARDS ***
Dealt to Dorex2007 [Th 9c]
XTLMZUWR: folds 
ChiguireJr: raises $0.04 to $0.06
ser447787: folds 
wlyanna: folds 
WaterKirk: folds 
lhtrizl: calls $0.06
Micheel_an: folds 
Dorex2007: folds 
*** FLOP *** [Td Js 7h]
ChiguireJr: bets $0.06
lhtrizl: calls $0.06
*** TURN *** [Td Js 7h] [Ah]
ChiguireJr: bets $0.15
lhtrizl: folds 
Uncalled bet ($0.15) returned to ChiguireJr
ChiguireJr collected $0.26 from pot
*** SUMMARY ***
Total pot $0.27 | Rake $0.01 
Board [Td Js 7h Ah]
Seat 1: WaterKirk folded before Flop (didn't bet)
Seat 2: lhtrizl (button) folded on the Turn
Seat 3: Micheel_an (small blind) folded before Flop
Seat 4: Dorex2007 (big blind) folded before Flop
Seat 6: XTLMZUWR folded before Flop (didn't bet)
Seat 7: ChiguireJr collected ($0.26)
Seat 8: ser447787 folded before Flop (didn't bet)
Seat 9: wlyanna folded before Flop (didn't bet)



PokerStars Hand #225787719922:  Hold'em No Limit ($0.01/$0.02 USD) - 2021/04/12 19:28:14 PT [2021/04/12 22:28:14 ET]
Table 'Sadeya' 9-max Seat #3 is the button
Seat 1: WaterKirk ($0.37 in chips) 
Seat 2: lhtrizl ($2.47 in chips) 
Seat 3: Micheel_an ($1.45 in chips) 
Seat 4: Dorex2007 ($1.68 in chips) 
Seat 5: POLLO ISRA75 ($1.98 in chips) 
Seat 6: XTLMZUWR ($5.07 in chips) 
Seat 7: ChiguireJr ($1.96 in chips) 
Seat 8: ser447787 ($4.19 in chips) 
Seat 9: wlyanna ($2 in chips) 
Dorex2007: posts small blind $0.01
POLLO ISRA75: posts big blind $0.02
*** HOLE CARDS ***
Dealt to Dorex2007 [5c 6d]
XTLMZUWR: folds 
ChiguireJr: folds 
ser447787: folds 
wlyanna: folds 
WaterKirk: calls $0.02
lhtrizl: folds 
Micheel_an: calls $0.02
Dorex2007: folds 
POLLO ISRA75: checks 
*** FLOP *** [7d 8d 2s]
POLLO ISRA75: checks 
WaterKirk: checks 
Micheel_an: bets $0.04
POLLO ISRA75: folds 
WaterKirk: folds 
Uncalled bet ($0.04) returned to Micheel_an
Micheel_an collected $0.07 from pot
Micheel_an: doesn't show hand 
*** SUMMARY ***
Total pot $0.07 | Rake $0 
Board [7d 8d 2s]
Seat 1: WaterKirk folded on the Flop
Seat 2: lhtrizl folded before Flop (didn't bet)
Seat 3: Micheel_an (button) collected ($0.07)
Seat 4: Dorex2007 (small blind) folded before Flop
Seat 5: POLLO ISRA75 (big blind) folded on the Flop
Seat 6: XTLMZUWR folded before Flop (didn't bet)
Seat 7: ChiguireJr folded before Flop (didn't bet)
Seat 8: ser447787 folded before Flop (didn't bet)
Seat 9: wlyanna folded before Flop (didn't bet)



PokerStars Hand #225787740588:  Hold'em No Limit ($0.01/$0.02 USD) - 2021/04/12 19:28:57 PT [2021/04/12 22:28:57 ET]
Table 'Sadeya' 9-max Seat #4 is the button
Seat 1: WaterKirk ($0.35 in chips) 
Seat 2: lhtrizl ($2.47 in chips) 
Seat 3: Micheel_an ($1.50 in chips) 
Seat 4: Dorex2007 ($1.67 in chips) 
Seat 5: POLLO ISRA75 ($1.96 in chips) 
Seat 6: XTLMZUWR ($5.07 in chips) 
Seat 7: ChiguireJr ($1.96 in chips) 
Seat 8: ser447787 ($4.19 in chips) 
Seat 9: wlyanna ($2 in chips) 
POLLO ISRA75: posts small blind $0.01
XTLMZUWR: posts big blind $0.02
*** HOLE CARDS ***
Dealt to Dorex2007 [2h Kc]
ChiguireJr: folds 
ser447787: folds 
wlyanna: folds 
WaterKirk: folds 
lhtrizl: folds 
Micheel_an: folds 
Micheel_an leaves the table
Dorex2007: folds 
POLLO ISRA75: folds 
Uncalled bet ($0.01) returned to XTLMZUWR
XTLMZUWR collected $0.02 from pot
XTLMZUWR: doesn't show hand 
*** SUMMARY ***
Total pot $0.02 | Rake $0 
Seat 1: WaterKirk folded before Flop (didn't bet)
Seat 2: lhtrizl folded before Flop (didn't bet)
Seat 3: Micheel_an folded before Flop (didn't bet)
Seat 4: Dorex2007 (button) folded before Flop (didn't bet)
Seat 5: POLLO ISRA75 (small blind) folded before Flop
Seat 6: XTLMZUWR (big blind) collected ($0.02)
Seat 7: ChiguireJr folded before Flop (didn't bet)
Seat 8: ser447787 folded before Flop (didn't bet)
Seat 9: wlyanna folded before Flop (didn't bet)



PokerStars Hand #225787744624:  Hold'em No Limit ($0.01/$0.02 USD) - 2021/04/12 19:29:13 PT [2021/04/12 22:29:13 ET]
Table 'Sadeya' 9-max Seat #5 is the button
Seat 1: WaterKirk ($0.35 in chips) 
Seat 2: lhtrizl ($2.47 in chips) 
Seat 4: Dorex2007 ($1.67 in chips) 
Seat 5: POLLO ISRA75 ($1.95 in chips) 
Seat 6: XTLMZUWR ($5.08 in chips) 
Seat 7: ChiguireJr ($1.96 in chips) 
Seat 8: ser447787 ($4.19 in chips) 
Seat 9: wlyanna ($2 in chips) 
XTLMZUWR: posts small blind $0.01
ChiguireJr: posts big blind $0.02
*** HOLE CARDS ***
Dealt to Dorex2007 [4d 6s]
ser447787: raises $0.04 to $0.06
erjoronu joins the table at seat #3 
wlyanna: folds 
WaterKirk: folds 
lhtrizl: folds 
Dorex2007: folds 
POLLO ISRA75: calls $0.06
XTLMZUWR: folds 
ChiguireJr: folds 
*** FLOP *** [3s 2c As]
ser447787: checks 
POLLO ISRA75: bets $0.07
ser447787: folds 
Uncalled bet ($0.07) returned to POLLO ISRA75
POLLO ISRA75 collected $0.14 from pot
*** SUMMARY ***
Total pot $0.15 | Rake $0.01 
Board [3s 2c As]
Seat 1: WaterKirk folded before Flop (didn't bet)
Seat 2: lhtrizl folded before Flop (didn't bet)
Seat 4: Dorex2007 folded before Flop (didn't bet)
Seat 5: POLLO ISRA75 (button) collected ($0.14)
Seat 6: XTLMZUWR (small blind) folded before Flop
Seat 7: ChiguireJr (big blind) folded before Flop
Seat 8: ser447787 folded on the Flop
Seat 9: wlyanna folded before Flop (didn't bet)



PokerStars Hand #225787752623:  Hold'em No Limit ($0.01/$0.02 USD) - 2021/04/12 19:29:44 PT [2021/04/12 22:29:44 ET]
Table 'Sadeya' 9-max Seat #6 is the button
Seat 1: WaterKirk ($0.35 in chips) 
Seat 2: lhtrizl ($2.47 in chips) 
Seat 4: Dorex2007 ($1.67 in chips) 
Seat 5: POLLO ISRA75 ($2.03 in chips) 
Seat 6: XTLMZUWR ($5.07 in chips) 
Seat 7: ChiguireJr ($1.94 in chips) 
Seat 8: ser447787 ($4.13 in chips) 
Seat 9: wlyanna ($2 in chips) 
ChiguireJr: posts small blind $0.01
ser447787: posts big blind $0.02
erjoronu: sits out 
*** HOLE CARDS ***
Dealt to Dorex2007 [9s 5d]
wlyanna: folds 
WaterKirk: folds 
lhtrizl: folds 
Dorex2007: folds 
POLLO ISRA75: folds 
XTLMZUWR: folds 
ChiguireJr: folds 
Uncalled bet ($0.01) returned to ser447787
ser447787 collected $0.02 from pot
*** SUMMARY ***
Total pot $0.02 | Rake $0 
Seat 1: WaterKirk folded before Flop (didn't bet)
Seat 2: lhtrizl folded before Flop (didn't bet)
Seat 4: Dorex2007 folded before Flop (didn't bet)
Seat 5: POLLO ISRA75 folded before Flop (didn't bet)
Seat 6: XTLMZUWR (button) folded before Flop (didn't bet)
Seat 7: ChiguireJr (small blind) folded before Flop
Seat 8: ser447787 (big blind) collected ($0.02)
Seat 9: wlyanna folded before Flop (didn't bet)



PokerStars Hand #225787755586:  Hold'em No Limit ($0.01/$0.02 USD) - 2021/04/12 19:29:56 PT [2021/04/12 22:29:56 ET]
Table 'Sadeya' 9-max Seat #7 is the button
Seat 1: WaterKirk ($0.35 in chips) 
Seat 2: lhtrizl ($2.47 in chips) 
Seat 4: Dorex2007 ($1.67 in chips) 
Seat 5: POLLO ISRA75 ($2.03 in chips) 
Seat 6: XTLMZUWR ($5.07 in chips) 
Seat 7: ChiguireJr ($1.93 in chips) 
Seat 8: ser447787 ($4.14 in chips) 
Seat 9: wlyanna ($2 in chips) 
ser447787: posts small blind $0.01
wlyanna: posts big blind $0.02
erjoronu: sits out 
*** HOLE CARDS ***
Dealt to Dorex2007 [6c Jh]
WaterKirk: folds 
lhtrizl: folds 
Dorex2007: folds 
POLLO ISRA75: folds 
XTLMZUWR: folds 
ChiguireJr: folds 
ser447787: folds 
Uncalled bet ($0.01) returned to wlyanna
wlyanna collected $0.02 from pot
wlyanna: doesn't show hand 
*** SUMMARY ***
Total pot $0.02 | Rake $0 
Seat 1: WaterKirk folded before Flop (didn't bet)
Seat 2: lhtrizl folded before Flop (didn't bet)
Seat 4: Dorex2007 folded before Flop (didn't bet)
Seat 5: POLLO ISRA75 folded before Flop (didn't bet)
Seat 6: XTLMZUWR folded before Flop (didn't bet)
Seat 7: ChiguireJr (button) folded before Flop (didn't bet)
Seat 8: ser447787 (small blind) folded before Flop
Seat 9: wlyanna (big blind) collected ($0.02)



PokerStars Hand #225787758851:  Hold'em No Limit ($0.01/$0.02 USD) - 2021/04/12 19:30:08 PT [2021/04/12 22:30:08 ET]
Table 'Sadeya' 9-max Seat #8 is the button
Seat 1: WaterKirk ($0.35 in chips) 
Seat 2: lhtrizl ($2.47 in chips) 
Seat 4: Dorex2007 ($1.67 in chips) 
Seat 5: POLLO ISRA75 ($2.03 in chips) 
Seat 6: XTLMZUWR ($5.07 in chips) 
Seat 7: ChiguireJr ($1.93 in chips) 
Seat 8: ser447787 ($4.13 in chips) 
Seat 9: wlyanna ($2.01 in chips) 
wlyanna: posts small blind $0.01
WaterKirk: posts big blind $0.02
erjoronu: sits out 
*** HOLE CARDS ***
Dealt to Dorex2007 [2h As]
lhtrizl: folds 
Dorex2007: folds 
POLLO ISRA75: calls $0.02
XTLMZUWR: raises $0.05 to $0.07
ChiguireJr: folds 
ser447787: folds 
wlyanna: folds 
WaterKirk: folds 
POLLO ISRA75: calls $0.05
*** FLOP *** [5c 6h 6d]
POLLO ISRA75: checks 
XTLMZUWR: bets $0.08
POLLO ISRA75: calls $0.08
*** TURN *** [5c 6h 6d] [5s]
POLLO ISRA75: checks 
XTLMZUWR: bets $0.21
POLLO ISRA75: folds 
Uncalled bet ($0.21) returned to XTLMZUWR
XTLMZUWR collected $0.32 from pot
XTLMZUWR: doesn't show hand 
*** SUMMARY ***
Total pot $0.33 | Rake $0.01 
Board [5c 6h 6d 5s]
Seat 1: WaterKirk (big blind) folded before Flop
Seat 2: lhtrizl folded before Flop (didn't bet)
Seat 4: Dorex2007 folded before Flop (didn't bet)
Seat 5: POLLO ISRA75 folded on the Turn
Seat 6: XTLMZUWR collected ($0.32)
Seat 7: ChiguireJr folded before Flop (didn't bet)
Seat 8: ser447787 (button) folded before Flop (didn't bet)
Seat 9: wlyanna (small blind) folded before Flop



PokerStars Hand #225787772630:  Hold'em No Limit ($0.01/$0.02 USD) - 2021/04/12 19:31:03 PT [2021/04/12 22:31:03 ET]
Table 'Sadeya' 9-max Seat #9 is the button
Seat 1: WaterKirk ($0.33 in chips) 
Seat 2: lhtrizl ($2.47 in chips) 
Seat 4: Dorex2007 ($1.67 in chips) 
Seat 5: POLLO ISRA75 ($1.88 in chips) 
Seat 6: XTLMZUWR ($5.24 in chips) 
Seat 7: ChiguireJr ($1.93 in chips) 
Seat 8: ser447787 ($4.13 in chips) 
Seat 9: wlyanna ($2 in chips) 
WaterKirk: posts small blind $0.01
lhtrizl: posts big blind $0.02
erjoronu: sits out 
*** HOLE CARDS ***
Dealt to Dorex2007 [Td 7h]
Dorex2007: folds 
POLLO ISRA75: folds 
XTLMZUWR: folds 
ChiguireJr: raises $0.04 to $0.06
ser447787: folds 
wlyanna: folds 
WaterKirk: folds 
lhtrizl: folds 
Uncalled bet ($0.04) returned to ChiguireJr
ChiguireJr collected $0.05 from pot
*** SUMMARY ***
Total pot $0.05 | Rake $0 
Seat 1: WaterKirk (small blind) folded before Flop
Seat 2: lhtrizl (big blind) folded before Flop
Seat 4: Dorex2007 folded before Flop (didn't bet)
Seat 5: POLLO ISRA75 folded before Flop (didn't bet)
Seat 6: XTLMZUWR folded before Flop (didn't bet)
Seat 7: ChiguireJr collected ($0.05)
Seat 8: ser447787 folded before Flop (didn't bet)
Seat 9: wlyanna (button) folded before Flop (didn't bet)



PokerStars Hand #225787781411:  Hold'em No Limit ($0.01/$0.02 USD) - 2021/04/12 19:31:38 PT [2021/04/12 22:31:38 ET]
Table 'Sadeya' 9-max Seat #1 is the button
Seat 1: WaterKirk ($0.32 in chips) 
Seat 2: lhtrizl ($2.45 in chips) 
Seat 3: erjoronu ($1.50 in chips) 
Seat 4: Dorex2007 ($1.67 in chips) 
Seat 5: POLLO ISRA75 ($1.88 in chips) 
Seat 6: XTLMZUWR ($5.24 in chips) 
Seat 7: ChiguireJr ($1.96 in chips) 
Seat 8: ser447787 ($4.13 in chips) 
Seat 9: wlyanna ($2 in chips) 
lhtrizl: posts small blind $0.01
erjoronu: posts big blind $0.02
*** HOLE CARDS ***
Dealt to Dorex2007 [Th 4d]
Dorex2007: folds 
POLLO ISRA75: calls $0.02
XTLMZUWR: folds 
ChiguireJr: folds 
ser447787: folds 
wlyanna: folds 
WaterKirk: calls $0.02
lhtrizl: calls $0.01
erjoronu: checks 
*** FLOP *** [8c Ac 2c]
lhtrizl: checks 
erjoronu: checks 
POLLO ISRA75: checks 
WaterKirk: checks 
*** TURN *** [8c Ac 2c] [Ah]
lhtrizl: checks 
erjoronu: checks 
POLLO ISRA75: checks 
WaterKirk: checks 
*** RIVER *** [8c Ac 2c Ah] [7s]
lhtrizl: bets $0.04
erjoronu: raises $0.04 to $0.08
POLLO ISRA75: folds 
WaterKirk: folds 
lhtrizl: calls $0.04
*** SHOW DOWN ***
erjoronu: shows [8s 8h] (a full house, Eights full of Aces)
lhtrizl: mucks hand 
erjoronu collected $0.23 from pot
*** SUMMARY ***
Total pot $0.24 | Rake $0.01 
Board [8c Ac 2c Ah 7s]
Seat 1: WaterKirk (button) folded on the River
Seat 2: lhtrizl (small blind) mucked [7d 9s]
Seat 3: erjoronu (big blind) showed [8s 8h] and won ($0.23) with a full house, Eights full of Aces
Seat 4: Dorex2007 folded before Flop (didn't bet)
Seat 5: POLLO ISRA75 folded on the River
Seat 6: XTLMZUWR folded before Flop (didn't bet)
Seat 7: ChiguireJr folded before Flop (didn't bet)
Seat 8: ser447787 folded before Flop (didn't bet)
Seat 9: wlyanna folded before Flop (didn't bet)



PokerStars Hand #225787803233:  Hold'em No Limit ($0.01/$0.02 USD) - 2021/04/12 19:33:04 PT [2021/04/12 22:33:04 ET]
Table 'Sadeya' 9-max Seat #2 is the button
Seat 1: WaterKirk ($0.30 in chips) 
Seat 2: lhtrizl ($2.35 in chips) 
Seat 3: erjoronu ($1.63 in chips) 
Seat 4: Dorex2007 ($1.67 in chips) 
Seat 5: POLLO ISRA75 ($1.86 in chips) 
Seat 6: XTLMZUWR ($5.24 in chips) 
Seat 7: ChiguireJr ($1.96 in chips) 
Seat 8: ser447787 ($4.13 in chips) 
Seat 9: wlyanna ($2 in chips) 
erjoronu: posts small blind $0.01
Dorex2007: posts big blind $0.02
*** HOLE CARDS ***
Dealt to Dorex2007 [4c Td]
ChiguireJr is disconnected 
POLLO ISRA75 has timed out
POLLO ISRA75: folds 
XTLMZUWR: folds 
ChiguireJr: raises $0.04 to $0.06
POLLO ISRA75 is disconnected 
ser447787: folds 
wlyanna: folds 
WaterKirk: calls $0.06
lhtrizl: folds 
erjoronu: calls $0.05
Dorex2007: folds 
*** FLOP *** [5h 2s 8c]
erjoronu: checks 
ChiguireJr: bets $0.10
WaterKirk: raises $0.14 to $0.24 and is all-in
erjoronu: folds 
ChiguireJr: calls $0.14
*** TURN *** [5h 2s 8c] [4d]
*** RIVER *** [5h 2s 8c 4d] [5c]
*** SHOW DOWN ***
ChiguireJr: shows [Ad Ah] (two pair, Aces and Fives)
WaterKirk: shows [6d 6s] (two pair, Sixes and Fives)
ChiguireJr collected $0.66 from pot
*** SUMMARY ***
Total pot $0.68 | Rake $0.02 
Board [5h 2s 8c 4d 5c]
Seat 1: WaterKirk showed [6d 6s] and lost with two pair, Sixes and Fives
Seat 2: lhtrizl (button) folded before Flop (didn't bet)
Seat 3: erjoronu (small blind) folded on the Flop
Seat 4: Dorex2007 (big blind) folded before Flop
Seat 5: POLLO ISRA75 folded before Flop (didn't bet)
Seat 6: XTLMZUWR folded before Flop (didn't bet)
Seat 7: ChiguireJr showed [Ad Ah] and won ($0.66) with two pair, Aces and Fives
Seat 8: ser447787 folded before Flop (didn't bet)
Seat 9: wlyanna folded before Flop (didn't bet)



PokerStars Hand #225787825058:  Hold'em No Limit ($0.01/$0.02 USD) - 2021/04/12 19:34:31 PT [2021/04/12 22:34:31 ET]
Table 'Sadeya' 9-max Seat #3 is the button
Seat 2: lhtrizl ($2.35 in chips) 
Seat 3: erjoronu ($1.57 in chips) 
Seat 4: Dorex2007 ($1.65 in chips) 
Seat 6: XTLMZUWR ($5.24 in chips) 
Seat 7: ChiguireJr ($2.32 in chips) 
Seat 8: ser447787 ($4.13 in chips) 
Seat 9: wlyanna ($2 in chips) 
Dorex2007: posts small blind $0.01
XTLMZUWR: posts big blind $0.02
*** HOLE CARDS ***
Dealt to Dorex2007 [As 9d]
ChiguireJr: folds 
ser447787: folds 
wlyanna: folds 
WaterKirk leaves the table
lhtrizl: folds 
erjoronu: raises $0.03 to $0.05
Dorex2007: folds 
XTLMZUWR: folds 
Uncalled bet ($0.03) returned to erjoronu
erjoronu collected $0.05 from pot
*** SUMMARY ***
Total pot $0.05 | Rake $0 
Seat 2: lhtrizl folded before Flop (didn't bet)
Seat 3: erjoronu (button) collected ($0.05)
Seat 4: Dorex2007 (small blind) folded before Flop
Seat 6: XTLMZUWR (big blind) folded before Flop
Seat 7: ChiguireJr folded before Flop (didn't bet)
Seat 8: ser447787 folded before Flop (didn't bet)
Seat 9: wlyanna folded before Flop (didn't bet)



PokerStars Hand #225787833188:  Hold'em No Limit ($0.01/$0.02 USD) - 2021/04/12 19:35:03 PT [2021/04/12 22:35:03 ET]
Table 'Sadeya' 9-max Seat #7 is the button
Seat 2: lhtrizl ($2.35 in chips) 
Seat 3: erjoronu ($1.60 in chips) 
Seat 4: Dorex2007 ($1.64 in chips) 
Seat 6: XTLMZUWR ($5.22 in chips) 
Seat 7: ChiguireJr ($2.31 in chips) 
Seat 8: ser447787 ($4.14 in chips) 
Seat 9: wlyanna ($2 in chips) 
ser447787: posts small blind $0.01
wlyanna: posts big blind $0.02
hermanf: sits out 
*** HOLE CARDS ***
Dealt to Dorex2007 [4d Jd]
lhtrizl: folds 
erjoronu: folds 
Dorex2007: folds 
XTLMZUWR: folds 
ChiguireJr: raises $0.04 to $0.06
ser447787: raises $0.16 to $0.22
wlyanna: folds 
ChiguireJr: folds 
Uncalled bet ($0.16) returned to ser447787
ser447787 collected $0.14 from pot
*** SUMMARY ***
Total pot $0.14 | Rake $0 
Seat 2: lhtrizl folded before Flop (didn't bet)
Seat 3: erjoronu folded before Flop (didn't bet)
Seat 4: Dorex2007 folded before Flop (didn't bet)
Seat 6: XTLMZUWR folded before Flop (didn't bet)
Seat 7: ChiguireJr (button) folded before Flop
Seat 8: ser447787 (small blind) collected ($0.14)
Seat 9: wlyanna (big blind) folded before Flop



PokerStars Hand #225787852717:  Hold'em No Limit ($0.01/$0.02 USD) - 2021/04/12 19:36:21 PT [2021/04/12 22:36:21 ET]
Table 'Sadeya' 9-max Seat #1 is the button
Seat 1: hermanf ($1.57 in chips) 
Seat 2: lhtrizl ($2.33 in chips) 
Seat 3: erjoronu ($1.63 in chips) 
Seat 4: Dorex2007 ($1.64 in chips) 
Seat 6: XTLMZUWR ($5.25 in chips) 
Seat 7: ChiguireJr ($2.25 in chips) 
Seat 8: ser447787 ($4.22 in chips) 
Seat 9: wlyanna ($1.97 in chips) 
lhtrizl: posts small blind $0.01
erjoronu: posts big blind $0.02
*** HOLE CARDS ***
Dealt to Dorex2007 [Qc 8d]
Dorex2007: folds 
XTLMZUWR: folds 
ChiguireJr: folds 
ser447787: folds 
wlyanna: folds 
hermanf: folds 
lhtrizl: calls $0.01
erjoronu: checks 
*** FLOP *** [6s Ac 4c]
lhtrizl: checks 
erjoronu: checks 
*** TURN *** [6s Ac 4c] [2c]
lhtrizl: checks 
erjoronu: checks 
*** RIVER *** [6s Ac 4c 2c] [7c]
lhtrizl: checks 
erjoronu: bets $0.02
lhtrizl: folds 
Uncalled bet ($0.02) returned to erjoronu
erjoronu collected $0.04 from pot
*** SUMMARY ***
Total pot $0.04 | Rake $0 
Board [6s Ac 4c 2c 7c]
Seat 1: hermanf (button) folded before Flop (didn't bet)
Seat 2: lhtrizl (small blind) folded on the River
Seat 3: erjoronu (big blind) collected ($0.04)
Seat 4: Dorex2007 folded before Flop (didn't bet)
Seat 6: XTLMZUWR folded before Flop (didn't bet)
Seat 7: ChiguireJr folded before Flop (didn't bet)
Seat 8: ser447787 folded before Flop (didn't bet)
Seat 9: wlyanna folded before Flop (didn't bet)



PokerStars Hand #225787865364:  Hold'em No Limit ($0.01/$0.02 USD) - 2021/04/12 19:37:12 PT [2021/04/12 22:37:12 ET]
Table 'Sadeya' 9-max Seat #2 is the button
Seat 1: hermanf ($1.57 in chips) 
Seat 2: lhtrizl ($2.31 in chips) 
Seat 3: erjoronu ($1.65 in chips) 
Seat 4: Dorex2007 ($1.64 in chips) 
Seat 6: XTLMZUWR ($5.25 in chips) 
Seat 7: ChiguireJr ($2.25 in chips) 
Seat 8: ser447787 ($4.22 in chips) 
Seat 9: wlyanna ($1.97 in chips) 
erjoronu: posts small blind $0.01
Dorex2007: posts big blind $0.02
*** HOLE CARDS ***
Dealt to Dorex2007 [Qd Ad]
XTLMZUWR: folds 
ChiguireJr: folds 
ser447787: folds 
wlyanna: folds 
hermanf: folds 
lhtrizl: folds 
erjoronu: raises $0.03 to $0.05
Dorex2007: raises $0.09 to $0.14
erjoronu: folds 
Uncalled bet ($0.09) returned to Dorex2007
Dorex2007 collected $0.10 from pot
Dorex2007: doesn't show hand 
*** SUMMARY ***
Total pot $0.10 | Rake $0 
Seat 1: hermanf folded before Flop (didn't bet)
Seat 2: lhtrizl (button) folded before Flop (didn't bet)
Seat 3: erjoronu (small blind) folded before Flop
Seat 4: Dorex2007 (big blind) collected ($0.10)
Seat 6: XTLMZUWR folded before Flop (didn't bet)
Seat 7: ChiguireJr folded before Flop (didn't bet)
Seat 8: ser447787 folded before Flop (didn't bet)
Seat 9: wlyanna folded before Flop (didn't bet)



PokerStars Hand #225787872578:  Hold'em No Limit ($0.01/$0.02 USD) - 2021/04/12 19:37:41 PT [2021/04/12 22:37:41 ET]
Table 'Sadeya' 9-max Seat #3 is the button
Seat 1: hermanf ($1.57 in chips) 
Seat 2: lhtrizl ($2.31 in chips) 
Seat 3: erjoronu ($1.60 in chips) 
Seat 4: Dorex2007 ($1.69 in chips) 
Seat 6: XTLMZUWR ($5.25 in chips) 
Seat 7: ChiguireJr ($2.25 in chips) 
Seat 8: ser447787 ($4.22 in chips) 
Seat 9: wlyanna ($1.97 in chips) 
Dorex2007: posts small blind $0.01
XTLMZUWR: posts big blind $0.02
*** HOLE CARDS ***
Dealt to Dorex2007 [Jh 5c]
ChiguireJr: folds 
ser447787: folds 
wlyanna: folds 
hermanf: raises $0.04 to $0.06
lhtrizl: folds 
erjoronu: calls $0.06
Dorex2007: folds 
XTLMZUWR: folds 
*** FLOP *** [Kd 3h 3c]
hermanf: checks 
erjoronu: bets $0.12
hermanf: calls $0.12
*** TURN *** [Kd 3h 3c] [Tc]
hermanf: checks 
erjoronu: checks 
*** RIVER *** [Kd 3h 3c Tc] [4d]
hermanf: bets $0.10
erjoronu: calls $0.10
*** SHOW DOWN ***
hermanf: shows [As Kh] (two pair, Kings and Threes)
erjoronu: mucks hand 
hermanf collected $0.57 from pot
*** SUMMARY ***
Total pot $0.59 | Rake $0.02 
Board [Kd 3h 3c Tc 4d]
Seat 1: hermanf showed [As Kh] and won ($0.57) with two pair, Kings and Threes
Seat 2: lhtrizl folded before Flop (didn't bet)
Seat 3: erjoronu (button) mucked [7c 7h]
Seat 4: Dorex2007 (small blind) folded before Flop
Seat 6: XTLMZUWR (big blind) folded before Flop
Seat 7: ChiguireJr folded before Flop (didn't bet)
Seat 8: ser447787 folded before Flop (didn't bet)
Seat 9: wlyanna folded before Flop (didn't bet)



PokerStars Hand #225787886296:  Hold'em No Limit ($0.01/$0.02 USD) - 2021/04/12 19:38:36 PT [2021/04/12 22:38:36 ET]
Table 'Sadeya' 9-max Seat #4 is the button
Seat 1: hermanf ($1.86 in chips) 
Seat 2: lhtrizl ($2.31 in chips) 
Seat 3: erjoronu ($1.32 in chips) 
Seat 4: Dorex2007 ($1.68 in chips) 
Seat 6: XTLMZUWR ($5.23 in chips) 
Seat 7: ChiguireJr ($2.25 in chips) 
Seat 8: ser447787 ($4.22 in chips) 
Seat 9: wlyanna ($1.97 in chips) 
XTLMZUWR: posts small blind $0.01
ChiguireJr: posts big blind $0.02
*** HOLE CARDS ***
Dealt to Dorex2007 [Tc 3s]
ser447787: folds 
wlyanna: folds 
hermanf: folds 
lhtrizl: raises $0.04 to $0.06
erjoronu: folds 
Dorex2007: folds 
XTLMZUWR: folds 
ChiguireJr: calls $0.04
*** FLOP *** [Ts 9c 8s]
ChiguireJr: checks 
lhtrizl: bets $0.10
ChiguireJr: folds 
Uncalled bet ($0.10) returned to lhtrizl
lhtrizl collected $0.13 from pot
lhtrizl: doesn't show hand 
*** SUMMARY ***
Total pot $0.13 | Rake $0 
Board [Ts 9c 8s]
Seat 1: hermanf folded before Flop (didn't bet)
Seat 2: lhtrizl collected ($0.13)
Seat 3: erjoronu folded before Flop (didn't bet)
Seat 4: Dorex2007 (button) folded before Flop (didn't bet)
Seat 6: XTLMZUWR (small blind) folded before Flop
Seat 7: ChiguireJr (big blind) folded on the Flop
Seat 8: ser447787 folded before Flop (didn't bet)
Seat 9: wlyanna folded before Flop (didn't bet)



PokerStars Hand #225787896758:  Hold'em No Limit ($0.01/$0.02 USD) - 2021/04/12 19:39:18 PT [2021/04/12 22:39:18 ET]
Table 'Sadeya' 9-max Seat #6 is the button
Seat 1: hermanf ($1.86 in chips) 
Seat 2: lhtrizl ($2.38 in chips) 
Seat 3: erjoronu ($1.32 in chips) 
Seat 4: Dorex2007 ($1.68 in chips) 
Seat 6: XTLMZUWR ($5.22 in chips) 
Seat 7: ChiguireJr ($2.19 in chips) 
Seat 8: ser447787 ($4.22 in chips) 
Seat 9: wlyanna ($1.97 in chips) 
ChiguireJr: posts small blind $0.01
ser447787: posts big blind $0.02
*** HOLE CARDS ***
Dealt to Dorex2007 [Qs 7s]
wlyanna: folds 
hermanf: folds 
lhtrizl: raises $0.02 to $0.04
erjoronu: folds 
Dorex2007: folds 
XTLMZUWR: folds 
ChiguireJr: folds 
ser447787: folds 
Uncalled bet ($0.02) returned to lhtrizl
lhtrizl collected $0.05 from pot
lhtrizl: doesn't show hand 
*** SUMMARY ***
Total pot $0.05 | Rake $0 
Seat 1: hermanf folded before Flop (didn't bet)
Seat 2: lhtrizl collected ($0.05)
Seat 3: erjoronu folded before Flop (didn't bet)
Seat 4: Dorex2007 folded before Flop (didn't bet)
Seat 6: XTLMZUWR (button) folded before Flop (didn't bet)
Seat 7: ChiguireJr (small blind) folded before Flop
Seat 8: ser447787 (big blind) folded before Flop
Seat 9: wlyanna folded before Flop (didn't bet)



PokerStars Hand #225787900663:  Hold'em No Limit ($0.01/$0.02 USD) - 2021/04/12 19:39:34 PT [2021/04/12 22:39:34 ET]
Table 'Sadeya' 9-max Seat #7 is the button
Seat 1: hermanf ($1.86 in chips) 
Seat 2: lhtrizl ($2.41 in chips) 
Seat 3: erjoronu ($1.32 in chips) 
Seat 4: Dorex2007 ($1.68 in chips) 
Seat 6: XTLMZUWR ($5.22 in chips) 
Seat 7: ChiguireJr ($2.18 in chips) 
Seat 8: ser447787 ($4.20 in chips) 
Seat 9: wlyanna ($1.97 in chips) 
ser447787: posts small blind $0.01
wlyanna: posts big blind $0.02
*** HOLE CARDS ***
Dealt to Dorex2007 [2s 5s]
hermanf: folds 
lhtrizl: folds 
erjoronu: folds 
Dorex2007: folds 
XTLMZUWR: folds 
ChiguireJr: folds 
ser447787: folds 
Uncalled bet ($0.01) returned to wlyanna
wlyanna collected $0.02 from pot
wlyanna: doesn't show hand 
*** SUMMARY ***
Total pot $0.02 | Rake $0 
Seat 1: hermanf folded before Flop (didn't bet)
Seat 2: lhtrizl folded before Flop (didn't bet)
Seat 3: erjoronu folded before Flop (didn't bet)
Seat 4: Dorex2007 folded before Flop (didn't bet)
Seat 6: XTLMZUWR folded before Flop (didn't bet)
Seat 7: ChiguireJr (button) folded before Flop (didn't bet)
Seat 8: ser447787 (small blind) folded before Flop
Seat 9: wlyanna (big blind) collected ($0.02)



PokerStars Hand #225787903276:  Hold'em No Limit ($0.01/$0.02 USD) - 2021/04/12 19:39:44 PT [2021/04/12 22:39:44 ET]
Table 'Sadeya' 9-max Seat #8 is the button
Seat 1: hermanf ($1.86 in chips) 
Seat 2: lhtrizl ($2.41 in chips) 
Seat 3: erjoronu ($1.32 in chips) 
Seat 4: Dorex2007 ($1.68 in chips) 
Seat 6: XTLMZUWR ($5.22 in chips) 
Seat 7: ChiguireJr ($2.18 in chips) 
Seat 8: ser447787 ($4.19 in chips) 
Seat 9: wlyanna ($1.98 in chips) 
wlyanna: posts small blind $0.01
hermanf: posts big blind $0.02
*** HOLE CARDS ***
Dealt to Dorex2007 [Ad 3s]
lhtrizl: folds 
erjoronu: raises $0.05 to $0.07
Dorex2007: folds 
XTLMZUWR: calls $0.07
ChiguireJr: folds 
ser447787: folds 
wlyanna: folds 
hermanf: folds 
*** FLOP *** [4c 4d 2h]
erjoronu: checks 
XTLMZUWR: checks 
*** TURN *** [4c 4d 2h] [Jd]
erjoronu: bets $0.14
XTLMZUWR: folds 
Uncalled bet ($0.14) returned to erjoronu
erjoronu collected $0.16 from pot
*** SUMMARY ***
Total pot $0.17 | Rake $0.01 
Board [4c 4d 2h Jd]
Seat 1: hermanf (big blind) folded before Flop
Seat 2: lhtrizl folded before Flop (didn't bet)
Seat 3: erjoronu collected ($0.16)
Seat 4: Dorex2007 folded before Flop (didn't bet)
Seat 6: XTLMZUWR folded on the Turn
Seat 7: ChiguireJr folded before Flop (didn't bet)
Seat 8: ser447787 (button) folded before Flop (didn't bet)
Seat 9: wlyanna (small blind) folded before Flop



PokerStars Hand #225787911453:  Hold'em No Limit ($0.01/$0.02 USD) - 2021/04/12 19:40:18 PT [2021/04/12 22:40:18 ET]
Table 'Sadeya' 9-max Seat #9 is the button
Seat 1: hermanf ($1.84 in chips) 
Seat 2: lhtrizl ($2.41 in chips) 
Seat 3: erjoronu ($1.41 in chips) 
Seat 4: Dorex2007 ($1.68 in chips) 
Seat 6: XTLMZUWR ($5.15 in chips) 
Seat 7: ChiguireJr ($2.18 in chips) 
Seat 8: ser447787 ($4.19 in chips) 
Seat 9: wlyanna ($1.97 in chips) 
hermanf: posts small blind $0.01
lhtrizl: posts big blind $0.02
*** HOLE CARDS ***
Dealt to Dorex2007 [As 8c]
erjoronu: folds 
Dorex2007: folds 
XTLMZUWR: folds 
ChiguireJr: folds 
ser447787: folds 
wlyanna: folds 
hermanf: calls $0.01
lhtrizl: checks 
*** FLOP *** [7c 2d Kd]
hermanf: checks 
lhtrizl: bets $0.04
hermanf: calls $0.04
*** TURN *** [7c 2d Kd] [5d]
hermanf: bets $0.12
lhtrizl: folds 
Uncalled bet ($0.12) returned to hermanf
hermanf collected $0.12 from pot
hermanf: doesn't show hand 
*** SUMMARY ***
Total pot $0.12 | Rake $0 
Board [7c 2d Kd 5d]
Seat 1: hermanf (small blind) collected ($0.12)
Seat 2: lhtrizl (big blind) folded on the Turn
Seat 3: erjoronu folded before Flop (didn't bet)
Seat 4: Dorex2007 folded before Flop (didn't bet)
Seat 6: XTLMZUWR folded before Flop (didn't bet)
Seat 7: ChiguireJr folded before Flop (didn't bet)
Seat 8: ser447787 folded before Flop (didn't bet)
Seat 9: wlyanna (button) folded before Flop (didn't bet)



PokerStars Hand #225787929579:  Hold'em No Limit ($0.01/$0.02 USD) - 2021/04/12 19:41:02 PT [2021/04/12 22:41:02 ET]
Table 'Sadeya' 9-max Seat #1 is the button
Seat 1: hermanf ($1.90 in chips) 
Seat 2: lhtrizl ($2.35 in chips) 
Seat 3: erjoronu ($1.41 in chips) 
Seat 4: Dorex2007 ($1.68 in chips) 
Seat 6: XTLMZUWR ($5.15 in chips) 
Seat 7: ChiguireJr ($2.18 in chips) 
Seat 8: ser447787 ($4.19 in chips) 
Seat 9: wlyanna ($1.97 in chips) 
lhtrizl: posts small blind $0.01
erjoronu: posts big blind $0.02
*** HOLE CARDS ***
Dealt to Dorex2007 [5d Jh]
Dorex2007: folds 
XTLMZUWR: folds 
ChiguireJr: raises $0.04 to $0.06
ser447787: folds 
wlyanna: folds 
hermanf: calls $0.06
lhtrizl: folds 
erjoronu: folds 
*** FLOP *** [4s 5c 6h]
ChiguireJr: bets $0.06
hermanf: folds 
Uncalled bet ($0.06) returned to ChiguireJr
ChiguireJr collected $0.14 from pot
*** SUMMARY ***
Total pot $0.15 | Rake $0.01 
Board [4s 5c 6h]
Seat 1: hermanf (button) folded on the Flop
Seat 2: lhtrizl (small blind) folded before Flop
Seat 3: erjoronu (big blind) folded before Flop
Seat 4: Dorex2007 folded before Flop (didn't bet)
Seat 6: XTLMZUWR folded before Flop (didn't bet)
Seat 7: ChiguireJr collected ($0.14)
Seat 8: ser447787 folded before Flop (didn't bet)
Seat 9: wlyanna folded before Flop (didn't bet)



PokerStars Hand #225787936599:  Hold'em No Limit ($0.01/$0.02 USD) - 2021/04/12 19:41:31 PT [2021/04/12 22:41:31 ET]
Table 'Sadeya' 9-max Seat #2 is the button
Seat 1: hermanf ($1.84 in chips) 
Seat 2: lhtrizl ($2.34 in chips) 
Seat 3: erjoronu ($1.39 in chips) 
Seat 4: Dorex2007 ($1.68 in chips) 
Seat 6: XTLMZUWR ($5.15 in chips) 
Seat 7: ChiguireJr ($2.26 in chips) 
Seat 8: ser447787 ($4.19 in chips) 
Seat 9: wlyanna ($1.97 in chips) 
erjoronu: posts small blind $0.01
POLLO ISRA75 is disconnected 
Dorex2007: posts big blind $0.02
*** HOLE CARDS ***
Dealt to Dorex2007 [8c As]
XTLMZUWR: folds 
ChiguireJr: folds 
ser447787: folds 
wlyanna: folds 
hermanf: folds 
lhtrizl: calls $0.02
erjoronu: calls $0.01
Dorex2007: checks 
*** FLOP *** [Js Jh Ts]
erjoronu: checks 
Dorex2007: checks 
lhtrizl: bets $0.06
erjoronu: folds 
Dorex2007: folds 
Uncalled bet ($0.06) returned to lhtrizl
lhtrizl collected $0.06 from pot
lhtrizl: doesn't show hand 
*** SUMMARY ***
Total pot $0.06 | Rake $0 
Board [Js Jh Ts]
Seat 1: hermanf folded before Flop (didn't bet)
Seat 2: lhtrizl (button) collected ($0.06)
Seat 3: erjoronu (small blind) folded on the Flop
Seat 4: Dorex2007 (big blind) folded on the Flop
Seat 6: XTLMZUWR folded before Flop (didn't bet)
Seat 7: ChiguireJr folded before Flop (didn't bet)
Seat 8: ser447787 folded before Flop (didn't bet)
Seat 9: wlyanna folded before Flop (didn't bet)



PokerStars Hand #225787948803:  Hold'em No Limit ($0.01/$0.02 USD) - 2021/04/12 19:42:22 PT [2021/04/12 22:42:22 ET]
Table 'Sadeya' 9-max Seat #3 is the button
Seat 1: hermanf ($1.84 in chips) 
Seat 2: lhtrizl ($2.38 in chips) 
Seat 3: erjoronu ($1.37 in chips) 
Seat 4: Dorex2007 ($1.66 in chips) 
Seat 6: XTLMZUWR ($5.15 in chips) 
Seat 7: ChiguireJr ($2.26 in chips) 
Seat 8: ser447787 ($4.19 in chips) 
Seat 9: wlyanna ($1.97 in chips) 
Dorex2007: posts small blind $0.01
XTLMZUWR: posts big blind $0.02
*** HOLE CARDS ***
Dealt to Dorex2007 [5c Ah]
ChiguireJr: folds 
ser447787: folds 
wlyanna: folds 
hermanf: calls $0.02
lhtrizl: raises $0.02 to $0.04
erjoronu: folds 
Dorex2007: folds 
XTLMZUWR: folds 
hermanf: calls $0.02
*** FLOP *** [7s Tc 6c]
hermanf: checks 
lhtrizl: checks 
*** TURN *** [7s Tc 6c] [3d]
hermanf: checks 
lhtrizl: checks 
*** RIVER *** [7s Tc 6c 3d] [2d]
hermanf: bets $0.11
lhtrizl: calls $0.11
*** SHOW DOWN ***
hermanf: shows [9d Jd] (high card Jack)
lhtrizl: shows [Th Ad] (a pair of Tens)
lhtrizl collected $0.32 from pot
*** SUMMARY ***
Total pot $0.33 | Rake $0.01 
Board [7s Tc 6c 3d 2d]
Seat 1: hermanf showed [9d Jd] and lost with high card Jack
Seat 2: lhtrizl showed [Th Ad] and won ($0.32) with a pair of Tens
Seat 3: erjoronu (button) folded before Flop (didn't bet)
Seat 4: Dorex2007 (small blind) folded before Flop
Seat 6: XTLMZUWR (big blind) folded before Flop
Seat 7: ChiguireJr folded before Flop (didn't bet)
Seat 8: ser447787 folded before Flop (didn't bet)
Seat 9: wlyanna folded before Flop (didn't bet)



PokerStars Hand #225787958043:  Hold'em No Limit ($0.01/$0.02 USD) - 2021/04/12 19:43:00 PT [2021/04/12 22:43:00 ET]
Table 'Sadeya' 9-max Seat #4 is the button
Seat 1: hermanf ($1.69 in chips) 
Seat 2: lhtrizl ($2.55 in chips) 
Seat 3: erjoronu ($1.37 in chips) 
Seat 4: Dorex2007 ($1.65 in chips) 
Seat 6: XTLMZUWR ($5.13 in chips) 
Seat 7: ChiguireJr ($2.26 in chips) 
Seat 8: ser447787 ($4.19 in chips) 
Seat 9: wlyanna ($1.97 in chips) 
XTLMZUWR: posts small blind $0.01
ChiguireJr: posts big blind $0.02
*** HOLE CARDS ***
Dealt to Dorex2007 [2d 4c]
ser447787: folds 
wlyanna: folds 
hermanf: folds 
lhtrizl: calls $0.02
erjoronu: folds 
Dorex2007: folds 
XTLMZUWR: folds 
ChiguireJr: raises $0.07 to $0.09
lhtrizl: folds 
Uncalled bet ($0.07) returned to ChiguireJr
ChiguireJr collected $0.05 from pot
*** SUMMARY ***
Total pot $0.05 | Rake $0 
Seat 1: hermanf folded before Flop (didn't bet)
Seat 2: lhtrizl folded before Flop
Seat 3: erjoronu folded before Flop (didn't bet)
Seat 4: Dorex2007 (button) folded before Flop (didn't bet)
Seat 6: XTLMZUWR (small blind) folded before Flop
Seat 7: ChiguireJr (big blind) collected ($0.05)
Seat 8: ser447787 folded before Flop (didn't bet)
Seat 9: wlyanna folded before Flop (didn't bet)



PokerStars Hand #225787964989:  Hold'em No Limit ($0.01/$0.02 USD) - 2021/04/12 19:43:29 PT [2021/04/12 22:43:29 ET]
Table 'Sadeya' 9-max Seat #6 is the button
Seat 1: hermanf ($1.69 in chips) 
Seat 2: lhtrizl ($2.53 in chips) 
Seat 3: erjoronu ($1.37 in chips) 
Seat 4: Dorex2007 ($1.65 in chips) 
Seat 6: XTLMZUWR ($5.12 in chips) 
Seat 7: ChiguireJr ($2.29 in chips) 
Seat 8: ser447787 ($4.19 in chips) 
Seat 9: wlyanna ($1.97 in chips) 
ChiguireJr: posts small blind $0.01
ser447787: posts big blind $0.02
*** HOLE CARDS ***
Dealt to Dorex2007 [6c Qh]
wlyanna: folds 
hermanf: folds 
lhtrizl: folds 
POLLO ISRA75 leaves the table
erjoronu: folds 
Dorex2007: folds 
XTLMZUWR: folds 
ChiguireJr: folds 
Uncalled bet ($0.01) returned to ser447787
ser447787 collected $0.02 from pot
*** SUMMARY ***
Total pot $0.02 | Rake $0 
Seat 1: hermanf folded before Flop (didn't bet)
Seat 2: lhtrizl folded before Flop (didn't bet)
Seat 3: erjoronu folded before Flop (didn't bet)
Seat 4: Dorex2007 folded before Flop (didn't bet)
Seat 6: XTLMZUWR (button) folded before Flop (didn't bet)
Seat 7: ChiguireJr (small blind) folded before Flop
Seat 8: ser447787 (big blind) collected ($0.02)
Seat 9: wlyanna folded before Flop (didn't bet)



PokerStars Hand #225787967450:  Hold'em No Limit ($0.01/$0.02 USD) - 2021/04/12 19:43:40 PT [2021/04/12 22:43:40 ET]
Table 'Sadeya' 9-max Seat #7 is the button
Seat 1: hermanf ($1.69 in chips) 
Seat 2: lhtrizl ($2.53 in chips) 
Seat 3: erjoronu ($1.37 in chips) 
Seat 4: Dorex2007 ($1.65 in chips) 
Seat 6: XTLMZUWR ($5.12 in chips) 
Seat 7: ChiguireJr ($2.28 in chips) 
Seat 8: ser447787 ($4.20 in chips) 
Seat 9: wlyanna ($1.97 in chips) 
ser447787: posts small blind $0.01
wlyanna: posts big blind $0.02
*** HOLE CARDS ***
Dealt to Dorex2007 [Jd Ad]
hermanf: calls $0.02
lhtrizl: folds 
erjoronu: folds 
Dorex2007: raises $0.04 to $0.06
XTLMZUWR: folds 
ChiguireJr: folds 
ser447787: folds 
wlyanna: folds 
lhtrizl leaves the table
hermanf: calls $0.04
*** FLOP *** [3h 2d 4s]
hermanf: checks 
Dorex2007: checks 
*** TURN *** [3h 2d 4s] [Kd]
hermanf: bets $0.14
Dorex2007: calls $0.14
*** RIVER *** [3h 2d 4s Kd] [Kh]
hermanf: bets $0.41
Dorex2007: folds 
Uncalled bet ($0.41) returned to hermanf
hermanf collected $0.41 from pot
hermanf: doesn't show hand 
*** SUMMARY ***
Total pot $0.43 | Rake $0.02 
Board [3h 2d 4s Kd Kh]
Seat 1: hermanf collected ($0.41)
Seat 2: lhtrizl folded before Flop (didn't bet)
Seat 3: erjoronu folded before Flop (didn't bet)
Seat 4: Dorex2007 folded on the River
Seat 6: XTLMZUWR folded before Flop (didn't bet)
Seat 7: ChiguireJr (button) folded before Flop (didn't bet)
Seat 8: ser447787 (small blind) folded before Flop
Seat 9: wlyanna (big blind) folded before Flop



PokerStars Hand #225787978148:  Hold'em No Limit ($0.01/$0.02 USD) - 2021/04/12 19:44:25 PT [2021/04/12 22:44:25 ET]
Table 'Sadeya' 9-max Seat #8 is the button
Seat 1: hermanf ($1.90 in chips) 
Seat 3: erjoronu ($1.37 in chips) 
Seat 4: Dorex2007 ($1.45 in chips) 
Seat 6: XTLMZUWR ($5.12 in chips) 
Seat 7: ChiguireJr ($2.28 in chips) 
Seat 8: ser447787 ($4.19 in chips) 
Seat 9: wlyanna ($1.95 in chips) 
wlyanna: posts small blind $0.01
hermanf: posts big blind $0.02
*** HOLE CARDS ***
Dealt to Dorex2007 [5h 7c]
erjoronu: folds 
Dorex2007: folds 
XTLMZUWR: folds 
ChiguireJr: folds 
ser447787: folds 
wlyanna: folds 
Uncalled bet ($0.01) returned to hermanf
hermanf collected $0.02 from pot
hermanf: doesn't show hand 
*** SUMMARY ***
Total pot $0.02 | Rake $0 
Seat 1: hermanf (big blind) collected ($0.02)
Seat 3: erjoronu folded before Flop (didn't bet)
Seat 4: Dorex2007 folded before Flop (didn't bet)
Seat 6: XTLMZUWR folded before Flop (didn't bet)
Seat 7: ChiguireJr folded before Flop (didn't bet)
Seat 8: ser447787 (button) folded before Flop (didn't bet)
Seat 9: wlyanna (small blind) folded before Flop



PokerStars Hand #225787981288:  Hold'em No Limit ($0.01/$0.02 USD) - 2021/04/12 19:44:38 PT [2021/04/12 22:44:38 ET]
Table 'Sadeya' 9-max Seat #9 is the button
Seat 1: hermanf ($1.91 in chips) 
Seat 3: erjoronu ($1.37 in chips) 
Seat 4: Dorex2007 ($1.45 in chips) 
Seat 6: XTLMZUWR ($5.12 in chips) 
Seat 7: ChiguireJr ($2.28 in chips) 
Seat 8: ser447787 ($4.19 in chips) 
Seat 9: wlyanna ($1.94 in chips) 
hermanf: posts small blind $0.01
erjoronu: posts big blind $0.02
*** HOLE CARDS ***
Dealt to Dorex2007 [9s 3s]
Dorex2007: folds 
XTLMZUWR: folds 
ChiguireJr: folds 
igormelchior joins the table at seat #5 
ser447787: raises $0.04 to $0.06
wlyanna: folds 
hermanf: calls $0.05
erjoronu: folds 
*** FLOP *** [Js 6c 5h]
hermanf: checks 
ser447787: bets $0.08
hermanf: calls $0.08
*** TURN *** [Js 6c 5h] [4d]
wlsrbf joins the table at seat #2 
hermanf: bets $0.29
ser447787: calls $0.29
*** RIVER *** [Js 6c 5h 4d] [8c]
hermanf: bets $0.42
ser447787: calls $0.42
*** SHOW DOWN ***
hermanf: shows [Tc Jc] (a pair of Jacks)
ser447787: shows [6h 6d] (three of a kind, Sixes)
ser447787 collected $1.66 from pot
*** SUMMARY ***
Total pot $1.72 | Rake $0.06 
Board [Js 6c 5h 4d 8c]
Seat 1: hermanf (small blind) showed [Tc Jc] and lost with a pair of Jacks
Seat 3: erjoronu (big blind) folded before Flop
Seat 4: Dorex2007 folded before Flop (didn't bet)
Seat 6: XTLMZUWR folded before Flop (didn't bet)
Seat 7: ChiguireJr folded before Flop (didn't bet)
Seat 8: ser447787 showed [6h 6d] and won ($1.66) with three of a kind, Sixes
Seat 9: wlyanna (button) folded before Flop (didn't bet)



PokerStars Hand #225787991347:  Hold'em No Limit ($0.01/$0.02 USD) - 2021/04/12 19:45:21 PT [2021/04/12 22:45:21 ET]
Table 'Sadeya' 9-max Seat #1 is the button
Seat 1: hermanf ($1.06 in chips) 
Seat 3: erjoronu ($1.35 in chips) 
Seat 4: Dorex2007 ($1.45 in chips) 
Seat 5: igormelchior ($2 in chips) 
Seat 6: XTLMZUWR ($5.12 in chips) 
Seat 7: ChiguireJr ($2.28 in chips) 
Seat 8: ser447787 ($5 in chips) 
Seat 9: wlyanna ($1.94 in chips) 
erjoronu: posts small blind $0.01
Dorex2007: posts big blind $0.02
igormelchior: posts big blind $0.02
*** HOLE CARDS ***
Dealt to Dorex2007 [Kd 5d]
igormelchior: checks 
XTLMZUWR: folds 
ChiguireJr: folds 
ser447787: folds 
wlyanna: folds 
hermanf: raises $0.02 to $0.04
erjoronu: folds 
Dorex2007: calls $0.02
igormelchior: calls $0.02
*** FLOP *** [Js 6s Ks]
Dorex2007: checks 
igormelchior: checks 
hermanf: bets $0.13
Dorex2007: calls $0.13
igormelchior: calls $0.13
*** TURN *** [Js 6s Ks] [Tc]
Dorex2007: checks 
ChiguireJr is disconnected 
igormelchior: checks 
hermanf: bets $0.25
Dorex2007: folds 
igormelchior: calls $0.25
*** RIVER *** [Js 6s Ks Tc] [8c]
igormelchior: checks 
hermanf: checks 
*** SHOW DOWN ***
igormelchior: shows [As 6c] (a pair of Sixes)
hermanf: shows [Kh Ah] (a pair of Kings)
hermanf collected $0.98 from pot
*** SUMMARY ***
Total pot $1.02 | Rake $0.04 
Board [Js 6s Ks Tc 8c]
Seat 1: hermanf (button) showed [Kh Ah] and won ($0.98) with a pair of Kings
Seat 3: erjoronu (small blind) folded before Flop
Seat 4: Dorex2007 (big blind) folded on the Turn
Seat 5: igormelchior showed [As 6c] and lost with a pair of Sixes
Seat 6: XTLMZUWR folded before Flop (didn't bet)
Seat 7: ChiguireJr folded before Flop (didn't bet)
Seat 8: ser447787 folded before Flop (didn't bet)
Seat 9: wlyanna folded before Flop (didn't bet)



PokerStars Hand #225788014405:  Hold'em No Limit ($0.01/$0.02 USD) - 2021/04/12 19:46:52 PT [2021/04/12 22:46:52 ET]
Table 'Sadeya' 9-max Seat #3 is the button
Seat 1: hermanf ($1.62 in chips) 
Seat 2: wlsrbf ($2 in chips) 
Seat 3: erjoronu ($1.34 in chips) 
Seat 4: Dorex2007 ($1.28 in chips) 
Seat 5: igormelchior ($1.58 in chips) 
Seat 6: XTLMZUWR ($5.12 in chips) 
Seat 7: ChiguireJr ($2.28 in chips) 
Seat 8: ser447787 ($5 in chips) 
Seat 9: wlyanna ($1.94 in chips) 
Dorex2007: posts small blind $0.01
igormelchior: posts big blind $0.02
wlsrbf: posts big blind $0.02
*** HOLE CARDS ***
Dealt to Dorex2007 [Qh Ad]
XTLMZUWR: folds 
ChiguireJr: folds 
ser447787: folds 
wlyanna: folds 
hermanf: folds 
wlsrbf: checks 
erjoronu: folds 
Dorex2007: raises $0.04 to $0.06
igormelchior: calls $0.04
wlsrbf: folds 
*** FLOP *** [7d 4d Jc]
Dorex2007: checks 
ser447787 leaves the table
igormelchior: checks 
*** TURN *** [7d 4d Jc] [6h]
Dorex2007: checks 
igormelchior: checks 
*** RIVER *** [7d 4d Jc 6h] [9s]
Dorex2007: bets $0.14
igormelchior: folds 
Uncalled bet ($0.14) returned to Dorex2007
Dorex2007 collected $0.14 from pot
Dorex2007: doesn't show hand 
*** SUMMARY ***
Total pot $0.14 | Rake $0 
Board [7d 4d Jc 6h 9s]
Seat 1: hermanf folded before Flop (didn't bet)
Seat 2: wlsrbf folded before Flop (didn't bet)
Seat 3: erjoronu (button) folded before Flop (didn't bet)
Seat 4: Dorex2007 (small blind) collected ($0.14)
Seat 5: igormelchior (big blind) folded on the River
Seat 6: XTLMZUWR folded before Flop (didn't bet)
Seat 7: ChiguireJr folded before Flop (didn't bet)
Seat 8: ser447787 folded before Flop (didn't bet)
Seat 9: wlyanna folded before Flop (didn't bet)



PokerStars Hand #225788025350:  Hold'em No Limit ($0.01/$0.02 USD) - 2021/04/12 19:47:38 PT [2021/04/12 22:47:38 ET]
Table 'Sadeya' 9-max Seat #4 is the button
Seat 1: hermanf ($1.62 in chips) 
Seat 2: wlsrbf ($1.98 in chips) 
Seat 3: erjoronu ($1.34 in chips) 
Seat 4: Dorex2007 ($1.36 in chips) 
Seat 5: igormelchior ($1.52 in chips) 
Seat 6: XTLMZUWR ($5.12 in chips) 
Seat 7: ChiguireJr ($2.28 in chips) 
Seat 9: wlyanna ($1.94 in chips) 
igormelchior: posts small blind $0.01
XTLMZUWR: posts big blind $0.02
*** HOLE CARDS ***
Dealt to Dorex2007 [9c 7d]
ChiguireJr: folds 
wlyanna: folds 
hermanf: folds 
wlsrbf: folds 
erjoronu: folds 
Dorex2007: folds 
igormelchior: folds 
Uncalled bet ($0.01) returned to XTLMZUWR
XTLMZUWR collected $0.02 from pot
XTLMZUWR: doesn't show hand 
*** SUMMARY ***
Total pot $0.02 | Rake $0 
Seat 1: hermanf folded before Flop (didn't bet)
Seat 2: wlsrbf folded before Flop (didn't bet)
Seat 3: erjoronu folded before Flop (didn't bet)
Seat 4: Dorex2007 (button) folded before Flop (didn't bet)
Seat 5: igormelchior (small blind) folded before Flop
Seat 6: XTLMZUWR (big blind) collected ($0.02)
Seat 7: ChiguireJr folded before Flop (didn't bet)
Seat 9: wlyanna folded before Flop (didn't bet)



PokerStars Hand #225788031162:  Hold'em No Limit ($0.01/$0.02 USD) - 2021/04/12 19:48:03 PT [2021/04/12 22:48:03 ET]
Table 'Sadeya' 9-max Seat #5 is the button
Seat 1: hermanf ($1.62 in chips) 
Seat 2: wlsrbf ($1.98 in chips) 
Seat 3: erjoronu ($1.34 in chips) 
Seat 4: Dorex2007 ($1.36 in chips) 
Seat 5: igormelchior ($1.51 in chips) 
Seat 6: XTLMZUWR ($5.13 in chips) 
Seat 9: wlyanna ($1.94 in chips) 
XTLMZUWR: posts small blind $0.01
ChiguireJr has timed out
ChiguireJr: is sitting out 
wlyanna: posts big blind $0.02
*** HOLE CARDS ***
Dealt to Dorex2007 [9s 4d]
hermanf: folds 
wlsrbf: folds 
erjoronu: folds 
Dorex2007: folds 
igormelchior: folds 
XTLMZUWR: folds 
Uncalled bet ($0.01) returned to wlyanna
wlyanna collected $0.02 from pot
wlyanna: doesn't show hand 
*** SUMMARY ***
Total pot $0.02 | Rake $0 
Seat 1: hermanf folded before Flop (didn't bet)
Seat 2: wlsrbf folded before Flop (didn't bet)
Seat 3: erjoronu folded before Flop (didn't bet)
Seat 4: Dorex2007 folded before Flop (didn't bet)
Seat 5: igormelchior (button) folded before Flop (didn't bet)
Seat 6: XTLMZUWR (small blind) folded before Flop
Seat 9: wlyanna (big blind) collected ($0.02)



PokerStars Hand #225788037263:  Hold'em No Limit ($0.01/$0.02 USD) - 2021/04/12 19:48:29 PT [2021/04/12 22:48:29 ET]
Table 'Sadeya' 9-max Seat #6 is the button
Seat 1: hermanf ($1.62 in chips) 
Seat 2: wlsrbf ($1.98 in chips) 
Seat 3: erjoronu ($1.34 in chips) 
Seat 4: Dorex2007 ($1.36 in chips) 
Seat 5: igormelchior ($1.51 in chips) 
Seat 6: XTLMZUWR ($5.12 in chips) 
Seat 9: wlyanna ($1.95 in chips) 
wlyanna: posts small blind $0.01
hermanf: posts big blind $0.02
*** HOLE CARDS ***
Dealt to Dorex2007 [Tc 6d]
wlsrbf: folds 
erjoronu: folds 
Dorex2007: folds 
ocxis joins the table at seat #8 
igormelchior: raises $0.03 to $0.05
XTLMZUWR: folds 
wlyanna: folds 
hermanf: folds 
Uncalled bet ($0.03) returned to igormelchior
igormelchior collected $0.05 from pot
igormelchior: doesn't show hand 
*** SUMMARY ***
Total pot $0.05 | Rake $0 
Seat 1: hermanf (big blind) folded before Flop
Seat 2: wlsrbf folded before Flop (didn't bet)
Seat 3: erjoronu folded before Flop (didn't bet)
Seat 4: Dorex2007 folded before Flop (didn't bet)
Seat 5: igormelchior collected ($0.05)
Seat 6: XTLMZUWR (button) folded before Flop (didn't bet)
Seat 9: wlyanna (small blind) folded before Flop



PokerStars Hand #225788051390:  Hold'em No Limit ($0.01/$0.02 USD) - 2021/04/12 19:48:50 PT [2021/04/12 22:48:50 ET]
Table 'Sadeya' 9-max Seat #9 is the button
Seat 1: hermanf ($1.60 in chips) 
Seat 2: wlsrbf ($1.98 in chips) 
Seat 3: erjoronu ($1.34 in chips) 
Seat 4: Dorex2007 ($1.36 in chips) 
Seat 5: igormelchior ($1.54 in chips) 
Seat 6: XTLMZUWR ($5.12 in chips) 
Seat 7: ChiguireJr ($2.28 in chips) 
Seat 9: wlyanna ($1.94 in chips) 
hermanf: posts small blind $0.01
wlsrbf: posts big blind $0.02
ChiguireJr: posts small & big blinds $0.03
ocxis: sits out 
*** HOLE CARDS ***
Dealt to Dorex2007 [Ks 8d]
erjoronu: folds 
Dorex2007: folds 
igormelchior: folds 
XTLMZUWR: folds 
ChiguireJr: checks 
wlyanna: folds 
hermanf: calls $0.01
wlsrbf: checks 
*** FLOP *** [Tc 5d 3c]
hermanf: checks 
wlsrbf: checks 
ChiguireJr: checks 
*** TURN *** [Tc 5d 3c] [7s]
hermanf: checks 
wlsrbf: bets $0.04
ChiguireJr: folds 
hermanf: folds 
Uncalled bet ($0.04) returned to wlsrbf
wlsrbf collected $0.07 from pot
wlsrbf: doesn't show hand 
*** SUMMARY ***
Total pot $0.07 | Rake $0 
Board [Tc 5d 3c 7s]
Seat 1: hermanf (small blind) folded on the Turn
Seat 2: wlsrbf (big blind) collected ($0.07)
Seat 3: erjoronu folded before Flop (didn't bet)
Seat 4: Dorex2007 folded before Flop (didn't bet)
Seat 5: igormelchior folded before Flop (didn't bet)
Seat 6: XTLMZUWR folded before Flop (didn't bet)
Seat 7: ChiguireJr folded on the Turn (didn't bet)
Seat 9: wlyanna (button) folded before Flop (didn't bet)



PokerStars Hand #225788063277:  Hold'em No Limit ($0.01/$0.02 USD) - 2021/04/12 19:49:41 PT [2021/04/12 22:49:41 ET]
Table 'Sadeya' 9-max Seat #1 is the button
Seat 1: hermanf ($1.58 in chips) 
Seat 2: wlsrbf ($2.03 in chips) 
Seat 3: erjoronu ($1.34 in chips) 
Seat 4: Dorex2007 ($1.36 in chips) 
Seat 5: igormelchior ($1.54 in chips) 
Seat 6: XTLMZUWR ($5.12 in chips) 
Seat 7: ChiguireJr ($2.25 in chips) 
Seat 8: ocxis ($1 in chips) 
Seat 9: wlyanna ($1.94 in chips) 
wlsrbf: posts small blind $0.01
erjoronu: posts big blind $0.02
ocxis: posts big blind $0.02
*** HOLE CARDS ***
Dealt to Dorex2007 [Td 8c]
Dorex2007: folds 
igormelchior: folds 
XTLMZUWR: folds 
ChiguireJr: folds 
ocxis: checks 
wlyanna: folds 
hermanf: folds 
wlsrbf: calls $0.01
erjoronu: checks 
*** FLOP *** [2d 3s 7h]
wlsrbf: checks 
erjoronu: checks 
ocxis: checks 
*** TURN *** [2d 3s 7h] [Th]
wlsrbf: checks 
erjoronu: checks 
ocxis: bets $0.02
wlsrbf: calls $0.02
erjoronu: folds 
*** RIVER *** [2d 3s 7h Th] [Kh]
wlsrbf: checks 
ocxis: bets $0.05
wlsrbf: folds 
Uncalled bet ($0.05) returned to ocxis
ocxis collected $0.10 from pot
ocxis: doesn't show hand 
*** SUMMARY ***
Total pot $0.10 | Rake $0 
Board [2d 3s 7h Th Kh]
Seat 1: hermanf (button) folded before Flop (didn't bet)
Seat 2: wlsrbf (small blind) folded on the River
Seat 3: erjoronu (big blind) folded on the Turn
Seat 4: Dorex2007 folded before Flop (didn't bet)
Seat 5: igormelchior folded before Flop (didn't bet)
Seat 6: XTLMZUWR folded before Flop (didn't bet)
Seat 7: ChiguireJr folded before Flop (didn't bet)
Seat 8: ocxis collected ($0.10)
Seat 9: wlyanna folded before Flop (didn't bet)



PokerStars Hand #225788079440:  Hold'em No Limit ($0.01/$0.02 USD) - 2021/04/12 19:50:51 PT [2021/04/12 22:50:51 ET]
Table 'Sadeya' 9-max Seat #2 is the button
Seat 1: hermanf ($1.58 in chips) 
Seat 2: wlsrbf ($1.99 in chips) 
Seat 3: erjoronu ($1.32 in chips) 
Seat 4: Dorex2007 ($1.36 in chips) 
Seat 5: igormelchior ($1.54 in chips) 
Seat 6: XTLMZUWR ($5.12 in chips) 
Seat 7: ChiguireJr ($2.25 in chips) 
Seat 8: ocxis ($1.06 in chips) 
Seat 9: wlyanna ($1.94 in chips) 
erjoronu: posts small blind $0.01
Dorex2007: posts big blind $0.02
*** HOLE CARDS ***
Dealt to Dorex2007 [8c 4c]
igormelchior: folds 
XTLMZUWR: folds 
ChiguireJr: raises $0.04 to $0.06
ocxis: calls $0.06
wlyanna: folds 
hermanf: folds 
wlsrbf: folds 
erjoronu: folds 
Dorex2007: folds 
*** FLOP *** [9s Qc Js]
ChiguireJr: bets $0.07
ocxis: calls $0.07
*** TURN *** [9s Qc Js] [8h]
ChiguireJr: checks 
ocxis: checks 
*** RIVER *** [9s Qc Js 8h] [Kd]
ChiguireJr: checks 
ocxis: bets $0.14
ChiguireJr: calls $0.14
*** SHOW DOWN ***
ocxis: shows [7c As] (high card Ace)
ChiguireJr: shows [Ks Qh] (two pair, Kings and Queens)
ChiguireJr collected $0.55 from pot
*** SUMMARY ***
Total pot $0.57 | Rake $0.02 
Board [9s Qc Js 8h Kd]
Seat 1: hermanf folded before Flop (didn't bet)
Seat 2: wlsrbf (button) folded before Flop (didn't bet)
Seat 3: erjoronu (small blind) folded before Flop
Seat 4: Dorex2007 (big blind) folded before Flop
Seat 5: igormelchior folded before Flop (didn't bet)
Seat 6: XTLMZUWR folded before Flop (didn't bet)
Seat 7: ChiguireJr showed [Ks Qh] and won ($0.55) with two pair, Kings and Queens
Seat 8: ocxis showed [7c As] and lost with high card Ace
Seat 9: wlyanna folded before Flop (didn't bet)



PokerStars Hand #225788107406:  Hold'em No Limit ($0.01/$0.02 USD) - 2021/04/12 19:52:13 PT [2021/04/12 22:52:13 ET]
Table 'Sadeya' 9-max Seat #3 is the button
Seat 1: hermanf ($1.58 in chips) 
Seat 2: wlsrbf ($1.99 in chips) 
Seat 3: erjoronu ($1.31 in chips) 
Seat 4: Dorex2007 ($1.34 in chips) 
Seat 5: igormelchior ($1.54 in chips) 
Seat 6: XTLMZUWR ($5.12 in chips) 
Seat 7: ChiguireJr ($2.53 in chips) 
Seat 8: ocxis ($0.79 in chips) 
Seat 9: wlyanna ($1.94 in chips) 
Dorex2007: posts small blind $0.01
igormelchior: posts big blind $0.02
*** HOLE CARDS ***
Dealt to Dorex2007 [Kd 6c]
XTLMZUWR: folds 
ChiguireJr: raises $0.04 to $0.06
ocxis: calls $0.06
wlyanna: folds 
hermanf: folds 
wlsrbf: folds 
erjoronu: folds 
Dorex2007: folds 
igormelchior: folds 
*** FLOP *** [6s 2c 2s]
ChiguireJr: bets $0.06
ocxis: folds 
Uncalled bet ($0.06) returned to ChiguireJr
ChiguireJr collected $0.14 from pot
*** SUMMARY ***
Total pot $0.15 | Rake $0.01 
Board [6s 2c 2s]
Seat 1: hermanf folded before Flop (didn't bet)
Seat 2: wlsrbf folded before Flop (didn't bet)
Seat 3: erjoronu (button) folded before Flop (didn't bet)
Seat 4: Dorex2007 (small blind) folded before Flop
Seat 5: igormelchior (big blind) folded before Flop
Seat 6: XTLMZUWR folded before Flop (didn't bet)
Seat 7: ChiguireJr collected ($0.14)
Seat 8: ocxis folded on the Flop
Seat 9: wlyanna folded before Flop (didn't bet)



PokerStars Hand #225788120280:  Hold'em No Limit ($0.01/$0.02 USD) - 2021/04/12 19:53:09 PT [2021/04/12 22:53:09 ET]
Table 'Sadeya' 9-max Seat #4 is the button
Seat 1: hermanf ($1.58 in chips) 
Seat 2: wlsrbf ($1.99 in chips) 
Seat 3: erjoronu ($1.31 in chips) 
Seat 4: Dorex2007 ($1.33 in chips) 
Seat 5: igormelchior ($1.52 in chips) 
Seat 6: XTLMZUWR ($5.12 in chips) 
Seat 7: ChiguireJr ($2.61 in chips) 
Seat 8: ocxis ($0.73 in chips) 
Seat 9: wlyanna ($1.94 in chips) 
igormelchior: posts small blind $0.01
XTLMZUWR: posts big blind $0.02
*** HOLE CARDS ***
Dealt to Dorex2007 [6d 5h]
ChiguireJr: folds 
ocxis: calls $0.02
wlyanna: folds 
hermanf: folds 
wlsrbf: calls $0.02
erjoronu: calls $0.02
Dorex2007: folds 
igormelchior: folds 
XTLMZUWR: checks 
*** FLOP *** [4d Ks Ad]
XTLMZUWR: bets $0.05
ocxis: folds 
wlsrbf: folds 
erjoronu: folds 
Uncalled bet ($0.05) returned to XTLMZUWR
XTLMZUWR collected $0.09 from pot
XTLMZUWR: doesn't show hand 
*** SUMMARY ***
Total pot $0.09 | Rake $0 
Board [4d Ks Ad]
Seat 1: hermanf folded before Flop (didn't bet)
Seat 2: wlsrbf folded on the Flop
Seat 3: erjoronu folded on the Flop
Seat 4: Dorex2007 (button) folded before Flop (didn't bet)
Seat 5: igormelchior (small blind) folded before Flop
Seat 6: XTLMZUWR (big blind) collected ($0.09)
Seat 7: ChiguireJr folded before Flop (didn't bet)
Seat 8: ocxis folded on the Flop
Seat 9: wlyanna folded before Flop (didn't bet)



PokerStars Hand #225788127421:  Hold'em No Limit ($0.01/$0.02 USD) - 2021/04/12 19:53:40 PT [2021/04/12 22:53:40 ET]
Table 'Sadeya' 9-max Seat #5 is the button
Seat 1: hermanf ($1.58 in chips) 
Seat 2: wlsrbf ($1.97 in chips) 
Seat 3: erjoronu ($1.29 in chips) 
Seat 4: Dorex2007 ($1.33 in chips) 
Seat 5: igormelchior ($1.51 in chips) 
Seat 6: XTLMZUWR ($5.19 in chips) 
Seat 7: ChiguireJr ($2.61 in chips) 
Seat 8: ocxis ($0.71 in chips) 
Seat 9: wlyanna ($1.94 in chips) 
XTLMZUWR: posts small blind $0.01
ChiguireJr: posts big blind $0.02
*** HOLE CARDS ***
Dealt to Dorex2007 [4d Ts]
ocxis: calls $0.02
wlyanna: folds 
hermanf: folds 
wlsrbf: calls $0.02
erjoronu: folds 
Dorex2007: folds 
igormelchior: folds 
XTLMZUWR: folds 
ChiguireJr: checks 
*** FLOP *** [Qd 7s Jc]
ChiguireJr: checks 
ocxis: bets $0.02
wlsrbf: calls $0.02
ChiguireJr: folds 
*** TURN *** [Qd 7s Jc] [5c]
ocxis: bets $0.06
wlsrbf: calls $0.06
*** RIVER *** [Qd 7s Jc 5c] [7h]
ocxis: bets $0.11
wlsrbf: folds 
Uncalled bet ($0.11) returned to ocxis
ocxis collected $0.22 from pot
ocxis: doesn't show hand 
*** SUMMARY ***
Total pot $0.23 | Rake $0.01 
Board [Qd 7s Jc 5c 7h]
Seat 1: hermanf folded before Flop (didn't bet)
Seat 2: wlsrbf folded on the River
Seat 3: erjoronu folded before Flop (didn't bet)
Seat 4: Dorex2007 folded before Flop (didn't bet)
Seat 5: igormelchior (button) folded before Flop (didn't bet)
Seat 6: XTLMZUWR (small blind) folded before Flop
Seat 7: ChiguireJr (big blind) folded on the Flop
Seat 8: ocxis collected ($0.22)
Seat 9: wlyanna folded before Flop (didn't bet)



PokerStars Hand #225788148213:  Hold'em No Limit ($0.01/$0.02 USD) - 2021/04/12 19:55:12 PT [2021/04/12 22:55:12 ET]
Table 'Sadeya' 9-max Seat #6 is the button
Seat 1: hermanf ($1.58 in chips) 
Seat 2: wlsrbf ($1.87 in chips) 
Seat 3: erjoronu ($1.29 in chips) 
Seat 4: Dorex2007 ($1.33 in chips) 
Seat 5: igormelchior ($1.51 in chips) 
Seat 6: XTLMZUWR ($5.18 in chips) 
Seat 7: ChiguireJr ($2.59 in chips) 
Seat 8: ocxis ($0.83 in chips) 
Seat 9: wlyanna ($1.94 in chips) 
ChiguireJr: posts small blind $0.01
ocxis: posts big blind $0.02
*** HOLE CARDS ***
Dealt to Dorex2007 [Qc Js]
wlyanna: folds 
hermanf: folds 
wlsrbf: folds 
erjoronu: folds 
Dorex2007: raises $0.04 to $0.06
igormelchior: raises $0.15 to $0.21
XTLMZUWR: folds 
ChiguireJr: folds 
ocxis: folds 
Dorex2007: folds 
Uncalled bet ($0.15) returned to igormelchior
igormelchior collected $0.15 from pot
igormelchior: doesn't show hand 
*** SUMMARY ***
Total pot $0.15 | Rake $0 
Seat 1: hermanf folded before Flop (didn't bet)
Seat 2: wlsrbf folded before Flop (didn't bet)
Seat 3: erjoronu folded before Flop (didn't bet)
Seat 4: Dorex2007 folded before Flop
Seat 5: igormelchior collected ($0.15)
Seat 6: XTLMZUWR (button) folded before Flop (didn't bet)
Seat 7: ChiguireJr (small blind) folded before Flop
Seat 8: ocxis (big blind) folded before Flop
Seat 9: wlyanna folded before Flop (didn't bet)



PokerStars Hand #225788152068:  Hold'em No Limit ($0.01/$0.02 USD) - 2021/04/12 19:55:32 PT [2021/04/12 22:55:32 ET]
Table 'Sadeya' 9-max Seat #7 is the button
Seat 1: hermanf ($1.58 in chips) 
Seat 2: wlsrbf ($1.87 in chips) 
Seat 3: erjoronu ($1.29 in chips) 
Seat 4: Dorex2007 ($1.27 in chips) 
Seat 5: igormelchior ($1.60 in chips) 
Seat 6: XTLMZUWR ($5.18 in chips) 
Seat 7: ChiguireJr ($2.58 in chips) 
Seat 8: ocxis ($0.81 in chips) 
Seat 9: wlyanna ($1.94 in chips) 
ocxis: posts small blind $0.01
wlyanna: posts big blind $0.02
*** HOLE CARDS ***
Dealt to Dorex2007 [Td Qd]
hermanf: folds 
wlsrbf: folds 
erjoronu: folds 
Dorex2007: raises $0.04 to $0.06
igormelchior: folds 
XTLMZUWR: folds 
ChiguireJr: folds 
ocxis: folds 
wlyanna: folds 
Uncalled bet ($0.04) returned to Dorex2007
Dorex2007 collected $0.05 from pot
Dorex2007: doesn't show hand 
*** SUMMARY ***
Total pot $0.05 | Rake $0 
Seat 1: hermanf folded before Flop (didn't bet)
Seat 2: wlsrbf folded before Flop (didn't bet)
Seat 3: erjoronu folded before Flop (didn't bet)
Seat 4: Dorex2007 collected ($0.05)
Seat 5: igormelchior folded before Flop (didn't bet)
Seat 6: XTLMZUWR folded before Flop (didn't bet)
Seat 7: ChiguireJr (button) folded before Flop (didn't bet)
Seat 8: ocxis (small blind) folded before Flop
Seat 9: wlyanna (big blind) folded before Flop



PokerStars Hand #225788157558:  Hold'em No Limit ($0.01/$0.02 USD) - 2021/04/12 19:56:01 PT [2021/04/12 22:56:01 ET]
Table 'Sadeya' 9-max Seat #8 is the button
Seat 1: hermanf ($1.58 in chips) 
Seat 2: wlsrbf ($1.87 in chips) 
Seat 3: erjoronu ($1.29 in chips) 
Seat 4: Dorex2007 ($2 in chips) 
Seat 5: igormelchior ($1.60 in chips) 
Seat 6: XTLMZUWR ($5.18 in chips) 
Seat 7: ChiguireJr ($2.58 in chips) 
Seat 8: ocxis ($0.80 in chips) 
Seat 9: wlyanna ($1.92 in chips) 
wlyanna: posts small blind $0.01
hermanf: posts big blind $0.02
*** HOLE CARDS ***
Dealt to Dorex2007 [As 6s]
wlsrbf: folds 
erjoronu: folds 
Dorex2007: raises $0.04 to $0.06
igormelchior: folds 
XTLMZUWR: folds 
ChiguireJr: folds 
ocxis: calls $0.06
wlyanna: folds 
hermanf: raises $0.06 to $0.12
Dorex2007: calls $0.06
ocxis: calls $0.06
*** FLOP *** [7s 5c Th]
hermanf: bets $0.36
Dorex2007: folds 
ocxis: folds 
Uncalled bet ($0.36) returned to hermanf
hermanf collected $0.36 from pot
hermanf: doesn't show hand 
*** SUMMARY ***
Total pot $0.37 | Rake $0.01 
Board [7s 5c Th]
Seat 1: hermanf (big blind) collected ($0.36)
Seat 2: wlsrbf folded before Flop (didn't bet)
Seat 3: erjoronu folded before Flop (didn't bet)
Seat 4: Dorex2007 folded on the Flop
Seat 5: igormelchior folded before Flop (didn't bet)
Seat 6: XTLMZUWR folded before Flop (didn't bet)
Seat 7: ChiguireJr folded before Flop (didn't bet)
Seat 8: ocxis (button) folded on the Flop
Seat 9: wlyanna (small blind) folded before Flop



PokerStars Hand #225788167770:  Hold'em No Limit ($0.01/$0.02 USD) - 2021/04/12 19:56:56 PT [2021/04/12 22:56:56 ET]
Table 'Sadeya' 9-max Seat #9 is the button
Seat 1: hermanf ($1.82 in chips) 
Seat 2: wlsrbf ($1.87 in chips) 
Seat 3: erjoronu ($1.29 in chips) 
Seat 4: Dorex2007 ($1.88 in chips) 
Seat 5: igormelchior ($1.60 in chips) 
Seat 6: XTLMZUWR ($5.18 in chips) 
Seat 7: ChiguireJr ($2.58 in chips) 
Seat 8: ocxis ($0.68 in chips) 
Seat 9: wlyanna ($1.91 in chips) 
hermanf: posts small blind $0.01
wlsrbf: posts big blind $0.02
*** HOLE CARDS ***
Dealt to Dorex2007 [9h Ah]
erjoronu: calls $0.02
Dorex2007: raises $0.04 to $0.06
igormelchior: folds 
XTLMZUWR: folds 
ChiguireJr: folds 
ocxis: folds 
wlyanna: folds 
hermanf: folds 
wlsrbf: calls $0.04
erjoronu: calls $0.04
*** FLOP *** [4d Ac Js]
wlsrbf: checks 
erjoronu: checks 
Dorex2007: bets $0.18
wlsrbf: folds 
erjoronu: calls $0.18
*** TURN *** [4d Ac Js] [Jd]
erjoronu: checks 
Dorex2007: bets $0.53
erjoronu: raises $0.52 to $1.05 and is all-in
Dorex2007: calls $0.52
*** RIVER *** [4d Ac Js Jd] [5h]
*** SHOW DOWN ***
erjoronu: shows [As 5s] (two pair, Aces and Jacks)
Dorex2007: shows [9h Ah] (two pair, Aces and Jacks - Nine kicker)
Dorex2007 cashed out the hand for $2.01 | Cash Out Fee $0.02
*** SUMMARY ***
Total pot $2.65 | Rake $0.09 
Board [4d Ac Js Jd 5h]
Seat 1: hermanf (small blind) folded before Flop
Seat 2: wlsrbf (big blind) folded on the Flop
Seat 3: erjoronu showed [As 5s] and lost with two pair, Aces and Jacks
Seat 4: Dorex2007 showed [9h Ah] and won ($2.56) with two pair, Aces and Jacks (pot not awarded as player cashed out)
Seat 5: igormelchior folded before Flop (didn't bet)
Seat 6: XTLMZUWR folded before Flop (didn't bet)
Seat 7: ChiguireJr folded before Flop (didn't bet)
Seat 8: ocxis folded before Flop (didn't bet)
Seat 9: wlyanna (button) folded before Flop (didn't bet)



PokerStars Hand #225788188872:  Hold'em No Limit ($0.01/$0.02 USD) - 2021/04/12 19:58:48 PT [2021/04/12 22:58:48 ET]
Table 'Sadeya' 9-max Seat #1 is the button
Seat 1: hermanf ($1.81 in chips) 
Seat 2: wlsrbf ($1.81 in chips) 
Seat 3: erjoronu ($2 in chips) 
Seat 4: Dorex2007 ($2.60 in chips) 
Seat 5: igormelchior ($1.60 in chips) 
Seat 6: XTLMZUWR ($5.18 in chips) 
Seat 7: ChiguireJr ($2.58 in chips) 
Seat 8: ocxis ($0.68 in chips) 
Seat 9: wlyanna ($1.91 in chips) 
wlsrbf: posts small blind $0.01
erjoronu: posts big blind $0.02
*** HOLE CARDS ***
Dealt to Dorex2007 [5h Ks]
Dorex2007: folds 
igormelchior: folds 
XTLMZUWR: folds 
ChiguireJr: folds 
ocxis: calls $0.02
wlyanna: folds 
hermanf: folds 
wlsrbf: calls $0.01
erjoronu: checks 
*** FLOP *** [3d Ah Th]
wlsrbf: bets $0.04
erjoronu: folds 
ocxis: calls $0.04
*** TURN *** [3d Ah Th] [Qd]
wlsrbf: checks 
ocxis: checks 
*** RIVER *** [3d Ah Th Qd] [9c]
wlsrbf: bets $0.06
ocxis: calls $0.06
*** SHOW DOWN ***
wlsrbf: shows [Tc Ac] (two pair, Aces and Tens)
ocxis: mucks hand 
wlsrbf collected $0.25 from pot
*** SUMMARY ***
Total pot $0.26 | Rake $0.01 
Board [3d Ah Th Qd 9c]
Seat 1: hermanf (button) folded before Flop (didn't bet)
Seat 2: wlsrbf (small blind) showed [Tc Ac] and won ($0.25) with two pair, Aces and Tens
Seat 3: erjoronu (big blind) folded on the Flop
Seat 4: Dorex2007 folded before Flop (didn't bet)
Seat 5: igormelchior folded before Flop (didn't bet)
Seat 6: XTLMZUWR folded before Flop (didn't bet)
Seat 7: ChiguireJr folded before Flop (didn't bet)
Seat 8: ocxis mucked [8s As]
Seat 9: wlyanna folded before Flop (didn't bet)



PokerStars Hand #225788203566:  Hold'em No Limit ($0.01/$0.02 USD) - 2021/04/12 20:00:08 PT [2021/04/12 23:00:08 ET]
Table 'Sadeya' 9-max Seat #2 is the button
Seat 1: hermanf ($1.81 in chips) 
Seat 2: wlsrbf ($1.94 in chips) 
Seat 3: erjoronu ($1.98 in chips) 
Seat 4: Dorex2007 ($2.60 in chips) 
Seat 5: igormelchior ($1.60 in chips) 
Seat 6: XTLMZUWR ($5.18 in chips) 
Seat 7: ChiguireJr ($2.58 in chips) 
Seat 8: ocxis ($0.56 in chips) 
Seat 9: wlyanna ($1.91 in chips) 
erjoronu: posts small blind $0.01
Dorex2007: posts big blind $0.02
*** HOLE CARDS ***
Dealt to Dorex2007 [6d 6s]
igormelchior: folds 
XTLMZUWR: folds 
ChiguireJr: folds 
ocxis: folds 
wlyanna: folds 
hermanf: folds 
wlsrbf: raises $0.02 to $0.04
erjoronu: folds 
Dorex2007: calls $0.02
*** FLOP *** [9c Td Ts]
Dorex2007: bets $0.09
wlsrbf: folds 
Uncalled bet ($0.09) returned to Dorex2007
Dorex2007 collected $0.09 from pot
Dorex2007: doesn't show hand 
*** SUMMARY ***
Total pot $0.09 | Rake $0 
Board [9c Td Ts]
Seat 1: hermanf folded before Flop (didn't bet)
Seat 2: wlsrbf (button) folded on the Flop
Seat 3: erjoronu (small blind) folded before Flop
Seat 4: Dorex2007 (big blind) collected ($0.09)
Seat 5: igormelchior folded before Flop (didn't bet)
Seat 6: XTLMZUWR folded before Flop (didn't bet)
Seat 7: ChiguireJr folded before Flop (didn't bet)
Seat 8: ocxis folded before Flop (didn't bet)
Seat 9: wlyanna folded before Flop (didn't bet)



PokerStars Hand #225788218357:  Hold'em No Limit ($0.01/$0.02 USD) - 2021/04/12 20:01:19 PT [2021/04/12 23:01:19 ET]
Table 'Sadeya' 9-max Seat #3 is the button
Seat 1: hermanf ($1.81 in chips) 
Seat 2: wlsrbf ($1.90 in chips) 
Seat 3: erjoronu ($1.97 in chips) 
Seat 4: Dorex2007 ($2.65 in chips) 
Seat 5: igormelchior ($1.60 in chips) 
Seat 6: XTLMZUWR ($5.18 in chips) 
Seat 7: ChiguireJr ($2.58 in chips) 
Seat 8: ocxis ($0.56 in chips) 
Seat 9: wlyanna ($1.91 in chips) 
Dorex2007: posts small blind $0.01
igormelchior: posts big blind $0.02
*** HOLE CARDS ***
Dealt to Dorex2007 [Tc 6c]
XTLMZUWR: folds 
ChiguireJr: folds 
ocxis: raises $0.02 to $0.04
wlyanna: folds 
hermanf: folds 
wlsrbf has timed out
wlsrbf: folds 
erjoronu: folds 
Dorex2007: calls $0.03
igormelchior: folds 
*** FLOP *** [Td Qs Ah]
Dorex2007: checks 
ocxis: bets $0.52 and is all-in
Dorex2007: folds 
Uncalled bet ($0.52) returned to ocxis
ocxis collected $0.10 from pot
ocxis: doesn't show hand 
*** SUMMARY ***
Total pot $0.10 | Rake $0 
Board [Td Qs Ah]
Seat 1: hermanf folded before Flop (didn't bet)
Seat 2: wlsrbf folded before Flop (didn't bet)
Seat 3: erjoronu (button) folded before Flop (didn't bet)
Seat 4: Dorex2007 (small blind) folded on the Flop
Seat 5: igormelchior (big blind) folded before Flop
Seat 6: XTLMZUWR folded before Flop (didn't bet)
Seat 7: ChiguireJr folded before Flop (didn't bet)
Seat 8: ocxis collected ($0.10)
Seat 9: wlyanna folded before Flop (didn't bet)



PokerStars Hand #225788231344:  Hold'em No Limit ($0.01/$0.02 USD) - 2021/04/12 20:02:18 PT [2021/04/12 23:02:18 ET]
Table 'Sadeya' 9-max Seat #4 is the button
Seat 1: hermanf ($1.81 in chips) 
Seat 2: wlsrbf ($1.90 in chips) 
Seat 3: erjoronu ($1.97 in chips) 
Seat 4: Dorex2007 ($2.61 in chips) 
Seat 5: igormelchior ($1.58 in chips) 
Seat 6: XTLMZUWR ($5.18 in chips) 
Seat 7: ChiguireJr ($2.58 in chips) 
Seat 8: ocxis ($0.62 in chips) 
Seat 9: wlyanna ($2 in chips) 
igormelchior: posts small blind $0.01
XTLMZUWR: posts big blind $0.02
*** HOLE CARDS ***
Dealt to Dorex2007 [5s 8h]
ChiguireJr: raises $0.04 to $0.06
ocxis: raises $0.56 to $0.62 and is all-in
wlyanna: folds 
hermanf: folds 
wlsrbf: folds 
erjoronu: folds 
Dorex2007: folds 
igormelchior: folds 
XTLMZUWR: folds 
ChiguireJr: folds 
Uncalled bet ($0.56) returned to ocxis
ocxis collected $0.15 from pot
ocxis: doesn't show hand 
*** SUMMARY ***
Total pot $0.15 | Rake $0 
Seat 1: hermanf folded before Flop (didn't bet)
Seat 2: wlsrbf folded before Flop (didn't bet)
Seat 3: erjoronu folded before Flop (didn't bet)
Seat 4: Dorex2007 (button) folded before Flop (didn't bet)
Seat 5: igormelchior (small blind) folded before Flop
Seat 6: XTLMZUWR (big blind) folded before Flop
Seat 7: ChiguireJr folded before Flop
Seat 8: ocxis collected ($0.15)
Seat 9: wlyanna folded before Flop (didn't bet)



PokerStars Hand #225788243392:  Hold'em No Limit ($0.01/$0.02 USD) - 2021/04/12 20:03:12 PT [2021/04/12 23:03:12 ET]
Table 'Sadeya' 9-max Seat #5 is the button
Seat 1: hermanf ($1.81 in chips) 
Seat 2: wlsrbf ($1.90 in chips) 
Seat 3: erjoronu ($1.97 in chips) 
Seat 4: Dorex2007 ($2.61 in chips) 
Seat 5: igormelchior ($1.57 in chips) 
Seat 6: XTLMZUWR ($5.16 in chips) 
Seat 7: ChiguireJr ($2.52 in chips) 
Seat 8: ocxis ($0.71 in chips) 
Seat 9: wlyanna ($2 in chips) 
XTLMZUWR: posts small blind $0.01
ChiguireJr: posts big blind $0.02
*** HOLE CARDS ***
Dealt to Dorex2007 [Qc 8s]
ocxis: calls $0.02
wlyanna: folds 
hermanf: folds 
wlsrbf: folds 
erjoronu: folds 
Dorex2007: folds 
igormelchior: folds 
XTLMZUWR: folds 
ChiguireJr: raises $0.07 to $0.09
ocxis: calls $0.07
*** FLOP *** [Ts 4h Kc]
ChiguireJr: bets $0.08
ocxis: calls $0.08
*** TURN *** [Ts 4h Kc] [5s]
ChiguireJr: checks 
ocxis: checks 
*** RIVER *** [Ts 4h Kc 5s] [7h]
ChiguireJr: bets $0.15
ocxis: folds 
Uncalled bet ($0.15) returned to ChiguireJr
ChiguireJr collected $0.34 from pot
*** SUMMARY ***
Total pot $0.35 | Rake $0.01 
Board [Ts 4h Kc 5s 7h]
Seat 1: hermanf folded before Flop (didn't bet)
Seat 2: wlsrbf folded before Flop (didn't bet)
Seat 3: erjoronu folded before Flop (didn't bet)
Seat 4: Dorex2007 folded before Flop (didn't bet)
Seat 5: igormelchior (button) folded before Flop (didn't bet)
Seat 6: XTLMZUWR (small blind) folded before Flop
Seat 7: ChiguireJr (big blind) collected ($0.34)
Seat 8: ocxis folded on the River
Seat 9: wlyanna folded before Flop (didn't bet)



PokerStars Hand #225788263256:  Hold'em No Limit ($0.01/$0.02 USD) - 2021/04/12 20:04:42 PT [2021/04/12 23:04:42 ET]
Table 'Sadeya' 9-max Seat #6 is the button
Seat 1: hermanf ($1.81 in chips) 
Seat 2: wlsrbf ($1.90 in chips) 
Seat 3: erjoronu ($1.97 in chips) 
Seat 4: Dorex2007 ($2.61 in chips) 
Seat 5: igormelchior ($1.57 in chips) 
Seat 6: XTLMZUWR ($5.15 in chips) 
Seat 7: ChiguireJr ($2.69 in chips) 
Seat 8: ocxis ($0.54 in chips) 
Seat 9: wlyanna ($2 in chips) 
ChiguireJr: posts small blind $0.01
ocxis: posts big blind $0.02
*** HOLE CARDS ***
Dealt to Dorex2007 [Td 7s]
wlyanna: folds 
hermanf: calls $0.02
wlsrbf: folds 
erjoronu: folds 
Dorex2007: folds 
igormelchior: folds 
XTLMZUWR: folds 
ChiguireJr: folds 
ocxis: raises $0.02 to $0.04
hermanf: calls $0.02
*** FLOP *** [Qs 3s Ac]
ocxis: bets $0.05
hermanf: folds 
Uncalled bet ($0.05) returned to ocxis
ocxis collected $0.09 from pot
ocxis: doesn't show hand 
*** SUMMARY ***
Total pot $0.09 | Rake $0 
Board [Qs 3s Ac]
Seat 1: hermanf folded on the Flop
Seat 2: wlsrbf folded before Flop (didn't bet)
Seat 3: erjoronu folded before Flop (didn't bet)
Seat 4: Dorex2007 folded before Flop (didn't bet)
Seat 5: igormelchior folded before Flop (didn't bet)
Seat 6: XTLMZUWR (button) folded before Flop (didn't bet)
Seat 7: ChiguireJr (small blind) folded before Flop
Seat 8: ocxis (big blind) collected ($0.09)
Seat 9: wlyanna folded before Flop (didn't bet)



PokerStars Hand #225788273640:  Hold'em No Limit ($0.01/$0.02 USD) - 2021/04/12 20:05:28 PT [2021/04/12 23:05:28 ET]
Table 'Sadeya' 9-max Seat #7 is the button
Seat 1: hermanf ($1.77 in chips) 
Seat 2: wlsrbf ($1.90 in chips) 
Seat 3: erjoronu ($1.97 in chips) 
Seat 4: Dorex2007 ($2.61 in chips) 
Seat 5: igormelchior ($1.57 in chips) 
Seat 6: XTLMZUWR ($5.15 in chips) 
Seat 7: ChiguireJr ($2.68 in chips) 
Seat 8: ocxis ($0.59 in chips) 
Seat 9: wlyanna ($2 in chips) 
ocxis: posts small blind $0.01
wlyanna: posts big blind $0.02
*** HOLE CARDS ***
Dealt to Dorex2007 [Qs 4d]
hermanf: folds 
wlsrbf: folds 
erjoronu: folds 
Dorex2007: folds 
igormelchior: raises $0.03 to $0.05
XTLMZUWR: calls $0.05
ChiguireJr: folds 
ocxis: calls $0.04
wlyanna: folds 
*** FLOP *** [4h 7s 3s]
ocxis: checks 
igormelchior: checks 
XTLMZUWR: bets $0.11
ocxis: folds 
igormelchior: folds 
Uncalled bet ($0.11) returned to XTLMZUWR
XTLMZUWR collected $0.16 from pot
XTLMZUWR: doesn't show hand 
*** SUMMARY ***
Total pot $0.17 | Rake $0.01 
Board [4h 7s 3s]
Seat 1: hermanf folded before Flop (didn't bet)
Seat 2: wlsrbf folded before Flop (didn't bet)
Seat 3: erjoronu folded before Flop (didn't bet)
Seat 4: Dorex2007 folded before Flop (didn't bet)
Seat 5: igormelchior folded on the Flop
Seat 6: XTLMZUWR collected ($0.16)
Seat 7: ChiguireJr (button) folded before Flop (didn't bet)
Seat 8: ocxis (small blind) folded on the Flop
Seat 9: wlyanna (big blind) folded before Flop



PokerStars Hand #225788283845:  Hold'em No Limit ($0.01/$0.02 USD) - 2021/04/12 20:06:15 PT [2021/04/12 23:06:15 ET]
Table 'Sadeya' 9-max Seat #8 is the button
Seat 1: hermanf ($1.77 in chips) 
Seat 2: wlsrbf ($1.90 in chips) 
Seat 3: erjoronu ($1.97 in chips) 
Seat 4: Dorex2007 ($2.61 in chips) 
Seat 5: igormelchior ($1.52 in chips) 
Seat 6: XTLMZUWR ($5.26 in chips) 
Seat 7: ChiguireJr ($2.68 in chips) 
Seat 8: ocxis ($0.54 in chips) 
Seat 9: wlyanna ($1.98 in chips) 
wlyanna: posts small blind $0.01
hermanf: posts big blind $0.02
*** HOLE CARDS ***
Dealt to Dorex2007 [Kc 5d]
wlsrbf: calls $0.02
erjoronu: folds 
Dorex2007: folds 
igormelchior: folds 
XTLMZUWR: raises $0.05 to $0.07
ChiguireJr: folds 
ocxis: folds 
wlyanna: folds 
hermanf: folds 
wlsrbf: calls $0.05
*** FLOP *** [2h 3c 9d]
wlsrbf: checks 
XTLMZUWR: bets $0.11
wlsrbf: folds 
Uncalled bet ($0.11) returned to XTLMZUWR
XTLMZUWR collected $0.16 from pot
XTLMZUWR: doesn't show hand 
*** SUMMARY ***
Total pot $0.17 | Rake $0.01 
Board [2h 3c 9d]
Seat 1: hermanf (big blind) folded before Flop
Seat 2: wlsrbf folded on the Flop
Seat 3: erjoronu folded before Flop (didn't bet)
Seat 4: Dorex2007 folded before Flop (didn't bet)
Seat 5: igormelchior folded before Flop (didn't bet)
Seat 6: XTLMZUWR collected ($0.16)
Seat 7: ChiguireJr folded before Flop (didn't bet)
Seat 8: ocxis (button) folded before Flop (didn't bet)
Seat 9: wlyanna (small blind) folded before Flop



PokerStars Hand #225788299098:  Hold'em No Limit ($0.01/$0.02 USD) - 2021/04/12 20:07:23 PT [2021/04/12 23:07:23 ET]
Table 'Sadeya' 9-max Seat #9 is the button
Seat 1: hermanf ($1.75 in chips) 
Seat 2: wlsrbf ($1.83 in chips) 
Seat 3: erjoronu ($1.97 in chips) 
Seat 4: Dorex2007 ($2.61 in chips) 
Seat 5: igormelchior ($1.52 in chips) 
Seat 6: XTLMZUWR ($5.35 in chips) 
Seat 7: ChiguireJr ($2.68 in chips) 
Seat 8: ocxis ($0.54 in chips) 
Seat 9: wlyanna ($1.97 in chips) 
hermanf: posts small blind $0.01
wlsrbf: posts big blind $0.02
*** HOLE CARDS ***
Dealt to Dorex2007 [Ah 4h]
erjoronu: folds 
Dorex2007: raises $0.04 to $0.06
igormelchior: folds 
XTLMZUWR: calls $0.06
ChiguireJr: folds 
ocxis: folds 
wlyanna: folds 
hermanf: calls $0.05
wlsrbf: folds 
*** FLOP *** [6s 8d 4d]
wlsrbf leaves the table
hermanf: checks 
Dorex2007: bets $0.19
XTLMZUWR: folds 
hermanf: folds 
Uncalled bet ($0.19) returned to Dorex2007
Dorex2007 collected $0.19 from pot
Dorex2007: doesn't show hand 
*** SUMMARY ***
Total pot $0.20 | Rake $0.01 
Board [6s 8d 4d]
Seat 1: hermanf (small blind) folded on the Flop
Seat 2: wlsrbf (big blind) folded before Flop
Seat 3: erjoronu folded before Flop (didn't bet)
Seat 4: Dorex2007 collected ($0.19)
Seat 5: igormelchior folded before Flop (didn't bet)
Seat 6: XTLMZUWR folded on the Flop
Seat 7: ChiguireJr folded before Flop (didn't bet)
Seat 8: ocxis folded before Flop (didn't bet)
Seat 9: wlyanna (button) folded before Flop (didn't bet)



PokerStars Hand #225788309708:  Hold'em No Limit ($0.01/$0.02 USD) - 2021/04/12 20:08:12 PT [2021/04/12 23:08:12 ET]
Table 'Sadeya' 9-max Seat #1 is the button
Seat 1: hermanf ($1.69 in chips) 
Seat 3: erjoronu ($1.97 in chips) 
Seat 4: Dorex2007 ($2.74 in chips) 
Seat 5: igormelchior ($1.52 in chips) 
Seat 6: XTLMZUWR ($5.29 in chips) 
Seat 7: ChiguireJr ($2.68 in chips) 
Seat 8: ocxis ($0.54 in chips) 
Seat 9: wlyanna ($1.97 in chips) 
erjoronu: posts small blind $0.01
Dorex2007: posts big blind $0.02
*** HOLE CARDS ***
Dealt to Dorex2007 [Ah 3s]
igormelchior: folds 
XTLMZUWR: folds 
ChiguireJr: folds 
Panda_12345 joins the table at seat #2 
ocxis: raises $0.05 to $0.07
wlyanna: calls $0.07
hermanf: folds 
erjoronu: calls $0.06
Dorex2007: folds 
*** FLOP *** [6s 7s 3c]
erjoronu: checks 
ocxis: checks 
wlyanna: bets $0.15
erjoronu: calls $0.15
ocxis: raises $0.32 to $0.47 and is all-in
wlyanna: folds 
erjoronu: calls $0.32
*** TURN *** [6s 7s 3c] [Jc]
*** RIVER *** [6s 7s 3c Jc] [2c]
*** SHOW DOWN ***
erjoronu: shows [Ts Ks] (high card King)
ocxis: shows [Qd Qc] (a pair of Queens)
ocxis collected $1.27 from pot
*** SUMMARY ***
Total pot $1.32 | Rake $0.05 
Board [6s 7s 3c Jc 2c]
Seat 1: hermanf (button) folded before Flop (didn't bet)
Seat 3: erjoronu (small blind) showed [Ts Ks] and lost with high card King
Seat 4: Dorex2007 (big blind) folded before Flop
Seat 5: igormelchior folded before Flop (didn't bet)
Seat 6: XTLMZUWR folded before Flop (didn't bet)
Seat 7: ChiguireJr folded before Flop (didn't bet)
Seat 8: ocxis showed [Qd Qc] and won ($1.27) with a pair of Queens
Seat 9: wlyanna folded on the Flop



PokerStars Hand #225788320347:  Hold'em No Limit ($0.01/$0.02 USD) - 2021/04/12 20:09:00 PT [2021/04/12 23:09:00 ET]
Table 'Sadeya' 9-max Seat #3 is the button
Seat 1: hermanf ($1.69 in chips) 
Seat 2: Panda_12345 ($0.80 in chips) 
Seat 3: erjoronu ($1.43 in chips) 
Seat 4: Dorex2007 ($2.72 in chips) 
Seat 5: igormelchior ($1.52 in chips) 
Seat 6: XTLMZUWR ($5.29 in chips) 
Seat 7: ChiguireJr ($2.68 in chips) 
Seat 8: ocxis ($1.27 in chips) 
Seat 9: wlyanna ($2 in chips) 
Dorex2007: posts small blind $0.01
igormelchior: posts big blind $0.02
Panda_12345: posts big blind $0.02
*** HOLE CARDS ***
Dealt to Dorex2007 [Qd Qc]
XTLMZUWR: raises $0.05 to $0.07
ChiguireJr: folds 
ocxis: calls $0.07
wlyanna: folds 
hermanf: folds 
Panda_12345: folds 
erjoronu: folds 
Dorex2007: raises $0.23 to $0.30
igormelchior: folds 
XTLMZUWR: folds 
ocxis: folds 
Uncalled bet ($0.23) returned to Dorex2007
Dorex2007 collected $0.25 from pot
Dorex2007: doesn't show hand 
*** SUMMARY ***
Total pot $0.25 | Rake $0 
Seat 1: hermanf folded before Flop (didn't bet)
Seat 2: Panda_12345 folded before Flop (didn't bet)
Seat 3: erjoronu (button) folded before Flop (didn't bet)
Seat 4: Dorex2007 (small blind) collected ($0.25)
Seat 5: igormelchior (big blind) folded before Flop
Seat 6: XTLMZUWR folded before Flop
Seat 7: ChiguireJr folded before Flop (didn't bet)
Seat 8: ocxis folded before Flop
Seat 9: wlyanna folded before Flop (didn't bet)



PokerStars Hand #225788332819:  Hold'em No Limit ($0.01/$0.02 USD) - 2021/04/12 20:09:57 PT [2021/04/12 23:09:57 ET]
Table 'Sadeya' 9-max Seat #4 is the button
Seat 1: hermanf ($1.69 in chips) 
Seat 2: Panda_12345 ($0.78 in chips) 
Seat 3: erjoronu ($1.43 in chips) 
Seat 4: Dorex2007 ($2.90 in chips) 
Seat 5: igormelchior ($1.50 in chips) 
Seat 6: XTLMZUWR ($5.22 in chips) 
Seat 7: ChiguireJr ($2.68 in chips) 
Seat 8: ocxis ($1.20 in chips) 
Seat 9: wlyanna ($2 in chips) 
igormelchior: posts small blind $0.01
XTLMZUWR: posts big blind $0.02
*** HOLE CARDS ***
Dealt to Dorex2007 [Tc 4c]
ChiguireJr: folds 
ocxis: calls $0.02
wlyanna: folds 
hermanf: folds 
Panda_12345: calls $0.02
erjoronu: folds 
Dorex2007: folds 
igormelchior: calls $0.01
XTLMZUWR: checks 
*** FLOP *** [6s 5h Ah]
igormelchior: checks 
XTLMZUWR: checks 
ocxis: checks 
Panda_12345: bets $0.04
igormelchior: folds 
XTLMZUWR: folds 
ocxis: folds 
Uncalled bet ($0.04) returned to Panda_12345
Panda_12345 collected $0.08 from pot
Panda_12345: doesn't show hand 
*** SUMMARY ***
Total pot $0.08 | Rake $0 
Board [6s 5h Ah]
Seat 1: hermanf folded before Flop (didn't bet)
Seat 2: Panda_12345 collected ($0.08)
Seat 3: erjoronu folded before Flop (didn't bet)
Seat 4: Dorex2007 (button) folded before Flop (didn't bet)
Seat 5: igormelchior (small blind) folded on the Flop
Seat 6: XTLMZUWR (big blind) folded on the Flop
Seat 7: ChiguireJr folded before Flop (didn't bet)
Seat 8: ocxis folded on the Flop
Seat 9: wlyanna folded before Flop (didn't bet)



PokerStars Hand #225788350477:  Hold'em No Limit ($0.01/$0.02 USD) - 2021/04/12 20:10:52 PT [2021/04/12 23:10:52 ET]
Table 'Sadeya' 9-max Seat #5 is the button
Seat 1: hermanf ($1.69 in chips) 
Seat 2: Panda_12345 ($0.84 in chips) 
Seat 3: erjoronu ($1.43 in chips) 
Seat 4: Dorex2007 ($2.90 in chips) 
Seat 5: igormelchior ($1.48 in chips) 
Seat 6: XTLMZUWR ($5.20 in chips) 
Seat 7: ChiguireJr ($2.68 in chips) 
Seat 8: ocxis ($1.18 in chips) 
Seat 9: wlyanna ($2 in chips) 
XTLMZUWR: posts small blind $0.01
ChiguireJr: posts big blind $0.02
*** HOLE CARDS ***
Dealt to Dorex2007 [4d 5c]
ocxis: calls $0.02
wlyanna: folds 
hermanf: folds 
Panda_12345: raises $0.02 to $0.04
erjoronu: folds 
Dorex2007: folds 
igormelchior: folds 
XTLMZUWR: folds 
ChiguireJr: folds 
ocxis: calls $0.02
*** FLOP *** [3h 4h 3s]
ocxis: bets $0.06
Panda_12345: calls $0.06
*** TURN *** [3h 4h 3s] [Ks]
ocxis: bets $0.11
Panda_12345: calls $0.11
*** RIVER *** [3h 4h 3s Ks] [Kh]
ocxis: bets $0.02
Panda_12345: calls $0.02
*** SHOW DOWN ***
ocxis: shows [5s 2s] (two pair, Kings and Threes)
Panda_12345: shows [Jd Jc] (two pair, Kings and Jacks)
Panda_12345 collected $0.47 from pot
*** SUMMARY ***
Total pot $0.49 | Rake $0.02 
Board [3h 4h 3s Ks Kh]
Seat 1: hermanf folded before Flop (didn't bet)
Seat 2: Panda_12345 showed [Jd Jc] and won ($0.47) with two pair, Kings and Jacks
Seat 3: erjoronu folded before Flop (didn't bet)
Seat 4: Dorex2007 folded before Flop (didn't bet)
Seat 5: igormelchior (button) folded before Flop (didn't bet)
Seat 6: XTLMZUWR (small blind) folded before Flop
Seat 7: ChiguireJr (big blind) folded before Flop
Seat 8: ocxis showed [5s 2s] and lost with two pair, Kings and Threes
Seat 9: wlyanna folded before Flop (didn't bet)



PokerStars Hand #225788362314:  Hold'em No Limit ($0.01/$0.02 USD) - 2021/04/12 20:11:47 PT [2021/04/12 23:11:47 ET]
Table 'Sadeya' 9-max Seat #6 is the button
Seat 1: hermanf ($1.69 in chips) 
Seat 2: Panda_12345 ($1.08 in chips) 
Seat 3: erjoronu ($1.43 in chips) 
Seat 4: Dorex2007 ($2.90 in chips) 
Seat 5: igormelchior ($1.48 in chips) 
Seat 6: XTLMZUWR ($5.19 in chips) 
Seat 7: ChiguireJr ($2.66 in chips) 
Seat 8: ocxis ($0.95 in chips) 
Seat 9: wlyanna ($2 in chips) 
ChiguireJr: posts small blind $0.01
ocxis: posts big blind $0.02
*** HOLE CARDS ***
Dealt to Dorex2007 [Ac 9d]
wlyanna: folds 
hermanf: calls $0.02
Panda_12345: folds 
erjoronu: folds 
Dorex2007: folds 
igormelchior: folds 
XTLMZUWR: folds 
ChiguireJr: folds 
ocxis: checks 
*** FLOP *** [Ah 5h 2d]
ocxis: checks 
hermanf: bets $0.05
Panda_12345 leaves the table
ocxis: folds 
Uncalled bet ($0.05) returned to hermanf
hermanf collected $0.05 from pot
hermanf: doesn't show hand 
Artur16228 joins the table at seat #2 
*** SUMMARY ***
Total pot $0.05 | Rake $0 
Board [Ah 5h 2d]
Seat 1: hermanf collected ($0.05)
Seat 2: Panda_12345 folded before Flop (didn't bet)
Seat 3: erjoronu folded before Flop (didn't bet)
Seat 4: Dorex2007 folded before Flop (didn't bet)
Seat 5: igormelchior folded before Flop (didn't bet)
Seat 6: XTLMZUWR (button) folded before Flop (didn't bet)
Seat 7: ChiguireJr (small blind) folded before Flop
Seat 8: ocxis (big blind) folded on the Flop
Seat 9: wlyanna folded before Flop (didn't bet)



PokerStars Hand #225788368657:  Hold'em No Limit ($0.01/$0.02 USD) - 2021/04/12 20:12:16 PT [2021/04/12 23:12:16 ET]
Table 'Sadeya' 9-max Seat #7 is the button
Seat 1: hermanf ($1.72 in chips) 
Seat 3: erjoronu ($1.43 in chips) 
Seat 4: Dorex2007 ($2.90 in chips) 
Seat 5: igormelchior ($1.48 in chips) 
Seat 6: XTLMZUWR ($5.19 in chips) 
Seat 7: ChiguireJr ($2.65 in chips) 
Seat 8: ocxis ($0.93 in chips) 
Seat 9: wlyanna ($2 in chips) 
ocxis: posts small blind $0.01
wlyanna: posts big blind $0.02
Artur16228 is connected 
Artur16228: sits out 
*** HOLE CARDS ***
Dealt to Dorex2007 [Js Ts]
hermanf: calls $0.02
erjoronu: folds 
Dorex2007: raises $0.04 to $0.06
igormelchior: calls $0.06
XTLMZUWR: folds 
ChiguireJr: folds 
ocxis: calls $0.05
wlyanna: folds 
hermanf: calls $0.04
*** FLOP *** [6c 2d 4s]
ocxis: checks 
hermanf: checks 
Dorex2007: bets $0.13
igormelchior: folds 
ocxis: calls $0.13
hermanf: folds 
*** TURN *** [6c 2d 4s] [Kc]
ocxis: checks 
Dorex2007: checks 
*** RIVER *** [6c 2d 4s Kc] [4h]
ocxis: bets $0.74 and is all-in
Dorex2007: folds 
Uncalled bet ($0.74) returned to ocxis
ocxis collected $0.50 from pot
ocxis: doesn't show hand 
*** SUMMARY ***
Total pot $0.52 | Rake $0.02 
Board [6c 2d 4s Kc 4h]
Seat 1: hermanf folded on the Flop
Seat 3: erjoronu folded before Flop (didn't bet)
Seat 4: Dorex2007 folded on the River
Seat 5: igormelchior folded on the Flop
Seat 6: XTLMZUWR folded before Flop (didn't bet)
Seat 7: ChiguireJr (button) folded before Flop (didn't bet)
Seat 8: ocxis (small blind) collected ($0.50)
Seat 9: wlyanna (big blind) folded before Flop



PokerStars Hand #225788386659:  Hold'em No Limit ($0.01/$0.02 USD) - 2021/04/12 20:13:40 PT [2021/04/12 23:13:40 ET]
Table 'Sadeya' 9-max Seat #8 is the button
Seat 1: hermanf ($1.66 in chips) 
Seat 3: erjoronu ($1.43 in chips) 
Seat 4: Dorex2007 ($2.71 in chips) 
Seat 5: igormelchior ($1.42 in chips) 
Seat 6: XTLMZUWR ($5.19 in chips) 
Seat 7: ChiguireJr ($2.65 in chips) 
Seat 8: ocxis ($1.24 in chips) 
Seat 9: wlyanna ($1.98 in chips) 
wlyanna: posts small blind $0.01
hermanf: posts big blind $0.02
Artur16228: sits out 
*** HOLE CARDS ***
Dealt to Dorex2007 [6s 5c]
erjoronu: folds 
Dorex2007: calls $0.02
igormelchior: raises $0.07 to $0.09
XTLMZUWR: folds 
ChiguireJr: folds 
ocxis: calls $0.09
wlyanna: folds 
hermanf: folds 
Dorex2007: folds 
*** FLOP *** [Js 7c 6c]
igormelchior: bets $0.15
ocxis: folds 
Uncalled bet ($0.15) returned to igormelchior
igormelchior collected $0.22 from pot
igormelchior: doesn't show hand 
*** SUMMARY ***
Total pot $0.23 | Rake $0.01 
Board [Js 7c 6c]
Seat 1: hermanf (big blind) folded before Flop
Seat 3: erjoronu folded before Flop (didn't bet)
Seat 4: Dorex2007 folded before Flop
Seat 5: igormelchior collected ($0.22)
Seat 6: XTLMZUWR folded before Flop (didn't bet)
Seat 7: ChiguireJr folded before Flop (didn't bet)
Seat 8: ocxis (button) folded on the Flop
Seat 9: wlyanna (small blind) folded before Flop



PokerStars Hand #225788394551:  Hold'em No Limit ($0.01/$0.02 USD) - 2021/04/12 20:14:16 PT [2021/04/12 23:14:16 ET]
Table 'Sadeya' 9-max Seat #9 is the button
Seat 1: hermanf ($1.64 in chips) 
Seat 2: Artur16228 ($1.15 in chips) 
Seat 3: erjoronu ($1.43 in chips) 
Seat 4: Dorex2007 ($2.69 in chips) 
Seat 5: igormelchior ($1.55 in chips) 
Seat 6: XTLMZUWR ($5.19 in chips) 
Seat 7: ChiguireJr ($2.65 in chips) 
Seat 8: ocxis ($1.15 in chips) 
Seat 9: wlyanna ($1.97 in chips) 
hermanf: posts small blind $0.01
Artur16228: posts big blind $0.02
*** HOLE CARDS ***
Dealt to Dorex2007 [Td 4d]
erjoronu: folds 
Dorex2007: folds 
igormelchior: raises $0.03 to $0.05
XTLMZUWR: folds 
ChiguireJr: folds 
ocxis: folds 
wlyanna: folds 
hermanf: folds 
Artur16228: folds 
Uncalled bet ($0.03) returned to igormelchior
igormelchior collected $0.05 from pot
igormelchior: doesn't show hand 
*** SUMMARY ***
Total pot $0.05 | Rake $0 
Seat 1: hermanf (small blind) folded before Flop
Seat 2: Artur16228 (big blind) folded before Flop
Seat 3: erjoronu folded before Flop (didn't bet)
Seat 4: Dorex2007 folded before Flop (didn't bet)
Seat 5: igormelchior collected ($0.05)
Seat 6: XTLMZUWR folded before Flop (didn't bet)
Seat 7: ChiguireJr folded before Flop (didn't bet)
Seat 8: ocxis folded before Flop (didn't bet)
Seat 9: wlyanna (button) folded before Flop (didn't bet)



PokerStars Hand #225788400713:  Hold'em No Limit ($0.01/$0.02 USD) - 2021/04/12 20:14:45 PT [2021/04/12 23:14:45 ET]
Table 'Sadeya' 9-max Seat #1 is the button
Seat 1: hermanf ($1.63 in chips) 
Seat 2: Artur16228 ($1.13 in chips) 
Seat 3: erjoronu ($1.43 in chips) 
Seat 4: Dorex2007 ($2.69 in chips) 
Seat 5: igormelchior ($1.58 in chips) 
Seat 6: XTLMZUWR ($5.19 in chips) 
Seat 7: ChiguireJr ($2.65 in chips) 
Seat 8: ocxis ($1.15 in chips) 
Seat 9: wlyanna ($1.97 in chips) 
Artur16228: posts small blind $0.01
erjoronu: posts big blind $0.02
*** HOLE CARDS ***
Dealt to Dorex2007 [Js Ad]
Dorex2007: folds 
igormelchior: folds 
XTLMZUWR: folds 
ChiguireJr: folds 
ocxis: calls $0.02
wlyanna: folds 
hermanf: folds 
Artur16228: folds 
erjoronu: checks 
*** FLOP *** [Td Jh Qs]
erjoronu: checks 
ocxis: checks 
*** TURN *** [Td Jh Qs] [Jd]
erjoronu: checks 
ocxis: checks 
*** RIVER *** [Td Jh Qs Jd] [9h]
erjoronu: checks 
ocxis: bets $0.12
erjoronu: folds 
Uncalled bet ($0.12) returned to ocxis
erjoronu leaves the table
ocxis collected $0.05 from pot
ocxis: doesn't show hand 
*** SUMMARY ***
Total pot $0.05 | Rake $0 
Board [Td Jh Qs Jd 9h]
Seat 1: hermanf (button) folded before Flop (didn't bet)
Seat 2: Artur16228 (small blind) folded before Flop
Seat 3: erjoronu (big blind) folded on the River
Seat 4: Dorex2007 folded before Flop (didn't bet)
Seat 5: igormelchior folded before Flop (didn't bet)
Seat 6: XTLMZUWR folded before Flop (didn't bet)
Seat 7: ChiguireJr folded before Flop (didn't bet)
Seat 8: ocxis collected ($0.05)
Seat 9: wlyanna folded before Flop (didn't bet)



PokerStars Hand #225788418783:  Hold'em No Limit ($0.01/$0.02 USD) - 2021/04/12 20:16:09 PT [2021/04/12 23:16:09 ET]
Table 'Sadeya' 9-max Seat #2 is the button
Seat 1: hermanf ($1.63 in chips) 
Seat 2: Artur16228 ($1.12 in chips) 
Seat 4: Dorex2007 ($2.69 in chips) 
Seat 5: igormelchior ($1.58 in chips) 
Seat 6: XTLMZUWR ($5.19 in chips) 
Seat 7: ChiguireJr ($2.65 in chips) 
Seat 8: ocxis ($1.18 in chips) 
Seat 9: wlyanna ($1.97 in chips) 
Dorex2007: posts small blind $0.01
igormelchior: posts big blind $0.02
*** HOLE CARDS ***
Dealt to Dorex2007 [5d 4h]
XTLMZUWR: raises $0.05 to $0.07
ChiguireJr: calls $0.07
ocxis: calls $0.07
wlyanna: folds 
hermanf: folds 
Artur16228: folds 
Dorex2007: folds 
igormelchior: calls $0.05
*** FLOP *** [9s Tc Kh]
igormelchior: checks 
XTLMZUWR: checks 
ChiguireJr: checks 
ocxis: checks 
*** TURN *** [9s Tc Kh] [4s]
igormelchior: bets $0.11
XTLMZUWR: folds 
ChiguireJr: folds 
ocxis: calls $0.11
*** RIVER *** [9s Tc Kh 4s] [9d]
igormelchior: bets $0.20
ocxis: folds 
Uncalled bet ($0.20) returned to igormelchior
igormelchior collected $0.49 from pot
igormelchior: doesn't show hand 
*** SUMMARY ***
Total pot $0.51 | Rake $0.02 
Board [9s Tc Kh 4s 9d]
Seat 1: hermanf folded before Flop (didn't bet)
Seat 2: Artur16228 (button) folded before Flop (didn't bet)
Seat 4: Dorex2007 (small blind) folded before Flop
Seat 5: igormelchior (big blind) collected ($0.49)
Seat 6: XTLMZUWR folded on the Turn
Seat 7: ChiguireJr folded on the Turn
Seat 8: ocxis folded on the River
Seat 9: wlyanna folded before Flop (didn't bet)



PokerStars Hand #225788436071:  Hold'em No Limit ($0.01/$0.02 USD) - 2021/04/12 20:17:24 PT [2021/04/12 23:17:24 ET]
Table 'Sadeya' 9-max Seat #4 is the button
Seat 1: hermanf ($1.63 in chips) 
Seat 2: Artur16228 ($1.12 in chips) 
Seat 4: Dorex2007 ($2.68 in chips) 
Seat 5: igormelchior ($1.89 in chips) 
Seat 6: XTLMZUWR ($5.12 in chips) 
Seat 7: ChiguireJr ($2.58 in chips) 
Seat 8: ocxis ($1 in chips) 
Seat 9: wlyanna ($1.97 in chips) 
igormelchior: posts small blind $0.01
XTLMZUWR: posts big blind $0.02
*** HOLE CARDS ***
Dealt to Dorex2007 [4d Ts]
ChiguireJr: folds 
ocxis: calls $0.02
wlyanna: folds 
hermanf: folds 
Artur16228: raises $0.04 to $0.06
Dorex2007: folds 
igormelchior: folds 
XTLMZUWR: folds 
ocxis: calls $0.04
*** FLOP *** [Jc Kd 6c]
ocxis: checks 
Artur16228: bets $0.08
ocxis: calls $0.08
*** TURN *** [Jc Kd 6c] [7c]
ocxis: bets $0.15
Artur16228: calls $0.15
*** RIVER *** [Jc Kd 6c 7c] [6s]
ocxis: bets $0.30
Artur16228: folds 
Uncalled bet ($0.30) returned to ocxis
ocxis collected $0.59 from pot
ocxis: doesn't show hand 
*** SUMMARY ***
Total pot $0.61 | Rake $0.02 
Board [Jc Kd 6c 7c 6s]
Seat 1: hermanf folded before Flop (didn't bet)
Seat 2: Artur16228 folded on the River
Seat 4: Dorex2007 (button) folded before Flop (didn't bet)
Seat 5: igormelchior (small blind) folded before Flop
Seat 6: XTLMZUWR (big blind) folded before Flop
Seat 7: ChiguireJr folded before Flop (didn't bet)
Seat 8: ocxis collected ($0.59)
Seat 9: wlyanna folded before Flop (didn't bet)



PokerStars Hand #225788447401:  Hold'em No Limit ($0.01/$0.02 USD) - 2021/04/12 20:18:17 PT [2021/04/12 23:18:17 ET]
Table 'Sadeya' 9-max Seat #5 is the button
Seat 1: hermanf ($1.63 in chips) 
Seat 2: Artur16228 ($0.83 in chips) 
Seat 4: Dorex2007 ($2.68 in chips) 
Seat 5: igormelchior ($1.88 in chips) 
Seat 6: XTLMZUWR ($5.10 in chips) 
Seat 7: ChiguireJr ($2.58 in chips) 
Seat 8: ocxis ($1.30 in chips) 
Seat 9: wlyanna ($1.97 in chips) 
XTLMZUWR: posts small blind $0.01
ChiguireJr: posts big blind $0.02
*** HOLE CARDS ***
Dealt to Dorex2007 [9s Ac]
ocxis: folds 
wlyanna: folds 
hermanf: calls $0.02
wlyanna leaves the table
Artur16228: calls $0.02
Dorex2007: calls $0.02
igormelchior: folds 
XTLMZUWR: folds 
ChiguireJr: checks 
*** FLOP *** [9c Jd 4c]
ChiguireJr: checks 
hermanf: checks 
Artur16228: checks 
Dorex2007: checks 
*** TURN *** [9c Jd 4c] [Td]
ChiguireJr: checks 
hermanf: bets $0.09
nugonfuts joins the table at seat #9 
Artur16228: calls $0.09
Dorex2007: folds 
ChiguireJr: folds 
*** RIVER *** [9c Jd 4c Td] [Qc]
hermanf: bets $0.13
Artur16228: raises $0.59 to $0.72 and is all-in
hermanf: folds 
Uncalled bet ($0.59) returned to Artur16228
Artur16228 collected $0.51 from pot
Artur16228: doesn't show hand 
*** SUMMARY ***
Total pot $0.53 | Rake $0.02 
Board [9c Jd 4c Td Qc]
Seat 1: hermanf folded on the River
Seat 2: Artur16228 collected ($0.51)
Seat 4: Dorex2007 folded on the Turn
Seat 5: igormelchior (button) folded before Flop (didn't bet)
Seat 6: XTLMZUWR (small blind) folded before Flop
Seat 7: ChiguireJr (big blind) folded on the Turn
Seat 8: ocxis folded before Flop (didn't bet)
Seat 9: wlyanna folded before Flop (didn't bet)



PokerStars Hand #225788471410:  Hold'em No Limit ($0.01/$0.02 USD) - 2021/04/12 20:19:49 PT [2021/04/12 23:19:49 ET]
Table 'Sadeya' 9-max Seat #6 is the button
Seat 1: hermanf ($1.39 in chips) 
Seat 2: Artur16228 ($1.10 in chips) 
Seat 4: Dorex2007 ($2.66 in chips) 
Seat 5: igormelchior ($1.88 in chips) 
Seat 6: XTLMZUWR ($5.09 in chips) 
Seat 7: ChiguireJr ($2.56 in chips) 
Seat 8: ocxis ($1.30 in chips) 
ChiguireJr: posts small blind $0.01
ocxis: posts big blind $0.02
nugonfuts: sits out 
*** HOLE CARDS ***
Dealt to Dorex2007 [5d 6s]
hermanf: folds 
Artur16228: folds 
Dorex2007: folds 
igormelchior: folds 
XTLMZUWR: folds 
ChiguireJr: folds 
Uncalled bet ($0.01) returned to ocxis
ocxis collected $0.02 from pot
ocxis: doesn't show hand 
*** SUMMARY ***
Total pot $0.02 | Rake $0 
Seat 1: hermanf folded before Flop (didn't bet)
Seat 2: Artur16228 folded before Flop (didn't bet)
Seat 4: Dorex2007 folded before Flop (didn't bet)
Seat 5: igormelchior folded before Flop (didn't bet)
Seat 6: XTLMZUWR (button) folded before Flop (didn't bet)
Seat 7: ChiguireJr (small blind) folded before Flop
Seat 8: ocxis (big blind) collected ($0.02)



PokerStars Hand #225788472984:  Hold'em No Limit ($0.01/$0.02 USD) - 2021/04/12 20:19:57 PT [2021/04/12 23:19:57 ET]
Table 'Sadeya' 9-max Seat #7 is the button
Seat 1: hermanf ($1.39 in chips) 
Seat 2: Artur16228 ($1.10 in chips) 
Seat 4: Dorex2007 ($2.66 in chips) 
Seat 5: igormelchior ($1.88 in chips) 
Seat 6: XTLMZUWR ($5.09 in chips) 
Seat 7: ChiguireJr ($2.55 in chips) 
Seat 8: ocxis ($1.31 in chips) 
Seat 9: nugonfuts ($0.80 in chips) 
ocxis: posts small blind $0.01
nugonfuts: posts big blind $0.02
*** HOLE CARDS ***
Dealt to Dorex2007 [Qc Tc]
hermanf: calls $0.02
Artur16228: folds 
brodude420 joins the table at seat #3 
Dorex2007: raises $0.04 to $0.06
igormelchior: folds 
XTLMZUWR: folds 
ChiguireJr: folds 
ocxis: folds 
nugonfuts: calls $0.04
hermanf: raises $0.06 to $0.12
Dorex2007: calls $0.06
nugonfuts: calls $0.06
*** FLOP *** [5s 4h 7h]
nugonfuts: bets $0.18
hermanf: calls $0.18
Dorex2007: folds 
*** TURN *** [5s 4h 7h] [8s]
nugonfuts: bets $0.35
hermanf: folds 
Uncalled bet ($0.35) returned to nugonfuts
nugonfuts collected $0.70 from pot
*** SUMMARY ***
Total pot $0.73 | Rake $0.03 
Board [5s 4h 7h 8s]
Seat 1: hermanf folded on the Turn
Seat 2: Artur16228 folded before Flop (didn't bet)
Seat 4: Dorex2007 folded on the Flop
Seat 5: igormelchior folded before Flop (didn't bet)
Seat 6: XTLMZUWR folded before Flop (didn't bet)
Seat 7: ChiguireJr (button) folded before Flop (didn't bet)
Seat 8: ocxis (small blind) folded before Flop
Seat 9: nugonfuts (big blind) collected ($0.70)



PokerStars Hand #225788490125:  Hold'em No Limit ($0.01/$0.02 USD) - 2021/04/12 20:21:17 PT [2021/04/12 23:21:17 ET]
Table 'Sadeya' 9-max Seat #8 is the button
Seat 1: hermanf ($1.09 in chips) 
Seat 2: Artur16228 ($1.10 in chips) 
Seat 4: Dorex2007 ($2.54 in chips) 
Seat 5: igormelchior ($1.88 in chips) 
Seat 6: XTLMZUWR ($5.09 in chips) 
Seat 7: ChiguireJr ($2.55 in chips) 
Seat 8: ocxis ($1.30 in chips) 
Seat 9: nugonfuts ($1.20 in chips) 
nugonfuts: posts small blind $0.01
hermanf: posts big blind $0.02
brodude420: sits out 
*** HOLE CARDS ***
Dealt to Dorex2007 [8h Ac]
Artur16228: folds 
Dorex2007: folds 
igormelchior: folds 
XTLMZUWR: folds 
ChiguireJr: folds 
ocxis: raises $0.02 to $0.04
nugonfuts: calls $0.03
hermanf: calls $0.02
*** FLOP *** [Kh Td 5c]
nugonfuts: checks 
hermanf: checks 
ocxis: bets $0.06
nugonfuts: folds 
hermanf: folds 
Uncalled bet ($0.06) returned to ocxis
ocxis collected $0.12 from pot
ocxis: doesn't show hand 
*** SUMMARY ***
Total pot $0.12 | Rake $0 
Board [Kh Td 5c]
Seat 1: hermanf (big blind) folded on the Flop
Seat 2: Artur16228 folded before Flop (didn't bet)
Seat 4: Dorex2007 folded before Flop (didn't bet)
Seat 5: igormelchior folded before Flop (didn't bet)
Seat 6: XTLMZUWR folded before Flop (didn't bet)
Seat 7: ChiguireJr folded before Flop (didn't bet)
Seat 8: ocxis (button) collected ($0.12)
Seat 9: nugonfuts (small blind) folded on the Flop



PokerStars Hand #225788499303:  Hold'em No Limit ($0.01/$0.02 USD) - 2021/04/12 20:22:00 PT [2021/04/12 23:22:00 ET]
Table 'Sadeya' 9-max Seat #9 is the button
Seat 1: hermanf ($1.05 in chips) 
Seat 2: Artur16228 ($1.10 in chips) 
Seat 4: Dorex2007 ($2.54 in chips) 
Seat 5: igormelchior ($1.88 in chips) 
Seat 6: XTLMZUWR ($5.09 in chips) 
Seat 7: ChiguireJr ($2.55 in chips) 
Seat 8: ocxis ($1.38 in chips) 
Seat 9: nugonfuts ($1.16 in chips) 
hermanf: posts small blind $0.01
Artur16228: posts big blind $0.02
brodude420: sits out 
*** HOLE CARDS ***
Dealt to Dorex2007 [Qs 6d]
Dorex2007: folds 
igormelchior has timed out
igormelchior: folds 
XTLMZUWR: folds 
ChiguireJr: folds 
ocxis: calls $0.02
nugonfuts: folds 
hermanf: calls $0.01
Artur16228: checks 
*** FLOP *** [7d Kc 5d]
hermanf: checks 
Artur16228: checks 
ocxis: bets $0.02
hermanf: folds 
Artur16228: calls $0.02
*** TURN *** [7d Kc 5d] [7h]
Artur16228: checks 
ocxis: bets $0.02
Artur16228: folds 
Uncalled bet ($0.02) returned to ocxis
ocxis collected $0.10 from pot
ocxis: doesn't show hand 
*** SUMMARY ***
Total pot $0.10 | Rake $0 
Board [7d Kc 5d 7h]
Seat 1: hermanf (small blind) folded on the Flop
Seat 2: Artur16228 (big blind) folded on the Turn
Seat 4: Dorex2007 folded before Flop (didn't bet)
Seat 5: igormelchior folded before Flop (didn't bet)
Seat 6: XTLMZUWR folded before Flop (didn't bet)
Seat 7: ChiguireJr folded before Flop (didn't bet)
Seat 8: ocxis collected ($0.10)
Seat 9: nugonfuts (button) folded before Flop (didn't bet)



PokerStars Hand #225788518822:  Hold'em No Limit ($0.01/$0.02 USD) - 2021/04/12 20:23:23 PT [2021/04/12 23:23:23 ET]
Table 'Sadeya' 9-max Seat #1 is the button
Seat 1: hermanf ($1.03 in chips) 
Seat 2: Artur16228 ($1.06 in chips) 
Seat 3: brodude420 ($0.80 in chips) 
Seat 4: Dorex2007 ($2.54 in chips) 
Seat 5: igormelchior ($1.88 in chips) 
Seat 6: XTLMZUWR ($5.09 in chips) 
Seat 7: ChiguireJr ($2.55 in chips) 
Seat 8: ocxis ($1.44 in chips) 
Seat 9: nugonfuts ($1.16 in chips) 
Artur16228: posts small blind $0.01
brodude420: posts big blind $0.02
*** HOLE CARDS ***
Dealt to Dorex2007 [3h 9h]
Dorex2007: folds 
igormelchior: folds 
XTLMZUWR: folds 
ChiguireJr: folds 
ocxis: folds 
nugonfuts: folds 
hermanf: folds 
Artur16228: folds 
Uncalled bet ($0.01) returned to brodude420
brodude420 collected $0.02 from pot
brodude420: doesn't show hand 
*** SUMMARY ***
Total pot $0.02 | Rake $0 
Seat 1: hermanf (button) folded before Flop (didn't bet)
Seat 2: Artur16228 (small blind) folded before Flop
Seat 3: brodude420 (big blind) collected ($0.02)
Seat 4: Dorex2007 folded before Flop (didn't bet)
Seat 5: igormelchior folded before Flop (didn't bet)
Seat 6: XTLMZUWR folded before Flop (didn't bet)
Seat 7: ChiguireJr folded before Flop (didn't bet)
Seat 8: ocxis folded before Flop (didn't bet)
Seat 9: nugonfuts folded before Flop (didn't bet)



PokerStars Hand #225788521870:  Hold'em No Limit ($0.01/$0.02 USD) - 2021/04/12 20:23:38 PT [2021/04/12 23:23:38 ET]
Table 'Sadeya' 9-max Seat #2 is the button
Seat 1: hermanf ($1.03 in chips) 
Seat 2: Artur16228 ($1.05 in chips) 
Seat 3: brodude420 ($0.81 in chips) 
Seat 4: Dorex2007 ($2.54 in chips) 
Seat 5: igormelchior ($1.88 in chips) 
Seat 6: XTLMZUWR ($5.09 in chips) 
Seat 7: ChiguireJr ($2.55 in chips) 
Seat 8: ocxis ($1.44 in chips) 
Seat 9: nugonfuts ($1.16 in chips) 
brodude420: posts small blind $0.01
Dorex2007: posts big blind $0.02
*** HOLE CARDS ***
Dealt to Dorex2007 [Tc 2d]
igormelchior: folds 
XTLMZUWR: folds 
ChiguireJr: folds 
ocxis: calls $0.02
nugonfuts: folds 
hermanf: folds 
Artur16228: folds 
brodude420: calls $0.01
Dorex2007: checks 
*** FLOP *** [2s Kh 9c]
brodude420: checks 
Dorex2007: checks 
ocxis: checks 
*** TURN *** [2s Kh 9c] [Ks]
brodude420: bets $0.02
Dorex2007: folds 
ocxis: calls $0.02
*** RIVER *** [2s Kh 9c Ks] [Ac]
brodude420: bets $0.10
ocxis: folds 
Uncalled bet ($0.10) returned to brodude420
brodude420 collected $0.10 from pot
brodude420: doesn't show hand 
*** SUMMARY ***
Total pot $0.10 | Rake $0 
Board [2s Kh 9c Ks Ac]
Seat 1: hermanf folded before Flop (didn't bet)
Seat 2: Artur16228 (button) folded before Flop (didn't bet)
Seat 3: brodude420 (small blind) collected ($0.10)
Seat 4: Dorex2007 (big blind) folded on the Turn
Seat 5: igormelchior folded before Flop (didn't bet)
Seat 6: XTLMZUWR folded before Flop (didn't bet)
Seat 7: ChiguireJr folded before Flop (didn't bet)
Seat 8: ocxis folded on the River
Seat 9: nugonfuts folded before Flop (didn't bet)



PokerStars Hand #225788545214:  Hold'em No Limit ($0.01/$0.02 USD) - 2021/04/12 20:24:41 PT [2021/04/12 23:24:41 ET]
Table 'Sadeya' 9-max Seat #3 is the button
Seat 1: hermanf ($1.03 in chips) 
Seat 2: Artur16228 ($1.05 in chips) 
Seat 3: brodude420 ($0.87 in chips) 
Seat 4: Dorex2007 ($2.52 in chips) 
Seat 5: igormelchior ($1.88 in chips) 
Seat 6: XTLMZUWR ($5.09 in chips) 
Seat 7: ChiguireJr ($2.55 in chips) 
Seat 8: ocxis ($1.40 in chips) 
Seat 9: nugonfuts ($1.16 in chips) 
Dorex2007: posts small blind $0.01
igormelchior: posts big blind $0.02
*** HOLE CARDS ***
Dealt to Dorex2007 [2d Qh]
XTLMZUWR: folds 
ChiguireJr: folds 
ocxis: folds 
nugonfuts: calls $0.02
hermanf: calls $0.02
Artur16228: calls $0.02
brodude420: calls $0.02
Dorex2007: calls $0.01
igormelchior: checks 
*** FLOP *** [Ad Kc 9c]
Dorex2007: checks 
igormelchior: checks 
nugonfuts: checks 
hermanf: checks 
Artur16228: checks 
brodude420: checks 
*** TURN *** [Ad Kc 9c] [3c]
Dorex2007: checks 
igormelchior: checks 
nugonfuts: checks 
hermanf: checks 
Artur16228: checks 
brodude420: bets $0.12
Dorex2007: folds 
igormelchior: folds 
nugonfuts: folds 
hermanf: folds 
Artur16228: folds 
Uncalled bet ($0.12) returned to brodude420
brodude420 collected $0.12 from pot
brodude420: doesn't show hand 
*** SUMMARY ***
Total pot $0.12 | Rake $0 
Board [Ad Kc 9c 3c]
Seat 1: hermanf folded on the Turn
Seat 2: Artur16228 folded on the Turn
Seat 3: brodude420 (button) collected ($0.12)
Seat 4: Dorex2007 (small blind) folded on the Turn
Seat 5: igormelchior (big blind) folded on the Turn
Seat 6: XTLMZUWR folded before Flop (didn't bet)
Seat 7: ChiguireJr folded before Flop (didn't bet)
Seat 8: ocxis folded before Flop (didn't bet)
Seat 9: nugonfuts folded on the Turn



PokerStars Hand #225788560580:  Hold'em No Limit ($0.01/$0.02 USD) - 2021/04/12 20:25:54 PT [2021/04/12 23:25:54 ET]
Table 'Sadeya' 9-max Seat #4 is the button
Seat 1: hermanf ($1.01 in chips) 
Seat 2: Artur16228 ($1.03 in chips) 
Seat 3: brodude420 ($0.97 in chips) 
Seat 4: Dorex2007 ($2.50 in chips) 
Seat 5: igormelchior ($1.86 in chips) 
Seat 6: XTLMZUWR ($5.09 in chips) 
Seat 7: ChiguireJr ($2.55 in chips) 
Seat 8: ocxis ($1.40 in chips) 
Seat 9: nugonfuts ($1.14 in chips) 
igormelchior: posts small blind $0.01
XTLMZUWR: posts big blind $0.02
*** HOLE CARDS ***
Dealt to Dorex2007 [Td 4c]
ChiguireJr: folds 
ocxis: raises $0.04 to $0.06
nugonfuts: folds 
hermanf: folds 
Artur16228: folds 
brodude420: folds 
Dorex2007: folds 
igormelchior: raises $0.14 to $0.20
XTLMZUWR: folds 
ocxis: calls $0.14
*** FLOP *** [6d 8c 7d]
igormelchior: bets $0.29
ocxis: calls $0.29
*** TURN *** [6d 8c 7d] [2c]
igormelchior: bets $1.37 and is all-in
ocxis: calls $0.91 and is all-in
Uncalled bet ($0.46) returned to igormelchior
*** RIVER *** [6d 8c 7d 2c] [9c]
*** SHOW DOWN ***
igormelchior: shows [Kc Kh] (a pair of Kings)
ocxis: shows [2d Ad] (a pair of Deuces)
igormelchior collected $2.72 from pot
*** SUMMARY ***
Total pot $2.82 | Rake $0.10 
Board [6d 8c 7d 2c 9c]
Seat 1: hermanf folded before Flop (didn't bet)
Seat 2: Artur16228 folded before Flop (didn't bet)
Seat 3: brodude420 folded before Flop (didn't bet)
Seat 4: Dorex2007 (button) folded before Flop (didn't bet)
Seat 5: igormelchior (small blind) showed [Kc Kh] and won ($2.72) with a pair of Kings
Seat 6: XTLMZUWR (big blind) folded before Flop
Seat 7: ChiguireJr folded before Flop (didn't bet)
Seat 8: ocxis showed [2d Ad] and lost with a pair of Deuces
Seat 9: nugonfuts folded before Flop (didn't bet)



PokerStars Hand #225788570798:  Hold'em No Limit ($0.01/$0.02 USD) - 2021/04/12 20:26:42 PT [2021/04/12 23:26:42 ET]
Table 'Sadeya' 9-max Seat #5 is the button
Seat 1: hermanf ($1.01 in chips) 
Seat 2: Artur16228 ($1.03 in chips) 
Seat 3: brodude420 ($0.97 in chips) 
Seat 4: Dorex2007 ($2.50 in chips) 
Seat 5: igormelchior ($3.18 in chips) 
Seat 6: XTLMZUWR ($5.07 in chips) 
Seat 7: ChiguireJr ($2.55 in chips) 
Seat 9: nugonfuts ($1.14 in chips) 
XTLMZUWR: posts small blind $0.01
ChiguireJr: posts big blind $0.02
*** HOLE CARDS ***
Dealt to Dorex2007 [9h 5s]
nugonfuts: calls $0.02
hermanf: folds 
Artur16228: folds 
ocxis leaves the table
brodude420: calls $0.02
Dorex2007: folds 
igormelchior: folds 
XTLMZUWR: folds 
ChiguireJr: checks 
*** FLOP *** [9d 6c 8d]
ChiguireJr: checks 
nugonfuts: checks 
brodude420: bets $0.02
ChiguireJr: folds 
nugonfuts: calls $0.02
*** TURN *** [9d 6c 8d] [9c]
warhammer0000 joins the table at seat #8 
nugonfuts: checks 
brodude420: bets $0.02
nugonfuts: calls $0.02
*** RIVER *** [9d 6c 8d 9c] [8s]
nugonfuts: checks 
brodude420: bets $0.07
nugonfuts: folds 
Uncalled bet ($0.07) returned to brodude420
brodude420 collected $0.14 from pot
brodude420: doesn't show hand 
*** SUMMARY ***
Total pot $0.15 | Rake $0.01 
Board [9d 6c 8d 9c 8s]
Seat 1: hermanf folded before Flop (didn't bet)
Seat 2: Artur16228 folded before Flop (didn't bet)
Seat 3: brodude420 collected ($0.14)
Seat 4: Dorex2007 folded before Flop (didn't bet)
Seat 5: igormelchior (button) folded before Flop (didn't bet)
Seat 6: XTLMZUWR (small blind) folded before Flop
Seat 7: ChiguireJr (big blind) folded on the Flop
Seat 9: nugonfuts folded on the River



PokerStars Hand #225788583309:  Hold'em No Limit ($0.01/$0.02 USD) - 2021/04/12 20:27:42 PT [2021/04/12 23:27:42 ET]
Table 'Sadeya' 9-max Seat #6 is the button
Seat 1: hermanf ($1.01 in chips) 
Seat 2: Artur16228 ($1.03 in chips) 
Seat 3: brodude420 ($1.05 in chips) 
Seat 4: Dorex2007 ($2.50 in chips) 
Seat 5: igormelchior ($3.18 in chips) 
Seat 6: XTLMZUWR ($5.06 in chips) 
Seat 7: ChiguireJr ($2.53 in chips) 
Seat 8: warhammer0000 ($0.80 in chips) 
Seat 9: nugonfuts ($1.08 in chips) 
ChiguireJr: posts small blind $0.01
warhammer0000: posts big blind $0.02
*** HOLE CARDS ***
Dealt to Dorex2007 [Qc 2h]
nugonfuts: calls $0.02
hermanf: calls $0.02
Artur16228: folds 
brodude420: calls $0.02
Dorex2007: folds 
igormelchior: raises $0.11 to $0.13
XTLMZUWR: folds 
ChiguireJr: folds 
warhammer0000: folds 
nugonfuts: calls $0.11
hermanf: folds 
brodude420: folds 
*** FLOP *** [4h Td 8h]
nugonfuts: checks 
igormelchior: bets $0.22
nugonfuts: folds 
Uncalled bet ($0.22) returned to igormelchior
igormelchior collected $0.32 from pot
igormelchior: doesn't show hand 
*** SUMMARY ***
Total pot $0.33 | Rake $0.01 
Board [4h Td 8h]
Seat 1: hermanf folded before Flop
Seat 2: Artur16228 folded before Flop (didn't bet)
Seat 3: brodude420 folded before Flop
Seat 4: Dorex2007 folded before Flop (didn't bet)
Seat 5: igormelchior collected ($0.32)
Seat 6: XTLMZUWR (button) folded before Flop (didn't bet)
Seat 7: ChiguireJr (small blind) folded before Flop
Seat 8: warhammer0000 (big blind) folded before Flop
Seat 9: nugonfuts folded on the Flop



PokerStars Hand #225788591095:  Hold'em No Limit ($0.01/$0.02 USD) - 2021/04/12 20:28:19 PT [2021/04/12 23:28:19 ET]
Table 'Sadeya' 9-max Seat #7 is the button
Seat 1: hermanf ($0.99 in chips) 
Seat 2: Artur16228 ($1.03 in chips) 
Seat 3: brodude420 ($1.03 in chips) 
Seat 4: Dorex2007 ($2.50 in chips) 
Seat 5: igormelchior ($3.37 in chips) 
Seat 6: XTLMZUWR ($5.06 in chips) 
Seat 7: ChiguireJr ($2.52 in chips) 
Seat 8: warhammer0000 ($0.78 in chips) 
Seat 9: nugonfuts ($0.95 in chips) 
warhammer0000: posts small blind $0.01
nugonfuts: posts big blind $0.02
*** HOLE CARDS ***
Dealt to Dorex2007 [3h 3d]
hermanf: folds 
Artur16228: raises $0.02 to $0.04
brodude420: folds 
Dorex2007: folds 
igormelchior: folds 
XTLMZUWR: folds 
ChiguireJr: folds 
warhammer0000: folds 
nugonfuts: folds 
Uncalled bet ($0.02) returned to Artur16228
Artur16228 collected $0.05 from pot
Artur16228: doesn't show hand 
*** SUMMARY ***
Total pot $0.05 | Rake $0 
Seat 1: hermanf folded before Flop (didn't bet)
Seat 2: Artur16228 collected ($0.05)
Seat 3: brodude420 folded before Flop (didn't bet)
Seat 4: Dorex2007 folded before Flop (didn't bet)
Seat 5: igormelchior folded before Flop (didn't bet)
Seat 6: XTLMZUWR folded before Flop (didn't bet)
Seat 7: ChiguireJr (button) folded before Flop (didn't bet)
Seat 8: warhammer0000 (small blind) folded before Flop
Seat 9: nugonfuts (big blind) folded before Flop



PokerStars Hand #225788593780:  Hold'em No Limit ($0.01/$0.02 USD) - 2021/04/12 20:28:31 PT [2021/04/12 23:28:31 ET]
Table 'Sadeya' 9-max Seat #8 is the button
Seat 1: hermanf ($0.99 in chips) 
Seat 2: Artur16228 ($1.06 in chips) 
Seat 3: brodude420 ($1.03 in chips) 
Seat 4: Dorex2007 ($2.50 in chips) 
Seat 5: igormelchior ($3.37 in chips) 
Seat 6: XTLMZUWR ($5.06 in chips) 
Seat 7: ChiguireJr ($2.52 in chips) 
Seat 8: warhammer0000 ($0.77 in chips) 
Seat 9: nugonfuts ($0.93 in chips) 
nugonfuts: posts small blind $0.01
hermanf: posts big blind $0.02
*** HOLE CARDS ***
Dealt to Dorex2007 [6h 9c]
Artur16228: folds 
brodude420: folds 
Dorex2007: folds 
igormelchior: raises $0.03 to $0.05
XTLMZUWR: folds 
ChiguireJr: folds 
warhammer0000: folds 
nugonfuts: calls $0.04
hermanf: folds 
*** FLOP *** [Js Kc 4h]
nugonfuts: checks 
igormelchior: checks 
*** TURN *** [Js Kc 4h] [8h]
nugonfuts: checks 
igormelchior: bets $0.05
nugonfuts: folds 
Uncalled bet ($0.05) returned to igormelchior
igormelchior collected $0.12 from pot
igormelchior: doesn't show hand 
*** SUMMARY ***
Total pot $0.12 | Rake $0 
Board [Js Kc 4h 8h]
Seat 1: hermanf (big blind) folded before Flop
Seat 2: Artur16228 folded before Flop (didn't bet)
Seat 3: brodude420 folded before Flop (didn't bet)
Seat 4: Dorex2007 folded before Flop (didn't bet)
Seat 5: igormelchior collected ($0.12)
Seat 6: XTLMZUWR folded before Flop (didn't bet)
Seat 7: ChiguireJr folded before Flop (didn't bet)
Seat 8: warhammer0000 (button) folded before Flop (didn't bet)
Seat 9: nugonfuts (small blind) folded on the Turn



PokerStars Hand #225788601979:  Hold'em No Limit ($0.01/$0.02 USD) - 2021/04/12 20:29:11 PT [2021/04/12 23:29:11 ET]
Table 'Sadeya' 9-max Seat #9 is the button
Seat 1: hermanf ($0.97 in chips) 
Seat 2: Artur16228 ($1.06 in chips) 
Seat 3: brodude420 ($1.03 in chips) 
Seat 4: Dorex2007 ($2.50 in chips) 
Seat 5: igormelchior ($3.44 in chips) 
Seat 6: XTLMZUWR ($5.06 in chips) 
Seat 7: ChiguireJr ($2.52 in chips) 
Seat 8: warhammer0000 ($0.77 in chips) 
Seat 9: nugonfuts ($0.88 in chips) 
hermanf: posts small blind $0.01
Artur16228: posts big blind $0.02
*** HOLE CARDS ***
Dealt to Dorex2007 [Ks 4s]
brodude420: folds 
Dorex2007: folds 
igormelchior: folds 
XTLMZUWR: folds 
ChiguireJr: raises $0.04 to $0.06
warhammer0000: folds 
nugonfuts: folds 
hermanf: folds 
Artur16228: folds 
Uncalled bet ($0.04) returned to ChiguireJr
ChiguireJr collected $0.05 from pot
*** SUMMARY ***
Total pot $0.05 | Rake $0 
Seat 1: hermanf (small blind) folded before Flop
Seat 2: Artur16228 (big blind) folded before Flop
Seat 3: brodude420 folded before Flop (didn't bet)
Seat 4: Dorex2007 folded before Flop (didn't bet)
Seat 5: igormelchior folded before Flop (didn't bet)
Seat 6: XTLMZUWR folded before Flop (didn't bet)
Seat 7: ChiguireJr collected ($0.05)
Seat 8: warhammer0000 folded before Flop (didn't bet)
Seat 9: nugonfuts (button) folded before Flop (didn't bet)



PokerStars Hand #225788609766:  Hold'em No Limit ($0.01/$0.02 USD) - 2021/04/12 20:29:48 PT [2021/04/12 23:29:48 ET]
Table 'Sadeya' 9-max Seat #1 is the button
Seat 1: hermanf ($0.96 in chips) 
Seat 2: Artur16228 ($1.04 in chips) 
Seat 3: brodude420 ($1.03 in chips) 
Seat 4: Dorex2007 ($2.50 in chips) 
Seat 5: igormelchior ($3.44 in chips) 
Seat 6: XTLMZUWR ($5.06 in chips) 
Seat 7: ChiguireJr ($2.55 in chips) 
Seat 8: warhammer0000 ($0.77 in chips) 
Seat 9: nugonfuts ($0.88 in chips) 
Artur16228: posts small blind $0.01
brodude420: posts big blind $0.02
*** HOLE CARDS ***
Dealt to Dorex2007 [Ts 5h]
Dorex2007: folds 
igormelchior: folds 
XTLMZUWR: folds 
ChiguireJr: raises $0.04 to $0.06
warhammer0000: folds 
nugonfuts: folds 
hermanf: folds 
Artur16228: folds 
brodude420: calls $0.04
*** FLOP *** [3d 3h Jd]
brodude420: checks 
ChiguireJr: bets $0.06
brodude420: calls $0.06
*** TURN *** [3d 3h Jd] [As]
brodude420: checks 
ChiguireJr: bets $0.13
brodude420: folds 
Uncalled bet ($0.13) returned to ChiguireJr
ChiguireJr collected $0.24 from pot
*** SUMMARY ***
Total pot $0.25 | Rake $0.01 
Board [3d 3h Jd As]
Seat 1: hermanf (button) folded before Flop (didn't bet)
Seat 2: Artur16228 (small blind) folded before Flop
Seat 3: brodude420 (big blind) folded on the Turn
Seat 4: Dorex2007 folded before Flop (didn't bet)
Seat 5: igormelchior folded before Flop (didn't bet)
Seat 6: XTLMZUWR folded before Flop (didn't bet)
Seat 7: ChiguireJr collected ($0.24)
Seat 8: warhammer0000 folded before Flop (didn't bet)
Seat 9: nugonfuts folded before Flop (didn't bet)



PokerStars Hand #225788619424:  Hold'em No Limit ($0.01/$0.02 USD) - 2021/04/12 20:30:34 PT [2021/04/12 23:30:34 ET]
Table 'Sadeya' 9-max Seat #2 is the button
Seat 1: hermanf ($0.96 in chips) 
Seat 2: Artur16228 ($1.03 in chips) 
Seat 3: brodude420 ($0.91 in chips) 
Seat 4: Dorex2007 ($2.50 in chips) 
Seat 5: igormelchior ($3.44 in chips) 
Seat 6: XTLMZUWR ($5.06 in chips) 
Seat 7: ChiguireJr ($2.67 in chips) 
Seat 8: warhammer0000 ($0.77 in chips) 
Seat 9: nugonfuts ($0.88 in chips) 
brodude420: posts small blind $0.01
Dorex2007: posts big blind $0.02
*** HOLE CARDS ***
Dealt to Dorex2007 [Jd Ac]
igormelchior: folds 
XTLMZUWR: folds 
ChiguireJr: folds 
warhammer0000: folds 
nugonfuts: folds 
hermanf: raises $0.02 to $0.04
Artur16228: folds 
brodude420: calls $0.03
nugonfuts leaves the table
Dorex2007: raises $0.10 to $0.14
hermanf: raises $0.82 to $0.96 and is all-in
brodude420: folds 
Dorex2007: calls $0.82
*** FLOP *** [8s Jh 2s]
*** TURN *** [8s Jh 2s] [Qh]
*** RIVER *** [8s Jh 2s Qh] [3h]
*** SHOW DOWN ***
Dorex2007: shows [Jd Ac] (a pair of Jacks)
hermanf: shows [Kh As] (high card Ace)
Realtor59 joins the table at seat #9 
Dorex2007 collected $1.89 from pot
*** SUMMARY ***
Total pot $1.96 | Rake $0.07 
Board [8s Jh 2s Qh 3h]
Seat 1: hermanf showed [Kh As] and lost with high card Ace
Seat 2: Artur16228 (button) folded before Flop (didn't bet)
Seat 3: brodude420 (small blind) folded before Flop
Seat 4: Dorex2007 (big blind) showed [Jd Ac] and won ($1.89) with a pair of Jacks
Seat 5: igormelchior folded before Flop (didn't bet)
Seat 6: XTLMZUWR folded before Flop (didn't bet)
Seat 7: ChiguireJr folded before Flop (didn't bet)
Seat 8: warhammer0000 folded before Flop (didn't bet)
Seat 9: nugonfuts folded before Flop (didn't bet)



PokerStars Hand #225788640849:  Hold'em No Limit ($0.01/$0.02 USD) - 2021/04/12 20:31:29 PT [2021/04/12 23:31:29 ET]
Table 'Sadeya' 9-max Seat #3 is the button
Seat 2: Artur16228 ($1.03 in chips) 
Seat 3: brodude420 ($0.87 in chips) 
Seat 4: Dorex2007 ($3.43 in chips) 
Seat 6: XTLMZUWR ($5.06 in chips) 
Seat 7: ChiguireJr ($2.67 in chips) 
Seat 8: warhammer0000 ($0.77 in chips) 
Dorex2007: posts small blind $0.01
igormelchior: is sitting out 
XTLMZUWR: posts big blind $0.02
Realtor59: sits out 
*** HOLE CARDS ***
Dealt to Dorex2007 [Qs 3c]
ChiguireJr: folds 
igormelchior leaves the table
warhammer0000: folds 
Artur16228: folds 
brodude420: raises $0.02 to $0.04
Dorex2007: folds 
XTLMZUWR: folds 
Uncalled bet ($0.02) returned to brodude420
brodude420 collected $0.05 from pot
hermanf leaves the table
brodude420: doesn't show hand 
*** SUMMARY ***
Total pot $0.05 | Rake $0 
Seat 2: Artur16228 folded before Flop (didn't bet)
Seat 3: brodude420 (button) collected ($0.05)
Seat 4: Dorex2007 (small blind) folded before Flop
Seat 6: XTLMZUWR (big blind) folded before Flop
Seat 7: ChiguireJr folded before Flop (didn't bet)
Seat 8: warhammer0000 folded before Flop (didn't bet)



PokerStars Hand #225788644344:  Hold'em No Limit ($0.01/$0.02 USD) - 2021/04/12 20:31:46 PT [2021/04/12 23:31:46 ET]
Table 'Sadeya' 9-max Seat #4 is the button
Seat 2: Artur16228 ($1.03 in chips) 
Seat 3: brodude420 ($0.90 in chips) 
Seat 4: Dorex2007 ($3.42 in chips) 
Seat 6: XTLMZUWR ($5.04 in chips) 
Seat 7: ChiguireJr ($2.67 in chips) 
Seat 8: warhammer0000 ($0.77 in chips) 
XTLMZUWR: posts small blind $0.01
ChiguireJr: posts big blind $0.02
Realtor59: sits out 
*** HOLE CARDS ***
Dealt to Dorex2007 [Kh 8d]
warhammer0000: calls $0.02
Artur16228: folds 
brodude420: calls $0.02
Dorex2007: folds 
XTLMZUWR: folds 
ChiguireJr: checks 
*** FLOP *** [4h 4d 9c]
ChiguireJr: checks 
warhammer0000: checks 
brodude420: checks 
*** TURN *** [4h 4d 9c] [6c]
ChiguireJr: checks 
warhammer0000: checks 
brodude420: checks 
*** RIVER *** [4h 4d 9c 6c] [5d]
ChiguireJr: checks 
warhammer0000: bets $0.07
brodude420: folds 
hoda88760 joins the table at seat #5 
anntonio7 joins the table at seat #1 
ChiguireJr: folds 
Uncalled bet ($0.07) returned to warhammer0000
warhammer0000 collected $0.07 from pot
warhammer0000: doesn't show hand 
*** SUMMARY ***
Total pot $0.07 | Rake $0 
Board [4h 4d 9c 6c 5d]
Seat 2: Artur16228 folded before Flop (didn't bet)
Seat 3: brodude420 folded on the River
Seat 4: Dorex2007 (button) folded before Flop (didn't bet)
Seat 6: XTLMZUWR (small blind) folded before Flop
Seat 7: ChiguireJr (big blind) folded on the River
Seat 8: warhammer0000 collected ($0.07)



PokerStars Hand #225788654854:  Hold'em No Limit ($0.01/$0.02 USD) - 2021/04/12 20:32:38 PT [2021/04/12 23:32:38 ET]
Table 'Sadeya' 9-max Seat #6 is the button
Seat 2: Artur16228 ($1.03 in chips) 
Seat 3: brodude420 ($0.88 in chips) 
Seat 4: Dorex2007 ($3.42 in chips) 
Seat 5: hoda88760 ($1.60 in chips) 
Seat 6: XTLMZUWR ($5.03 in chips) 
Seat 7: ChiguireJr ($2.65 in chips) 
Seat 8: warhammer0000 ($0.82 in chips) 
ChiguireJr: posts small blind $0.01
warhammer0000: posts big blind $0.02
Realtor59: sits out 
anntonio7: sits out 
hoda88760: posts big blind $0.02
*** HOLE CARDS ***
Dealt to Dorex2007 [5s Ad]
Artur16228: folds 
brodude420: calls $0.02
Dorex2007: folds 
hoda88760: checks 
XTLMZUWR: folds 
ChiguireJr: folds 
warhammer0000: checks 
*** FLOP *** [3d Jd Kd]
warhammer0000: checks 
brodude420: checks 
hoda88760: checks 
*** TURN *** [3d Jd Kd] [Qd]
warhammer0000: checks 
brodude420: bets $0.02
hoda88760: folds 
warhammer0000: folds 
Uncalled bet ($0.02) returned to brodude420
brodude420 collected $0.07 from pot
brodude420: doesn't show hand 
*** SUMMARY ***
Total pot $0.07 | Rake $0 
Board [3d Jd Kd Qd]
Seat 2: Artur16228 folded before Flop (didn't bet)
Seat 3: brodude420 collected ($0.07)
Seat 4: Dorex2007 folded before Flop (didn't bet)
Seat 5: hoda88760 folded on the Turn (didn't bet)
Seat 6: XTLMZUWR (button) folded before Flop (didn't bet)
Seat 7: ChiguireJr (small blind) folded before Flop
Seat 8: warhammer0000 (big blind) folded on the Turn



PokerStars Hand #225788660632:  Hold'em No Limit ($0.01/$0.02 USD) - 2021/04/12 20:33:06 PT [2021/04/12 23:33:06 ET]
Table 'Sadeya' 9-max Seat #7 is the button
Seat 2: Artur16228 ($1.03 in chips) 
Seat 3: brodude420 ($0.93 in chips) 
Seat 4: Dorex2007 ($3.42 in chips) 
Seat 5: hoda88760 ($1.58 in chips) 
Seat 6: XTLMZUWR ($5.03 in chips) 
Seat 7: ChiguireJr ($2.64 in chips) 
Seat 8: warhammer0000 ($0.80 in chips) 
Seat 9: Realtor59 ($1.50 in chips) 
warhammer0000: posts small blind $0.01
Realtor59: posts big blind $0.02
anntonio7: sits out 
*** HOLE CARDS ***
Dealt to Dorex2007 [4d 5s]
Artur16228 has timed out
Artur16228: folds 
brodude420: folds 
Dorex2007: folds 
hoda88760: calls $0.02
XTLMZUWR: folds 
ChiguireJr: folds 
warhammer0000: calls $0.01
Realtor59: checks 
*** FLOP *** [7d 7c Kc]
warhammer0000: checks 
Realtor59: checks 
hoda88760: checks 
*** TURN *** [7d 7c Kc] [Kh]
warhammer0000: checks 
Realtor59: checks 
hoda88760: checks 
*** RIVER *** [7d 7c Kc Kh] [3c]
warhammer0000: checks 
Realtor59: checks 
hoda88760: checks 
*** SHOW DOWN ***
warhammer0000: shows [9h Tc] (two pair, Kings and Sevens)
Realtor59: shows [Qs 3d] (two pair, Kings and Sevens - Queen kicker)
hoda88760: shows [5d Ah] (two pair, Kings and Sevens - Ace kicker)
hoda88760 collected $0.06 from pot
*** SUMMARY ***
Total pot $0.06 | Rake $0 
Board [7d 7c Kc Kh 3c]
Seat 2: Artur16228 folded before Flop (didn't bet)
Seat 3: brodude420 folded before Flop (didn't bet)
Seat 4: Dorex2007 folded before Flop (didn't bet)
Seat 5: hoda88760 showed [5d Ah] and won ($0.06) with two pair, Kings and Sevens
Seat 6: XTLMZUWR folded before Flop (didn't bet)
Seat 7: ChiguireJr (button) folded before Flop (didn't bet)
Seat 8: warhammer0000 (small blind) showed [9h Tc] and lost with two pair, Kings and Sevens
Seat 9: Realtor59 (big blind) showed [Qs 3d] and lost with two pair, Kings and Sevens



PokerStars Hand #225788668991:  Hold'em No Limit ($0.01/$0.02 USD) - 2021/04/12 20:33:46 PT [2021/04/12 23:33:46 ET]
Table 'Sadeya' 9-max Seat #8 is the button
Seat 1: anntonio7 ($2 in chips) 
Seat 2: Artur16228 ($1.03 in chips) 
Seat 3: brodude420 ($0.93 in chips) 
Seat 4: Dorex2007 ($3.42 in chips) 
Seat 5: hoda88760 ($1.62 in chips) 
Seat 6: XTLMZUWR ($5.03 in chips) 
Seat 7: ChiguireJr ($2.64 in chips) 
Seat 8: warhammer0000 ($0.78 in chips) 
Seat 9: Realtor59 ($1.48 in chips) 
Realtor59: posts small blind $0.01
anntonio7: posts big blind $0.02
*** HOLE CARDS ***
Dealt to Dorex2007 [5c 2c]
Artur16228: folds 
Artur16228 leaves the table
brodude420: calls $0.02
Dorex2007: folds 
hoda88760: folds 
XTLMZUWR: folds 
ChiguireJr: folds 
warhammer0000: raises $0.04 to $0.06
Realtor59: folds 
fed3.garcia_ joins the table at seat #2 
anntonio7: folds 
brodude420: calls $0.04
*** FLOP *** [9c 8s Td]
brodude420: checks 
warhammer0000: bets $0.07
brodude420: folds 
Uncalled bet ($0.07) returned to warhammer0000
warhammer0000 collected $0.14 from pot
warhammer0000: doesn't show hand 
*** SUMMARY ***
Total pot $0.15 | Rake $0.01 
Board [9c 8s Td]
Seat 1: anntonio7 (big blind) folded before Flop
Seat 2: Artur16228 folded before Flop (didn't bet)
Seat 3: brodude420 folded on the Flop
Seat 4: Dorex2007 folded before Flop (didn't bet)
Seat 5: hoda88760 folded before Flop (didn't bet)
Seat 6: XTLMZUWR folded before Flop (didn't bet)
Seat 7: ChiguireJr folded before Flop (didn't bet)
Seat 8: warhammer0000 (button) collected ($0.14)
Seat 9: Realtor59 (small blind) folded before Flop



PokerStars Hand #225788682827:  Hold'em No Limit ($0.01/$0.02 USD) - 2021/04/12 20:34:26 PT [2021/04/12 23:34:26 ET]
Table 'Sadeya' 9-max Seat #9 is the button
Seat 1: anntonio7 ($1.98 in chips) 
Seat 2: fed3.garcia_ ($0.80 in chips) 
Seat 3: brodude420 ($0.87 in chips) 
Seat 4: Dorex2007 ($3.42 in chips) 
Seat 5: hoda88760 ($1.62 in chips) 
Seat 6: XTLMZUWR ($5.03 in chips) 
Seat 7: ChiguireJr ($2.64 in chips) 
Seat 8: warhammer0000 ($0.86 in chips) 
Seat 9: Realtor59 ($1.47 in chips) 
anntonio7: posts small blind $0.01
fed3.garcia_: posts big blind $0.02
*** HOLE CARDS ***
Dealt to Dorex2007 [Th 6d]
brodude420: folds 
Dorex2007: folds 
hoda88760: folds 
XTLMZUWR: folds 
ChiguireJr: folds 
warhammer0000: calls $0.02
Realtor59: raises $0.02 to $0.04
anntonio7: folds 
fed3.garcia_: folds 
warhammer0000: calls $0.02
*** FLOP *** [2c 8c 8h]
warhammer0000: bets $0.11
Realtor59: folds 
Uncalled bet ($0.11) returned to warhammer0000
warhammer0000 collected $0.11 from pot
warhammer0000: doesn't show hand 
*** SUMMARY ***
Total pot $0.11 | Rake $0 
Board [2c 8c 8h]
Seat 1: anntonio7 (small blind) folded before Flop
Seat 2: fed3.garcia_ (big blind) folded before Flop
Seat 3: brodude420 folded before Flop (didn't bet)
Seat 4: Dorex2007 folded before Flop (didn't bet)
Seat 5: hoda88760 folded before Flop (didn't bet)
Seat 6: XTLMZUWR folded before Flop (didn't bet)
Seat 7: ChiguireJr folded before Flop (didn't bet)
Seat 8: warhammer0000 collected ($0.11)
Seat 9: Realtor59 (button) folded on the Flop



PokerStars Hand #225788690275:  Hold'em No Limit ($0.01/$0.02 USD) - 2021/04/12 20:35:02 PT [2021/04/12 23:35:02 ET]
Table 'Sadeya' 9-max Seat #1 is the button
Seat 1: anntonio7 ($1.97 in chips) 
Seat 2: fed3.garcia_ ($0.78 in chips) 
Seat 3: brodude420 ($0.87 in chips) 
Seat 4: Dorex2007 ($3.42 in chips) 
Seat 5: hoda88760 ($1.62 in chips) 
Seat 6: XTLMZUWR ($5.03 in chips) 
Seat 7: ChiguireJr ($2.64 in chips) 
Seat 8: warhammer0000 ($0.93 in chips) 
Seat 9: Realtor59 ($1.43 in chips) 
fed3.garcia_: posts small blind $0.01
brodude420: posts big blind $0.02
*** HOLE CARDS ***
Dealt to Dorex2007 [9c Js]
Dorex2007: folds 
hoda88760: folds 
XTLMZUWR: raises $0.05 to $0.07
ChiguireJr: raises $0.15 to $0.22
warhammer0000: folds 
Realtor59: folds 
anntonio7 has timed out
anntonio7: folds 
fed3.garcia_: folds 
brodude420: folds 
anntonio7 is disconnected 
XTLMZUWR: calls $0.15
*** FLOP *** [7c 3h Tc]
XTLMZUWR: checks 
ChiguireJr: bets $0.25
XTLMZUWR: calls $0.25
*** TURN *** [7c 3h Tc] [5h]
XTLMZUWR: checks 
ChiguireJr: checks 
*** RIVER *** [7c 3h Tc 5h] [2c]
XTLMZUWR: bets $0.71
ChiguireJr: folds 
Uncalled bet ($0.71) returned to XTLMZUWR
XTLMZUWR collected $0.94 from pot
XTLMZUWR: doesn't show hand 
*** SUMMARY ***
Total pot $0.97 | Rake $0.03 
Board [7c 3h Tc 5h 2c]
Seat 1: anntonio7 (button) folded before Flop (didn't bet)
Seat 2: fed3.garcia_ (small blind) folded before Flop
Seat 3: brodude420 (big blind) folded before Flop
Seat 4: Dorex2007 folded before Flop (didn't bet)
Seat 5: hoda88760 folded before Flop (didn't bet)
Seat 6: XTLMZUWR collected ($0.94)
Seat 7: ChiguireJr folded on the River
Seat 8: warhammer0000 folded before Flop (didn't bet)
Seat 9: Realtor59 folded before Flop (didn't bet)



PokerStars Hand #225788711871:  Hold'em No Limit ($0.01/$0.02 USD) - 2021/04/12 20:36:48 PT [2021/04/12 23:36:48 ET]
Table 'Sadeya' 9-max Seat #2 is the button
Seat 1: anntonio7 ($1.97 in chips) 
Seat 2: fed3.garcia_ ($0.77 in chips) 
Seat 3: brodude420 ($0.85 in chips) 
Seat 4: Dorex2007 ($3.42 in chips) 
Seat 5: hoda88760 ($1.62 in chips) 
Seat 6: XTLMZUWR ($5.50 in chips) 
Seat 7: ChiguireJr ($2.17 in chips) 
Seat 8: warhammer0000 ($0.93 in chips) 
Seat 9: Realtor59 ($1.43 in chips) 
brodude420: posts small blind $0.01
Dorex2007: posts big blind $0.02
*** HOLE CARDS ***
Dealt to Dorex2007 [2c 6d]
hoda88760 has timed out
hoda88760: folds 
XTLMZUWR: folds 
ChiguireJr: folds 
warhammer0000: raises $0.04 to $0.06
Realtor59: calls $0.06
anntonio7: raises $0.10 to $0.16
fed3.garcia_: folds 
brodude420: calls $0.15
Dorex2007: folds 
warhammer0000: calls $0.10
Realtor59: calls $0.10
*** FLOP *** [4d 8c 5d]
brodude420: checks 
warhammer0000: checks 
Realtor59: bets $0.16
anntonio7: raises $0.96 to $1.12
brodude420: folds 
warhammer0000: calls $0.77 and is all-in
Realtor59: folds 
Uncalled bet ($0.35) returned to anntonio7
*** TURN *** [4d 8c 5d] [Tc]
*** RIVER *** [4d 8c 5d Tc] [Js]
*** SHOW DOWN ***
warhammer0000: shows [9d Ad] (high card Ace)
anntonio7: shows [Kh Kd] (a pair of Kings)
anntonio7 collected $2.28 from pot
*** SUMMARY ***
Total pot $2.36 | Rake $0.08 
Board [4d 8c 5d Tc Js]
Seat 1: anntonio7 showed [Kh Kd] and won ($2.28) with a pair of Kings
Seat 2: fed3.garcia_ (button) folded before Flop (didn't bet)
Seat 3: brodude420 (small blind) folded on the Flop
Seat 4: Dorex2007 (big blind) folded before Flop
Seat 5: hoda88760 folded before Flop (didn't bet)
Seat 6: XTLMZUWR folded before Flop (didn't bet)
Seat 7: ChiguireJr folded before Flop (didn't bet)
Seat 8: warhammer0000 showed [9d Ad] and lost with high card Ace
Seat 9: Realtor59 folded on the Flop



PokerStars Hand #225788726817:  Hold'em No Limit ($0.01/$0.02 USD) - 2021/04/12 20:38:02 PT [2021/04/12 23:38:02 ET]
Table 'Sadeya' 9-max Seat #3 is the button
Seat 1: anntonio7 ($3.32 in chips) 
Seat 2: fed3.garcia_ ($0.77 in chips) 
Seat 3: brodude420 ($0.69 in chips) 
Seat 4: Dorex2007 ($3.40 in chips) 
Seat 5: hoda88760 ($1.62 in chips) 
Seat 6: XTLMZUWR ($5.50 in chips) 
Seat 7: ChiguireJr ($2.17 in chips) 
Seat 9: Realtor59 ($1.11 in chips) 
Dorex2007: posts small blind $0.01
hoda88760: posts big blind $0.02
*** HOLE CARDS ***
Dealt to Dorex2007 [9s 8s]
warhammer0000 leaves the table
XTLMZUWR: folds 
ChiguireJr: raises $0.04 to $0.06
Realtor59: folds 
anntonio7 has timed out
anntonio7: folds 
fed3.garcia_: calls $0.06
brodude420: calls $0.06
Dorex2007: calls $0.05
hoda88760: calls $0.04
*** FLOP *** [Qs Kh Jh]
Dorex2007: checks 
hoda88760: checks 
ChiguireJr: checks 
fed3.garcia_: checks 
Ateu66 joins the table at seat #8 
brodude420: bets $0.02
Dorex2007: calls $0.02
hoda88760: calls $0.02
ChiguireJr: calls $0.02
fed3.garcia_: calls $0.02
*** TURN *** [Qs Kh Jh] [9d]
Dorex2007: bets $0.26
hoda88760: calls $0.26
ChiguireJr: folds 
fed3.garcia_: folds 
brodude420: calls $0.26
*** RIVER *** [Qs Kh Jh 9d] [7s]
Dorex2007: checks 
hoda88760: bets $1.14
brodude420: calls $0.35 and is all-in
Dorex2007: folds 
Uncalled bet ($0.79) returned to hoda88760
*** SHOW DOWN ***
hoda88760: shows [Th 2s] (a straight, Nine to King)
brodude420: shows [Ac Kd] (a pair of Kings)
hoda88760 collected $1.81 from pot
*** SUMMARY ***
Total pot $1.88 | Rake $0.07 
Board [Qs Kh Jh 9d 7s]
Seat 1: anntonio7 folded before Flop (didn't bet)
Seat 2: fed3.garcia_ folded on the Turn
Seat 3: brodude420 (button) showed [Ac Kd] and lost with a pair of Kings
Seat 4: Dorex2007 (small blind) folded on the River
Seat 5: hoda88760 (big blind) showed [Th 2s] and won ($1.81) with a straight, Nine to King
Seat 6: XTLMZUWR folded before Flop (didn't bet)
Seat 7: ChiguireJr folded on the Turn
Seat 9: Realtor59 folded before Flop (didn't bet)



PokerStars Hand #225788748489:  Hold'em No Limit ($0.01/$0.02 USD) - 2021/04/12 20:39:49 PT [2021/04/12 23:39:49 ET]
Table 'Sadeya' 9-max Seat #4 is the button
Seat 1: anntonio7 ($3.32 in chips) 
Seat 2: fed3.garcia_ ($0.69 in chips) 
Seat 4: Dorex2007 ($3.06 in chips) 
Seat 5: hoda88760 ($2.74 in chips) 
Seat 6: XTLMZUWR ($5.50 in chips) 
Seat 7: ChiguireJr ($2.09 in chips) 
Seat 8: Ateu66 ($0.80 in chips) 
Seat 9: Realtor59 ($1.11 in chips) 
hoda88760: posts small blind $0.01
XTLMZUWR: posts big blind $0.02
Ateu66: posts big blind $0.02
*** HOLE CARDS ***
Dealt to Dorex2007 [6c 2d]
ChiguireJr: folds 
brodude420 leaves the table
Ateu66: checks 
Realtor59: folds 
anntonio7: folds 
ChiguireJr leaves the table
fed3.garcia_: calls $0.02
Dorex2007: folds 
hoda88760: calls $0.01
XTLMZUWR: checks 
*** FLOP *** [Ah 9c 3s]
hoda88760: checks 
XTLMZUWR: checks 
Ateu66: checks 
fed3.garcia_: checks 
*** TURN *** [Ah 9c 3s] [Kh]
hoda88760: checks 
XTLMZUWR: checks 
Ateu66: checks 
fed3.garcia_: bets $0.08
hoda88760: calls $0.08
XTLMZUWR: folds 
Ateu66: folds 
*** RIVER *** [Ah 9c 3s Kh] [8d]
hoda88760: checks 
fed3.garcia_: bets $0.12
hoda88760: folds 
Uncalled bet ($0.12) returned to fed3.garcia_
fed3.garcia_ collected $0.23 from pot
fed3.garcia_: doesn't show hand 
*** SUMMARY ***
Total pot $0.24 | Rake $0.01 
Board [Ah 9c 3s Kh 8d]
Seat 1: anntonio7 folded before Flop (didn't bet)
Seat 2: fed3.garcia_ collected ($0.23)
Seat 4: Dorex2007 (button) folded before Flop (didn't bet)
Seat 5: hoda88760 (small blind) folded on the River
Seat 6: XTLMZUWR (big blind) folded on the Turn
Seat 7: ChiguireJr folded before Flop (didn't bet)
Seat 8: Ateu66 folded on the Turn (didn't bet)
Seat 9: Realtor59 folded before Flop (didn't bet)



PokerStars Hand #225788759272:  Hold'em No Limit ($0.01/$0.02 USD) - 2021/04/12 20:40:43 PT [2021/04/12 23:40:43 ET]
Table 'Sadeya' 9-max Seat #5 is the button
Seat 1: anntonio7 ($3.32 in chips) 
Seat 2: fed3.garcia_ ($0.82 in chips) 
Seat 4: Dorex2007 ($3.06 in chips) 
Seat 5: hoda88760 ($2.64 in chips) 
Seat 6: XTLMZUWR ($5.48 in chips) 
Seat 8: Ateu66 ($0.78 in chips) 
Seat 9: Realtor59 ($1.60 in chips) 
XTLMZUWR: posts small blind $0.01
Ateu66: posts big blind $0.02
*** HOLE CARDS ***
Dealt to Dorex2007 [2c 9s]
Realtor59: folds 
anntonio7: folds 
fed3.garcia_: calls $0.02
Dorex2007: folds 
hoda88760: calls $0.02
XTLMZUWR: folds 
Ateu66: checks 
*** FLOP *** [6s Ac Qd]
Culprud joins the table at seat #3 
Ateu66: checks 
fed3.garcia_: checks 
hoda88760: checks 
*** TURN *** [6s Ac Qd] [9c]
Ateu66: checks 
fed3.garcia_: checks 
hoda88760: checks 
*** RIVER *** [6s Ac Qd 9c] [3c]
Ateu66: checks 
maxim-ka4a joins the table at seat #7 
fed3.garcia_: bets $0.12
hoda88760: calls $0.12
Ateu66: folds 
*** SHOW DOWN ***
fed3.garcia_: shows [3h 6h] (two pair, Sixes and Threes)
hoda88760: mucks hand 
fed3.garcia_ collected $0.30 from pot
*** SUMMARY ***
Total pot $0.31 | Rake $0.01 
Board [6s Ac Qd 9c 3c]
Seat 1: anntonio7 folded before Flop (didn't bet)
Seat 2: fed3.garcia_ showed [3h 6h] and won ($0.30) with two pair, Sixes and Threes
Seat 4: Dorex2007 folded before Flop (didn't bet)
Seat 5: hoda88760 (button) mucked [7c Ad]
Seat 6: XTLMZUWR (small blind) folded before Flop
Seat 8: Ateu66 (big blind) folded on the River
Seat 9: Realtor59 folded before Flop (didn't bet)



PokerStars Hand #225788768818:  Hold'em No Limit ($0.01/$0.02 USD) - 2021/04/12 20:41:31 PT [2021/04/12 23:41:31 ET]
Table 'Sadeya' 9-max Seat #6 is the button
Seat 1: anntonio7 ($3.32 in chips) 
Seat 2: fed3.garcia_ ($0.98 in chips) 
Seat 3: Culprud ($0.96 in chips) 
Seat 4: Dorex2007 ($3.06 in chips) 
Seat 5: hoda88760 ($2.50 in chips) 
Seat 6: XTLMZUWR ($5.47 in chips) 
Seat 8: Ateu66 ($0.76 in chips) 
Seat 9: Realtor59 ($1.60 in chips) 
Ateu66: posts small blind $0.01
Realtor59: posts big blind $0.02
Culprud: posts big blind $0.02
*** HOLE CARDS ***
Dealt to Dorex2007 [3d 9s]
anntonio7: folds 
fed3.garcia_: folds 
Culprud: raises $0.02 to $0.04
Dorex2007: folds 
hoda88760: folds 
XTLMZUWR: calls $0.04
Ateu66: calls $0.03
Realtor59: calls $0.02
*** FLOP *** [7h 2d 6d]
Ateu66: bets $0.15
Realtor59: folds 
Culprud: calls $0.15
XTLMZUWR: folds 
*** TURN *** [7h 2d 6d] [Qc]
Ateu66: bets $0.22
Culprud: calls $0.22
*** RIVER *** [7h 2d 6d Qc] [4d]
Ateu66: bets $0.35 and is all-in
Culprud: calls $0.35
*** SHOW DOWN ***
Ateu66: shows [4h 7c] (two pair, Sevens and Fours)
Culprud: shows [9d Kd] (a flush, King high)
Culprud collected $1.54 from pot
*** SUMMARY ***
Total pot $1.60 | Rake $0.06 
Board [7h 2d 6d Qc 4d]
Seat 1: anntonio7 folded before Flop (didn't bet)
Seat 2: fed3.garcia_ folded before Flop (didn't bet)
Seat 3: Culprud showed [9d Kd] and won ($1.54) with a flush, King high
Seat 4: Dorex2007 folded before Flop (didn't bet)
Seat 5: hoda88760 folded before Flop (didn't bet)
Seat 6: XTLMZUWR (button) folded on the Flop
Seat 8: Ateu66 (small blind) showed [4h 7c] and lost with two pair, Sevens and Fours
Seat 9: Realtor59 (big blind) folded on the Flop



PokerStars Hand #225788781470:  Hold'em No Limit ($0.01/$0.02 USD) - 2021/04/12 20:42:35 PT [2021/04/12 23:42:35 ET]
Table 'Sadeya' 9-max Seat #9 is the button
Seat 1: anntonio7 ($3.32 in chips) 
Seat 2: fed3.garcia_ ($0.98 in chips) 
Seat 3: Culprud ($1.74 in chips) 
Seat 4: Dorex2007 ($3.06 in chips) 
Seat 5: hoda88760 ($2.50 in chips) 
Seat 6: XTLMZUWR ($5.43 in chips) 
Seat 9: Realtor59 ($1.56 in chips) 
anntonio7: posts small blind $0.01
fed3.garcia_: posts big blind $0.02
maxim-ka4a: sits out 
*** HOLE CARDS ***
Dealt to Dorex2007 [7s 9d]
Culprud: folds 
Dorex2007: folds 
hoda88760: folds 
XTLMZUWR: folds 
Realtor59: folds 
anntonio7: folds 
Uncalled bet ($0.01) returned to fed3.garcia_
fed3.garcia_ collected $0.02 from pot
fed3.garcia_: doesn't show hand 
*** SUMMARY ***
Total pot $0.02 | Rake $0 
Seat 1: anntonio7 (small blind) folded before Flop
Seat 2: fed3.garcia_ (big blind) collected ($0.02)
Seat 3: Culprud folded before Flop (didn't bet)
Seat 4: Dorex2007 folded before Flop (didn't bet)
Seat 5: hoda88760 folded before Flop (didn't bet)
Seat 6: XTLMZUWR folded before Flop (didn't bet)
Seat 9: Realtor59 (button) folded before Flop (didn't bet)



PokerStars Hand #225788784013:  Hold'em No Limit ($0.01/$0.02 USD) - 2021/04/12 20:42:48 PT [2021/04/12 23:42:48 ET]
Table 'Sadeya' 9-max Seat #1 is the button
Seat 1: anntonio7 ($3.31 in chips) 
Seat 2: fed3.garcia_ ($0.99 in chips) 
Seat 3: Culprud ($1.74 in chips) 
Seat 4: Dorex2007 ($3.06 in chips) 
Seat 5: hoda88760 ($2.50 in chips) 
Seat 6: XTLMZUWR ($5.43 in chips) 
Seat 9: Realtor59 ($1.56 in chips) 
fed3.garcia_: posts small blind $0.01
Ateu66 leaves the table
Culprud: posts big blind $0.02
maxim-ka4a: sits out 
*** HOLE CARDS ***
Dealt to Dorex2007 [Ks 2d]
Dorex2007: folds 
hoda88760: folds 
XTLMZUWR: folds 
Realtor59: folds 
anntonio7: folds 
dmcrbr joins the table at seat #8 
fed3.garcia_: calls $0.01
Culprud: checks 
*** FLOP *** [Kh 7s 9d]
fed3.garcia_: checks 
Culprud: checks 
*** TURN *** [Kh 7s 9d] [5h]
fed3.garcia_: checks 
Culprud: checks 
*** RIVER *** [Kh 7s 9d 5h] [5c]
fed3.garcia_: checks 
Culprud: checks 
*** SHOW DOWN ***
fed3.garcia_: shows [6s Ts] (a pair of Fives)
Culprud: shows [2h Th] (a pair of Fives)
fed3.garcia_ collected $0.02 from pot
Culprud collected $0.02 from pot
*** SUMMARY ***
Total pot $0.04 | Rake $0 
Board [Kh 7s 9d 5h 5c]
Seat 1: anntonio7 (button) folded before Flop (didn't bet)
Seat 2: fed3.garcia_ (small blind) showed [6s Ts] and won ($0.02) with a pair of Fives
Seat 3: Culprud (big blind) showed [2h Th] and won ($0.02) with a pair of Fives
Seat 4: Dorex2007 folded before Flop (didn't bet)
Seat 5: hoda88760 folded before Flop (didn't bet)
Seat 6: XTLMZUWR folded before Flop (didn't bet)
Seat 9: Realtor59 folded before Flop (didn't bet)



PokerStars Hand #225788789842:  Hold'em No Limit ($0.01/$0.02 USD) - 2021/04/12 20:43:17 PT [2021/04/12 23:43:17 ET]
Table 'Sadeya' 9-max Seat #2 is the button
Seat 1: anntonio7 ($3.31 in chips) 
Seat 2: fed3.garcia_ ($0.99 in chips) 
Seat 3: Culprud ($1.74 in chips) 
Seat 4: Dorex2007 ($3.06 in chips) 
Seat 5: hoda88760 ($2.50 in chips) 
Seat 6: XTLMZUWR ($5.43 in chips) 
Seat 9: Realtor59 ($1.56 in chips) 
Culprud: posts small blind $0.01
Dorex2007: posts big blind $0.02
maxim-ka4a: sits out 
dmcrbr: sits out 
*** HOLE CARDS ***
Dealt to Dorex2007 [Ad Ah]
hoda88760: folds 
XTLMZUWR: folds 
Realtor59: folds 
anntonio7: calls $0.02
fed3.garcia_: calls $0.02
Culprud: folds 
Dorex2007: raises $0.06 to $0.08
anntonio7: calls $0.06
fed3.garcia_: calls $0.06
*** FLOP *** [2s 6d Jc]
Dorex2007: checks 
anntonio7: checks 
fed3.garcia_: bets $0.12
Dorex2007: calls $0.12
anntonio7: folds 
*** TURN *** [2s 6d Jc] [Jh]
Dorex2007: checks 
fed3.garcia_: bets $0.20
Dorex2007: calls $0.20
*** RIVER *** [2s 6d Jc Jh] [5s]
Dorex2007: checks 
fed3.garcia_: checks 
*** SHOW DOWN ***
Dorex2007: shows [Ad Ah] (two pair, Aces and Jacks)
fed3.garcia_: mucks hand 
Dorex2007 collected $0.86 from pot
*** SUMMARY ***
Total pot $0.89 | Rake $0.03 
Board [2s 6d Jc Jh 5s]
Seat 1: anntonio7 folded on the Flop
Seat 2: fed3.garcia_ (button) mucked [9h 9s]
Seat 3: Culprud (small blind) folded before Flop
Seat 4: Dorex2007 (big blind) showed [Ad Ah] and won ($0.86) with two pair, Aces and Jacks
Seat 5: hoda88760 folded before Flop (didn't bet)
Seat 6: XTLMZUWR folded before Flop (didn't bet)
Seat 9: Realtor59 folded before Flop (didn't bet)



PokerStars Hand #225788802763:  Hold'em No Limit ($0.01/$0.02 USD) - 2021/04/12 20:44:22 PT [2021/04/12 23:44:22 ET]
Table 'Sadeya' 9-max Seat #3 is the button
Seat 1: anntonio7 ($3.23 in chips) 
Seat 2: fed3.garcia_ ($0.59 in chips) 
Seat 3: Culprud ($1.73 in chips) 
Seat 4: Dorex2007 ($3.52 in chips) 
Seat 5: hoda88760 ($2.50 in chips) 
Seat 6: XTLMZUWR ($5.43 in chips) 
Seat 9: Realtor59 ($1.56 in chips) 
Dorex2007: posts small blind $0.01
hoda88760: posts big blind $0.02
maxim-ka4a: sits out 
dmcrbr: sits out 
*** HOLE CARDS ***
Dealt to Dorex2007 [3c 4d]
XTLMZUWR: folds 
Realtor59: folds 
anntonio7: folds 
fed3.garcia_: calls $0.02
Culprud: calls $0.02
Dorex2007: folds 
hoda88760: checks 
*** FLOP *** [7c Kh Ks]
hoda88760: checks 
fed3.garcia_: checks 
Culprud: checks 
*** TURN *** [7c Kh Ks] [7s]
hoda88760: checks 
fed3.garcia_: checks 
Culprud: checks 
*** RIVER *** [7c Kh Ks 7s] [Jd]
hoda88760: checks 
fed3.garcia_: checks 
Culprud: checks 
*** SHOW DOWN ***
hoda88760: shows [5s 9h] (two pair, Kings and Sevens)
fed3.garcia_: shows [6h 5h] (two pair, Kings and Sevens)
Culprud: shows [4s Ts] (two pair, Kings and Sevens)
hoda88760 collected $0.03 from pot
fed3.garcia_ collected $0.02 from pot
Culprud collected $0.02 from pot
*** SUMMARY ***
Total pot $0.07 | Rake $0 
Board [7c Kh Ks 7s Jd]
Seat 1: anntonio7 folded before Flop (didn't bet)
Seat 2: fed3.garcia_ showed [6h 5h] and won ($0.02) with two pair, Kings and Sevens
Seat 3: Culprud (button) showed [4s Ts] and won ($0.02) with two pair, Kings and Sevens
Seat 4: Dorex2007 (small blind) folded before Flop
Seat 5: hoda88760 (big blind) showed [5s 9h] and won ($0.03) with two pair, Kings and Sevens
Seat 6: XTLMZUWR folded before Flop (didn't bet)
Seat 9: Realtor59 folded before Flop (didn't bet)



PokerStars Hand #225788816758:  Hold'em No Limit ($0.01/$0.02 USD) - 2021/04/12 20:45:33 PT [2021/04/12 23:45:33 ET]
Table 'Sadeya' 9-max Seat #4 is the button
Seat 1: anntonio7 ($3.23 in chips) 
Seat 2: fed3.garcia_ ($0.59 in chips) 
Seat 3: Culprud ($1.73 in chips) 
Seat 4: Dorex2007 ($3.51 in chips) 
Seat 5: hoda88760 ($2.51 in chips) 
Seat 6: XTLMZUWR ($5.43 in chips) 
Seat 9: Realtor59 ($1.56 in chips) 
hoda88760: posts small blind $0.01
XTLMZUWR: posts big blind $0.02
maxim-ka4a: sits out 
dmcrbr: sits out 
*** HOLE CARDS ***
Dealt to Dorex2007 [7c 9s]
Realtor59: raises $0.02 to $0.04
anntonio7: calls $0.04
fed3.garcia_: folds 
Culprud: folds 
Dorex2007: folds 
hoda88760: calls $0.03
XTLMZUWR: folds 
*** FLOP *** [2s 5c 6s]
hoda88760: checks 
Realtor59: bets $0.08
anntonio7: folds 
hoda88760: calls $0.08
*** TURN *** [2s 5c 6s] [Js]
hoda88760: checks 
Realtor59: checks 
*** RIVER *** [2s 5c 6s Js] [4s]
hoda88760: checks 
Realtor59: checks 
*** SHOW DOWN ***
hoda88760: shows [8d 2c] (a pair of Deuces)
Realtor59: shows [Ah 5h] (a pair of Fives)
Realtor59 collected $0.29 from pot
*** SUMMARY ***
Total pot $0.30 | Rake $0.01 
Board [2s 5c 6s Js 4s]
Seat 1: anntonio7 folded on the Flop
Seat 2: fed3.garcia_ folded before Flop (didn't bet)
Seat 3: Culprud folded before Flop (didn't bet)
Seat 4: Dorex2007 (button) folded before Flop (didn't bet)
Seat 5: hoda88760 (small blind) showed [8d 2c] and lost with a pair of Deuces
Seat 6: XTLMZUWR (big blind) folded before Flop
Seat 9: Realtor59 showed [Ah 5h] and won ($0.29) with a pair of Fives



PokerStars Hand #225788822766:  Hold'em No Limit ($0.01/$0.02 USD) - 2021/04/12 20:46:04 PT [2021/04/12 23:46:04 ET]
Table 'Sadeya' 9-max Seat #5 is the button
Seat 1: anntonio7 ($3.19 in chips) 
Seat 2: fed3.garcia_ ($0.59 in chips) 
Seat 3: Culprud ($1.73 in chips) 
Seat 4: Dorex2007 ($3.51 in chips) 
Seat 5: hoda88760 ($2.39 in chips) 
Seat 6: XTLMZUWR ($5.41 in chips) 
Seat 7: maxim-ka4a ($2 in chips) 
Seat 9: Realtor59 ($1.73 in chips) 
XTLMZUWR: posts small blind $0.01
maxim-ka4a: posts big blind $0.02
dmcrbr: sits out 
*** HOLE CARDS ***
Dealt to Dorex2007 [6h 7h]
Realtor59: folds 
anntonio7: raises $0.04 to $0.06
fed3.garcia_: calls $0.06
Culprud: folds 
Dorex2007: folds 
hoda88760: folds 
XTLMZUWR: calls $0.05
maxim-ka4a: folds 
*** FLOP *** [2d Td 4d]
XTLMZUWR: checks 
anntonio7: bets $0.11
fed3.garcia_: calls $0.11
XTLMZUWR: folds 
*** TURN *** [2d Td 4d] [Jd]
anntonio7: checks 
fed3.garcia_: bets $0.18
anntonio7: folds 
Uncalled bet ($0.18) returned to fed3.garcia_
fed3.garcia_ collected $0.41 from pot
fed3.garcia_: doesn't show hand 
*** SUMMARY ***
Total pot $0.42 | Rake $0.01 
Board [2d Td 4d Jd]
Seat 1: anntonio7 folded on the Turn
Seat 2: fed3.garcia_ collected ($0.41)
Seat 3: Culprud folded before Flop (didn't bet)
Seat 4: Dorex2007 folded before Flop (didn't bet)
Seat 5: hoda88760 (button) folded before Flop (didn't bet)
Seat 6: XTLMZUWR (small blind) folded on the Flop
Seat 7: maxim-ka4a (big blind) folded before Flop
Seat 9: Realtor59 folded before Flop (didn't bet)



PokerStars Hand #225788836031:  Hold'em No Limit ($0.01/$0.02 USD) - 2021/04/12 20:47:13 PT [2021/04/12 23:47:13 ET]
Table 'Sadeya' 9-max Seat #6 is the button
Seat 1: anntonio7 ($3.02 in chips) 
Seat 2: fed3.garcia_ ($0.83 in chips) 
Seat 3: Culprud ($1.73 in chips) 
Seat 4: Dorex2007 ($3.51 in chips) 
Seat 5: hoda88760 ($2.39 in chips) 
Seat 6: XTLMZUWR ($5.35 in chips) 
Seat 7: maxim-ka4a ($2 in chips) 
Seat 8: dmcrbr ($2 in chips) 
Seat 9: Realtor59 ($1.73 in chips) 
maxim-ka4a: posts small blind $0.01
dmcrbr: posts big blind $0.02
*** HOLE CARDS ***
Dealt to Dorex2007 [2h 2s]
Realtor59: folds 
anntonio7 is disconnected 
anntonio7 has timed out while disconnected
anntonio7: folds 
fed3.garcia_: folds 
Culprud: folds 
Dorex2007: raises $0.02 to $0.04
hoda88760: calls $0.04
XTLMZUWR: folds 
maxim-ka4a: folds 
dmcrbr: folds 
*** FLOP *** [6h Ad 4s]
Dorex2007: bets $0.11
hoda88760: folds 
Uncalled bet ($0.11) returned to Dorex2007
Dorex2007 collected $0.11 from pot
Dorex2007: doesn't show hand 
*** SUMMARY ***
Total pot $0.11 | Rake $0 
Board [6h Ad 4s]
Seat 1: anntonio7 folded before Flop (didn't bet)
Seat 2: fed3.garcia_ folded before Flop (didn't bet)
Seat 3: Culprud folded before Flop (didn't bet)
Seat 4: Dorex2007 collected ($0.11)
Seat 5: hoda88760 folded on the Flop
Seat 6: XTLMZUWR (button) folded before Flop (didn't bet)
Seat 7: maxim-ka4a (small blind) folded before Flop
Seat 8: dmcrbr (big blind) folded before Flop
Seat 9: Realtor59 folded before Flop (didn't bet)



PokerStars Hand #225788843441:  Hold'em No Limit ($0.01/$0.02 USD) - 2021/04/12 20:47:50 PT [2021/04/12 23:47:50 ET]
Table 'Sadeya' 9-max Seat #7 is the button
Seat 2: fed3.garcia_ ($0.83 in chips) 
Seat 3: Culprud ($1.73 in chips) 
Seat 4: Dorex2007 ($3.58 in chips) 
Seat 5: hoda88760 ($2.35 in chips) 
Seat 6: XTLMZUWR ($5.35 in chips) 
Seat 7: maxim-ka4a ($2 in chips) 
Seat 8: dmcrbr ($2 in chips) 
Seat 9: Realtor59 ($1.73 in chips) 
dmcrbr: posts small blind $0.01
Realtor59: posts big blind $0.02
*** HOLE CARDS ***
Dealt to Dorex2007 [2d 3h]
fed3.garcia_ has timed out
fed3.garcia_: folds 
Culprud: raises $0.02 to $0.04
Dorex2007: folds 
hoda88760: calls $0.04
XTLMZUWR: folds 
maxim-ka4a: folds 
dmcrbr: raises $0.14 to $0.18
Realtor59: folds 
Culprud: folds 
hoda88760: calls $0.14
*** FLOP *** [Qh 8h 9h]
dmcrbr: bets $0.21
hoda88760: calls $0.21
*** TURN *** [Qh 8h 9h] [Qs]
dmcrbr: checks 
hoda88760: bets $0.81
dmcrbr: raises $0.80 to $1.61 and is all-in
hoda88760: calls $0.80
*** RIVER *** [Qh 8h 9h Qs] [5d]
*** SHOW DOWN ***
dmcrbr: shows [Kd Kc] (two pair, Kings and Queens)
hoda88760: shows [7s 7h] (two pair, Queens and Sevens)
dmcrbr cashed out the hand for $3 | Cash Out Fee $0.03
*** SUMMARY ***
Total pot $4.06 | Rake $0.14 
Board [Qh 8h 9h Qs 5d]
Seat 2: fed3.garcia_ folded before Flop (didn't bet)
Seat 3: Culprud folded before Flop
Seat 4: Dorex2007 folded before Flop (didn't bet)
Seat 5: hoda88760 showed [7s 7h] and lost with two pair, Queens and Sevens
Seat 6: XTLMZUWR folded before Flop (didn't bet)
Seat 7: maxim-ka4a (button) folded before Flop (didn't bet)
Seat 8: dmcrbr (small blind) showed [Kd Kc] and won ($3.92) with two pair, Kings and Queens (pot not awarded as player cashed out)
Seat 9: Realtor59 (big blind) folded before Flop



PokerStars Hand #225788856605:  Hold'em No Limit ($0.01/$0.02 USD) - 2021/04/12 20:48:58 PT [2021/04/12 23:48:58 ET]
Table 'Sadeya' 9-max Seat #8 is the button
Seat 2: fed3.garcia_ ($0.83 in chips) 
Seat 3: Culprud ($1.69 in chips) 
Seat 4: Dorex2007 ($3.58 in chips) 
Seat 5: hoda88760 ($0.35 in chips) 
Seat 6: XTLMZUWR ($5.35 in chips) 
Seat 7: maxim-ka4a ($2 in chips) 
Seat 8: dmcrbr ($3 in chips) 
Seat 9: Realtor59 ($1.71 in chips) 
Realtor59: posts small blind $0.01
fed3.garcia_: posts big blind $0.02
*** HOLE CARDS ***
Dealt to Dorex2007 [Th 4d]
Culprud: raises $0.02 to $0.04
Dorex2007: folds 
hoda88760: raises $0.11 to $0.15
XTLMZUWR: calls $0.15
maxim-ka4a: folds 
dmcrbr: folds 
Realtor59: folds 
fed3.garcia_: folds 
Culprud: folds 
*** FLOP *** [4h Td 6s]
hoda88760: bets $0.18
XTLMZUWR: calls $0.18
*** TURN *** [4h Td 6s] [Kc]
hoda88760: bets $0.02 and is all-in
XTLMZUWR: calls $0.02
*** RIVER *** [4h Td 6s Kc] [Qc]
*** SHOW DOWN ***
hoda88760: shows [2d Ad] (high card Ace)
XTLMZUWR: shows [Tc Ac] (a pair of Tens)
XTLMZUWR collected $0.74 from pot
*** SUMMARY ***
Total pot $0.77 | Rake $0.03 
Board [4h Td 6s Kc Qc]
Seat 2: fed3.garcia_ (big blind) folded before Flop
Seat 3: Culprud folded before Flop
Seat 4: Dorex2007 folded before Flop (didn't bet)
Seat 5: hoda88760 showed [2d Ad] and lost with high card Ace
Seat 6: XTLMZUWR showed [Tc Ac] and won ($0.74) with a pair of Tens
Seat 7: maxim-ka4a folded before Flop (didn't bet)
Seat 8: dmcrbr (button) folded before Flop (didn't bet)
Seat 9: Realtor59 (small blind) folded before Flop



PokerStars Hand #225788867730:  Hold'em No Limit ($0.01/$0.02 USD) - 2021/04/12 20:49:55 PT [2021/04/12 23:49:55 ET]
Table 'Sadeya' 9-max Seat #9 is the button
Seat 2: fed3.garcia_ ($0.81 in chips) 
Seat 3: Culprud ($1.65 in chips) 
Seat 4: Dorex2007 ($3.58 in chips) 
Seat 6: XTLMZUWR ($5.74 in chips) 
Seat 7: maxim-ka4a ($2 in chips) 
Seat 8: dmcrbr ($3 in chips) 
Seat 9: Realtor59 ($1.70 in chips) 
fed3.garcia_: posts small blind $0.01
Culprud: posts big blind $0.02
*** HOLE CARDS ***
Dealt to Dorex2007 [Jd 8d]
Dorex2007: folds 
XTLMZUWR: folds 
maxim-ka4a: folds 
dmcrbr: raises $0.04 to $0.06
Realtor59: folds 
fed3.garcia_: calls $0.05
Culprud: folds 
*** FLOP *** [2h Td 4d]
fed3.garcia_: checks 
dmcrbr: bets $0.07
fed3.garcia_: calls $0.07
*** TURN *** [2h Td 4d] [2c]
fed3.garcia_: bets $0.10
dmcrbr: folds 
Uncalled bet ($0.10) returned to fed3.garcia_
fed3.garcia_ collected $0.27 from pot
fed3.garcia_: doesn't show hand 
*** SUMMARY ***
Total pot $0.28 | Rake $0.01 
Board [2h Td 4d 2c]
Seat 2: fed3.garcia_ (small blind) collected ($0.27)
Seat 3: Culprud (big blind) folded before Flop
Seat 4: Dorex2007 folded before Flop (didn't bet)
Seat 6: XTLMZUWR folded before Flop (didn't bet)
Seat 7: maxim-ka4a folded before Flop (didn't bet)
Seat 8: dmcrbr folded on the Turn
Seat 9: Realtor59 (button) folded before Flop (didn't bet)



PokerStars Hand #225788879284:  Hold'em No Limit ($0.01/$0.02 USD) - 2021/04/12 20:50:55 PT [2021/04/12 23:50:55 ET]
Table 'Sadeya' 9-max Seat #2 is the button
Seat 2: fed3.garcia_ ($0.95 in chips) 
Seat 3: Culprud ($1.63 in chips) 
Seat 4: Dorex2007 ($3.58 in chips) 
Seat 5: hoda88760 ($1.46 in chips) 
Seat 6: XTLMZUWR ($5.74 in chips) 
Seat 7: maxim-ka4a ($2 in chips) 
Seat 8: dmcrbr ($2.87 in chips) 
Seat 9: Realtor59 ($1.70 in chips) 
Culprud: posts small blind $0.01
Dorex2007: posts big blind $0.02
*** HOLE CARDS ***
Dealt to Dorex2007 [Jd 2c]
hoda88760: folds 
XTLMZUWR: folds 
maxim-ka4a: folds 
dmcrbr: folds 
Realtor59: raises $0.04 to $0.06
fed3.garcia_: folds 
Culprud: raises $0.06 to $0.12
Dorex2007: folds 
Realtor59: calls $0.06
*** FLOP *** [Js 2d Ts]
Culprud: bets $0.16
Realtor59: folds 
Uncalled bet ($0.16) returned to Culprud
Culprud collected $0.25 from pot
Culprud: shows [Kh Ks] (a pair of Kings)
*** SUMMARY ***
Total pot $0.26 | Rake $0.01 
Board [Js 2d Ts]
Seat 2: fed3.garcia_ (button) folded before Flop (didn't bet)
Seat 3: Culprud (small blind) collected ($0.25)
Seat 4: Dorex2007 (big blind) folded before Flop
Seat 5: hoda88760 folded before Flop (didn't bet)
Seat 6: XTLMZUWR folded before Flop (didn't bet)
Seat 7: maxim-ka4a folded before Flop (didn't bet)
Seat 8: dmcrbr folded before Flop (didn't bet)
Seat 9: Realtor59 folded on the Flop



PokerStars Hand #225788887451:  Hold'em No Limit ($0.01/$0.02 USD) - 2021/04/12 20:51:38 PT [2021/04/12 23:51:38 ET]
Table 'Sadeya' 9-max Seat #3 is the button
Seat 2: fed3.garcia_ ($0.95 in chips) 
Seat 3: Culprud ($1.76 in chips) 
Seat 4: Dorex2007 ($3.56 in chips) 
Seat 5: hoda88760 ($1.46 in chips) 
Seat 6: XTLMZUWR ($5.74 in chips) 
Seat 7: maxim-ka4a ($2 in chips) 
Seat 8: dmcrbr ($2.87 in chips) 
Seat 9: Realtor59 ($1.58 in chips) 
Dorex2007: posts small blind $0.01
hoda88760: posts big blind $0.02
*** HOLE CARDS ***
Dealt to Dorex2007 [Ah Jc]
XTLMZUWR: folds 
maxim-ka4a: folds 
dmcrbr: folds 
Realtor59: raises $0.02 to $0.04
fed3.garcia_: folds 
Culprud: folds 
Dorex2007: calls $0.03
hoda88760: raises $0.12 to $0.16
Realtor59: calls $0.12
Dorex2007: calls $0.12
*** FLOP *** [Qs Jh 8s]
Dorex2007: bets $0.46
hoda88760: calls $0.46
Realtor59: folds 
*** TURN *** [Qs Jh 8s] [5d]
Dorex2007: checks 
hoda88760: bets $0.84 and is all-in
Dorex2007: calls $0.84
*** RIVER *** [Qs Jh 8s 5d] [Ts]
*** SHOW DOWN ***
Dorex2007: shows [Ah Jc] (a pair of Jacks)
hoda88760: shows [8d Ad] (a pair of Eights)
Dorex2007 collected $2.97 from pot
*** SUMMARY ***
Total pot $3.08 | Rake $0.11 
Board [Qs Jh 8s 5d Ts]
Seat 2: fed3.garcia_ folded before Flop (didn't bet)
Seat 3: Culprud (button) folded before Flop (didn't bet)
Seat 4: Dorex2007 (small blind) showed [Ah Jc] and won ($2.97) with a pair of Jacks
Seat 5: hoda88760 (big blind) showed [8d Ad] and lost with a pair of Eights
Seat 6: XTLMZUWR folded before Flop (didn't bet)
Seat 7: maxim-ka4a folded before Flop (didn't bet)
Seat 8: dmcrbr folded before Flop (didn't bet)
Seat 9: Realtor59 folded on the Flop



PokerStars Hand #225788899644:  Hold'em No Limit ($0.01/$0.02 USD) - 2021/04/12 20:52:43 PT [2021/04/12 23:52:43 ET]
Table 'Sadeya' 9-max Seat #4 is the button
Seat 2: fed3.garcia_ ($0.95 in chips) 
Seat 3: Culprud ($1.76 in chips) 
Seat 4: Dorex2007 ($5.07 in chips) 
Seat 6: XTLMZUWR ($5.74 in chips) 
Seat 7: maxim-ka4a ($2 in chips) 
Seat 8: dmcrbr ($2.87 in chips) 
Seat 9: Realtor59 ($1.42 in chips) 
XTLMZUWR: posts small blind $0.01
maxim-ka4a: posts big blind $0.02
*** HOLE CARDS ***
Dealt to Dorex2007 [Ah 7s]
dmcrbr: folds 
hoda88760 leaves the table
Realtor59: raises $0.02 to $0.04
fed3.garcia_: folds 
Culprud: calls $0.04
Dorex2007: folds 
XTLMZUWR: folds 
maxim-ka4a: folds 
*** FLOP *** [7c Jc 2d]
Realtor59: checks 
Culprud: bets $0.06
Realtor59: calls $0.06
*** TURN *** [7c Jc 2d] [3s]
Realtor59: checks 
Culprud: checks 
*** RIVER *** [7c Jc 2d 3s] [8d]
Realtor59: bets $0.06
Culprud: calls $0.06
*** SHOW DOWN ***
Realtor59: shows [8s 9s] (a pair of Eights)
Culprud: mucks hand 
vitopadel joins the table at seat #5 
Realtor59 collected $0.34 from pot
*** SUMMARY ***
Total pot $0.35 | Rake $0.01 
Board [7c Jc 2d 3s 8d]
Seat 2: fed3.garcia_ folded before Flop (didn't bet)
Seat 3: Culprud mucked [2h Qh]
Seat 4: Dorex2007 (button) folded before Flop (didn't bet)
Seat 6: XTLMZUWR (small blind) folded before Flop
Seat 7: maxim-ka4a (big blind) folded before Flop
Seat 8: dmcrbr folded before Flop (didn't bet)
Seat 9: Realtor59 showed [8s 9s] and won ($0.34) with a pair of Eights



PokerStars Hand #225788915171:  Hold'em No Limit ($0.01/$0.02 USD) - 2021/04/12 20:53:24 PT [2021/04/12 23:53:24 ET]
Table 'Sadeya' 9-max Seat #6 is the button
Seat 2: fed3.garcia_ ($0.95 in chips) 
Seat 3: Culprud ($1.60 in chips) 
Seat 4: Dorex2007 ($5.07 in chips) 
Seat 6: XTLMZUWR ($5.73 in chips) 
Seat 7: maxim-ka4a ($2 in chips) 
Seat 8: dmcrbr ($2.87 in chips) 
Seat 9: Realtor59 ($1.60 in chips) 
maxim-ka4a: posts small blind $0.01
dmcrbr: posts big blind $0.02
vitopadel: sits out 
*** HOLE CARDS ***
Dealt to Dorex2007 [3s 4d]
Realtor59: folds 
fed3.garcia_: calls $0.02
Culprud: raises $0.04 to $0.06
Dorex2007: folds 
XTLMZUWR: folds 
maxim-ka4a: calls $0.05
dmcrbr: folds 
fed3.garcia_: calls $0.04
*** FLOP *** [Qd 5h 7h]
maxim-ka4a: checks 
fed3.garcia_: checks 
Culprud: bets $0.16
maxim-ka4a: folds 
fed3.garcia_: calls $0.16
*** TURN *** [Qd 5h 7h] [3h]
fed3.garcia_: bets $0.18
Culprud: calls $0.18
*** RIVER *** [Qd 5h 7h 3h] [Ac]
fed3.garcia_: checks 
Culprud: checks 
*** SHOW DOWN ***
fed3.garcia_: shows [6s 5s] (a pair of Fives)
Culprud: shows [Kc Kd] (a pair of Kings)
Culprud collected $0.85 from pot
*** SUMMARY ***
Total pot $0.88 | Rake $0.03 
Board [Qd 5h 7h 3h Ac]
Seat 2: fed3.garcia_ showed [6s 5s] and lost with a pair of Fives
Seat 3: Culprud showed [Kc Kd] and won ($0.85) with a pair of Kings
Seat 4: Dorex2007 folded before Flop (didn't bet)
Seat 6: XTLMZUWR (button) folded before Flop (didn't bet)
Seat 7: maxim-ka4a (small blind) folded on the Flop
Seat 8: dmcrbr (big blind) folded before Flop
Seat 9: Realtor59 folded before Flop (didn't bet)



PokerStars Hand #225788930110:  Hold'em No Limit ($0.01/$0.02 USD) - 2021/04/12 20:54:43 PT [2021/04/12 23:54:43 ET]
Table 'Sadeya' 9-max Seat #7 is the button
Seat 2: fed3.garcia_ ($0.55 in chips) 
Seat 3: Culprud ($2.05 in chips) 
Seat 4: Dorex2007 ($5.07 in chips) 
Seat 5: vitopadel ($1.42 in chips) 
Seat 6: XTLMZUWR ($5.73 in chips) 
Seat 7: maxim-ka4a ($2 in chips) 
Seat 8: dmcrbr ($2.85 in chips) 
Seat 9: Realtor59 ($1.60 in chips) 
dmcrbr: posts small blind $0.01
Realtor59: posts big blind $0.02
vitopadel: posts big blind $0.02
*** HOLE CARDS ***
Dealt to Dorex2007 [Tc Qd]
fed3.garcia_: calls $0.02
Culprud: folds 
Dorex2007: folds 
vitopadel: checks 
XTLMZUWR: folds 
maxim-ka4a: folds 
dmcrbr: calls $0.01
Realtor59: raises $0.06 to $0.08
fed3.garcia_: calls $0.06
vitopadel: raises $1.34 to $1.42 and is all-in
dmcrbr: folds 
Realtor59: folds 
fed3.garcia_: folds 
Uncalled bet ($1.34) returned to vitopadel
vitopadel collected $0.26 from pot
vitopadel: doesn't show hand 
*** SUMMARY ***
Total pot $0.26 | Rake $0 
Seat 2: fed3.garcia_ folded before Flop
Seat 3: Culprud folded before Flop (didn't bet)
Seat 4: Dorex2007 folded before Flop (didn't bet)
Seat 5: vitopadel collected ($0.26)
Seat 6: XTLMZUWR folded before Flop (didn't bet)
Seat 7: maxim-ka4a (button) folded before Flop (didn't bet)
Seat 8: dmcrbr (small blind) folded before Flop
Seat 9: Realtor59 (big blind) folded before Flop



PokerStars Hand #225788936340:  Hold'em No Limit ($0.01/$0.02 USD) - 2021/04/12 20:55:18 PT [2021/04/12 23:55:18 ET]
Table 'Sadeya' 9-max Seat #8 is the button
Seat 2: fed3.garcia_ ($0.47 in chips) 
Seat 3: Culprud ($2.05 in chips) 
Seat 4: Dorex2007 ($5.07 in chips) 
Seat 5: vitopadel ($1.60 in chips) 
Seat 6: XTLMZUWR ($5.73 in chips) 
Seat 7: maxim-ka4a ($2 in chips) 
Seat 8: dmcrbr ($2.83 in chips) 
Seat 9: Realtor59 ($1.52 in chips) 
Realtor59: posts small blind $0.01
fed3.garcia_: posts big blind $0.02
*** HOLE CARDS ***
Dealt to Dorex2007 [5c 6c]
Culprud: folds 
Dorex2007: folds 
vitopadel: calls $0.02
XTLMZUWR: raises $0.05 to $0.07
maxim-ka4a: folds 
dmcrbr: folds 
Realtor59: folds 
fed3.garcia_: folds 
vitopadel: calls $0.05
*** FLOP *** [Ah 8s 8h]
vitopadel: checks 
XTLMZUWR: bets $0.11
vitopadel: folds 
Uncalled bet ($0.11) returned to XTLMZUWR
XTLMZUWR collected $0.16 from pot
XTLMZUWR: doesn't show hand 
*** SUMMARY ***
Total pot $0.17 | Rake $0.01 
Board [Ah 8s 8h]
Seat 2: fed3.garcia_ (big blind) folded before Flop
Seat 3: Culprud folded before Flop (didn't bet)
Seat 4: Dorex2007 folded before Flop (didn't bet)
Seat 5: vitopadel folded on the Flop
Seat 6: XTLMZUWR collected ($0.16)
Seat 7: maxim-ka4a folded before Flop (didn't bet)
Seat 8: dmcrbr (button) folded before Flop (didn't bet)
Seat 9: Realtor59 (small blind) folded before Flop



PokerStars Hand #225788940676:  Hold'em No Limit ($0.01/$0.02 USD) - 2021/04/12 20:55:46 PT [2021/04/12 23:55:46 ET]
Table 'Sadeya' 9-max Seat #9 is the button
Seat 2: fed3.garcia_ ($0.45 in chips) 
Seat 3: Culprud ($2.05 in chips) 
Seat 4: Dorex2007 ($5.07 in chips) 
Seat 5: vitopadel ($1.53 in chips) 
Seat 6: XTLMZUWR ($5.82 in chips) 
Seat 7: maxim-ka4a ($2 in chips) 
Seat 8: dmcrbr ($2.83 in chips) 
Seat 9: Realtor59 ($1.51 in chips) 
fed3.garcia_: posts small blind $0.01
Culprud: posts big blind $0.02
*** HOLE CARDS ***
Dealt to Dorex2007 [2s 8h]
Dorex2007: folds 
vitopadel: folds 
XTLMZUWR: folds 
maxim-ka4a: folds 
dmcrbr: folds 
Realtor59: raises $0.04 to $0.06
fed3.garcia_: folds 
Culprud: calls $0.04
*** FLOP *** [9c Jd 3h]
Culprud: checks 
Realtor59: checks 
*** TURN *** [9c Jd 3h] [7c]
Culprud: bets $0.08
Realtor59: calls $0.08
*** RIVER *** [9c Jd 3h 7c] [Qh]
Culprud: bets $0.16
Realtor59: folds 
Uncalled bet ($0.16) returned to Culprud
Culprud collected $0.28 from pot
Culprud: doesn't show hand 
*** SUMMARY ***
Total pot $0.29 | Rake $0.01 
Board [9c Jd 3h 7c Qh]
Seat 2: fed3.garcia_ (small blind) folded before Flop
Seat 3: Culprud (big blind) collected ($0.28)
Seat 4: Dorex2007 folded before Flop (didn't bet)
Seat 5: vitopadel folded before Flop (didn't bet)
Seat 6: XTLMZUWR folded before Flop (didn't bet)
Seat 7: maxim-ka4a folded before Flop (didn't bet)
Seat 8: dmcrbr folded before Flop (didn't bet)
Seat 9: Realtor59 (button) folded on the River



PokerStars Hand #225788947002:  Hold'em No Limit ($0.01/$0.02 USD) - 2021/04/12 20:56:27 PT [2021/04/12 23:56:27 ET]
Table 'Sadeya' 9-max Seat #2 is the button
Seat 2: fed3.garcia_ ($0.44 in chips) 
Seat 3: Culprud ($2.19 in chips) 
Seat 4: Dorex2007 ($5.07 in chips) 
Seat 5: vitopadel ($1.53 in chips) 
Seat 6: XTLMZUWR ($5.82 in chips) 
Seat 7: maxim-ka4a ($2 in chips) 
Seat 8: dmcrbr ($2.83 in chips) 
Seat 9: Realtor59 ($1.37 in chips) 
Culprud: posts small blind $0.01
Dorex2007: posts big blind $0.02
*** HOLE CARDS ***
Dealt to Dorex2007 [3c Ts]
vitopadel: folds 
XTLMZUWR: folds 
maxim-ka4a: raises $0.04 to $0.06
dmcrbr: folds 
Realtor59: folds 
fed3.garcia_: calls $0.06
Culprud: calls $0.05
Dorex2007: folds 
*** FLOP *** [2c 3h 3d]
Culprud: checks 
maxim-ka4a: bets $0.10
fed3.garcia_: folds 
Culprud: calls $0.10
*** TURN *** [2c 3h 3d] [6h]
Culprud: checks 
maxim-ka4a: checks 
*** RIVER *** [2c 3h 3d 6h] [Ks]
Culprud: bets $0.08
maxim-ka4a: raises $0.22 to $0.30
Culprud: folds [2d]
Uncalled bet ($0.22) returned to maxim-ka4a
maxim-ka4a collected $0.54 from pot
maxim-ka4a: doesn't show hand 
*** SUMMARY ***
Total pot $0.56 | Rake $0.02 
Board [2c 3h 3d 6h Ks]
Seat 2: fed3.garcia_ (button) folded on the Flop
Seat 3: Culprud (small blind) folded on the River
Seat 4: Dorex2007 (big blind) folded before Flop
Seat 5: vitopadel folded before Flop (didn't bet)
Seat 6: XTLMZUWR folded before Flop (didn't bet)
Seat 7: maxim-ka4a collected ($0.54)
Seat 8: dmcrbr folded before Flop (didn't bet)
Seat 9: Realtor59 folded before Flop (didn't bet)



PokerStars Hand #225788953963:  Hold'em No Limit ($0.01/$0.02 USD) - 2021/04/12 20:57:11 PT [2021/04/12 23:57:11 ET]
Table 'Sadeya' 9-max Seat #3 is the button
Seat 2: fed3.garcia_ ($0.38 in chips) 
Seat 3: Culprud ($1.95 in chips) 
Seat 4: Dorex2007 ($5.05 in chips) 
Seat 5: vitopadel ($1.53 in chips) 
Seat 6: XTLMZUWR ($5.82 in chips) 
Seat 7: maxim-ka4a ($2.30 in chips) 
Seat 8: dmcrbr ($2.83 in chips) 
Seat 9: Realtor59 ($1.50 in chips) 
Dorex2007: posts small blind $0.01
vitopadel: posts big blind $0.02
*** HOLE CARDS ***
Dealt to Dorex2007 [8h 7h]
XTLMZUWR: folds 
maxim-ka4a: folds 
dmcrbr: folds 
dmcrbr leaves the table
Realtor59: raises $0.02 to $0.04
fed3.garcia_: calls $0.04
anntonio7 leaves the table
Culprud: folds 
Dorex2007: calls $0.03
vitopadel: calls $0.02
*** FLOP *** [Jd 9c 6s]
finik2525 joins the table at seat #1 
Dorex2007: checks 
vitopadel: checks 
Realtor59: bets $0.04
fed3.garcia_: folds 
Dorex2007: calls $0.04
vitopadel: folds 
*** TURN *** [Jd 9c 6s] [9s]
Dorex2007: bets $0.23
Realtor59: folds 
Uncalled bet ($0.23) returned to Dorex2007
Dorex2007 collected $0.23 from pot
Dorex2007: doesn't show hand 
*** SUMMARY ***
Total pot $0.24 | Rake $0.01 
Board [Jd 9c 6s 9s]
Seat 2: fed3.garcia_ folded on the Flop
Seat 3: Culprud (button) folded before Flop (didn't bet)
Seat 4: Dorex2007 (small blind) collected ($0.23)
Seat 5: vitopadel (big blind) folded on the Flop
Seat 6: XTLMZUWR folded before Flop (didn't bet)
Seat 7: maxim-ka4a folded before Flop (didn't bet)
Seat 8: dmcrbr folded before Flop (didn't bet)
Seat 9: Realtor59 folded on the Turn



PokerStars Hand #225788960679:  Hold'em No Limit ($0.01/$0.02 USD) - 2021/04/12 20:57:54 PT [2021/04/12 23:57:54 ET]
Table 'Sadeya' 9-max Seat #4 is the button
Seat 2: fed3.garcia_ ($0.34 in chips) 
Seat 3: Culprud ($1.95 in chips) 
Seat 4: Dorex2007 ($5.20 in chips) 
Seat 5: vitopadel ($1.49 in chips) 
Seat 6: XTLMZUWR ($5.82 in chips) 
Seat 7: maxim-ka4a ($2.30 in chips) 
Seat 9: Realtor59 ($1.42 in chips) 
vitopadel: posts small blind $0.01
XTLMZUWR: posts big blind $0.02
finik2525: sits out 
*** HOLE CARDS ***
Dealt to Dorex2007 [6h Qs]
maxim-ka4a: folds 
Realtor59: folds 
fed3.garcia_: folds 
Culprud: folds 
Dorex2007: folds 
vitopadel: raises $1.47 to $1.49 and is all-in
XTLMZUWR: folds 
Uncalled bet ($1.47) returned to vitopadel
vitopadel collected $0.04 from pot
vitopadel: doesn't show hand 
*** SUMMARY ***
Total pot $0.04 | Rake $0 
Seat 2: fed3.garcia_ folded before Flop (didn't bet)
Seat 3: Culprud folded before Flop (didn't bet)
Seat 4: Dorex2007 (button) folded before Flop (didn't bet)
Seat 5: vitopadel (small blind) collected ($0.04)
Seat 6: XTLMZUWR (big blind) folded before Flop
Seat 7: maxim-ka4a folded before Flop (didn't bet)
Seat 9: Realtor59 folded before Flop (didn't bet)



PokerStars Hand #225788962414:  Hold'em No Limit ($0.01/$0.02 USD) - 2021/04/12 20:58:05 PT [2021/04/12 23:58:05 ET]
Table 'Sadeya' 9-max Seat #5 is the button
Seat 2: fed3.garcia_ ($0.34 in chips) 
Seat 3: Culprud ($1.95 in chips) 
Seat 4: Dorex2007 ($5.20 in chips) 
Seat 5: vitopadel ($1.51 in chips) 
Seat 6: XTLMZUWR ($5.80 in chips) 
Seat 7: maxim-ka4a ($2.30 in chips) 
Seat 9: Realtor59 ($1.42 in chips) 
XTLMZUWR: posts small blind $0.01
maxim-ka4a: posts big blind $0.02
finik2525: sits out 
*** HOLE CARDS ***
Dealt to Dorex2007 [Jh Qc]
Realtor59: folds 
fed3.garcia_: calls $0.02
Culprud: folds 
Dorex2007: raises $0.04 to $0.06
vitopadel: raises $1.45 to $1.51 and is all-in
XTLMZUWR: folds 
maxim-ka4a: folds 
fed3.garcia_: calls $0.32 and is all-in
Dorex2007: folds 
Uncalled bet ($1.17) returned to vitopadel
*** FLOP *** [4s Jd 8c]
*** TURN *** [4s Jd 8c] [Th]
finik2525 leaves the table
*** RIVER *** [4s Jd 8c Th] [8h]
*** SHOW DOWN ***
fed3.garcia_: shows [8d Ah] (three of a kind, Eights)
vitopadel: shows [2c As] (a pair of Eights)
fed3.garcia_ collected $0.74 from pot
*** SUMMARY ***
Total pot $0.77 | Rake $0.03 
Board [4s Jd 8c Th 8h]
Seat 2: fed3.garcia_ showed [8d Ah] and won ($0.74) with three of a kind, Eights
Seat 3: Culprud folded before Flop (didn't bet)
Seat 4: Dorex2007 folded before Flop
Seat 5: vitopadel (button) showed [2c As] and lost with a pair of Eights
Seat 6: XTLMZUWR (small blind) folded before Flop
Seat 7: maxim-ka4a (big blind) folded before Flop
Seat 9: Realtor59 folded before Flop (didn't bet)



PokerStars Hand #225788966696:  Hold'em No Limit ($0.01/$0.02 USD) - 2021/04/12 20:58:32 PT [2021/04/12 23:58:32 ET]
Table 'Sadeya' 9-max Seat #6 is the button
Seat 2: fed3.garcia_ ($0.74 in chips) 
Seat 3: Culprud ($1.95 in chips) 
Seat 4: Dorex2007 ($5.14 in chips) 
Seat 5: vitopadel ($1.17 in chips) 
Seat 6: XTLMZUWR ($5.79 in chips) 
Seat 7: maxim-ka4a ($2.28 in chips) 
maxim-ka4a: posts small blind $0.01
Realtor59: is sitting out 
fed3.garcia_: posts big blind $0.02
*** HOLE CARDS ***
Dealt to Dorex2007 [Js 3h]
Realtor59 leaves the table
Culprud: calls $0.02
Dorex2007: folds 
vitopadel: calls $0.02
XTLMZUWR: folds 
maxim-ka4a: folds 
fed3.garcia_: raises $0.72 to $0.74 and is all-in
VinnyCout joins the table at seat #9 
Culprud: folds 
vitopadel: folds 
Uncalled bet ($0.72) returned to fed3.garcia_
fed3.garcia_ collected $0.07 from pot
fed3.garcia_: doesn't show hand 
*** SUMMARY ***
Total pot $0.07 | Rake $0 
Seat 2: fed3.garcia_ (big blind) collected ($0.07)
Seat 3: Culprud folded before Flop
Seat 4: Dorex2007 folded before Flop (didn't bet)
Seat 5: vitopadel folded before Flop
Seat 6: XTLMZUWR (button) folded before Flop (didn't bet)
Seat 7: maxim-ka4a (small blind) folded before Flop



PokerStars Hand #225788970371:  Hold'em No Limit ($0.01/$0.02 USD) - 2021/04/12 20:58:55 PT [2021/04/12 23:58:55 ET]
Table 'Sadeya' 9-max Seat #7 is the button
Seat 2: fed3.garcia_ ($0.79 in chips) 
Seat 3: Culprud ($1.93 in chips) 
Seat 4: Dorex2007 ($5.14 in chips) 
Seat 5: vitopadel ($1.15 in chips) 
Seat 6: XTLMZUWR ($5.79 in chips) 
Seat 7: maxim-ka4a ($2.27 in chips) 
fed3.garcia_: posts small blind $0.01
Culprud: posts big blind $0.02
*** HOLE CARDS ***
Dealt to Dorex2007 [5d 7c]
Dorex2007: folds 
vitopadel: calls $0.02
XTLMZUWR: folds 
maxim-ka4a: folds 
fed3.garcia_: folds 
Culprud: raises $0.02 to $0.04
vitopadel: raises $1.11 to $1.15 and is all-in
Culprud: calls $1.11
*** FLOP *** [6s 8c 5c]
*** TURN *** [6s 8c 5c] [2d]
*** RIVER *** [6s 8c 5c 2d] [3c]
*** SHOW DOWN ***
Culprud: shows [Ac Jd] (high card Ace)
vitopadel: shows [Tc Kc] (a flush, King high)
vitopadel collected $2.23 from pot
Culprud cashed out the hand for $1.33 | Cash Out Fee $0.01
*** SUMMARY ***
Total pot $2.31 | Rake $0.08 
Board [6s 8c 5c 2d 3c]
Seat 2: fed3.garcia_ (small blind) folded before Flop
Seat 3: Culprud (big blind) showed [Ac Jd] and lost with high card Ace (cashed out).
Seat 4: Dorex2007 folded before Flop (didn't bet)
Seat 5: vitopadel showed [Tc Kc] and won ($2.23) with a flush, King high
Seat 6: XTLMZUWR folded before Flop (didn't bet)
Seat 7: maxim-ka4a (button) folded before Flop (didn't bet)



PokerStars Hand #225788977322:  Hold'em No Limit ($0.01/$0.02 USD) - 2021/04/12 20:59:40 PT [2021/04/12 23:59:40 ET]
Table 'Sadeya' 9-max Seat #2 is the button
Seat 2: fed3.garcia_ ($0.78 in chips) 
Seat 3: Culprud ($2.11 in chips) 
Seat 4: Dorex2007 ($5.14 in chips) 
Seat 5: vitopadel ($2.23 in chips) 
Seat 6: XTLMZUWR ($5.79 in chips) 
Seat 7: maxim-ka4a ($2.27 in chips) 
Culprud: posts small blind $0.01
Dorex2007: posts big blind $0.02
VinnyCout: sits out 
*** HOLE CARDS ***
Dealt to Dorex2007 [Qd Kc]
vitopadel: calls $0.02
XTLMZUWR: folds 
maxim-ka4a: folds 
fed3.garcia_: raises $0.08 to $0.10
Culprud: folds 
Dorex2007: calls $0.08
vitopadel: raises $2.13 to $2.23 and is all-in
fed3.garcia_: calls $0.68 and is all-in
Dorex2007: folds 
Uncalled bet ($1.45) returned to vitopadel
DVTRA joins the table at seat #8 
*** FLOP *** [2h 4s 8s]
*** TURN *** [2h 4s 8s] [3d]
VinnyCout leaves the table
*** RIVER *** [2h 4s 8s 3d] [2c]
*** SHOW DOWN ***
vitopadel: shows [As Ah] (two pair, Aces and Deuces)
fed3.garcia_: shows [Qh Js] (a pair of Deuces)
vitopadel collected $1.61 from pot
*** SUMMARY ***
Total pot $1.67 | Rake $0.06 
Board [2h 4s 8s 3d 2c]
Seat 2: fed3.garcia_ (button) showed [Qh Js] and lost with a pair of Deuces
Seat 3: Culprud (small blind) folded before Flop
Seat 4: Dorex2007 (big blind) folded before Flop
Seat 5: vitopadel showed [As Ah] and won ($1.61) with two pair, Aces and Deuces
Seat 6: XTLMZUWR folded before Flop (didn't bet)
Seat 7: maxim-ka4a folded before Flop (didn't bet)



