PokerStars Hand #223975504885:  Hold'em No Limit ($0.01/$0.02 USD) - 2021/02/18 21:22:42 PT [2021/02/19 0:22:42 ET]
Table 'Halleria IV' 9-max Seat #8 is the button
Seat 1: Dorex2007 ($1.50 in chips) 
Seat 3: Ebbel808 ($2 in chips) 
Seat 4: r4bitz ($2 in chips) 
Seat 5: GeeeTeee333 ($4.92 in chips) 
Seat 6: battleship84 ($2.13 in chips) 
Seat 8: w3sby ($2 in chips) 
Seat 9: siriusastro ($2.47 in chips) 
siriusastro: posts small blind $0.01
Dorex2007: posts big blind $0.02
*** HOLE CARDS ***
Dealt to Dorex2007 [7c 7s]
Ebbel808: folds 
r4bitz: folds 
GeeeTeee333: calls $0.02
battleship84: calls $0.02
w3sby: raises $0.08 to $0.10
siriusastro: folds 
Dorex2007: folds 
GeeeTeee333: folds 
battleship84: folds 
Uncalled bet ($0.08) returned to w3sby
w3sby collected $0.09 from pot
w3sby: doesn't show hand 
*** SUMMARY ***
Total pot $0.09 | Rake $0 
Seat 1: Dorex2007 (big blind) folded before Flop
Seat 3: Ebbel808 folded before Flop (didn't bet)
Seat 4: r4bitz folded before Flop (didn't bet)
Seat 5: GeeeTeee333 folded before Flop
Seat 6: battleship84 folded before Flop
Seat 8: w3sby (button) collected ($0.09)
Seat 9: siriusastro (small blind) folded before Flop



PokerStars Hand #223975514318:  Hold'em No Limit ($0.01/$0.02 USD) - 2021/02/18 21:23:25 PT [2021/02/19 0:23:25 ET]
Table 'Halleria IV' 9-max Seat #9 is the button
Seat 1: Dorex2007 ($1.48 in chips) 
Seat 3: Ebbel808 ($2 in chips) 
Seat 4: r4bitz ($2 in chips) 
Seat 5: GeeeTeee333 ($4.90 in chips) 
Seat 6: battleship84 ($2.11 in chips) 
Seat 8: w3sby ($2.07 in chips) 
Seat 9: siriusastro ($2.46 in chips) 
Dorex2007: posts small blind $0.01
Ebbel808: posts big blind $0.02
*** HOLE CARDS ***
Dealt to Dorex2007 [7s 3s]
r4bitz has timed out
r4bitz: folds 
GeeeTeee333: calls $0.02
battleship84: calls $0.02
w3sby: calls $0.02
siriusastro: raises $0.11 to $0.13
Dorex2007: folds 
Ebbel808: folds 
GeeeTeee333: folds 
battleship84: folds 
w3sby: folds 
Uncalled bet ($0.11) returned to siriusastro
siriusastro collected $0.11 from pot
siriusastro: doesn't show hand 
*** SUMMARY ***
Total pot $0.11 | Rake $0 
Seat 1: Dorex2007 (small blind) folded before Flop
Seat 3: Ebbel808 (big blind) folded before Flop
Seat 4: r4bitz folded before Flop (didn't bet)
Seat 5: GeeeTeee333 folded before Flop
Seat 6: battleship84 folded before Flop
Seat 8: w3sby folded before Flop
Seat 9: siriusastro (button) collected ($0.11)



PokerStars Hand #223975522272:  Hold'em No Limit ($0.01/$0.02 USD) - 2021/02/18 21:24:01 PT [2021/02/19 0:24:01 ET]
Table 'Halleria IV' 9-max Seat #1 is the button
Seat 1: Dorex2007 ($1.47 in chips) 
Seat 3: Ebbel808 ($2 in chips) 
Seat 4: r4bitz ($2 in chips) 
Seat 5: GeeeTeee333 ($4.88 in chips) 
Seat 6: battleship84 ($2.09 in chips) 
Seat 8: w3sby ($2.05 in chips) 
Seat 9: siriusastro ($2.55 in chips) 
Ebbel808: posts small blind $0.01
r4bitz: posts big blind $0.02
*** HOLE CARDS ***
Dealt to Dorex2007 [8h 9h]
GeeeTeee333: calls $0.02
battleship84: calls $0.02
w3sby: folds 
siriusastro: folds 
Dorex2007: raises $0.04 to $0.06
Ebbel808: folds 
r4bitz: folds 
GeeeTeee333: calls $0.04
battleship84: calls $0.04
*** FLOP *** [Ad Ts 3d]
GeeeTeee333: checks 
battleship84: checks 
Dorex2007: bets $0.20
GeeeTeee333: folds 
battleship84: folds 
Uncalled bet ($0.20) returned to Dorex2007
Dorex2007 collected $0.20 from pot
Dorex2007: doesn't show hand 
*** SUMMARY ***
Total pot $0.21 | Rake $0.01 
Board [Ad Ts 3d]
Seat 1: Dorex2007 (button) collected ($0.20)
Seat 3: Ebbel808 (small blind) folded before Flop
Seat 4: r4bitz (big blind) folded before Flop
Seat 5: GeeeTeee333 folded on the Flop
Seat 6: battleship84 folded on the Flop
Seat 8: w3sby folded before Flop (didn't bet)
Seat 9: siriusastro folded before Flop (didn't bet)



PokerStars Hand #223975529846:  Hold'em No Limit ($0.01/$0.02 USD) - 2021/02/18 21:24:36 PT [2021/02/19 0:24:36 ET]
Table 'Halleria IV' 9-max Seat #3 is the button
Seat 1: Dorex2007 ($1.61 in chips) 
Seat 3: Ebbel808 ($2 in chips) 
Seat 4: r4bitz ($2 in chips) 
Seat 5: GeeeTeee333 ($4.82 in chips) 
Seat 6: battleship84 ($2.03 in chips) 
Seat 8: w3sby ($2.05 in chips) 
Seat 9: siriusastro ($2.55 in chips) 
r4bitz: posts small blind $0.01
GeeeTeee333: posts big blind $0.02
*** HOLE CARDS ***
Dealt to Dorex2007 [5h Jc]
battleship84: folds 
w3sby: folds 
siriusastro: folds 
Dorex2007: folds 
Ebbel808: raises $0.04 to $0.06
r4bitz: folds 
GeeeTeee333: calls $0.04
*** FLOP *** [9h Kd 8c]
GeeeTeee333: checks 
Ebbel808: bets $0.06
GeeeTeee333: folds 
Uncalled bet ($0.06) returned to Ebbel808
Ebbel808 collected $0.13 from pot
Ebbel808: doesn't show hand 
*** SUMMARY ***
Total pot $0.13 | Rake $0 
Board [9h Kd 8c]
Seat 1: Dorex2007 folded before Flop (didn't bet)
Seat 3: Ebbel808 (button) collected ($0.13)
Seat 4: r4bitz (small blind) folded before Flop
Seat 5: GeeeTeee333 (big blind) folded on the Flop
Seat 6: battleship84 folded before Flop (didn't bet)
Seat 8: w3sby folded before Flop (didn't bet)
Seat 9: siriusastro folded before Flop (didn't bet)



PokerStars Hand #223975536635:  Hold'em No Limit ($0.01/$0.02 USD) - 2021/02/18 21:25:07 PT [2021/02/19 0:25:07 ET]
Table 'Halleria IV' 9-max Seat #4 is the button
Seat 1: Dorex2007 ($1.61 in chips) 
Seat 3: Ebbel808 ($2.07 in chips) 
Seat 4: r4bitz ($2 in chips) 
Seat 5: GeeeTeee333 ($4.76 in chips) 
Seat 6: battleship84 ($2.03 in chips) 
Seat 8: w3sby ($2.05 in chips) 
Seat 9: siriusastro ($2.55 in chips) 
GeeeTeee333: posts small blind $0.01
battleship84: posts big blind $0.02
modernexpo: sits out 
*** HOLE CARDS ***
Dealt to Dorex2007 [Kd 7s]
w3sby: folds 
siriusastro: folds 
Dorex2007: folds 
Ebbel808: raises $0.04 to $0.06
r4bitz: folds 
GeeeTeee333: folds 
battleship84: calls $0.04
*** FLOP *** [3h 4s 5h]
battleship84: checks 
Ebbel808: bets $0.06
battleship84: folds 
Uncalled bet ($0.06) returned to Ebbel808
Ebbel808 collected $0.13 from pot
Ebbel808: doesn't show hand 
*** SUMMARY ***
Total pot $0.13 | Rake $0 
Board [3h 4s 5h]
Seat 1: Dorex2007 folded before Flop (didn't bet)
Seat 3: Ebbel808 collected ($0.13)
Seat 4: r4bitz (button) folded before Flop (didn't bet)
Seat 5: GeeeTeee333 (small blind) folded before Flop
Seat 6: battleship84 (big blind) folded on the Flop
Seat 8: w3sby folded before Flop (didn't bet)
Seat 9: siriusastro folded before Flop (didn't bet)



PokerStars Hand #223975545036:  Hold'em No Limit ($0.01/$0.02 USD) - 2021/02/18 21:25:45 PT [2021/02/19 0:25:45 ET]
Table 'Halleria IV' 9-max Seat #5 is the button
Seat 1: Dorex2007 ($1.61 in chips) 
Seat 3: Ebbel808 ($2.14 in chips) 
Seat 4: r4bitz ($2 in chips) 
Seat 5: GeeeTeee333 ($4.75 in chips) 
Seat 6: battleship84 ($1.97 in chips) 
Seat 7: modernexpo ($2.13 in chips) 
Seat 8: w3sby ($2.05 in chips) 
Seat 9: siriusastro ($2.55 in chips) 
battleship84: posts small blind $0.01
modernexpo: posts big blind $0.02
*** HOLE CARDS ***
Dealt to Dorex2007 [2s 4s]
w3sby: folds 
siriusastro: folds 
Dorex2007: folds 
Ebbel808: folds 
r4bitz: folds 
GeeeTeee333: calls $0.02
battleship84: calls $0.01
modernexpo: checks 
*** FLOP *** [9c Qc 5s]
battleship84: checks 
modernexpo: checks 
GeeeTeee333: checks 
*** TURN *** [9c Qc 5s] [8d]
battleship84: checks 
modernexpo: checks 
GeeeTeee333: checks 
*** RIVER *** [9c Qc 5s 8d] [8h]
battleship84: checks 
modernexpo: checks 
GeeeTeee333: checks 
*** SHOW DOWN ***
battleship84: shows [4c 2d] (a pair of Eights)
modernexpo: shows [5h 4d] (two pair, Eights and Fives)
GeeeTeee333: mucks hand 
modernexpo collected $0.06 from pot
*** SUMMARY ***
Total pot $0.06 | Rake $0 
Board [9c Qc 5s 8d 8h]
Seat 1: Dorex2007 folded before Flop (didn't bet)
Seat 3: Ebbel808 folded before Flop (didn't bet)
Seat 4: r4bitz folded before Flop (didn't bet)
Seat 5: GeeeTeee333 (button) mucked [Kc 2h]
Seat 6: battleship84 (small blind) showed [4c 2d] and lost with a pair of Eights
Seat 7: modernexpo (big blind) showed [5h 4d] and won ($0.06) with two pair, Eights and Fives
Seat 8: w3sby folded before Flop (didn't bet)
Seat 9: siriusastro folded before Flop (didn't bet)



PokerStars Hand #223975555570:  Hold'em No Limit ($0.01/$0.02 USD) - 2021/02/18 21:26:29 PT [2021/02/19 0:26:29 ET]
Table 'Halleria IV' 9-max Seat #6 is the button
Seat 1: Dorex2007 ($1.61 in chips) 
Seat 3: Ebbel808 ($2.14 in chips) 
Seat 4: r4bitz ($2 in chips) 
Seat 5: GeeeTeee333 ($4.73 in chips) 
Seat 6: battleship84 ($1.95 in chips) 
Seat 7: modernexpo ($2.17 in chips) 
Seat 8: w3sby ($2.05 in chips) 
Seat 9: siriusastro ($2.55 in chips) 
modernexpo: posts small blind $0.01
w3sby: posts big blind $0.02
*** HOLE CARDS ***
Dealt to Dorex2007 [6d Jd]
siriusastro: folds 
Dorex2007: folds 
Ebbel808: calls $0.02
r4bitz has timed out
r4bitz: folds 
GeeeTeee333: folds 
battleship84: calls $0.02
modernexpo: raises $0.24 to $0.26
w3sby: folds 
Ebbel808: folds 
battleship84: folds 
Uncalled bet ($0.24) returned to modernexpo
modernexpo collected $0.08 from pot
modernexpo: doesn't show hand 
*** SUMMARY ***
Total pot $0.08 | Rake $0 
Seat 1: Dorex2007 folded before Flop (didn't bet)
Seat 3: Ebbel808 folded before Flop
Seat 4: r4bitz folded before Flop (didn't bet)
Seat 5: GeeeTeee333 folded before Flop (didn't bet)
Seat 6: battleship84 (button) folded before Flop
Seat 7: modernexpo (small blind) collected ($0.08)
Seat 8: w3sby (big blind) folded before Flop
Seat 9: siriusastro folded before Flop (didn't bet)



PokerStars Hand #223975573934:  Hold'em No Limit ($0.01/$0.02 USD) - 2021/02/18 21:27:11 PT [2021/02/19 0:27:11 ET]
Table 'Halleria IV' 9-max Seat #7 is the button
Seat 1: Dorex2007 ($1.61 in chips) 
Seat 3: Ebbel808 ($2.12 in chips) 
Seat 4: r4bitz ($2 in chips) 
Seat 5: GeeeTeee333 ($4.73 in chips) 
Seat 6: battleship84 ($1.93 in chips) 
Seat 7: modernexpo ($2.23 in chips) 
Seat 8: w3sby ($2.03 in chips) 
Seat 9: siriusastro ($2.55 in chips) 
w3sby: posts small blind $0.01
siriusastro: posts big blind $0.02
*** HOLE CARDS ***
Dealt to Dorex2007 [7c Qd]
Dorex2007: folds 
Ebbel808: folds 
r4bitz: folds 
GeeeTeee333: folds 
battleship84: calls $0.02
modernexpo: folds 
w3sby: folds 
siriusastro: checks 
*** FLOP *** [2s 5c 7h]
siriusastro: checks 
battleship84: checks 
*** TURN *** [2s 5c 7h] [Tc]
siriusastro: bets $0.02
battleship84: folds 
Uncalled bet ($0.02) returned to siriusastro
siriusastro collected $0.05 from pot
siriusastro: doesn't show hand 
*** SUMMARY ***
Total pot $0.05 | Rake $0 
Board [2s 5c 7h Tc]
Seat 1: Dorex2007 folded before Flop (didn't bet)
Seat 3: Ebbel808 folded before Flop (didn't bet)
Seat 4: r4bitz folded before Flop (didn't bet)
Seat 5: GeeeTeee333 folded before Flop (didn't bet)
Seat 6: battleship84 folded on the Turn
Seat 7: modernexpo (button) folded before Flop (didn't bet)
Seat 8: w3sby (small blind) folded before Flop
Seat 9: siriusastro (big blind) collected ($0.05)



PokerStars Hand #223975581680:  Hold'em No Limit ($0.01/$0.02 USD) - 2021/02/18 21:27:46 PT [2021/02/19 0:27:46 ET]
Table 'Halleria IV' 9-max Seat #8 is the button
Seat 1: Dorex2007 ($1.61 in chips) 
Seat 3: Ebbel808 ($2.12 in chips) 
Seat 4: r4bitz ($2 in chips) 
Seat 5: GeeeTeee333 ($4.73 in chips) 
Seat 6: battleship84 ($1.91 in chips) 
Seat 7: modernexpo ($2.23 in chips) 
Seat 8: w3sby ($2.02 in chips) 
Seat 9: siriusastro ($2.58 in chips) 
siriusastro: posts small blind $0.01
Dorex2007: posts big blind $0.02
*** HOLE CARDS ***
Dealt to Dorex2007 [7d 2s]
Ebbel808: raises $0.04 to $0.06
r4bitz: folds 
GeeeTeee333: calls $0.06
battleship84: folds 
modernexpo: folds 
w3sby: folds 
siriusastro: folds 
Dorex2007: folds 
*** FLOP *** [9s Th Qc]
Ebbel808: checks 
GeeeTeee333: checks 
*** TURN *** [9s Th Qc] [6d]
Ebbel808: bets $0.06
GeeeTeee333: calls $0.06
*** RIVER *** [9s Th Qc 6d] [8d]
r4bitz leaves the table
Ebbel808: bets $0.14
GeeeTeee333: folds 
Uncalled bet ($0.14) returned to Ebbel808
Ebbel808 collected $0.26 from pot
Ebbel808: doesn't show hand 
*** SUMMARY ***
Total pot $0.27 | Rake $0.01 
Board [9s Th Qc 6d 8d]
Seat 1: Dorex2007 (big blind) folded before Flop
Seat 3: Ebbel808 collected ($0.26)
Seat 4: r4bitz folded before Flop (didn't bet)
Seat 5: GeeeTeee333 folded on the River
Seat 6: battleship84 folded before Flop (didn't bet)
Seat 7: modernexpo folded before Flop (didn't bet)
Seat 8: w3sby (button) folded before Flop (didn't bet)
Seat 9: siriusastro (small blind) folded before Flop



PokerStars Hand #223975602027:  Hold'em No Limit ($0.01/$0.02 USD) - 2021/02/18 21:28:39 PT [2021/02/19 0:28:39 ET]
Table 'Halleria IV' 9-max Seat #9 is the button
Seat 1: Dorex2007 ($1.59 in chips) 
Seat 3: Ebbel808 ($2.26 in chips) 
Seat 5: GeeeTeee333 ($4.61 in chips) 
Seat 6: battleship84 ($1.91 in chips) 
Seat 7: modernexpo ($2.23 in chips) 
Seat 8: w3sby ($2.02 in chips) 
Seat 9: siriusastro ($2.57 in chips) 
Dorex2007: posts small blind $0.01
Ebbel808: posts big blind $0.02
*** HOLE CARDS ***
Dealt to Dorex2007 [8c 3s]
GeeeTeee333: calls $0.02
sorted1963 joins the table at seat #4 
battleship84 has timed out
battleship84: folds 
modernexpo: folds 
w3sby: raises $0.06 to $0.08
siriusastro: folds 
Dorex2007: folds 
Ebbel808: folds 
GeeeTeee333: calls $0.06
*** FLOP *** [5d 3h Ah]
GeeeTeee333: checks 
w3sby: bets $0.13
GeeeTeee333: folds 
Uncalled bet ($0.13) returned to w3sby
w3sby collected $0.18 from pot
*** SUMMARY ***
Total pot $0.19 | Rake $0.01 
Board [5d 3h Ah]
Seat 1: Dorex2007 (small blind) folded before Flop
Seat 3: Ebbel808 (big blind) folded before Flop
Seat 5: GeeeTeee333 folded on the Flop
Seat 6: battleship84 folded before Flop (didn't bet)
Seat 7: modernexpo folded before Flop (didn't bet)
Seat 8: w3sby collected ($0.18)
Seat 9: siriusastro (button) folded before Flop (didn't bet)



PokerStars Hand #223975609897:  Hold'em No Limit ($0.01/$0.02 USD) - 2021/02/18 21:29:16 PT [2021/02/19 0:29:16 ET]
Table 'Halleria IV' 9-max Seat #1 is the button
Seat 1: Dorex2007 ($1.58 in chips) 
Seat 3: Ebbel808 ($2.24 in chips) 
Seat 4: sorted1963 ($1.98 in chips) 
Seat 5: GeeeTeee333 ($4.53 in chips) 
Seat 6: battleship84 ($1.91 in chips) 
Seat 7: modernexpo ($2.23 in chips) 
Seat 8: w3sby ($2.12 in chips) 
Seat 9: siriusastro ($2.57 in chips) 
Ebbel808: posts small blind $0.01
sorted1963: posts big blind $0.02
*** HOLE CARDS ***
Dealt to Dorex2007 [9c 3s]
GeeeTeee333: folds 
battleship84: folds 
modernexpo: folds 
w3sby: folds 
GeeeTeee333 leaves the table
siriusastro: folds 
Dorex2007: folds 
Ebbel808: calls $0.01
sorted1963: checks 
*** FLOP *** [Qh 6h 3d]
Ebbel808: bets $0.04
sorted1963: calls $0.04
*** TURN *** [Qh 6h 3d] [Jd]
Ebbel808: bets $0.06
sorted1963: calls $0.06
*** RIVER *** [Qh 6h 3d Jd] [8h]
Ebbel808: bets $0.16
sorted1963: calls $0.16
*** SHOW DOWN ***
Ebbel808: shows [9h 9s] (a pair of Nines)
sorted1963: shows [Qs 4s] (a pair of Queens)
sorted1963 collected $0.54 from pot
*** SUMMARY ***
Total pot $0.56 | Rake $0.02 
Board [Qh 6h 3d Jd 8h]
Seat 1: Dorex2007 (button) folded before Flop (didn't bet)
Seat 3: Ebbel808 (small blind) showed [9h 9s] and lost with a pair of Nines
Seat 4: sorted1963 (big blind) showed [Qs 4s] and won ($0.54) with a pair of Queens
Seat 5: GeeeTeee333 folded before Flop (didn't bet)
Seat 6: battleship84 folded before Flop (didn't bet)
Seat 7: modernexpo folded before Flop (didn't bet)
Seat 8: w3sby folded before Flop (didn't bet)
Seat 9: siriusastro folded before Flop (didn't bet)



PokerStars Hand #223975617690:  Hold'em No Limit ($0.01/$0.02 USD) - 2021/02/18 21:29:52 PT [2021/02/19 0:29:52 ET]
Table 'Halleria IV' 9-max Seat #3 is the button
Seat 1: Dorex2007 ($1.58 in chips) 
Seat 3: Ebbel808 ($2 in chips) 
Seat 4: sorted1963 ($2.24 in chips) 
Seat 6: battleship84 ($1.91 in chips) 
Seat 7: modernexpo ($2.23 in chips) 
Seat 8: w3sby ($2.12 in chips) 
Seat 9: siriusastro ($2.57 in chips) 
sorted1963: posts small blind $0.01
battleship84: posts big blind $0.02
*** HOLE CARDS ***
Dealt to Dorex2007 [Kd 5h]
modernexpo: folds 
w3sby: folds 
siriusastro: folds 
Dorex2007: folds 
Ebbel808: folds 
sorted1963: folds 
Uncalled bet ($0.01) returned to battleship84
battleship84 collected $0.02 from pot
*** SUMMARY ***
Total pot $0.02 | Rake $0 
Seat 1: Dorex2007 folded before Flop (didn't bet)
Seat 3: Ebbel808 (button) folded before Flop (didn't bet)
Seat 4: sorted1963 (small blind) folded before Flop
Seat 6: battleship84 (big blind) collected ($0.02)
Seat 7: modernexpo folded before Flop (didn't bet)
Seat 8: w3sby folded before Flop (didn't bet)
Seat 9: siriusastro folded before Flop (didn't bet)



PokerStars Hand #223975619869:  Hold'em No Limit ($0.01/$0.02 USD) - 2021/02/18 21:30:02 PT [2021/02/19 0:30:02 ET]
Table 'Halleria IV' 9-max Seat #4 is the button
Seat 1: Dorex2007 ($1.58 in chips) 
Seat 3: Ebbel808 ($2 in chips) 
Seat 4: sorted1963 ($2.23 in chips) 
Seat 6: battleship84 ($1.92 in chips) 
Seat 7: modernexpo ($2.23 in chips) 
Seat 8: w3sby ($2.12 in chips) 
Seat 9: siriusastro ($2.57 in chips) 
battleship84: posts small blind $0.01
modernexpo: posts big blind $0.02
*** HOLE CARDS ***
Dealt to Dorex2007 [9c 7s]
w3sby: raises $0.04 to $0.06
siriusastro: folds 
Dorex2007: folds 
Ebbel808: folds 
sorted1963: folds 
battleship84: folds 
modernexpo: calls $0.04
*** FLOP *** [Ah Kd 7c]
modernexpo: checks 
w3sby: bets $0.09
Olgarusnova joins the table at seat #5 
modernexpo: calls $0.09
*** TURN *** [Ah Kd 7c] [7h]
modernexpo: checks 
w3sby: bets $0.21
modernexpo: folds 
Uncalled bet ($0.21) returned to w3sby
w3sby collected $0.30 from pot
w3sby: doesn't show hand 
*** SUMMARY ***
Total pot $0.31 | Rake $0.01 
Board [Ah Kd 7c 7h]
Seat 1: Dorex2007 folded before Flop (didn't bet)
Seat 3: Ebbel808 folded before Flop (didn't bet)
Seat 4: sorted1963 (button) folded before Flop (didn't bet)
Seat 6: battleship84 (small blind) folded before Flop
Seat 7: modernexpo (big blind) folded on the Turn
Seat 8: w3sby collected ($0.30)
Seat 9: siriusastro folded before Flop (didn't bet)



PokerStars Hand #223975628766:  Hold'em No Limit ($0.01/$0.02 USD) - 2021/02/18 21:30:43 PT [2021/02/19 0:30:43 ET]
Table 'Halleria IV' 9-max Seat #6 is the button
Seat 1: Dorex2007 ($1.58 in chips) 
Seat 3: Ebbel808 ($2 in chips) 
Seat 4: sorted1963 ($2.23 in chips) 
Seat 5: Olgarusnova ($2 in chips) 
Seat 6: battleship84 ($1.91 in chips) 
Seat 7: modernexpo ($2.08 in chips) 
Seat 8: w3sby ($2.27 in chips) 
Seat 9: siriusastro ($2.57 in chips) 
modernexpo: posts small blind $0.01
w3sby: posts big blind $0.02
Olgarusnova: posts big blind $0.02
*** HOLE CARDS ***
Dealt to Dorex2007 [7c 3h]
siriusastro: folds 
Dorex2007: folds 
Ebbel808: raises $0.04 to $0.06
sorted1963: folds 
Olgarusnova: folds 
battleship84: calls $0.06
modernexpo: folds 
w3sby: folds 
*** FLOP *** [7h 2h 2d]
Ebbel808: checks 
battleship84: checks 
*** TURN *** [7h 2h 2d] [6h]
Ebbel808: bets $0.08
battleship84: folds 
Uncalled bet ($0.08) returned to Ebbel808
Ebbel808 collected $0.16 from pot
Ebbel808: doesn't show hand 
*** SUMMARY ***
Total pot $0.17 | Rake $0.01 
Board [7h 2h 2d 6h]
Seat 1: Dorex2007 folded before Flop (didn't bet)
Seat 3: Ebbel808 collected ($0.16)
Seat 4: sorted1963 folded before Flop (didn't bet)
Seat 5: Olgarusnova folded before Flop (didn't bet)
Seat 6: battleship84 (button) folded on the Turn
Seat 7: modernexpo (small blind) folded before Flop
Seat 8: w3sby (big blind) folded before Flop
Seat 9: siriusastro folded before Flop (didn't bet)



PokerStars Hand #223975637418:  Hold'em No Limit ($0.01/$0.02 USD) - 2021/02/18 21:31:23 PT [2021/02/19 0:31:23 ET]
Table 'Halleria IV' 9-max Seat #7 is the button
Seat 1: Dorex2007 ($1.58 in chips) 
Seat 3: Ebbel808 ($2.10 in chips) 
Seat 4: sorted1963 ($2.23 in chips) 
Seat 5: Olgarusnova ($1.98 in chips) 
Seat 6: battleship84 ($1.85 in chips) 
Seat 7: modernexpo ($2.07 in chips) 
Seat 8: w3sby ($2.25 in chips) 
Seat 9: siriusastro ($2.57 in chips) 
w3sby: posts small blind $0.01
siriusastro: posts big blind $0.02
*** HOLE CARDS ***
Dealt to Dorex2007 [Qh 3c]
Dorex2007: folds 
Ebbel808: folds 
sorted1963: folds 
Olgarusnova: folds 
battleship84: folds 
modernexpo: folds 
w3sby: folds 
Uncalled bet ($0.01) returned to siriusastro
siriusastro collected $0.02 from pot
siriusastro: doesn't show hand 
*** SUMMARY ***
Total pot $0.02 | Rake $0 
Seat 1: Dorex2007 folded before Flop (didn't bet)
Seat 3: Ebbel808 folded before Flop (didn't bet)
Seat 4: sorted1963 folded before Flop (didn't bet)
Seat 5: Olgarusnova folded before Flop (didn't bet)
Seat 6: battleship84 folded before Flop (didn't bet)
Seat 7: modernexpo (button) folded before Flop (didn't bet)
Seat 8: w3sby (small blind) folded before Flop
Seat 9: siriusastro (big blind) collected ($0.02)



PokerStars Hand #223975640656:  Hold'em No Limit ($0.01/$0.02 USD) - 2021/02/18 21:31:39 PT [2021/02/19 0:31:39 ET]
Table 'Halleria IV' 9-max Seat #8 is the button
Seat 1: Dorex2007 ($1.58 in chips) 
Seat 3: Ebbel808 ($2.10 in chips) 
Seat 4: sorted1963 ($2.23 in chips) 
Seat 5: Olgarusnova ($1.98 in chips) 
Seat 6: battleship84 ($1.85 in chips) 
Seat 7: modernexpo ($2.07 in chips) 
Seat 8: w3sby ($2.24 in chips) 
Seat 9: siriusastro ($2.58 in chips) 
siriusastro: posts small blind $0.01
Dorex2007: posts big blind $0.02
*** HOLE CARDS ***
Dealt to Dorex2007 [2d 5h]
Ebbel808: folds 
sorted1963: folds 
Olgarusnova: folds 
battleship84: calls $0.02
modernexpo: calls $0.02
w3sby: folds 
siriusastro: calls $0.01
Dorex2007: checks 
*** FLOP *** [8d As Td]
siriusastro: checks 
Dorex2007: checks 
battleship84: checks 
modernexpo: checks 
*** TURN *** [8d As Td] [Ad]
siriusastro: checks 
Dorex2007: checks 
battleship84: bets $0.08
modernexpo: calls $0.08
siriusastro: folds 
Dorex2007: folds 
*** RIVER *** [8d As Td Ad] [Ac]
battleship84: checks 
modernexpo: checks 
*** SHOW DOWN ***
battleship84: shows [Qd 6s] (three of a kind, Aces)
modernexpo: shows [Kd Qs] (three of a kind, Aces - King kicker)
modernexpo collected $0.23 from pot
*** SUMMARY ***
Total pot $0.24 | Rake $0.01 
Board [8d As Td Ad Ac]
Seat 1: Dorex2007 (big blind) folded on the Turn
Seat 3: Ebbel808 folded before Flop (didn't bet)
Seat 4: sorted1963 folded before Flop (didn't bet)
Seat 5: Olgarusnova folded before Flop (didn't bet)
Seat 6: battleship84 showed [Qd 6s] and lost with three of a kind, Aces
Seat 7: modernexpo showed [Kd Qs] and won ($0.23) with three of a kind, Aces
Seat 8: w3sby (button) folded before Flop (didn't bet)
Seat 9: siriusastro (small blind) folded on the Turn



PokerStars Hand #223975658150:  Hold'em No Limit ($0.01/$0.02 USD) - 2021/02/18 21:33:01 PT [2021/02/19 0:33:01 ET]
Table 'Halleria IV' 9-max Seat #9 is the button
Seat 1: Dorex2007 ($1.56 in chips) 
Seat 3: Ebbel808 ($2.10 in chips) 
Seat 4: sorted1963 ($2.23 in chips) 
Seat 5: Olgarusnova ($1.98 in chips) 
Seat 6: battleship84 ($1.75 in chips) 
Seat 7: modernexpo ($2.20 in chips) 
Seat 8: w3sby ($2.24 in chips) 
Seat 9: siriusastro ($2.56 in chips) 
Dorex2007: posts small blind $0.01
Ebbel808: posts big blind $0.02
*** HOLE CARDS ***
Dealt to Dorex2007 [Qd 4d]
sorted1963: folds 
Olgarusnova: folds 
battleship84: calls $0.02
modernexpo: folds 
w3sby: folds 
siriusastro: calls $0.02
Dorex2007: calls $0.01
Ebbel808: checks 
*** FLOP *** [Kd Kc Ks]
Dorex2007: checks 
Ebbel808: checks 
battleship84: bets $0.02
siriusastro: calls $0.02
Dorex2007: calls $0.02
Ebbel808: folds 
*** TURN *** [Kd Kc Ks] [Td]
Dorex2007: checks 
battleship84: bets $0.02
siriusastro: folds 
Dorex2007: calls $0.02
*** RIVER *** [Kd Kc Ks Td] [7h]
Dorex2007: checks 
battleship84: bets $0.12
Dorex2007: folds 
Uncalled bet ($0.12) returned to battleship84
battleship84 collected $0.17 from pot
*** SUMMARY ***
Total pot $0.18 | Rake $0.01 
Board [Kd Kc Ks Td 7h]
Seat 1: Dorex2007 (small blind) folded on the River
Seat 3: Ebbel808 (big blind) folded on the Flop
Seat 4: sorted1963 folded before Flop (didn't bet)
Seat 5: Olgarusnova folded before Flop (didn't bet)
Seat 6: battleship84 collected ($0.17)
Seat 7: modernexpo folded before Flop (didn't bet)
Seat 8: w3sby folded before Flop (didn't bet)
Seat 9: siriusastro (button) folded on the Turn



PokerStars Hand #223975675267:  Hold'em No Limit ($0.01/$0.02 USD) - 2021/02/18 21:34:22 PT [2021/02/19 0:34:22 ET]
Table 'Halleria IV' 9-max Seat #1 is the button
Seat 1: Dorex2007 ($1.50 in chips) 
Seat 3: Ebbel808 ($2.08 in chips) 
Seat 4: sorted1963 ($2.23 in chips) 
Seat 5: Olgarusnova ($1.98 in chips) 
Seat 6: battleship84 ($1.86 in chips) 
Seat 7: modernexpo ($2.20 in chips) 
Seat 8: w3sby ($2.24 in chips) 
Seat 9: siriusastro ($2.52 in chips) 
Ebbel808: posts small blind $0.01
sorted1963: posts big blind $0.02
*** HOLE CARDS ***
Dealt to Dorex2007 [5h 8d]
Olgarusnova: folds 
battleship84: folds 
modernexpo: folds 
w3sby: folds 
siriusastro: raises $0.04 to $0.06
Dorex2007: folds 
Ebbel808: calls $0.05
sorted1963: folds 
*** FLOP *** [4c Td Kc]
Ebbel808: checks 
siriusastro: bets $0.08
Ebbel808: calls $0.08
*** TURN *** [4c Td Kc] [9d]
Ebbel808: checks 
siriusastro: bets $0.16
Ebbel808: calls $0.16
*** RIVER *** [4c Td Kc 9d] [7d]
Ebbel808: checks 
siriusastro: bets $0.30
Ebbel808: raises $1.48 to $1.78 and is all-in
siriusastro: calls $1.48
*** SHOW DOWN ***
Ebbel808: shows [Qs Tc] (a pair of Tens)
siriusastro: shows [7s 7h] (three of a kind, Sevens)
siriusastro collected $4.03 from pot
*** SUMMARY ***
Total pot $4.18 | Rake $0.15 
Board [4c Td Kc 9d 7d]
Seat 1: Dorex2007 (button) folded before Flop (didn't bet)
Seat 3: Ebbel808 (small blind) showed [Qs Tc] and lost with a pair of Tens
Seat 4: sorted1963 (big blind) folded before Flop
Seat 5: Olgarusnova folded before Flop (didn't bet)
Seat 6: battleship84 folded before Flop (didn't bet)
Seat 7: modernexpo folded before Flop (didn't bet)
Seat 8: w3sby folded before Flop (didn't bet)
Seat 9: siriusastro showed [7s 7h] and won ($4.03) with three of a kind, Sevens



PokerStars Hand #223975687448:  Hold'em No Limit ($0.01/$0.02 USD) - 2021/02/18 21:35:20 PT [2021/02/19 0:35:20 ET]
Table 'Halleria IV' 9-max Seat #3 is the button
Seat 1: Dorex2007 ($1.50 in chips) 
Seat 3: Ebbel808 ($2 in chips) 
Seat 4: sorted1963 ($2.21 in chips) 
Seat 5: Olgarusnova ($1.98 in chips) 
Seat 6: battleship84 ($1.86 in chips) 
Seat 7: modernexpo ($2.20 in chips) 
Seat 8: w3sby ($2.24 in chips) 
Seat 9: siriusastro ($4.47 in chips) 
sorted1963: posts small blind $0.01
Olgarusnova: posts big blind $0.02
*** HOLE CARDS ***
Dealt to Dorex2007 [9c Ah]
battleship84 has timed out
battleship84: folds 
modernexpo: folds 
w3sby: folds 
siriusastro: raises $0.04 to $0.06
Dorex2007: folds 
Ebbel808: folds 
Ebbel808 leaves the table
sorted1963: folds 
Olgarusnova: folds 
Uncalled bet ($0.04) returned to siriusastro
siriusastro collected $0.05 from pot
siriusastro: doesn't show hand 
*** SUMMARY ***
Total pot $0.05 | Rake $0 
Seat 1: Dorex2007 folded before Flop (didn't bet)
Seat 3: Ebbel808 (button) folded before Flop (didn't bet)
Seat 4: sorted1963 (small blind) folded before Flop
Seat 5: Olgarusnova (big blind) folded before Flop
Seat 6: battleship84 folded before Flop (didn't bet)
Seat 7: modernexpo folded before Flop (didn't bet)
Seat 8: w3sby folded before Flop (didn't bet)
Seat 9: siriusastro collected ($0.05)



PokerStars Hand #223975692696:  Hold'em No Limit ($0.01/$0.02 USD) - 2021/02/18 21:35:44 PT [2021/02/19 0:35:44 ET]
Table 'Halleria IV' 9-max Seat #4 is the button
Seat 1: Dorex2007 ($1.50 in chips) 
Seat 4: sorted1963 ($2.20 in chips) 
Seat 5: Olgarusnova ($1.96 in chips) 
Seat 7: modernexpo ($2.20 in chips) 
Seat 8: w3sby ($2.24 in chips) 
Seat 9: siriusastro ($4.50 in chips) 
Olgarusnova: posts small blind $0.01
modernexpo: posts big blind $0.02
*** HOLE CARDS ***
Dealt to Dorex2007 [3c 3s]
w3sby: folds 
siriusastro: folds 
Dorex2007: calls $0.02
sorted1963: calls $0.02
Olgarusnova: folds 
modernexpo: checks 
*** FLOP *** [4d Ah Jd]
modernexpo: checks 
Dorex2007: checks 
sorted1963: checks 
*** TURN *** [4d Ah Jd] [9h]
modernexpo: checks 
Dorex2007: checks 
sorted1963: checks 
*** RIVER *** [4d Ah Jd 9h] [7c]
modernexpo: bets $0.07
Dorex2007: folds 
sorted1963: folds 
Uncalled bet ($0.07) returned to modernexpo
modernexpo collected $0.07 from pot
modernexpo: doesn't show hand 
*** SUMMARY ***
Total pot $0.07 | Rake $0 
Board [4d Ah Jd 9h 7c]
Seat 1: Dorex2007 folded on the River
Seat 4: sorted1963 (button) folded on the River
Seat 5: Olgarusnova (small blind) folded before Flop
Seat 7: modernexpo (big blind) collected ($0.07)
Seat 8: w3sby folded before Flop (didn't bet)
Seat 9: siriusastro folded before Flop (didn't bet)



PokerStars Hand #223975700252:  Hold'em No Limit ($0.01/$0.02 USD) - 2021/02/18 21:36:20 PT [2021/02/19 0:36:20 ET]
Table 'Halleria IV' 9-max Seat #5 is the button
Seat 1: Dorex2007 ($1.48 in chips) 
Seat 4: sorted1963 ($2.18 in chips) 
Seat 5: Olgarusnova ($1.95 in chips) 
Seat 7: modernexpo ($2.25 in chips) 
Seat 8: w3sby ($2.24 in chips) 
Seat 9: siriusastro ($4.50 in chips) 
modernexpo: posts small blind $0.01
w3sby: posts big blind $0.02
*** HOLE CARDS ***
Dealt to Dorex2007 [Qd As]
siriusastro: calls $0.02
Dorex2007: calls $0.02
sorted1963: calls $0.02
Olgarusnova: folds 
arbuz39 joins the table at seat #3 
modernexpo: folds 
w3sby: checks 
*** FLOP *** [9h 6h 3c]
w3sby: checks 
siriusastro: checks 
Dorex2007: checks 
sorted1963: checks 
*** TURN *** [9h 6h 3c] [Tc]
w3sby: checks 
siriusastro: checks 
Dorex2007: bets $0.09
sorted1963: folds 
w3sby: folds 
siriusastro: folds 
Uncalled bet ($0.09) returned to Dorex2007
Dorex2007 collected $0.09 from pot
Dorex2007: doesn't show hand 
*** SUMMARY ***
Total pot $0.09 | Rake $0 
Board [9h 6h 3c Tc]
Seat 1: Dorex2007 collected ($0.09)
Seat 4: sorted1963 folded on the Turn
Seat 5: Olgarusnova (button) folded before Flop (didn't bet)
Seat 7: modernexpo (small blind) folded before Flop
Seat 8: w3sby (big blind) folded on the Turn
Seat 9: siriusastro folded on the Turn



PokerStars Hand #223975709700:  Hold'em No Limit ($0.01/$0.02 USD) - 2021/02/18 21:37:05 PT [2021/02/19 0:37:05 ET]
Table 'Halleria IV' 9-max Seat #7 is the button
Seat 1: Dorex2007 ($1.55 in chips) 
Seat 3: arbuz39 ($1 in chips) 
Seat 4: sorted1963 ($2.16 in chips) 
Seat 5: Olgarusnova ($1.95 in chips) 
Seat 6: battleship84 ($1.86 in chips) 
Seat 7: modernexpo ($2.24 in chips) 
Seat 8: w3sby ($2.22 in chips) 
w3sby: posts small blind $0.01
siriusastro: is sitting out 
Dorex2007: posts big blind $0.02
arbuz39: posts big blind $0.02
battleship84: posts small & big blinds $0.03
*** HOLE CARDS ***
Dealt to Dorex2007 [9s Kc]
arbuz39: checks 
siriusastro leaves the table
sorted1963: calls $0.02
Olgarusnova: folds 
battleship84: checks 
modernexpo: raises $0.18 to $0.20
w3sby: folds 
Dorex2007: folds 
arbuz39: folds 
sorted1963: folds 
battleship84: folds 
Uncalled bet ($0.18) returned to modernexpo
modernexpo collected $0.12 from pot
modernexpo: doesn't show hand 
*** SUMMARY ***
Total pot $0.12 | Rake $0 
Seat 1: Dorex2007 (big blind) folded before Flop
Seat 3: arbuz39 folded before Flop (didn't bet)
Seat 4: sorted1963 folded before Flop
Seat 5: Olgarusnova folded before Flop (didn't bet)
Seat 6: battleship84 folded before Flop (didn't bet)
Seat 7: modernexpo (button) collected ($0.12)
Seat 8: w3sby (small blind) folded before Flop



PokerStars Hand #223975716839:  Hold'em No Limit ($0.01/$0.02 USD) - 2021/02/18 21:37:38 PT [2021/02/19 0:37:38 ET]
Table 'Halleria IV' 9-max Seat #8 is the button
Seat 1: Dorex2007 ($1.53 in chips) 
Seat 3: arbuz39 ($0.98 in chips) 
Seat 4: sorted1963 ($2.14 in chips) 
Seat 5: Olgarusnova ($1.95 in chips) 
Seat 6: battleship84 ($1.83 in chips) 
Seat 7: modernexpo ($2.34 in chips) 
Seat 8: w3sby ($2.21 in chips) 
Dorex2007: posts small blind $0.01
arbuz39: posts big blind $0.02
*** HOLE CARDS ***
Dealt to Dorex2007 [9d Kc]
sorted1963: folds 
Olgarusnova: calls $0.02
battleship84: calls $0.02
Chipplead1983 joins the table at seat #9 
modernexpo: folds 
w3sby: folds 
Dorex2007: folds 
arbuz39: checks 
*** FLOP *** [6s 9h 4h]
arbuz39: checks 
Olgarusnova: checks 
battleship84: bets $0.04
arbuz39: folds 
Olgarusnova: folds 
Uncalled bet ($0.04) returned to battleship84
battleship84 collected $0.07 from pot
Sergun K. was removed from the table for failing to post
Sergun K. leaves the table
*** SUMMARY ***
Total pot $0.07 | Rake $0 
Board [6s 9h 4h]
Seat 1: Dorex2007 (small blind) folded before Flop
Seat 3: arbuz39 (big blind) folded on the Flop
Seat 4: sorted1963 folded before Flop (didn't bet)
Seat 5: Olgarusnova folded on the Flop
Seat 6: battleship84 collected ($0.07)
Seat 7: modernexpo folded before Flop (didn't bet)
Seat 8: w3sby (button) folded before Flop (didn't bet)



PokerStars Hand #223975725099:  Hold'em No Limit ($0.01/$0.02 USD) - 2021/02/18 21:38:17 PT [2021/02/19 0:38:17 ET]
Table 'Halleria IV' 9-max Seat #1 is the button
Seat 1: Dorex2007 ($1.52 in chips) 
Seat 3: arbuz39 ($0.96 in chips) 
Seat 4: sorted1963 ($2.14 in chips) 
Seat 5: Olgarusnova ($1.93 in chips) 
Seat 6: battleship84 ($1.88 in chips) 
Seat 7: modernexpo ($2.34 in chips) 
Seat 8: w3sby ($2.21 in chips) 
Seat 9: Chipplead1983 ($0.87 in chips) 
arbuz39: posts small blind $0.01
sorted1963: posts big blind $0.02
Chipplead1983: posts big blind $0.02
*** HOLE CARDS ***
Dealt to Dorex2007 [Kd 9d]
Olgarusnova: folds 
Sergun K. joins the table at seat #2 
battleship84: raises $0.04 to $0.06
modernexpo: folds 
w3sby: folds 
Chipplead1983: folds 
Dorex2007: folds 
arbuz39: folds 
sorted1963: folds 
Uncalled bet ($0.04) returned to battleship84
battleship84 collected $0.07 from pot
*** SUMMARY ***
Total pot $0.07 | Rake $0 
Seat 1: Dorex2007 (button) folded before Flop (didn't bet)
Seat 3: arbuz39 (small blind) folded before Flop
Seat 4: sorted1963 (big blind) folded before Flop
Seat 5: Olgarusnova folded before Flop (didn't bet)
Seat 6: battleship84 collected ($0.07)
Seat 7: modernexpo folded before Flop (didn't bet)
Seat 8: w3sby folded before Flop (didn't bet)
Seat 9: Chipplead1983 folded before Flop (didn't bet)



PokerStars Hand #223975729442:  Hold'em No Limit ($0.01/$0.02 USD) - 2021/02/18 21:38:37 PT [2021/02/19 0:38:37 ET]
Table 'Halleria IV' 9-max Seat #3 is the button
Seat 1: Dorex2007 ($1.52 in chips) 
Seat 3: arbuz39 ($0.95 in chips) 
Seat 4: sorted1963 ($2.12 in chips) 
Seat 5: Olgarusnova ($1.93 in chips) 
Seat 6: battleship84 ($1.93 in chips) 
Seat 7: modernexpo ($2.34 in chips) 
Seat 8: w3sby ($2.21 in chips) 
Seat 9: Chipplead1983 ($0.85 in chips) 
sorted1963: posts small blind $0.01
Olgarusnova: posts big blind $0.02
Sergun K.: sits out 
*** HOLE CARDS ***
Dealt to Dorex2007 [Tc 7d]
battleship84: folds 
modernexpo: folds 
w3sby: raises $0.04 to $0.06
Chipplead1983: folds 
Dorex2007: folds 
arbuz39: folds 
sorted1963: folds 
Olgarusnova: folds 
Uncalled bet ($0.04) returned to w3sby
w3sby collected $0.05 from pot
w3sby: doesn't show hand 
*** SUMMARY ***
Total pot $0.05 | Rake $0 
Seat 1: Dorex2007 folded before Flop (didn't bet)
Seat 3: arbuz39 (button) folded before Flop (didn't bet)
Seat 4: sorted1963 (small blind) folded before Flop
Seat 5: Olgarusnova (big blind) folded before Flop
Seat 6: battleship84 folded before Flop (didn't bet)
Seat 7: modernexpo folded before Flop (didn't bet)
Seat 8: w3sby collected ($0.05)
Seat 9: Chipplead1983 folded before Flop (didn't bet)



PokerStars Hand #223975734346:  Hold'em No Limit ($0.01/$0.02 USD) - 2021/02/18 21:39:01 PT [2021/02/19 0:39:01 ET]
Table 'Halleria IV' 9-max Seat #4 is the button
Seat 1: Dorex2007 ($1.52 in chips) 
Seat 3: arbuz39 ($0.95 in chips) 
Seat 4: sorted1963 ($2.11 in chips) 
Seat 5: Olgarusnova ($1.91 in chips) 
Seat 6: battleship84 ($1.93 in chips) 
Seat 7: modernexpo ($2.34 in chips) 
Seat 8: w3sby ($2.24 in chips) 
Seat 9: Chipplead1983 ($0.85 in chips) 
Olgarusnova: posts small blind $0.01
battleship84: posts big blind $0.02
Sergun K.: sits out 
*** HOLE CARDS ***
Dealt to Dorex2007 [Td 6c]
modernexpo: folds 
w3sby: folds 
Chipplead1983: folds 
Dorex2007: folds 
arbuz39: raises $0.04 to $0.06
sorted1963: folds 
Olgarusnova: folds 
battleship84: calls $0.04
*** FLOP *** [2c 3c Jh]
battleship84: checks 
arbuz39: bets $0.07
battleship84: folds 
Uncalled bet ($0.07) returned to arbuz39
arbuz39 collected $0.13 from pot
*** SUMMARY ***
Total pot $0.13 | Rake $0 
Board [2c 3c Jh]
Seat 1: Dorex2007 folded before Flop (didn't bet)
Seat 3: arbuz39 collected ($0.13)
Seat 4: sorted1963 (button) folded before Flop (didn't bet)
Seat 5: Olgarusnova (small blind) folded before Flop
Seat 6: battleship84 (big blind) folded on the Flop
Seat 7: modernexpo folded before Flop (didn't bet)
Seat 8: w3sby folded before Flop (didn't bet)
Seat 9: Chipplead1983 folded before Flop (didn't bet)



PokerStars Hand #223975744803:  Hold'em No Limit ($0.01/$0.02 USD) - 2021/02/18 21:39:50 PT [2021/02/19 0:39:50 ET]
Table 'Halleria IV' 9-max Seat #5 is the button
Seat 1: Dorex2007 ($1.52 in chips) 
Seat 3: arbuz39 ($1.02 in chips) 
Seat 4: sorted1963 ($2.11 in chips) 
Seat 5: Olgarusnova ($1.90 in chips) 
Seat 6: battleship84 ($1.87 in chips) 
Seat 7: modernexpo ($2.34 in chips) 
Seat 8: w3sby ($2.24 in chips) 
Seat 9: Chipplead1983 ($0.85 in chips) 
battleship84: posts small blind $0.01
modernexpo: posts big blind $0.02
Sergun K.: sits out 
*** HOLE CARDS ***
Dealt to Dorex2007 [4d Js]
w3sby: folds 
Chipplead1983: raises $0.02 to $0.04
Dorex2007: folds 
arbuz39: calls $0.04
sorted1963: folds 
Olgarusnova: folds 
battleship84: calls $0.03
modernexpo: calls $0.02
*** FLOP *** [4s 3s Ts]
battleship84: checks 
modernexpo: checks 
Chipplead1983: bets $0.08
arbuz39: calls $0.08
battleship84: folds 
modernexpo: folds 
*** TURN *** [4s 3s Ts] [5d]
Chipplead1983: checks 
arbuz39: bets $0.16
Chipplead1983: folds 
Uncalled bet ($0.16) returned to arbuz39
arbuz39 collected $0.31 from pot
*** SUMMARY ***
Total pot $0.32 | Rake $0.01 
Board [4s 3s Ts 5d]
Seat 1: Dorex2007 folded before Flop (didn't bet)
Seat 3: arbuz39 collected ($0.31)
Seat 4: sorted1963 folded before Flop (didn't bet)
Seat 5: Olgarusnova (button) folded before Flop (didn't bet)
Seat 6: battleship84 (small blind) folded on the Flop
Seat 7: modernexpo (big blind) folded on the Flop
Seat 8: w3sby folded before Flop (didn't bet)
Seat 9: Chipplead1983 folded on the Turn



PokerStars Hand #223975754585:  Hold'em No Limit ($0.01/$0.02 USD) - 2021/02/18 21:40:37 PT [2021/02/19 0:40:37 ET]
Table 'Halleria IV' 9-max Seat #6 is the button
Seat 1: Dorex2007 ($1.52 in chips) 
Seat 3: arbuz39 ($1.21 in chips) 
Seat 4: sorted1963 ($2.11 in chips) 
Seat 5: Olgarusnova ($1.90 in chips) 
Seat 6: battleship84 ($1.83 in chips) 
Seat 7: modernexpo ($2.30 in chips) 
Seat 8: w3sby ($2.24 in chips) 
Seat 9: Chipplead1983 ($0.73 in chips) 
modernexpo: posts small blind $0.01
w3sby: posts big blind $0.02
Sergun K.: sits out 
*** HOLE CARDS ***
Dealt to Dorex2007 [7h 9s]
Chipplead1983: folds 
Dorex2007: folds 
arbuz39: folds 
sorted1963: folds 
Olgarusnova: folds 
battleship84: calls $0.02
modernexpo: folds 
w3sby: checks 
*** FLOP *** [6c Kd 2c]
w3sby: checks 
battleship84: bets $0.02
w3sby: folds 
Uncalled bet ($0.02) returned to battleship84
battleship84 collected $0.05 from pot
*** SUMMARY ***
Total pot $0.05 | Rake $0 
Board [6c Kd 2c]
Seat 1: Dorex2007 folded before Flop (didn't bet)
Seat 3: arbuz39 folded before Flop (didn't bet)
Seat 4: sorted1963 folded before Flop (didn't bet)
Seat 5: Olgarusnova folded before Flop (didn't bet)
Seat 6: battleship84 (button) collected ($0.05)
Seat 7: modernexpo (small blind) folded before Flop
Seat 8: w3sby (big blind) folded on the Flop
Seat 9: Chipplead1983 folded before Flop (didn't bet)



PokerStars Hand #223975759317:  Hold'em No Limit ($0.01/$0.02 USD) - 2021/02/18 21:40:59 PT [2021/02/19 0:40:59 ET]
Table 'Halleria IV' 9-max Seat #7 is the button
Seat 1: Dorex2007 ($1.52 in chips) 
Seat 3: arbuz39 ($1.21 in chips) 
Seat 4: sorted1963 ($2.11 in chips) 
Seat 5: Olgarusnova ($1.90 in chips) 
Seat 6: battleship84 ($1.86 in chips) 
Seat 7: modernexpo ($2.29 in chips) 
Seat 8: w3sby ($2.22 in chips) 
Seat 9: Chipplead1983 ($0.73 in chips) 
w3sby: posts small blind $0.01
Chipplead1983: posts big blind $0.02
Sergun K.: sits out 
*** HOLE CARDS ***
Dealt to Dorex2007 [Ad 2c]
Dorex2007: folds 
arbuz39: folds 
sorted1963: folds 
Olgarusnova: folds 
battleship84: calls $0.02
modernexpo: folds 
w3sby: folds 
Chipplead1983: checks 
*** FLOP *** [3s Qs 9d]
Chipplead1983: checks 
battleship84: checks 
*** TURN *** [3s Qs 9d] [7h]
Chipplead1983: bets $0.02
battleship84: raises $0.02 to $0.04
Chipplead1983: calls $0.02
*** RIVER *** [3s Qs 9d 7h] [8h]
Chipplead1983: bets $0.67 and is all-in
battleship84: folds 
Uncalled bet ($0.67) returned to Chipplead1983
Chipplead1983 collected $0.13 from pot
*** SUMMARY ***
Total pot $0.13 | Rake $0 
Board [3s Qs 9d 7h 8h]
Seat 1: Dorex2007 folded before Flop (didn't bet)
Seat 3: arbuz39 folded before Flop (didn't bet)
Seat 4: sorted1963 folded before Flop (didn't bet)
Seat 5: Olgarusnova folded before Flop (didn't bet)
Seat 6: battleship84 folded on the River
Seat 7: modernexpo (button) folded before Flop (didn't bet)
Seat 8: w3sby (small blind) folded before Flop
Seat 9: Chipplead1983 (big blind) collected ($0.13)



PokerStars Hand #223975773205:  Hold'em No Limit ($0.01/$0.02 USD) - 2021/02/18 21:41:49 PT [2021/02/19 0:41:49 ET]
Table 'Halleria IV' 9-max Seat #8 is the button
Seat 1: Dorex2007 ($1.52 in chips) 
Seat 3: arbuz39 ($1.21 in chips) 
Seat 4: sorted1963 ($2.11 in chips) 
Seat 5: Olgarusnova ($1.90 in chips) 
Seat 6: battleship84 ($1.80 in chips) 
Seat 7: modernexpo ($2.29 in chips) 
Seat 8: w3sby ($2.21 in chips) 
Seat 9: Chipplead1983 ($0.80 in chips) 
Chipplead1983: posts small blind $0.01
Dorex2007: posts big blind $0.02
Sergun K.: sits out 
*** HOLE CARDS ***
Dealt to Dorex2007 [4d Th]
arbuz39: folds 
sorted1963: folds 
Olgarusnova: folds 
battleship84: calls $0.02
modernexpo: calls $0.02
w3sby: raises $0.08 to $0.10
Chipplead1983: folds 
Dorex2007: folds 
battleship84: folds 
modernexpo: calls $0.08
*** FLOP *** [6c 8s 5c]
modernexpo: checks 
w3sby: checks 
*** TURN *** [6c 8s 5c] [4s]
modernexpo: checks 
w3sby: checks 
*** RIVER *** [6c 8s 5c 4s] [9h]
modernexpo: checks 
w3sby: checks 
*** SHOW DOWN ***
modernexpo: shows [3c 3d] (a pair of Threes)
w3sby: mucks hand 
modernexpo collected $0.24 from pot
*** SUMMARY ***
Total pot $0.25 | Rake $0.01 
Board [6c 8s 5c 4s 9h]
Seat 1: Dorex2007 (big blind) folded before Flop
Seat 3: arbuz39 folded before Flop (didn't bet)
Seat 4: sorted1963 folded before Flop (didn't bet)
Seat 5: Olgarusnova folded before Flop (didn't bet)
Seat 6: battleship84 folded before Flop
Seat 7: modernexpo showed [3c 3d] and won ($0.24) with a pair of Threes
Seat 8: w3sby (button) mucked [Kd Js]
Seat 9: Chipplead1983 (small blind) folded before Flop



PokerStars Hand #223975784351:  Hold'em No Limit ($0.01/$0.02 USD) - 2021/02/18 21:42:42 PT [2021/02/19 0:42:42 ET]
Table 'Halleria IV' 9-max Seat #9 is the button
Seat 1: Dorex2007 ($1.50 in chips) 
Seat 2: Sergun K. ($4.19 in chips) 
Seat 3: arbuz39 ($1.21 in chips) 
Seat 4: sorted1963 ($2.11 in chips) 
Seat 5: Olgarusnova ($1.90 in chips) 
Seat 6: battleship84 ($1.78 in chips) 
Seat 7: modernexpo ($2.43 in chips) 
Seat 8: w3sby ($2.11 in chips) 
Seat 9: Chipplead1983 ($0.79 in chips) 
Dorex2007: posts small blind $0.01
Sergun K.: posts big blind $0.02
*** HOLE CARDS ***
Dealt to Dorex2007 [7s 2d]
arbuz39: folds 
sorted1963: calls $0.02
Olgarusnova: folds 
battleship84: calls $0.02
modernexpo: raises $0.18 to $0.20
w3sby: folds 
Chipplead1983: folds 
Dorex2007: folds 
Sergun K.: folds 
sorted1963: folds 
battleship84: calls $0.18
*** FLOP *** [3h Qs 6s]
battleship84: checks 
modernexpo: bets $0.43
battleship84: calls $0.43
*** TURN *** [3h Qs 6s] [9h]
battleship84: checks 
modernexpo: bets $1.26
battleship84: folds 
Uncalled bet ($1.26) returned to modernexpo
modernexpo collected $1.26 from pot
modernexpo: doesn't show hand 
*** SUMMARY ***
Total pot $1.31 | Rake $0.05 
Board [3h Qs 6s 9h]
Seat 1: Dorex2007 (small blind) folded before Flop
Seat 2: Sergun K. (big blind) folded before Flop
Seat 3: arbuz39 folded before Flop (didn't bet)
Seat 4: sorted1963 folded before Flop
Seat 5: Olgarusnova folded before Flop (didn't bet)
Seat 6: battleship84 folded on the Turn
Seat 7: modernexpo collected ($1.26)
Seat 8: w3sby folded before Flop (didn't bet)
Seat 9: Chipplead1983 (button) folded before Flop (didn't bet)



PokerStars Hand #223975796862:  Hold'em No Limit ($0.01/$0.02 USD) - 2021/02/18 21:43:41 PT [2021/02/19 0:43:41 ET]
Table 'Halleria IV' 9-max Seat #1 is the button
Seat 1: Dorex2007 ($1.49 in chips) 
Seat 2: Sergun K. ($4.17 in chips) 
Seat 3: arbuz39 ($1.21 in chips) 
Seat 4: sorted1963 ($2.09 in chips) 
Seat 5: Olgarusnova ($1.90 in chips) 
Seat 6: battleship84 ($1.15 in chips) 
Seat 7: modernexpo ($3.06 in chips) 
Seat 8: w3sby ($2.11 in chips) 
Seat 9: Chipplead1983 ($0.79 in chips) 
Sergun K.: posts small blind $0.01
arbuz39: posts big blind $0.02
*** HOLE CARDS ***
Dealt to Dorex2007 [Kd 5s]
sorted1963: folds 
Olgarusnova: folds 
battleship84: calls $0.02
modernexpo: calls $0.02
w3sby: folds 
Chipplead1983: raises $0.02 to $0.04
sorted1963 said, "nice aa"
Dorex2007: folds 
Sergun K.: calls $0.03
arbuz39: folds 
battleship84: calls $0.02
modernexpo: calls $0.02
*** FLOP *** [2c Kh Td]
Sergun K.: checks 
battleship84: checks 
modernexpo: checks 
Chipplead1983: checks 
*** TURN *** [2c Kh Td] [7d]
Sergun K.: checks 
battleship84: bets $0.04
modernexpo: folds 
Chipplead1983: folds 
Sergun K.: calls $0.04
*** RIVER *** [2c Kh Td 7d] [5h]
Sergun K.: bets $0.17
battleship84: folds 
Uncalled bet ($0.17) returned to Sergun K.
Sergun K. collected $0.25 from pot
Sergun K.: doesn't show hand 
*** SUMMARY ***
Total pot $0.26 | Rake $0.01 
Board [2c Kh Td 7d 5h]
Seat 1: Dorex2007 (button) folded before Flop (didn't bet)
Seat 2: Sergun K. (small blind) collected ($0.25)
Seat 3: arbuz39 (big blind) folded before Flop
Seat 4: sorted1963 folded before Flop (didn't bet)
Seat 5: Olgarusnova folded before Flop (didn't bet)
Seat 6: battleship84 folded on the River
Seat 7: modernexpo folded on the Turn
Seat 8: w3sby folded before Flop (didn't bet)
Seat 9: Chipplead1983 folded on the Turn



PokerStars Hand #223975809141:  Hold'em No Limit ($0.01/$0.02 USD) - 2021/02/18 21:44:40 PT [2021/02/19 0:44:40 ET]
Table 'Halleria IV' 9-max Seat #2 is the button
Seat 1: Dorex2007 ($1.49 in chips) 
Seat 2: Sergun K. ($4.34 in chips) 
Seat 3: arbuz39 ($1.19 in chips) 
Seat 4: sorted1963 ($2.09 in chips) 
Seat 5: Olgarusnova ($1.90 in chips) 
Seat 6: battleship84 ($1.07 in chips) 
Seat 7: modernexpo ($3.02 in chips) 
Seat 8: w3sby ($2.11 in chips) 
Seat 9: Chipplead1983 ($0.75 in chips) 
arbuz39: posts small blind $0.01
sorted1963: posts big blind $0.02
*** HOLE CARDS ***
Dealt to Dorex2007 [2s 3d]
Olgarusnova: folds 
battleship84 has timed out
battleship84: folds 
modernexpo: folds 
w3sby: raises $0.04 to $0.06
Chipplead1983: folds 
Dorex2007: folds 
Sergun K.: folds 
arbuz39: folds 
sorted1963: folds 
Uncalled bet ($0.04) returned to w3sby
w3sby collected $0.05 from pot
w3sby: doesn't show hand 
*** SUMMARY ***
Total pot $0.05 | Rake $0 
Seat 1: Dorex2007 folded before Flop (didn't bet)
Seat 2: Sergun K. (button) folded before Flop (didn't bet)
Seat 3: arbuz39 (small blind) folded before Flop
Seat 4: sorted1963 (big blind) folded before Flop
Seat 5: Olgarusnova folded before Flop (didn't bet)
Seat 6: battleship84 folded before Flop (didn't bet)
Seat 7: modernexpo folded before Flop (didn't bet)
Seat 8: w3sby collected ($0.05)
Seat 9: Chipplead1983 folded before Flop (didn't bet)



PokerStars Hand #223975814356:  Hold'em No Limit ($0.01/$0.02 USD) - 2021/02/18 21:45:05 PT [2021/02/19 0:45:05 ET]
Table 'Halleria IV' 9-max Seat #3 is the button
Seat 1: Dorex2007 ($1.49 in chips) 
Seat 2: Sergun K. ($4.34 in chips) 
Seat 3: arbuz39 ($1.18 in chips) 
Seat 4: sorted1963 ($2.07 in chips) 
Seat 5: Olgarusnova ($1.90 in chips) 
Seat 6: battleship84 ($1.07 in chips) 
Seat 7: modernexpo ($3.02 in chips) 
Seat 8: w3sby ($2.14 in chips) 
Seat 9: Chipplead1983 ($0.75 in chips) 
sorted1963: posts small blind $0.01
Olgarusnova: posts big blind $0.02
*** HOLE CARDS ***
Dealt to Dorex2007 [Ts Jd]
battleship84: calls $0.02
modernexpo has timed out
modernexpo: folds 
w3sby: folds 
Chipplead1983 has timed out
Chipplead1983: folds 
Dorex2007: folds 
Sergun K.: raises $0.04 to $0.06
arbuz39: folds 
sorted1963: calls $0.05
Olgarusnova: folds 
battleship84: calls $0.04
*** FLOP *** [Qs Tc Kc]
sorted1963: checks 
battleship84: bets $0.06
Sergun K.: folds 
sorted1963: folds 
Uncalled bet ($0.06) returned to battleship84
battleship84 collected $0.19 from pot
*** SUMMARY ***
Total pot $0.20 | Rake $0.01 
Board [Qs Tc Kc]
Seat 1: Dorex2007 folded before Flop (didn't bet)
Seat 2: Sergun K. folded on the Flop
Seat 3: arbuz39 (button) folded before Flop (didn't bet)
Seat 4: sorted1963 (small blind) folded on the Flop
Seat 5: Olgarusnova (big blind) folded before Flop
Seat 6: battleship84 collected ($0.19)
Seat 7: modernexpo folded before Flop (didn't bet)
Seat 8: w3sby folded before Flop (didn't bet)
Seat 9: Chipplead1983 folded before Flop (didn't bet)



PokerStars Hand #223975827757:  Hold'em No Limit ($0.01/$0.02 USD) - 2021/02/18 21:46:09 PT [2021/02/19 0:46:09 ET]
Table 'Halleria IV' 9-max Seat #4 is the button
Seat 1: Dorex2007 ($1.49 in chips) 
Seat 2: Sergun K. ($4.28 in chips) 
Seat 3: arbuz39 ($1.18 in chips) 
Seat 4: sorted1963 ($2.01 in chips) 
Seat 5: Olgarusnova ($1.88 in chips) 
Seat 6: battleship84 ($1.20 in chips) 
Seat 8: w3sby ($2.14 in chips) 
Seat 9: Chipplead1983 ($0.75 in chips) 
Olgarusnova: posts small blind $0.01
battleship84: posts big blind $0.02
*** HOLE CARDS ***
Dealt to Dorex2007 [9d Qd]
w3sby: folds 
Chipplead1983: folds 
Dorex2007: calls $0.02
Sergun K.: folds 
arbuz39: calls $0.02
sorted1963: folds 
Olgarusnova: calls $0.01
battleship84: checks 
*** FLOP *** [Jh Qs Jc]
Olgarusnova: checks 
battleship84: checks 
Dorex2007: bets $0.08
arbuz39: folds 
Olgarusnova: raises $0.24 to $0.32
battleship84: folds 
Dorex2007: folds 
Uncalled bet ($0.24) returned to Olgarusnova
Olgarusnova collected $0.23 from pot
Olgarusnova: doesn't show hand 
*** SUMMARY ***
Total pot $0.24 | Rake $0.01 
Board [Jh Qs Jc]
Seat 1: Dorex2007 folded on the Flop
Seat 2: Sergun K. folded before Flop (didn't bet)
Seat 3: arbuz39 folded on the Flop
Seat 4: sorted1963 (button) folded before Flop (didn't bet)
Seat 5: Olgarusnova (small blind) collected ($0.23)
Seat 6: battleship84 (big blind) folded on the Flop
Seat 8: w3sby folded before Flop (didn't bet)
Seat 9: Chipplead1983 folded before Flop (didn't bet)



PokerStars Hand #223975835315:  Hold'em No Limit ($0.01/$0.02 USD) - 2021/02/18 21:46:45 PT [2021/02/19 0:46:45 ET]
Table 'Halleria IV' 9-max Seat #5 is the button
Seat 1: Dorex2007 ($1.39 in chips) 
Seat 2: Sergun K. ($4.28 in chips) 
Seat 3: arbuz39 ($1.16 in chips) 
Seat 4: sorted1963 ($2.01 in chips) 
Seat 5: Olgarusnova ($2.01 in chips) 
Seat 6: battleship84 ($1.18 in chips) 
Seat 7: modernexpo ($3.02 in chips) 
Seat 8: w3sby ($2.14 in chips) 
Seat 9: Chipplead1983 ($0.75 in chips) 
battleship84: posts small blind $0.01
modernexpo: posts big blind $0.02
*** HOLE CARDS ***
Dealt to Dorex2007 [Jh Tc]
w3sby: raises $0.04 to $0.06
Chipplead1983: raises $0.04 to $0.10
Dorex2007: folds 
Sergun K.: folds 
arbuz39: folds 
sorted1963: folds 
Olgarusnova: folds 
battleship84: folds 
modernexpo: folds 
w3sby: raises $0.20 to $0.30
Chipplead1983: raises $0.45 to $0.75 and is all-in
w3sby: calls $0.45
*** FLOP *** [5h 7h 5d]
*** TURN *** [5h 7h 5d] [6c]
*** RIVER *** [5h 7h 5d 6c] [4d]
*** SHOW DOWN ***
w3sby: shows [Qd Qc] (two pair, Queens and Fives)
Chipplead1983: shows [As Jc] (a pair of Fives)
w3sby collected $1.48 from pot
*** SUMMARY ***
Total pot $1.53 | Rake $0.05 
Board [5h 7h 5d 6c 4d]
Seat 1: Dorex2007 folded before Flop (didn't bet)
Seat 2: Sergun K. folded before Flop (didn't bet)
Seat 3: arbuz39 folded before Flop (didn't bet)
Seat 4: sorted1963 folded before Flop (didn't bet)
Seat 5: Olgarusnova (button) folded before Flop (didn't bet)
Seat 6: battleship84 (small blind) folded before Flop
Seat 7: modernexpo (big blind) folded before Flop
Seat 8: w3sby showed [Qd Qc] and won ($1.48) with two pair, Queens and Fives
Seat 9: Chipplead1983 showed [As Jc] and lost with a pair of Fives



PokerStars Hand #223975846279:  Hold'em No Limit ($0.01/$0.02 USD) - 2021/02/18 21:47:37 PT [2021/02/19 0:47:37 ET]
Table 'Halleria IV' 9-max Seat #6 is the button
Seat 1: Dorex2007 ($1.39 in chips) 
Seat 2: Sergun K. ($4.28 in chips) 
Seat 3: arbuz39 ($1.16 in chips) 
Seat 5: Olgarusnova ($2.01 in chips) 
Seat 6: battleship84 ($1.17 in chips) 
Seat 7: modernexpo ($3 in chips) 
modernexpo: posts small blind $0.01
w3sby: is sitting out 
Dorex2007: posts big blind $0.02
*** HOLE CARDS ***
Dealt to Dorex2007 [8c 9d]
w3sby leaves the table
Sergun K.: folds 
arbuz39: folds 
Olgarusnova: folds 
sorted1963 leaves the table
Chipplead1983 leaves the table
battleship84: folds 
modernexpo: raises $0.04 to $0.06
Dorex2007: folds 
Uncalled bet ($0.04) returned to modernexpo
modernexpo collected $0.04 from pot
modernexpo: doesn't show hand 
*** SUMMARY ***
Total pot $0.04 | Rake $0 
Seat 1: Dorex2007 (big blind) folded before Flop
Seat 2: Sergun K. folded before Flop (didn't bet)
Seat 3: arbuz39 folded before Flop (didn't bet)
Seat 5: Olgarusnova folded before Flop (didn't bet)
Seat 6: battleship84 (button) folded before Flop (didn't bet)
Seat 7: modernexpo (small blind) collected ($0.04)



PokerStars Hand #223975850696:  Hold'em No Limit ($0.01/$0.02 USD) - 2021/02/18 21:47:58 PT [2021/02/19 0:47:58 ET]
Table 'Halleria IV' 9-max Seat #7 is the button
Seat 1: Dorex2007 ($1.37 in chips) 
Seat 2: Sergun K. ($4.28 in chips) 
Seat 3: arbuz39 ($1.16 in chips) 
Seat 5: Olgarusnova ($2.01 in chips) 
Seat 6: battleship84 ($1.17 in chips) 
Seat 7: modernexpo ($3.02 in chips) 
Dorex2007: posts small blind $0.01
Sergun K.: posts big blind $0.02
*** HOLE CARDS ***
Dealt to Dorex2007 [5c 7d]
arbuz39: raises $0.05 to $0.07
Olgarusnova: folds 
battleship84: calls $0.07
modernexpo: folds 
Dorex2007: folds 
Sergun K.: folds 
*** FLOP *** [Ah Ts Ks]
arbuz39: bets $0.16
battleship84: calls $0.16
*** TURN *** [Ah Ts Ks] [8d]
arbuz39: bets $0.24
battleship84: raises $0.24 to $0.48
arbuz39: calls $0.24
*** RIVER *** [Ah Ts Ks 8d] [Jd]
arbuz39: bets $0.45 and is all-in
battleship84: calls $0.45
*** SHOW DOWN ***
arbuz39: shows [Ad Jh] (two pair, Aces and Jacks)
battleship84: shows [As 8s] (two pair, Aces and Eights)
arbuz39 collected $2.27 from pot
*** SUMMARY ***
Total pot $2.35 | Rake $0.08 
Board [Ah Ts Ks 8d Jd]
Seat 1: Dorex2007 (small blind) folded before Flop
Seat 2: Sergun K. (big blind) folded before Flop
Seat 3: arbuz39 showed [Ad Jh] and won ($2.27) with two pair, Aces and Jacks
Seat 5: Olgarusnova folded before Flop (didn't bet)
Seat 6: battleship84 showed [As 8s] and lost with two pair, Aces and Eights
Seat 7: modernexpo (button) folded before Flop (didn't bet)



PokerStars Hand #223975858767:  Hold'em No Limit ($0.01/$0.02 USD) - 2021/02/18 21:48:37 PT [2021/02/19 0:48:37 ET]
Table 'Halleria IV' 9-max Seat #1 is the button
Seat 1: Dorex2007 ($1.36 in chips) 
Seat 2: Sergun K. ($4.26 in chips) 
Seat 3: arbuz39 ($2.27 in chips) 
Seat 5: Olgarusnova ($2.01 in chips) 
Seat 7: modernexpo ($3.02 in chips) 
Sergun K.: posts small blind $0.01
arbuz39: posts big blind $0.02
*** HOLE CARDS ***
Dealt to Dorex2007 [2h Js]
Olgarusnova: folds 
modernexpo: calls $0.02
Dorex2007: folds 
Sergun K.: calls $0.01
arbuz39: raises $0.06 to $0.08
modernexpo: calls $0.06
Sergun K.: folds 
*** FLOP *** [Ac 5h 6c]
arbuz39: bets $0.17
modernexpo: folds 
Uncalled bet ($0.17) returned to arbuz39
arbuz39 collected $0.17 from pot
*** SUMMARY ***
Total pot $0.18 | Rake $0.01 
Board [Ac 5h 6c]
Seat 1: Dorex2007 (button) folded before Flop (didn't bet)
Seat 2: Sergun K. (small blind) folded before Flop
Seat 3: arbuz39 (big blind) collected ($0.17)
Seat 5: Olgarusnova folded before Flop (didn't bet)
Seat 7: modernexpo folded on the Flop



PokerStars Hand #223975864936:  Hold'em No Limit ($0.01/$0.02 USD) - 2021/02/18 21:49:07 PT [2021/02/19 0:49:07 ET]
Table 'Halleria IV' 9-max Seat #2 is the button
Seat 1: Dorex2007 ($1.36 in chips) 
Seat 2: Sergun K. ($4.24 in chips) 
Seat 3: arbuz39 ($2.36 in chips) 
Seat 5: Olgarusnova ($2.01 in chips) 
Seat 6: battleship84 ($2 in chips) 
Seat 7: modernexpo ($2.94 in chips) 
arbuz39: posts small blind $0.01
Olgarusnova: posts big blind $0.02
*** HOLE CARDS ***
Dealt to Dorex2007 [Ts 2c]
battleship84: calls $0.02
modernexpo: calls $0.02
Dorex2007: folds 
Sergun K.: calls $0.02
arbuz39: calls $0.01
Olgarusnova: checks 
*** FLOP *** [Ac Qh 7c]
arbuz39: checks 
Olgarusnova: checks 
battleship84: checks 
modernexpo: checks 
Sergun K.: checks 
*** TURN *** [Ac Qh 7c] [Ad]
arbuz39: checks 
cc4k2010 joins the table at seat #4 
Olgarusnova: checks 
battleship84: bets $0.14
modernexpo: folds 
Sergun K.: folds 
arbuz39: folds 
Olgarusnova: folds 
Uncalled bet ($0.14) returned to battleship84
battleship84 collected $0.10 from pot
*** SUMMARY ***
Total pot $0.10 | Rake $0 
Board [Ac Qh 7c Ad]
Seat 1: Dorex2007 folded before Flop (didn't bet)
Seat 2: Sergun K. (button) folded on the Turn
Seat 3: arbuz39 (small blind) folded on the Turn
Seat 5: Olgarusnova (big blind) folded on the Turn
Seat 6: battleship84 collected ($0.10)
Seat 7: modernexpo folded on the Turn



PokerStars Hand #223975874421:  Hold'em No Limit ($0.01/$0.02 USD) - 2021/02/18 21:49:52 PT [2021/02/19 0:49:52 ET]
Table 'Halleria IV' 9-max Seat #3 is the button
Seat 1: Dorex2007 ($1.36 in chips) 
Seat 2: Sergun K. ($4.22 in chips) 
Seat 3: arbuz39 ($2.34 in chips) 
Seat 5: Olgarusnova ($1.99 in chips) 
Seat 6: battleship84 ($2.08 in chips) 
Seat 7: modernexpo ($2.92 in chips) 
Olgarusnova: posts small blind $0.01
battleship84: posts big blind $0.02
*** HOLE CARDS ***
Dealt to Dorex2007 [Th 5c]
modernexpo: raises $0.04 to $0.06
Dorex2007: folds 
Sergun K.: folds 
arbuz39: folds 
Olgarusnova: folds 
battleship84: calls $0.04
*** FLOP *** [7c 4h 3s]
battleship84: checks 
frolo1976 joins the table at seat #9 
modernexpo: bets $0.10
battleship84: calls $0.10
*** TURN *** [7c 4h 3s] [Ad]
bruhkkz992 joins the table at seat #8 
battleship84: bets $0.10
modernexpo: calls $0.10
*** RIVER *** [7c 4h 3s Ad] [As]
battleship84: checks 
modernexpo: bets $0.26
battleship84: folds 
Uncalled bet ($0.26) returned to modernexpo
modernexpo collected $0.51 from pot
modernexpo: doesn't show hand 
*** SUMMARY ***
Total pot $0.53 | Rake $0.02 
Board [7c 4h 3s Ad As]
Seat 1: Dorex2007 folded before Flop (didn't bet)
Seat 2: Sergun K. folded before Flop (didn't bet)
Seat 3: arbuz39 (button) folded before Flop (didn't bet)
Seat 5: Olgarusnova (small blind) folded before Flop
Seat 6: battleship84 (big blind) folded on the River
Seat 7: modernexpo collected ($0.51)



PokerStars Hand #223975884165:  Hold'em No Limit ($0.01/$0.02 USD) - 2021/02/18 21:50:38 PT [2021/02/19 0:50:38 ET]
Table 'Halleria IV' 9-max Seat #5 is the button
Seat 1: Dorex2007 ($1.36 in chips) 
Seat 2: Sergun K. ($4.22 in chips) 
Seat 3: arbuz39 ($2.34 in chips) 
Seat 4: cc4k2010 ($1.60 in chips) 
Seat 5: Olgarusnova ($1.98 in chips) 
Seat 6: battleship84 ($1.82 in chips) 
Seat 7: modernexpo ($3.17 in chips) 
Seat 8: bruhkkz992 ($0.80 in chips) 
Seat 9: frolo1976 ($0.97 in chips) 
battleship84: posts small blind $0.01
modernexpo: posts big blind $0.02
bruhkkz992: posts big blind $0.02
frolo1976: posts big blind $0.02
cc4k2010: posts big blind $0.02
*** HOLE CARDS ***
Dealt to Dorex2007 [Ac Qs]
bruhkkz992: checks 
frolo1976: checks 
Dorex2007: raises $0.02 to $0.04
Sergun K.: folds 
arbuz39: folds 
cc4k2010: calls $0.02
Olgarusnova: folds 
battleship84: calls $0.03
modernexpo: folds 
bruhkkz992: calls $0.02
frolo1976: calls $0.02
*** FLOP *** [2s 9s 2h]
battleship84: checks 
bruhkkz992: checks 
frolo1976: checks 
Dorex2007: bets $0.11
cc4k2010: folds 
battleship84: folds 
bruhkkz992: folds 
frolo1976: folds 
Uncalled bet ($0.11) returned to Dorex2007
Dorex2007 collected $0.21 from pot
Dorex2007: doesn't show hand 
*** SUMMARY ***
Total pot $0.22 | Rake $0.01 
Board [2s 9s 2h]
Seat 1: Dorex2007 collected ($0.21)
Seat 2: Sergun K. folded before Flop (didn't bet)
Seat 3: arbuz39 folded before Flop (didn't bet)
Seat 4: cc4k2010 folded on the Flop
Seat 5: Olgarusnova (button) folded before Flop (didn't bet)
Seat 6: battleship84 (small blind) folded on the Flop
Seat 7: modernexpo (big blind) folded before Flop
Seat 8: bruhkkz992 folded on the Flop
Seat 9: frolo1976 folded on the Flop



PokerStars Hand #223975899451:  Hold'em No Limit ($0.01/$0.02 USD) - 2021/02/18 21:51:52 PT [2021/02/19 0:51:52 ET]
Table 'Halleria IV' 9-max Seat #6 is the button
Seat 1: Dorex2007 ($1.53 in chips) 
Seat 2: Sergun K. ($4.22 in chips) 
Seat 3: arbuz39 ($2.34 in chips) 
Seat 4: cc4k2010 ($1.56 in chips) 
Seat 5: Olgarusnova ($1.98 in chips) 
Seat 6: battleship84 ($1.78 in chips) 
Seat 7: modernexpo ($3.15 in chips) 
Seat 8: bruhkkz992 ($0.76 in chips) 
Seat 9: frolo1976 ($0.93 in chips) 
modernexpo: posts small blind $0.01
bruhkkz992: posts big blind $0.02
*** HOLE CARDS ***
Dealt to Dorex2007 [Ks Qd]
frolo1976: folds 
Dorex2007: calls $0.02
Sergun K.: folds 
arbuz39 has timed out
arbuz39: folds 
cc4k2010: calls $0.02
Olgarusnova: folds 
battleship84: calls $0.02
modernexpo: folds 
bruhkkz992: checks 
*** FLOP *** [7h Tc 8c]
bruhkkz992: checks 
Dorex2007: checks 
cc4k2010: checks 
battleship84: bets $0.02
bruhkkz992: calls $0.02
Dorex2007: calls $0.02
cc4k2010: folds 
*** TURN *** [7h Tc 8c] [3s]
bruhkkz992: bets $0.02
Dorex2007: folds 
battleship84: calls $0.02
*** RIVER *** [7h Tc 8c 3s] [4h]
bruhkkz992: checks 
battleship84: bets $0.04
bruhkkz992: calls $0.04
*** SHOW DOWN ***
battleship84: shows [Td 9c] (a pair of Tens)
bruhkkz992: mucks hand 
battleship84 collected $0.26 from pot
*** SUMMARY ***
Total pot $0.27 | Rake $0.01 
Board [7h Tc 8c 3s 4h]
Seat 1: Dorex2007 folded on the Turn
Seat 2: Sergun K. folded before Flop (didn't bet)
Seat 3: arbuz39 folded before Flop (didn't bet)
Seat 4: cc4k2010 folded on the Flop
Seat 5: Olgarusnova folded before Flop (didn't bet)
Seat 6: battleship84 (button) showed [Td 9c] and won ($0.26) with a pair of Tens
Seat 7: modernexpo (small blind) folded before Flop
Seat 8: bruhkkz992 (big blind) mucked [7d Ah]
Seat 9: frolo1976 folded before Flop (didn't bet)



PokerStars Hand #223975916885:  Hold'em No Limit ($0.01/$0.02 USD) - 2021/02/18 21:53:16 PT [2021/02/19 0:53:16 ET]
Table 'Halleria IV' 9-max Seat #7 is the button
Seat 1: Dorex2007 ($1.49 in chips) 
Seat 2: Sergun K. ($4.22 in chips) 
Seat 4: cc4k2010 ($1.54 in chips) 
Seat 5: Olgarusnova ($1.98 in chips) 
Seat 6: battleship84 ($1.94 in chips) 
Seat 7: modernexpo ($3.14 in chips) 
Seat 8: bruhkkz992 ($0.66 in chips) 
Seat 9: frolo1976 ($0.93 in chips) 
bruhkkz992: posts small blind $0.01
frolo1976: posts big blind $0.02
*** HOLE CARDS ***
Dealt to Dorex2007 [2h 5d]
Dorex2007: folds 
Sergun K.: folds 
cc4k2010: calls $0.02
Olgarusnova: folds 
battleship84: calls $0.02
modernexpo: calls $0.02
bruhkkz992: raises $0.02 to $0.04
frolo1976: calls $0.02
cc4k2010: calls $0.02
battleship84: calls $0.02
modernexpo: calls $0.02
*** FLOP *** [8d 6c 5s]
bruhkkz992: bets $0.02
frolo1976: folds 
cc4k2010: calls $0.02
battleship84: calls $0.02
modernexpo: raises $0.28 to $0.30
bruhkkz992: calls $0.28
cc4k2010: folds 
battleship84: folds 
*** TURN *** [8d 6c 5s] [9d]
bruhkkz992: bets $0.32 and is all-in
modernexpo: calls $0.32
*** RIVER *** [8d 6c 5s 9d] [Qc]
*** SHOW DOWN ***
bruhkkz992: shows [8h Kc] (a pair of Eights)
modernexpo: shows [8s 6s] (two pair, Eights and Sixes)
modernexpo cashed out the hand for $1.16 | Cash Out Fee $0.01
*** SUMMARY ***
Total pot $1.48 | Rake $0.05 
Board [8d 6c 5s 9d Qc]
Seat 1: Dorex2007 folded before Flop (didn't bet)
Seat 2: Sergun K. folded before Flop (didn't bet)
Seat 4: cc4k2010 folded on the Flop
Seat 5: Olgarusnova folded before Flop (didn't bet)
Seat 6: battleship84 folded on the Flop
Seat 7: modernexpo (button) showed [8s 6s] and won ($1.43) with two pair, Eights and Sixes (pot not awarded as player cashed out)
Seat 8: bruhkkz992 (small blind) showed [8h Kc] and lost with a pair of Eights
Seat 9: frolo1976 (big blind) folded on the Flop



PokerStars Hand #223975932127:  Hold'em No Limit ($0.01/$0.02 USD) - 2021/02/18 21:54:30 PT [2021/02/19 0:54:30 ET]
Table 'Halleria IV' 9-max Seat #9 is the button
Seat 1: Dorex2007 ($1.49 in chips) 
Seat 2: Sergun K. ($4.22 in chips) 
Seat 4: cc4k2010 ($1.48 in chips) 
Seat 5: Olgarusnova ($1.98 in chips) 
Seat 6: battleship84 ($1.88 in chips) 
Seat 7: modernexpo ($3.64 in chips) 
Seat 9: frolo1976 ($0.89 in chips) 
Dorex2007: posts small blind $0.01
Sergun K.: posts big blind $0.02
*** HOLE CARDS ***
Dealt to Dorex2007 [2c 5c]
cc4k2010: calls $0.02
Olgarusnova: folds 
battleship84: folds 
modernexpo: calls $0.02
frolo1976: raises $0.08 to $0.10
Dorex2007: folds 
Sergun K.: folds 
cc4k2010: calls $0.08
modernexpo: folds 
*** FLOP *** [3d Ks Ad]
cc4k2010: checks 
frolo1976: bets $0.12
cc4k2010: calls $0.12
*** TURN *** [3d Ks Ad] [5h]
cc4k2010: checks 
frolo1976: checks 
*** RIVER *** [3d Ks Ad 5h] [7d]
cc4k2010: checks 
frolo1976: checks 
*** SHOW DOWN ***
cc4k2010: shows [Qh Jh] (high card Ace)
frolo1976: shows [6h 6d] (a pair of Sixes)
frolo1976 collected $0.47 from pot
*** SUMMARY ***
Total pot $0.49 | Rake $0.02 
Board [3d Ks Ad 5h 7d]
Seat 1: Dorex2007 (small blind) folded before Flop
Seat 2: Sergun K. (big blind) folded before Flop
Seat 4: cc4k2010 showed [Qh Jh] and lost with high card Ace
Seat 5: Olgarusnova folded before Flop (didn't bet)
Seat 6: battleship84 folded before Flop (didn't bet)
Seat 7: modernexpo folded before Flop
Seat 9: frolo1976 (button) showed [6h 6d] and won ($0.47) with a pair of Sixes



PokerStars Hand #223975951272:  Hold'em No Limit ($0.01/$0.02 USD) - 2021/02/18 21:55:44 PT [2021/02/19 0:55:44 ET]
Table 'Halleria IV' 9-max Seat #1 is the button
Seat 1: Dorex2007 ($1.48 in chips) 
Seat 4: cc4k2010 ($1.26 in chips) 
Seat 5: Olgarusnova ($1.98 in chips) 
Seat 6: battleship84 ($1.88 in chips) 
Seat 7: modernexpo ($3.62 in chips) 
Seat 8: bruhkkz992 ($2 in chips) 
Seat 9: frolo1976 ($1.14 in chips) 
cc4k2010: posts small blind $0.01
Olgarusnova: posts big blind $0.02
*** HOLE CARDS ***
Dealt to Dorex2007 [Kh 9s]
battleship84: folds 
modernexpo: folds 
bruhkkz992: calls $0.02
frolo1976: raises $0.04 to $0.06
Dorex2007: folds 
cc4k2010: calls $0.05
Olgarusnova: folds 
bruhkkz992: calls $0.04
*** FLOP *** [3s 7d 5c]
cc4k2010: checks 
bruhkkz992: checks 
frolo1976: checks 
*** TURN *** [3s 7d 5c] [Jc]
cc4k2010: bets $0.02
bruhkkz992: calls $0.02
frolo1976: folds 
*** RIVER *** [3s 7d 5c Jc] [2h]
cc4k2010: checks 
bruhkkz992: checks 
*** SHOW DOWN ***
cc4k2010: shows [9d 5s] (a pair of Fives)
bruhkkz992: shows [5h Kd] (a pair of Fives - King kicker)
bruhkkz992 collected $0.23 from pot
*** SUMMARY ***
Total pot $0.24 | Rake $0.01 
Board [3s 7d 5c Jc 2h]
Seat 1: Dorex2007 (button) folded before Flop (didn't bet)
Seat 4: cc4k2010 (small blind) showed [9d 5s] and lost with a pair of Fives
Seat 5: Olgarusnova (big blind) folded before Flop
Seat 6: battleship84 folded before Flop (didn't bet)
Seat 7: modernexpo folded before Flop (didn't bet)
Seat 8: bruhkkz992 showed [5h Kd] and won ($0.23) with a pair of Fives
Seat 9: frolo1976 folded on the Turn



PokerStars Hand #223975967221:  Hold'em No Limit ($0.01/$0.02 USD) - 2021/02/18 21:57:15 PT [2021/02/19 0:57:15 ET]
Table 'Halleria IV' 9-max Seat #4 is the button
Seat 1: Dorex2007 ($1.48 in chips) 
Seat 4: cc4k2010 ($1.18 in chips) 
Seat 5: Olgarusnova ($1.96 in chips) 
Seat 6: battleship84 ($1.88 in chips) 
Seat 7: modernexpo ($3.62 in chips) 
Seat 8: bruhkkz992 ($2.15 in chips) 
Seat 9: frolo1976 ($1.08 in chips) 
Olgarusnova: posts small blind $0.01
battleship84: posts big blind $0.02
*** HOLE CARDS ***
Dealt to Dorex2007 [Ah As]
modernexpo: folds 
bruhkkz992: calls $0.02
frolo1976: folds 
Dorex2007: raises $0.04 to $0.06
frolo1976 leaves the table
cc4k2010: calls $0.06
Olgarusnova: calls $0.05
BEKDASH joins the table at seat #9 
battleship84: folds 
bruhkkz992: calls $0.04
*** FLOP *** [9d Ac Tc]
Olgarusnova: checks 
bruhkkz992: checks 
Dorex2007: checks 
cc4k2010 has timed out
cc4k2010: checks 
*** TURN *** [9d Ac Tc] [9s]
Olgarusnova: checks 
bruhkkz992: checks 
Dorex2007: checks 
cc4k2010: bets $0.02
Olgarusnova: calls $0.02
bruhkkz992: folds 
Dorex2007: calls $0.02
*** RIVER *** [9d Ac Tc 9s] [Ks]
Olgarusnova: checks 
Dorex2007: bets $0.16
cc4k2010: raises $0.16 to $0.32
Olgarusnova: folds 
Dorex2007: raises $0.16 to $0.48
cc4k2010: raises $0.16 to $0.64
Dorex2007: raises $0.76 to $1.40 and is all-in
cc4k2010: calls $0.46 and is all-in
Uncalled bet ($0.30) returned to Dorex2007
*** SHOW DOWN ***
Dorex2007: shows [Ah As] (a full house, Aces full of Nines)
cc4k2010: shows [Kh 9h] (a full house, Nines full of Kings)
Dorex2007 collected $2.43 from pot
*** SUMMARY ***
Total pot $2.52 | Rake $0.09 
Board [9d Ac Tc 9s Ks]
Seat 1: Dorex2007 showed [Ah As] and won ($2.43) with a full house, Aces full of Nines
Seat 4: cc4k2010 (button) showed [Kh 9h] and lost with a full house, Nines full of Kings
Seat 5: Olgarusnova (small blind) folded on the River
Seat 6: battleship84 (big blind) folded before Flop
Seat 7: modernexpo folded before Flop (didn't bet)
Seat 8: bruhkkz992 folded on the Turn
Seat 9: frolo1976 folded before Flop (didn't bet)



PokerStars Hand #223975993638:  Hold'em No Limit ($0.01/$0.02 USD) - 2021/02/18 21:59:48 PT [2021/02/19 0:59:48 ET]
Table 'Halleria IV' 9-max Seat #5 is the button
Seat 1: Dorex2007 ($2.73 in chips) 
Seat 5: Olgarusnova ($1.88 in chips) 
Seat 6: battleship84 ($1.86 in chips) 
Seat 7: modernexpo ($3.62 in chips) 
Seat 8: bruhkkz992 ($2.09 in chips) 
battleship84: posts small blind $0.01
modernexpo: posts big blind $0.02
BEKDASH: sits out 
*** HOLE CARDS ***
Dealt to Dorex2007 [As 9d]
bruhkkz992: raises $0.02 to $0.04
Dorex2007: folds 
Olgarusnova: folds 
battleship84: calls $0.03
cc4k2010 leaves the table
modernexpo: folds 
*** FLOP *** [Kh Jh Ah]
battleship84: bets $0.02
bruhkkz992: raises $0.02 to $0.04
battleship84: calls $0.02
*** TURN *** [Kh Jh Ah] [4s]
battleship84: checks 
bruhkkz992: checks 
*** RIVER *** [Kh Jh Ah 4s] [Kd]
battleship84: checks 
bruhkkz992: checks 
*** SHOW DOWN ***
battleship84: shows [8s Kc] (three of a kind, Kings)
bruhkkz992: mucks hand 
battleship84 collected $0.17 from pot
*** SUMMARY ***
Total pot $0.18 | Rake $0.01 
Board [Kh Jh Ah 4s Kd]
Seat 1: Dorex2007 folded before Flop (didn't bet)
Seat 5: Olgarusnova (button) folded before Flop (didn't bet)
Seat 6: battleship84 (small blind) showed [8s Kc] and won ($0.17) with three of a kind, Kings
Seat 7: modernexpo (big blind) folded before Flop
Seat 8: bruhkkz992 mucked [Jc Qd]



PokerStars Hand #223976001601:  Hold'em No Limit ($0.01/$0.02 USD) - 2021/02/18 22:00:31 PT [2021/02/19 1:00:31 ET]
Table 'Halleria IV' 9-max Seat #6 is the button
Seat 1: Dorex2007 ($2.73 in chips) 
Seat 5: Olgarusnova ($1.88 in chips) 
Seat 6: battleship84 ($1.95 in chips) 
Seat 7: modernexpo ($3.60 in chips) 
Seat 8: bruhkkz992 ($2.01 in chips) 
modernexpo: posts small blind $0.01
bruhkkz992: posts big blind $0.02
BEKDASH: sits out 
*** HOLE CARDS ***
Dealt to Dorex2007 [Qh 4d]
Dorex2007: folds 
Olgarusnova: folds 
battleship84: calls $0.02
modernexpo: calls $0.01
bruhkkz992: checks 
*** FLOP *** [Kc 5c 6d]
modernexpo: checks 
bruhkkz992: checks 
battleship84: bets $0.02
modernexpo: folds 
bruhkkz992: calls $0.02
*** TURN *** [Kc 5c 6d] [Jc]
bruhkkz992: checks 
battleship84: bets $0.06
bruhkkz992: folds 
Uncalled bet ($0.06) returned to battleship84
battleship84 collected $0.10 from pot
*** SUMMARY ***
Total pot $0.10 | Rake $0 
Board [Kc 5c 6d Jc]
Seat 1: Dorex2007 folded before Flop (didn't bet)
Seat 5: Olgarusnova folded before Flop (didn't bet)
Seat 6: battleship84 (button) collected ($0.10)
Seat 7: modernexpo (small blind) folded on the Flop
Seat 8: bruhkkz992 (big blind) folded on the Turn



PokerStars Hand #223976011012:  Hold'em No Limit ($0.01/$0.02 USD) - 2021/02/18 22:01:19 PT [2021/02/19 1:01:19 ET]
Table 'Halleria IV' 9-max Seat #7 is the button
Seat 1: Dorex2007 ($2.73 in chips) 
Seat 5: Olgarusnova ($1.88 in chips) 
Seat 6: battleship84 ($2.01 in chips) 
Seat 7: modernexpo ($3.58 in chips) 
Seat 8: bruhkkz992 ($1.97 in chips) 
Seat 9: BEKDASH ($0.80 in chips) 
bruhkkz992: posts small blind $0.01
BEKDASH: posts big blind $0.02
*** HOLE CARDS ***
Dealt to Dorex2007 [5h 8c]
Dorex2007: folds 
Olgarusnova: folds 
kent330330 joins the table at seat #4 
battleship84: calls $0.02
modernexpo: folds 
bruhkkz992: calls $0.01
BEKDASH: checks 
*** FLOP *** [9c Ac Kd]
bruhkkz992: checks 
BEKDASH: bets $0.03
battleship84: folds 
bruhkkz992: calls $0.03
*** TURN *** [9c Ac Kd] [9s]
bruhkkz992: checks 
BEKDASH: bets $0.06
bruhkkz992: calls $0.06
*** RIVER *** [9c Ac Kd 9s] [6c]
bruhkkz992: checks 
BEKDASH: checks 
*** SHOW DOWN ***
bruhkkz992: shows [Js Kc] (two pair, Kings and Nines)
BEKDASH: mucks hand 
bruhkkz992 collected $0.23 from pot
*** SUMMARY ***
Total pot $0.24 | Rake $0.01 
Board [9c Ac Kd 9s 6c]
Seat 1: Dorex2007 folded before Flop (didn't bet)
Seat 5: Olgarusnova folded before Flop (didn't bet)
Seat 6: battleship84 folded on the Flop
Seat 7: modernexpo (button) folded before Flop (didn't bet)
Seat 8: bruhkkz992 (small blind) showed [Js Kc] and won ($0.23) with two pair, Kings and Nines
Seat 9: BEKDASH (big blind) mucked [Th Qh]



PokerStars Hand #223976022904:  Hold'em No Limit ($0.01/$0.02 USD) - 2021/02/18 22:02:19 PT [2021/02/19 1:02:19 ET]
Table 'Halleria IV' 9-max Seat #8 is the button
Seat 1: Dorex2007 ($2.73 in chips) 
Seat 5: Olgarusnova ($1.88 in chips) 
Seat 6: battleship84 ($1.99 in chips) 
Seat 7: modernexpo ($3.58 in chips) 
Seat 8: bruhkkz992 ($2.09 in chips) 
Seat 9: BEKDASH ($0.69 in chips) 
BEKDASH: posts small blind $0.01
Dorex2007: posts big blind $0.02
Sergun K.: sits out 
kent330330: sits out 
*** HOLE CARDS ***
Dealt to Dorex2007 [Th 5c]
Olgarusnova: folds 
battleship84: folds 
modernexpo: raises $0.04 to $0.06
bruhkkz992: folds 
BEKDASH: calls $0.05
Dorex2007: folds 
*** FLOP *** [4c 7c 2d]
BEKDASH: checks 
modernexpo: checks 
*** TURN *** [4c 7c 2d] [Ad]
BEKDASH: checks 
modernexpo: bets $0.07
BEKDASH: calls $0.07
*** RIVER *** [4c 7c 2d Ad] [Ac]
BEKDASH: checks 
modernexpo: checks 
*** SHOW DOWN ***
BEKDASH: shows [Td 7d] (two pair, Aces and Sevens)
modernexpo: mucks hand 
BEKDASH collected $0.27 from pot
*** SUMMARY ***
Total pot $0.28 | Rake $0.01 
Board [4c 7c 2d Ad Ac]
Seat 1: Dorex2007 (big blind) folded before Flop
Seat 5: Olgarusnova folded before Flop (didn't bet)
Seat 6: battleship84 folded before Flop (didn't bet)
Seat 7: modernexpo mucked [Qd Kd]
Seat 8: bruhkkz992 (button) folded before Flop (didn't bet)
Seat 9: BEKDASH (small blind) showed [Td 7d] and won ($0.27) with two pair, Aces and Sevens



PokerStars Hand #223976032058:  Hold'em No Limit ($0.01/$0.02 USD) - 2021/02/18 22:03:04 PT [2021/02/19 1:03:04 ET]
Table 'Halleria IV' 9-max Seat #9 is the button
Seat 1: Dorex2007 ($2.71 in chips) 
Seat 2: Sergun K. ($4.20 in chips) 
Seat 5: Olgarusnova ($1.88 in chips) 
Seat 6: battleship84 ($1.99 in chips) 
Seat 7: modernexpo ($3.45 in chips) 
Seat 8: bruhkkz992 ($2.09 in chips) 
Seat 9: BEKDASH ($0.83 in chips) 
Dorex2007: posts small blind $0.01
Sergun K.: posts big blind $0.02
kent330330: sits out 
*** HOLE CARDS ***
Dealt to Dorex2007 [8s Js]
Olgarusnova: folds 
battleship84: calls $0.02
modernexpo: folds 
bruhkkz992: calls $0.02
BEKDASH: calls $0.02
Dorex2007: calls $0.01
Sergun K.: checks 
*** FLOP *** [Qc Ad Jd]
Dorex2007: checks 
Sergun K.: checks 
battleship84: bets $0.02
bruhkkz992: folds 
BEKDASH: raises $0.02 to $0.04
Dorex2007: calls $0.04
Sergun K.: folds 
battleship84: raises $0.02 to $0.06
BEKDASH: calls $0.02
Dorex2007: folds 
*** TURN *** [Qc Ad Jd] [5c]
battleship84: checks 
BEKDASH: checks 
*** RIVER *** [Qc Ad Jd 5c] [5s]
battleship84: bets $0.22
BEKDASH: folds 
Uncalled bet ($0.22) returned to battleship84
battleship84 collected $0.25 from pot
*** SUMMARY ***
Total pot $0.26 | Rake $0.01 
Board [Qc Ad Jd 5c 5s]
Seat 1: Dorex2007 (small blind) folded on the Flop
Seat 2: Sergun K. (big blind) folded on the Flop
Seat 5: Olgarusnova folded before Flop (didn't bet)
Seat 6: battleship84 collected ($0.25)
Seat 7: modernexpo folded before Flop (didn't bet)
Seat 8: bruhkkz992 folded on the Flop
Seat 9: BEKDASH (button) folded on the River



PokerStars Hand #223976050162:  Hold'em No Limit ($0.01/$0.02 USD) - 2021/02/18 22:04:33 PT [2021/02/19 1:04:33 ET]
Table 'Halleria IV' 9-max Seat #1 is the button
Seat 1: Dorex2007 ($2.65 in chips) 
Seat 2: Sergun K. ($4.18 in chips) 
Seat 4: kent330330 ($2 in chips) 
Seat 5: Olgarusnova ($1.88 in chips) 
Seat 6: battleship84 ($2.16 in chips) 
Seat 7: modernexpo ($3.45 in chips) 
Seat 8: bruhkkz992 ($2.07 in chips) 
Seat 9: BEKDASH ($0.75 in chips) 
Sergun K.: posts small blind $0.01
kent330330: posts big blind $0.02
*** HOLE CARDS ***
Dealt to Dorex2007 [8s 8c]
Olgarusnova: folds 
battleship84: folds 
modernexpo: folds 
bruhkkz992: folds 
BEKDASH: calls $0.02
Dorex2007: calls $0.02
Sergun K.: folds 
kent330330: checks 
*** FLOP *** [Ts Kh Ah]
kent330330: checks 
BEKDASH: bets $0.02
Dorex2007: folds 
kent330330: calls $0.02
*** TURN *** [Ts Kh Ah] [8h]
kent330330: checks 
BEKDASH: bets $0.02
kent330330: calls $0.02
*** RIVER *** [Ts Kh Ah 8h] [4s]
kent330330: checks 
BEKDASH: checks 
*** SHOW DOWN ***
kent330330: shows [Jh 8d] (a pair of Eights)
BEKDASH: shows [Kd 3c] (a pair of Kings)
BEKDASH collected $0.14 from pot
*** SUMMARY ***
Total pot $0.15 | Rake $0.01 
Board [Ts Kh Ah 8h 4s]
Seat 1: Dorex2007 (button) folded on the Flop
Seat 2: Sergun K. (small blind) folded before Flop
Seat 4: kent330330 (big blind) showed [Jh 8d] and lost with a pair of Eights
Seat 5: Olgarusnova folded before Flop (didn't bet)
Seat 6: battleship84 folded before Flop (didn't bet)
Seat 7: modernexpo folded before Flop (didn't bet)
Seat 8: bruhkkz992 folded before Flop (didn't bet)
Seat 9: BEKDASH showed [Kd 3c] and won ($0.14) with a pair of Kings



PokerStars Hand #223976059925:  Hold'em No Limit ($0.01/$0.02 USD) - 2021/02/18 22:05:20 PT [2021/02/19 1:05:20 ET]
Table 'Halleria IV' 9-max Seat #2 is the button
Seat 1: Dorex2007 ($2.63 in chips) 
Seat 2: Sergun K. ($4.17 in chips) 
Seat 4: kent330330 ($1.94 in chips) 
Seat 5: Olgarusnova ($1.88 in chips) 
Seat 6: battleship84 ($2.16 in chips) 
Seat 7: modernexpo ($3.45 in chips) 
Seat 8: bruhkkz992 ($2.07 in chips) 
Seat 9: BEKDASH ($0.83 in chips) 
kent330330: posts small blind $0.01
Olgarusnova: posts big blind $0.02
*** HOLE CARDS ***
Dealt to Dorex2007 [Js Kh]
battleship84: folds 
modernexpo: raises $0.04 to $0.06
bruhkkz992: calls $0.06
BEKDASH: folds 
Dorex2007: folds 
Sergun K.: folds 
kent330330: folds 
Olgarusnova: folds 
*** FLOP *** [Kc 8h 5h]
modernexpo: checks 
bruhkkz992: checks 
*** TURN *** [Kc 8h 5h] [3d]
modernexpo: checks 
bruhkkz992: checks 
*** RIVER *** [Kc 8h 5h 3d] [Ks]
modernexpo: checks 
bruhkkz992: bets $0.12
modernexpo: folds 
Uncalled bet ($0.12) returned to bruhkkz992
bruhkkz992 collected $0.14 from pot
bruhkkz992: doesn't show hand 
*** SUMMARY ***
Total pot $0.15 | Rake $0.01 
Board [Kc 8h 5h 3d Ks]
Seat 1: Dorex2007 folded before Flop (didn't bet)
Seat 2: Sergun K. (button) folded before Flop (didn't bet)
Seat 4: kent330330 (small blind) folded before Flop
Seat 5: Olgarusnova (big blind) folded before Flop
Seat 6: battleship84 folded before Flop (didn't bet)
Seat 7: modernexpo folded on the River
Seat 8: bruhkkz992 collected ($0.14)
Seat 9: BEKDASH folded before Flop (didn't bet)



PokerStars Hand #223976073735:  Hold'em No Limit ($0.01/$0.02 USD) - 2021/02/18 22:06:14 PT [2021/02/19 1:06:14 ET]
Table 'Halleria IV' 9-max Seat #4 is the button
Seat 1: Dorex2007 ($2.63 in chips) 
Seat 2: Sergun K. ($4.17 in chips) 
Seat 4: kent330330 ($1.93 in chips) 
Seat 5: Olgarusnova ($1.86 in chips) 
Seat 6: battleship84 ($2.16 in chips) 
Seat 7: modernexpo ($3.39 in chips) 
Seat 8: bruhkkz992 ($2.15 in chips) 
Seat 9: BEKDASH ($0.83 in chips) 
Olgarusnova: posts small blind $0.01
battleship84: posts big blind $0.02
*** HOLE CARDS ***
Dealt to Dorex2007 [5s 9c]
modernexpo: folds 
bruhkkz992: raises $0.02 to $0.04
BEKDASH: calls $0.04
Dorex2007: folds 
Sergun K.: folds 
kent330330: folds 
Olgarusnova: folds 
battleship84: calls $0.02
*** FLOP *** [4c 4h 9s]
battleship84: checks 
bruhkkz992: checks 
BEKDASH: bets $0.07
battleship84: folds 
bruhkkz992: calls $0.07
*** TURN *** [4c 4h 9s] [5c]
bruhkkz992: checks 
BEKDASH: bets $0.13
bruhkkz992: calls $0.13
*** RIVER *** [4c 4h 9s 5c] [Kh]
bruhkkz992: checks 
BEKDASH: checks 
*** SHOW DOWN ***
bruhkkz992: shows [Th Tc] (two pair, Tens and Fours)
BEKDASH: mucks hand 
bruhkkz992 collected $0.51 from pot
*** SUMMARY ***
Total pot $0.53 | Rake $0.02 
Board [4c 4h 9s 5c Kh]
Seat 1: Dorex2007 folded before Flop (didn't bet)
Seat 2: Sergun K. folded before Flop (didn't bet)
Seat 4: kent330330 (button) folded before Flop (didn't bet)
Seat 5: Olgarusnova (small blind) folded before Flop
Seat 6: battleship84 (big blind) folded on the Flop
Seat 7: modernexpo folded before Flop (didn't bet)
Seat 8: bruhkkz992 showed [Th Tc] and won ($0.51) with two pair, Tens and Fours
Seat 9: BEKDASH mucked [As Jd]



PokerStars Hand #223976095491:  Hold'em No Limit ($0.01/$0.02 USD) - 2021/02/18 22:08:00 PT [2021/02/19 1:08:00 ET]
Table 'Halleria IV' 9-max Seat #5 is the button
Seat 1: Dorex2007 ($2.63 in chips) 
Seat 2: Sergun K. ($4.17 in chips) 
Seat 4: kent330330 ($1.93 in chips) 
Seat 5: Olgarusnova ($1.85 in chips) 
Seat 6: battleship84 ($2.12 in chips) 
Seat 8: bruhkkz992 ($2.42 in chips) 
Seat 9: BEKDASH ($0.59 in chips) 
battleship84: posts small blind $0.01
bruhkkz992: posts big blind $0.02
*** HOLE CARDS ***
Dealt to Dorex2007 [4d 9s]
BEKDASH: folds 
Dorex2007: folds 
Sergun K.: raises $0.03 to $0.05
kent330330: folds 
Olgarusnova: folds 
battleship84: folds 
bruhkkz992: calls $0.03
*** FLOP *** [9c 3s Kc]
bruhkkz992: checks 
Sergun K.: bets $0.06
bruhkkz992: folds 
Uncalled bet ($0.06) returned to Sergun K.
Sergun K. collected $0.11 from pot
Sergun K.: doesn't show hand 
*** SUMMARY ***
Total pot $0.11 | Rake $0 
Board [9c 3s Kc]
Seat 1: Dorex2007 folded before Flop (didn't bet)
Seat 2: Sergun K. collected ($0.11)
Seat 4: kent330330 folded before Flop (didn't bet)
Seat 5: Olgarusnova (button) folded before Flop (didn't bet)
Seat 6: battleship84 (small blind) folded before Flop
Seat 8: bruhkkz992 (big blind) folded on the Flop
Seat 9: BEKDASH folded before Flop (didn't bet)



PokerStars Hand #223976106719:  Hold'em No Limit ($0.01/$0.02 USD) - 2021/02/18 22:08:54 PT [2021/02/19 1:08:54 ET]
Table 'Halleria IV' 9-max Seat #6 is the button
Seat 1: Dorex2007 ($2.63 in chips) 
Seat 2: Sergun K. ($4.23 in chips) 
Seat 4: kent330330 ($1.93 in chips) 
Seat 5: Olgarusnova ($1.85 in chips) 
Seat 6: battleship84 ($2.11 in chips) 
Seat 8: bruhkkz992 ($2.37 in chips) 
Seat 9: BEKDASH ($0.59 in chips) 
bruhkkz992: posts small blind $0.01
BEKDASH: posts big blind $0.02
*** HOLE CARDS ***
Dealt to Dorex2007 [8h 7s]
Dorex2007: folds 
Sergun K.: folds 
arbuz39 leaves the table
kent330330: folds 
Olgarusnova: folds 
battleship84: calls $0.02
bruhkkz992: calls $0.01
BEKDASH: raises $0.12 to $0.14
5hevelev joins the table at seat #3 
battleship84: calls $0.12
bruhkkz992: folds 
*** FLOP *** [3s Qc 7c]
BEKDASH: bets $0.29
battleship84: calls $0.29
*** TURN *** [3s Qc 7c] [5h]
BEKDASH: bets $0.16 and is all-in
battleship84: calls $0.16
*** RIVER *** [3s Qc 7c 5h] [9d]
*** SHOW DOWN ***
BEKDASH: shows [Ks Ts] (high card King)
battleship84: shows [Qd Kh] (a pair of Queens)
battleship84 collected $1.16 from pot
*** SUMMARY ***
Total pot $1.20 | Rake $0.04 
Board [3s Qc 7c 5h 9d]
Seat 1: Dorex2007 folded before Flop (didn't bet)
Seat 2: Sergun K. folded before Flop (didn't bet)
Seat 4: kent330330 folded before Flop (didn't bet)
Seat 5: Olgarusnova folded before Flop (didn't bet)
Seat 6: battleship84 (button) showed [Qd Kh] and won ($1.16) with a pair of Queens
Seat 8: bruhkkz992 (small blind) folded before Flop
Seat 9: BEKDASH (big blind) showed [Ks Ts] and lost with high card King



PokerStars Hand #223976120818:  Hold'em No Limit ($0.01/$0.02 USD) - 2021/02/18 22:10:03 PT [2021/02/19 1:10:03 ET]
Table 'Halleria IV' 9-max Seat #8 is the button
Seat 1: Dorex2007 ($2.63 in chips) 
Seat 2: Sergun K. ($4.23 in chips) 
Seat 3: 5hevelev ($0.80 in chips) 
Seat 4: kent330330 ($1.93 in chips) 
Seat 5: Olgarusnova ($1.85 in chips) 
Seat 6: battleship84 ($2.68 in chips) 
Seat 7: modernexpo ($3.39 in chips) 
Seat 8: bruhkkz992 ($2.35 in chips) 
Dorex2007: posts small blind $0.01
Sergun K.: posts big blind $0.02
5hevelev: posts big blind $0.02
modernexpo: posts small & big blinds $0.03
*** HOLE CARDS ***
Dealt to Dorex2007 [6d 3d]
5hevelev: raises $0.04 to $0.06
kent330330: folds 
Olgarusnova: folds 
battleship84: folds 
modernexpo: folds 
bruhkkz992: calls $0.06
Dorex2007: folds 
Sergun K.: folds 
*** FLOP *** [9h 6c 9c]
5hevelev: bets $0.06
bruhkkz992: folds 
Uncalled bet ($0.06) returned to 5hevelev
5hevelev collected $0.17 from pot
5hevelev: doesn't show hand 
*** SUMMARY ***
Total pot $0.18 | Rake $0.01 
Board [9h 6c 9c]
Seat 1: Dorex2007 (small blind) folded before Flop
Seat 2: Sergun K. (big blind) folded before Flop
Seat 3: 5hevelev collected ($0.17)
Seat 4: kent330330 folded before Flop (didn't bet)
Seat 5: Olgarusnova folded before Flop (didn't bet)
Seat 6: battleship84 folded before Flop (didn't bet)
Seat 7: modernexpo folded before Flop (didn't bet)
Seat 8: bruhkkz992 (button) folded on the Flop



PokerStars Hand #223976129251:  Hold'em No Limit ($0.01/$0.02 USD) - 2021/02/18 22:10:44 PT [2021/02/19 1:10:44 ET]
Table 'Halleria IV' 9-max Seat #1 is the button
Seat 1: Dorex2007 ($2.62 in chips) 
Seat 2: Sergun K. ($4.21 in chips) 
Seat 3: 5hevelev ($0.91 in chips) 
Seat 4: kent330330 ($1.93 in chips) 
Seat 5: Olgarusnova ($1.85 in chips) 
Seat 6: battleship84 ($2.68 in chips) 
Seat 7: modernexpo ($3.36 in chips) 
Seat 8: bruhkkz992 ($2.29 in chips) 
Sergun K.: posts small blind $0.01
5hevelev: posts big blind $0.02
BEKDASH: sits out 
*** HOLE CARDS ***
Dealt to Dorex2007 [3c 5c]
kent330330: raises $0.04 to $0.06
Olgarusnova: folds 
battleship84: folds 
modernexpo: folds 
bruhkkz992: calls $0.06
Dorex2007: folds 
Sergun K.: folds 
5hevelev: raises $0.10 to $0.16
kent330330: calls $0.10
bruhkkz992: calls $0.10
*** FLOP *** [5s Kh Kc]
5hevelev: bets $0.16
kent330330: folds 
bruhkkz992: folds 
Uncalled bet ($0.16) returned to 5hevelev
5hevelev collected $0.47 from pot
5hevelev: doesn't show hand 
*** SUMMARY ***
Total pot $0.49 | Rake $0.02 
Board [5s Kh Kc]
Seat 1: Dorex2007 (button) folded before Flop (didn't bet)
Seat 2: Sergun K. (small blind) folded before Flop
Seat 3: 5hevelev (big blind) collected ($0.47)
Seat 4: kent330330 folded on the Flop
Seat 5: Olgarusnova folded before Flop (didn't bet)
Seat 6: battleship84 folded before Flop (didn't bet)
Seat 7: modernexpo folded before Flop (didn't bet)
Seat 8: bruhkkz992 folded on the Flop



PokerStars Hand #223976141115:  Hold'em No Limit ($0.01/$0.02 USD) - 2021/02/18 22:11:40 PT [2021/02/19 1:11:40 ET]
Table 'Halleria IV' 9-max Seat #2 is the button
Seat 1: Dorex2007 ($2.62 in chips) 
Seat 2: Sergun K. ($4.20 in chips) 
Seat 3: 5hevelev ($1.22 in chips) 
Seat 4: kent330330 ($1.77 in chips) 
Seat 5: Olgarusnova ($1.85 in chips) 
Seat 6: battleship84 ($2.68 in chips) 
Seat 7: modernexpo ($3.36 in chips) 
Seat 8: bruhkkz992 ($2.13 in chips) 
Seat 9: BEKDASH ($0.80 in chips) 
5hevelev: posts small blind $0.01
kent330330: posts big blind $0.02
BEKDASH: posts small blind $0.01
*** HOLE CARDS ***
Dealt to Dorex2007 [Kc 4s]
Olgarusnova: folds 
battleship84 has timed out
battleship84: folds 
modernexpo: folds 
bruhkkz992: calls $0.02
BEKDASH: calls $0.02
Dorex2007: folds 
Sergun K.: folds 
5hevelev: calls $0.01
kent330330: checks 
*** FLOP *** [2d Ks Jd]
5hevelev: checks 
kent330330: checks 
bruhkkz992: checks 
BEKDASH: checks 
*** TURN *** [2d Ks Jd] [Qd]
5hevelev: checks 
kent330330: checks 
bruhkkz992: checks 
BEKDASH: checks 
*** RIVER *** [2d Ks Jd Qd] [Ac]
5hevelev: checks 
kent330330: checks 
bruhkkz992: bets $0.02
BEKDASH: folds 
5hevelev: folds 
kent330330: folds 
Uncalled bet ($0.02) returned to bruhkkz992
bruhkkz992 collected $0.09 from pot
bruhkkz992: doesn't show hand 
*** SUMMARY ***
Total pot $0.09 | Rake $0 
Board [2d Ks Jd Qd Ac]
Seat 1: Dorex2007 folded before Flop (didn't bet)
Seat 2: Sergun K. (button) folded before Flop (didn't bet)
Seat 3: 5hevelev (small blind) folded on the River
Seat 4: kent330330 (big blind) folded on the River
Seat 5: Olgarusnova folded before Flop (didn't bet)
Seat 6: battleship84 folded before Flop (didn't bet)
Seat 7: modernexpo folded before Flop (didn't bet)
Seat 8: bruhkkz992 collected ($0.09)
Seat 9: BEKDASH folded on the River



PokerStars Hand #223976152274:  Hold'em No Limit ($0.01/$0.02 USD) - 2021/02/18 22:12:34 PT [2021/02/19 1:12:34 ET]
Table 'Halleria IV' 9-max Seat #3 is the button
Seat 1: Dorex2007 ($2.62 in chips) 
Seat 2: Sergun K. ($4.20 in chips) 
Seat 3: 5hevelev ($1.20 in chips) 
Seat 4: kent330330 ($1.75 in chips) 
Seat 5: Olgarusnova ($1.85 in chips) 
Seat 6: battleship84 ($2.68 in chips) 
Seat 7: modernexpo ($3.36 in chips) 
Seat 8: bruhkkz992 ($2.20 in chips) 
Seat 9: BEKDASH ($0.77 in chips) 
kent330330: posts small blind $0.01
Olgarusnova: posts big blind $0.02
*** HOLE CARDS ***
Dealt to Dorex2007 [As 5h]
battleship84 has timed out
battleship84: folds 
modernexpo: folds 
bruhkkz992: calls $0.02
BEKDASH: folds 
Dorex2007: folds 
Sergun K.: calls $0.02
5hevelev: raises $0.08 to $0.10
kent330330: folds 
Olgarusnova: folds 
bruhkkz992: folds 
Sergun K.: calls $0.08
*** FLOP *** [4h Tc 8d]
Sergun K.: checks 
5hevelev: bets $0.10
Sergun K.: calls $0.10
*** TURN *** [4h Tc 8d] [4s]
Sergun K.: checks 
5hevelev: bets $0.28
Sergun K.: folds 
Uncalled bet ($0.28) returned to 5hevelev
5hevelev collected $0.43 from pot
5hevelev: doesn't show hand 
*** SUMMARY ***
Total pot $0.45 | Rake $0.02 
Board [4h Tc 8d 4s]
Seat 1: Dorex2007 folded before Flop (didn't bet)
Seat 2: Sergun K. folded on the Turn
Seat 3: 5hevelev (button) collected ($0.43)
Seat 4: kent330330 (small blind) folded before Flop
Seat 5: Olgarusnova (big blind) folded before Flop
Seat 6: battleship84 folded before Flop (didn't bet)
Seat 7: modernexpo folded before Flop (didn't bet)
Seat 8: bruhkkz992 folded before Flop
Seat 9: BEKDASH folded before Flop (didn't bet)



PokerStars Hand #223976186862:  Hold'em No Limit ($0.01/$0.02 USD) - 2021/02/18 22:14:54 PT [2021/02/19 1:14:54 ET]
Table 'Halleria IV' 9-max Seat #5 is the button
Seat 1: Dorex2007 ($2.62 in chips) 
Seat 2: Sergun K. ($4 in chips) 
Seat 3: 5hevelev ($1.43 in chips) 
Seat 4: kent330330 ($1.74 in chips) 
Seat 5: Olgarusnova ($1.82 in chips) 
Seat 6: battleship84 ($1.95 in chips) 
Seat 7: modernexpo ($3.36 in chips) 
Seat 8: bruhkkz992 ($2.16 in chips) 
Seat 9: BEKDASH ($1.47 in chips) 
battleship84: posts small blind $0.01
modernexpo: posts big blind $0.02
*** HOLE CARDS ***
Dealt to Dorex2007 [Th 8s]
bruhkkz992: calls $0.02
BEKDASH: calls $0.02
Dorex2007: folds 
Sergun K.: folds 
5hevelev: folds 
kent330330: folds 
Olgarusnova: folds 
battleship84: calls $0.01
modernexpo: checks 
*** FLOP *** [9c 3c Qh]
battleship84: checks 
modernexpo: checks 
bruhkkz992: checks 
BEKDASH: checks 
*** TURN *** [9c 3c Qh] [2d]
battleship84: checks 
modernexpo: checks 
bruhkkz992: checks 
BEKDASH: checks 
*** RIVER *** [9c 3c Qh 2d] [9s]
battleship84: bets $0.06
modernexpo: folds 
bruhkkz992: folds 
BEKDASH: folds 
Uncalled bet ($0.06) returned to battleship84
battleship84 collected $0.08 from pot
*** SUMMARY ***
Total pot $0.08 | Rake $0 
Board [9c 3c Qh 2d 9s]
Seat 1: Dorex2007 folded before Flop (didn't bet)
Seat 2: Sergun K. folded before Flop (didn't bet)
Seat 3: 5hevelev folded before Flop (didn't bet)
Seat 4: kent330330 folded before Flop (didn't bet)
Seat 5: Olgarusnova (button) folded before Flop (didn't bet)
Seat 6: battleship84 (small blind) collected ($0.08)
Seat 7: modernexpo (big blind) folded on the River
Seat 8: bruhkkz992 folded on the River
Seat 9: BEKDASH folded on the River



PokerStars Hand #223976199400:  Hold'em No Limit ($0.01/$0.02 USD) - 2021/02/18 22:15:56 PT [2021/02/19 1:15:56 ET]
Table 'Halleria IV' 9-max Seat #6 is the button
Seat 1: Dorex2007 ($2.62 in chips) 
Seat 2: Sergun K. ($4 in chips) 
Seat 3: 5hevelev ($1.43 in chips) 
Seat 4: kent330330 ($1.74 in chips) 
Seat 5: Olgarusnova ($1.82 in chips) 
Seat 6: battleship84 ($2.01 in chips) 
Seat 7: modernexpo ($3.34 in chips) 
Seat 8: bruhkkz992 ($2.14 in chips) 
Seat 9: BEKDASH ($1.45 in chips) 
modernexpo: posts small blind $0.01
bruhkkz992: posts big blind $0.02
*** HOLE CARDS ***
Dealt to Dorex2007 [Js Ad]
BEKDASH: folds 
Dorex2007: raises $0.02 to $0.04
Sergun K.: folds 
5hevelev: folds 
kent330330: folds 
Olgarusnova: folds 
battleship84: calls $0.04
modernexpo: folds 
bruhkkz992: raises $0.02 to $0.06
Dorex2007: calls $0.02
battleship84: calls $0.02
*** FLOP *** [5d 4d 5s]
bruhkkz992: bets $0.16
Dorex2007: folds 
battleship84: folds 
Uncalled bet ($0.16) returned to bruhkkz992
bruhkkz992 collected $0.18 from pot
bruhkkz992: doesn't show hand 
*** SUMMARY ***
Total pot $0.19 | Rake $0.01 
Board [5d 4d 5s]
Seat 1: Dorex2007 folded on the Flop
Seat 2: Sergun K. folded before Flop (didn't bet)
Seat 3: 5hevelev folded before Flop (didn't bet)
Seat 4: kent330330 folded before Flop (didn't bet)
Seat 5: Olgarusnova folded before Flop (didn't bet)
Seat 6: battleship84 (button) folded on the Flop
Seat 7: modernexpo (small blind) folded before Flop
Seat 8: bruhkkz992 (big blind) collected ($0.18)
Seat 9: BEKDASH folded before Flop (didn't bet)



PokerStars Hand #223976208361:  Hold'em No Limit ($0.01/$0.02 USD) - 2021/02/18 22:16:39 PT [2021/02/19 1:16:39 ET]
Table 'Halleria IV' 9-max Seat #7 is the button
Seat 1: Dorex2007 ($2.56 in chips) 
Seat 2: Sergun K. ($4 in chips) 
Seat 3: 5hevelev ($1.43 in chips) 
Seat 4: kent330330 ($1.74 in chips) 
Seat 5: Olgarusnova ($1.82 in chips) 
Seat 6: battleship84 ($1.95 in chips) 
Seat 7: modernexpo ($3.33 in chips) 
Seat 8: bruhkkz992 ($2.26 in chips) 
Seat 9: BEKDASH ($1.45 in chips) 
bruhkkz992: posts small blind $0.01
BEKDASH: posts big blind $0.02
*** HOLE CARDS ***
Dealt to Dorex2007 [3h 8c]
Dorex2007: folds 
Sergun K.: raises $0.03 to $0.05
5hevelev: calls $0.05
kent330330: raises $0.14 to $0.19
Olgarusnova: folds 
battleship84: folds 
modernexpo: folds 
bruhkkz992: calls $0.18
BEKDASH: folds 
Sergun K.: folds 
5hevelev: folds 
*** FLOP *** [3d 6s Qd]
bruhkkz992: bets $0.02
kent330330: calls $0.02
*** TURN *** [3d 6s Qd] [8d]
bruhkkz992: bets $0.02
kent330330: calls $0.02
*** RIVER *** [3d 6s Qd 8d] [6c]
bruhkkz992: checks 
kent330330: checks 
*** SHOW DOWN ***
bruhkkz992: shows [9d Kh] (a pair of Sixes)
kent330330: shows [Ah Th] (a pair of Sixes - Ace kicker)
kent330330 collected $0.56 from pot
*** SUMMARY ***
Total pot $0.58 | Rake $0.02 
Board [3d 6s Qd 8d 6c]
Seat 1: Dorex2007 folded before Flop (didn't bet)
Seat 2: Sergun K. folded before Flop
Seat 3: 5hevelev folded before Flop
Seat 4: kent330330 showed [Ah Th] and won ($0.56) with a pair of Sixes
Seat 5: Olgarusnova folded before Flop (didn't bet)
Seat 6: battleship84 folded before Flop (didn't bet)
Seat 7: modernexpo (button) folded before Flop (didn't bet)
Seat 8: bruhkkz992 (small blind) showed [9d Kh] and lost with a pair of Sixes
Seat 9: BEKDASH (big blind) folded before Flop



PokerStars Hand #223976218687:  Hold'em No Limit ($0.01/$0.02 USD) - 2021/02/18 22:17:29 PT [2021/02/19 1:17:29 ET]
Table 'Halleria IV' 9-max Seat #8 is the button
Seat 1: Dorex2007 ($2.56 in chips) 
Seat 2: Sergun K. ($3.95 in chips) 
Seat 3: 5hevelev ($1.38 in chips) 
Seat 4: kent330330 ($2.07 in chips) 
Seat 5: Olgarusnova ($1.82 in chips) 
Seat 6: battleship84 ($1.95 in chips) 
Seat 7: modernexpo ($3.33 in chips) 
Seat 8: bruhkkz992 ($2.03 in chips) 
Seat 9: BEKDASH ($1.43 in chips) 
BEKDASH: posts small blind $0.01
Dorex2007: posts big blind $0.02
*** HOLE CARDS ***
Dealt to Dorex2007 [Qh Qc]
Sergun K.: folds 
5hevelev: folds 
kent330330: folds 
Olgarusnova: folds 
battleship84: folds 
modernexpo: folds 
bruhkkz992: calls $0.02
BEKDASH: raises $0.06 to $0.08
Dorex2007: raises $0.08 to $0.16
bruhkkz992: folds 
BEKDASH: raises $1.27 to $1.43 and is all-in
Dorex2007: calls $1.27
*** FLOP *** [7s 9c 8c]
*** TURN *** [7s 9c 8c] [7d]
*** RIVER *** [7s 9c 8c 7d] [7c]
*** SHOW DOWN ***
BEKDASH: shows [Ac Ah] (a full house, Sevens full of Aces)
Dorex2007: shows [Qh Qc] (a full house, Sevens full of Queens)
BEKDASH cashed out the hand for $2.27 | Cash Out Fee $0.02
*** SUMMARY ***
Total pot $2.88 | Rake $0.10 
Board [7s 9c 8c 7d 7c]
Seat 1: Dorex2007 (big blind) showed [Qh Qc] and lost with a full house, Sevens full of Queens
Seat 2: Sergun K. folded before Flop (didn't bet)
Seat 3: 5hevelev folded before Flop (didn't bet)
Seat 4: kent330330 folded before Flop (didn't bet)
Seat 5: Olgarusnova folded before Flop (didn't bet)
Seat 6: battleship84 folded before Flop (didn't bet)
Seat 7: modernexpo folded before Flop (didn't bet)
Seat 8: bruhkkz992 (button) folded before Flop
Seat 9: BEKDASH (small blind) showed [Ac Ah] and won ($2.78) with a full house, Sevens full of Aces (pot not awarded as player cashed out)



PokerStars Hand #223976228119:  Hold'em No Limit ($0.01/$0.02 USD) - 2021/02/18 22:18:15 PT [2021/02/19 1:18:15 ET]
Table 'Halleria IV' 9-max Seat #9 is the button
Seat 1: Dorex2007 ($1.13 in chips) 
Seat 2: Sergun K. ($3.95 in chips) 
Seat 3: 5hevelev ($1.38 in chips) 
Seat 4: kent330330 ($2.07 in chips) 
Seat 5: Olgarusnova ($1.82 in chips) 
Seat 6: battleship84 ($1.95 in chips) 
Seat 7: modernexpo ($3.33 in chips) 
Seat 8: bruhkkz992 ($2.01 in chips) 
Seat 9: BEKDASH ($2.27 in chips) 
Dorex2007: posts small blind $0.01
Sergun K.: posts big blind $0.02
*** HOLE CARDS ***
Dealt to Dorex2007 [Jh 2c]
5hevelev: calls $0.02
kent330330: folds 
Olgarusnova: folds 
battleship84: folds 
modernexpo: folds 
bruhkkz992: calls $0.02
BEKDASH: calls $0.02
Dorex2007: folds 
Sergun K.: checks 
*** FLOP *** [Tc 2h 3d]
Sergun K.: checks 
5hevelev: checks 
bruhkkz992: checks 
BEKDASH: checks 
*** TURN *** [Tc 2h 3d] [4s]
Sergun K.: checks 
5hevelev: checks 
bruhkkz992: checks 
BEKDASH: checks 
*** RIVER *** [Tc 2h 3d 4s] [Qh]
Sergun K.: checks 
5hevelev: checks 
bruhkkz992: checks 
BEKDASH: checks 
*** SHOW DOWN ***
Sergun K.: shows [Ah 9h] (high card Ace)
5hevelev: mucks hand 
bruhkkz992: shows [3h 5c] (a pair of Threes)
BEKDASH: mucks hand 
bruhkkz992 collected $0.09 from pot
*** SUMMARY ***
Total pot $0.09 | Rake $0 
Board [Tc 2h 3d 4s Qh]
Seat 1: Dorex2007 (small blind) folded before Flop
Seat 2: Sergun K. (big blind) showed [Ah 9h] and lost with high card Ace
Seat 3: 5hevelev mucked [Kc 9d]
Seat 4: kent330330 folded before Flop (didn't bet)
Seat 5: Olgarusnova folded before Flop (didn't bet)
Seat 6: battleship84 folded before Flop (didn't bet)
Seat 7: modernexpo folded before Flop (didn't bet)
Seat 8: bruhkkz992 showed [3h 5c] and won ($0.09) with a pair of Threes
Seat 9: BEKDASH (button) mucked [7c 6c]



PokerStars Hand #223976238831:  Hold'em No Limit ($0.01/$0.02 USD) - 2021/02/18 22:19:08 PT [2021/02/19 1:19:08 ET]
Table 'Halleria IV' 9-max Seat #1 is the button
Seat 1: Dorex2007 ($1.12 in chips) 
Seat 2: Sergun K. ($3.93 in chips) 
Seat 3: 5hevelev ($1.36 in chips) 
Seat 4: kent330330 ($2.07 in chips) 
Seat 5: Olgarusnova ($1.82 in chips) 
Seat 6: battleship84 ($1.95 in chips) 
Seat 7: modernexpo ($3.33 in chips) 
Seat 8: bruhkkz992 ($2.08 in chips) 
Seat 9: BEKDASH ($2.25 in chips) 
Sergun K.: posts small blind $0.01
5hevelev: posts big blind $0.02
*** HOLE CARDS ***
Dealt to Dorex2007 [5c Jd]
kent330330: folds 
Olgarusnova has timed out
Olgarusnova: folds 
battleship84: calls $0.02
modernexpo: folds 
bruhkkz992: calls $0.02
BEKDASH: calls $0.02
Dorex2007: folds 
Sergun K.: calls $0.01
5hevelev: checks 
*** FLOP *** [9s Ks 3h]
Sergun K.: checks 
5hevelev: checks 
battleship84: checks 
bruhkkz992: bets $0.02
BEKDASH: folds 
Sergun K.: calls $0.02
5hevelev: calls $0.02
battleship84: folds 
*** TURN *** [9s Ks 3h] [5h]
Sergun K.: checks 
5hevelev: checks 
bruhkkz992: bets $0.02
Sergun K.: folds 
5hevelev: calls $0.02
*** RIVER *** [9s Ks 3h 5h] [6c]
5hevelev: bets $0.05
bruhkkz992: calls $0.05
*** SHOW DOWN ***
5hevelev: shows [8h 3d] (a pair of Threes)
bruhkkz992: shows [Qs Qd] (a pair of Queens)
bruhkkz992 collected $0.29 from pot
*** SUMMARY ***
Total pot $0.30 | Rake $0.01 
Board [9s Ks 3h 5h 6c]
Seat 1: Dorex2007 (button) folded before Flop (didn't bet)
Seat 2: Sergun K. (small blind) folded on the Turn
Seat 3: 5hevelev (big blind) showed [8h 3d] and lost with a pair of Threes
Seat 4: kent330330 folded before Flop (didn't bet)
Seat 5: Olgarusnova folded before Flop (didn't bet)
Seat 6: battleship84 folded on the Flop
Seat 7: modernexpo folded before Flop (didn't bet)
Seat 8: bruhkkz992 showed [Qs Qd] and won ($0.29) with a pair of Queens
Seat 9: BEKDASH folded on the Flop



PokerStars Hand #223976262156:  Hold'em No Limit ($0.01/$0.02 USD) - 2021/02/18 22:20:14 PT [2021/02/19 1:20:14 ET]
Table 'Halleria IV' 9-max Seat #2 is the button
Seat 1: Dorex2007 ($1.12 in chips) 
Seat 2: Sergun K. ($3.89 in chips) 
Seat 3: 5hevelev ($1.25 in chips) 
Seat 4: kent330330 ($2.07 in chips) 
Seat 5: Olgarusnova ($1.82 in chips) 
Seat 6: battleship84 ($1.93 in chips) 
Seat 7: modernexpo ($3.33 in chips) 
Seat 8: bruhkkz992 ($2.26 in chips) 
Seat 9: BEKDASH ($2.23 in chips) 
5hevelev: posts small blind $0.01
kent330330: posts big blind $0.02
*** HOLE CARDS ***
Dealt to Dorex2007 [7s 8s]
Olgarusnova has timed out
Olgarusnova: folds 
battleship84: folds 
modernexpo: folds 
bruhkkz992: calls $0.02
BEKDASH: calls $0.02
Dorex2007: calls $0.02
Sergun K.: folds 
5hevelev: calls $0.01
kent330330: checks 
*** FLOP *** [Ah Kh 4s]
5hevelev: checks 
kent330330: checks 
bruhkkz992: checks 
BEKDASH: checks 
Dorex2007: checks 
*** TURN *** [Ah Kh 4s] [9s]
5hevelev: checks 
kent330330: checks 
bruhkkz992: checks 
BEKDASH: bets $0.10
Dorex2007: folds 
5hevelev: folds 
kent330330: folds 
bruhkkz992: calls $0.10
*** RIVER *** [Ah Kh 4s 9s] [2h]
bruhkkz992: checks 
BEKDASH: checks 
*** SHOW DOWN ***
bruhkkz992: shows [Jh Jd] (a pair of Jacks)
BEKDASH: shows [As 7c] (a pair of Aces)
BEKDASH collected $0.29 from pot
*** SUMMARY ***
Total pot $0.30 | Rake $0.01 
Board [Ah Kh 4s 9s 2h]
Seat 1: Dorex2007 folded on the Turn
Seat 2: Sergun K. (button) folded before Flop (didn't bet)
Seat 3: 5hevelev (small blind) folded on the Turn
Seat 4: kent330330 (big blind) folded on the Turn
Seat 5: Olgarusnova folded before Flop (didn't bet)
Seat 6: battleship84 folded before Flop (didn't bet)
Seat 7: modernexpo folded before Flop (didn't bet)
Seat 8: bruhkkz992 showed [Jh Jd] and lost with a pair of Jacks
Seat 9: BEKDASH showed [As 7c] and won ($0.29) with a pair of Aces



PokerStars Hand #223976280647:  Hold'em No Limit ($0.01/$0.02 USD) - 2021/02/18 22:21:14 PT [2021/02/19 1:21:14 ET]
Table 'Halleria IV' 9-max Seat #3 is the button
Seat 1: Dorex2007 ($1.10 in chips) 
Seat 2: Sergun K. ($3.89 in chips) 
Seat 3: 5hevelev ($1.23 in chips) 
Seat 4: kent330330 ($2.05 in chips) 
Seat 6: battleship84 ($1.93 in chips) 
Seat 7: modernexpo ($3.33 in chips) 
Seat 8: bruhkkz992 ($2.14 in chips) 
Seat 9: BEKDASH ($2.40 in chips) 
kent330330: posts small blind $0.01
battleship84: posts big blind $0.02
*** HOLE CARDS ***
Dealt to Dorex2007 [8c 9d]
modernexpo: folds 
bruhkkz992: calls $0.02
BEKDASH: calls $0.02
Dorex2007: folds 
Sergun K.: folds 
5hevelev: raises $0.02 to $0.04
kent330330: raises $0.17 to $0.21
battleship84: calls $0.19
bruhkkz992: folds 
BEKDASH: folds 
5hevelev: calls $0.17
*** FLOP *** [Qs 3h 5s]
Olgarusnova is disconnected 
kent330330: bets $0.49
battleship84: folds 
5hevelev: raises $0.53 to $1.02 and is all-in
kent330330: calls $0.53
*** TURN *** [Qs 3h 5s] [Jd]
*** RIVER *** [Qs 3h 5s Jd] [5d]
*** SHOW DOWN ***
kent330330: shows [Kc Kh] (two pair, Kings and Fives)
5hevelev: shows [4h 2h] (a pair of Fives)
kent330330 collected $2.62 from pot
*** SUMMARY ***
Total pot $2.71 | Rake $0.09 
Board [Qs 3h 5s Jd 5d]
Seat 1: Dorex2007 folded before Flop (didn't bet)
Seat 2: Sergun K. folded before Flop (didn't bet)
Seat 3: 5hevelev (button) showed [4h 2h] and lost with a pair of Fives
Seat 4: kent330330 (small blind) showed [Kc Kh] and won ($2.62) with two pair, Kings and Fives
Seat 6: battleship84 (big blind) folded on the Flop
Seat 7: modernexpo folded before Flop (didn't bet)
Seat 8: bruhkkz992 folded before Flop
Seat 9: BEKDASH folded before Flop



PokerStars Hand #223976294151:  Hold'em No Limit ($0.01/$0.02 USD) - 2021/02/18 22:22:22 PT [2021/02/19 1:22:22 ET]
Table 'Halleria IV' 9-max Seat #4 is the button
Seat 1: Dorex2007 ($2 in chips) 
Seat 2: Sergun K. ($3.89 in chips) 
Seat 4: kent330330 ($3.44 in chips) 
Seat 6: battleship84 ($1.72 in chips) 
Seat 7: modernexpo ($3.33 in chips) 
Seat 8: bruhkkz992 ($2.12 in chips) 
Seat 9: BEKDASH ($2.38 in chips) 
battleship84: posts small blind $0.01
modernexpo: posts big blind $0.02
*** HOLE CARDS ***
Dealt to Dorex2007 [6h 2d]
bruhkkz992: calls $0.02
royrobk joins the table at seat #3 
BEKDASH: raises $0.04 to $0.06
Dorex2007: folds 
Sergun K.: folds 
kent330330: folds 
battleship84: calls $0.05
modernexpo: folds 
bruhkkz992: calls $0.04
*** FLOP *** [Kd Ks Kh]
battleship84: bets $0.06
bruhkkz992: folds 
BEKDASH: calls $0.06
*** TURN *** [Kd Ks Kh] [Jh]
battleship84: bets $0.14
BEKDASH: calls $0.14
*** RIVER *** [Kd Ks Kh Jh] [5d]
battleship84: bets $0.22
BEKDASH: raises $0.28 to $0.50
battleship84: calls $0.28
*** SHOW DOWN ***
BEKDASH: shows [Ac Kc] (four of a kind, Kings)
battleship84: mucks hand 
BEKDASH collected $1.54 from pot
*** SUMMARY ***
Total pot $1.60 | Rake $0.06 
Board [Kd Ks Kh Jh 5d]
Seat 1: Dorex2007 folded before Flop (didn't bet)
Seat 2: Sergun K. folded before Flop (didn't bet)
Seat 4: kent330330 (button) folded before Flop (didn't bet)
Seat 6: battleship84 (small blind) mucked [As 7c]
Seat 7: modernexpo (big blind) folded before Flop
Seat 8: bruhkkz992 folded on the Flop
Seat 9: BEKDASH showed [Ac Kc] and won ($1.54) with four of a kind, Kings



PokerStars Hand #223976310390:  Hold'em No Limit ($0.01/$0.02 USD) - 2021/02/18 22:23:44 PT [2021/02/19 1:23:44 ET]
Table 'Halleria IV' 9-max Seat #6 is the button
Seat 1: Dorex2007 ($2 in chips) 
Seat 2: Sergun K. ($3.89 in chips) 
Seat 3: royrobk ($1.60 in chips) 
Seat 4: kent330330 ($3.44 in chips) 
Seat 6: battleship84 ($0.96 in chips) 
Seat 7: modernexpo ($3.31 in chips) 
Seat 8: bruhkkz992 ($2.06 in chips) 
Seat 9: BEKDASH ($3.16 in chips) 
modernexpo: posts small blind $0.01
bruhkkz992: posts big blind $0.02
royrobk: posts big blind $0.02
*** HOLE CARDS ***
Dealt to Dorex2007 [4s 9c]
BEKDASH: calls $0.02
Dorex2007: folds 
Sergun K.: folds 
royrobk: checks 
kent330330: folds 
battleship84: folds 
modernexpo: folds 
bruhkkz992: checks 
*** FLOP *** [3d Qd 6s]
bruhkkz992: checks 
BEKDASH: bets $0.04
royrobk: folds 
bruhkkz992: folds 
Uncalled bet ($0.04) returned to BEKDASH
BEKDASH collected $0.07 from pot
BEKDASH: doesn't show hand 
*** SUMMARY ***
Total pot $0.07 | Rake $0 
Board [3d Qd 6s]
Seat 1: Dorex2007 folded before Flop (didn't bet)
Seat 2: Sergun K. folded before Flop (didn't bet)
Seat 3: royrobk folded on the Flop (didn't bet)
Seat 4: kent330330 folded before Flop (didn't bet)
Seat 6: battleship84 (button) folded before Flop (didn't bet)
Seat 7: modernexpo (small blind) folded before Flop
Seat 8: bruhkkz992 (big blind) folded on the Flop
Seat 9: BEKDASH collected ($0.07)



PokerStars Hand #223976317881:  Hold'em No Limit ($0.01/$0.02 USD) - 2021/02/18 22:24:20 PT [2021/02/19 1:24:20 ET]
Table 'Halleria IV' 9-max Seat #7 is the button
Seat 1: Dorex2007 ($2 in chips) 
Seat 2: Sergun K. ($3.89 in chips) 
Seat 3: royrobk ($1.58 in chips) 
Seat 4: kent330330 ($3.44 in chips) 
Seat 6: battleship84 ($0.96 in chips) 
Seat 7: modernexpo ($3.30 in chips) 
Seat 8: bruhkkz992 ($2.04 in chips) 
Seat 9: BEKDASH ($3.21 in chips) 
bruhkkz992: posts small blind $0.01
BEKDASH: posts big blind $0.02
*** HOLE CARDS ***
Dealt to Dorex2007 [7s 6h]
Dorex2007: folds 
Sergun K.: folds 
royrobk: folds 
kent330330: folds 
battleship84: folds 
modernexpo: raises $0.02 to $0.04
bruhkkz992: calls $0.03
BEKDASH: calls $0.02
*** FLOP *** [Ah 2c 4c]
bruhkkz992: checks 
BEKDASH: checks 
modernexpo: checks 
*** TURN *** [Ah 2c 4c] [3h]
bruhkkz992: checks 
BEKDASH: checks 
modernexpo: checks 
*** RIVER *** [Ah 2c 4c 3h] [Jc]
bruhkkz992: checks 
BEKDASH: bets $0.06
modernexpo: folds 
bruhkkz992: folds 
Uncalled bet ($0.06) returned to BEKDASH
BEKDASH collected $0.12 from pot
BEKDASH: doesn't show hand 
*** SUMMARY ***
Total pot $0.12 | Rake $0 
Board [Ah 2c 4c 3h Jc]
Seat 1: Dorex2007 folded before Flop (didn't bet)
Seat 2: Sergun K. folded before Flop (didn't bet)
Seat 3: royrobk folded before Flop (didn't bet)
Seat 4: kent330330 folded before Flop (didn't bet)
Seat 6: battleship84 folded before Flop (didn't bet)
Seat 7: modernexpo (button) folded on the River
Seat 8: bruhkkz992 (small blind) folded on the River
Seat 9: BEKDASH (big blind) collected ($0.12)



PokerStars Hand #223976328632:  Hold'em No Limit ($0.01/$0.02 USD) - 2021/02/18 22:25:14 PT [2021/02/19 1:25:14 ET]
Table 'Halleria IV' 9-max Seat #8 is the button
Seat 1: Dorex2007 ($2 in chips) 
Seat 2: Sergun K. ($3.89 in chips) 
Seat 3: royrobk ($1.58 in chips) 
Seat 4: kent330330 ($3.44 in chips) 
Seat 6: battleship84 ($0.96 in chips) 
Seat 7: modernexpo ($3.26 in chips) 
Seat 8: bruhkkz992 ($2 in chips) 
Seat 9: BEKDASH ($3.29 in chips) 
BEKDASH: posts small blind $0.01
Dorex2007: posts big blind $0.02
*** HOLE CARDS ***
Dealt to Dorex2007 [3s Kc]
Sergun K.: folds 
royrobk: folds 
kent330330: folds 
battleship84: calls $0.02
modernexpo: folds 
bruhkkz992: calls $0.02
BEKDASH: calls $0.01
Dorex2007: checks 
*** FLOP *** [2c 3d Ac]
BEKDASH: checks 
Dorex2007: checks 
battleship84: checks 
bruhkkz992: checks 
*** TURN *** [2c 3d Ac] [3h]
BEKDASH: checks 
Dorex2007: bets $0.08
battleship84: folds 
bruhkkz992: folds 
BEKDASH: folds 
Uncalled bet ($0.08) returned to Dorex2007
Dorex2007 collected $0.08 from pot
Dorex2007: doesn't show hand 
*** SUMMARY ***
Total pot $0.08 | Rake $0 
Board [2c 3d Ac 3h]
Seat 1: Dorex2007 (big blind) collected ($0.08)
Seat 2: Sergun K. folded before Flop (didn't bet)
Seat 3: royrobk folded before Flop (didn't bet)
Seat 4: kent330330 folded before Flop (didn't bet)
Seat 6: battleship84 folded on the Turn
Seat 7: modernexpo folded before Flop (didn't bet)
Seat 8: bruhkkz992 (button) folded on the Turn
Seat 9: BEKDASH (small blind) folded on the Turn



PokerStars Hand #223976336013:  Hold'em No Limit ($0.01/$0.02 USD) - 2021/02/18 22:25:51 PT [2021/02/19 1:25:51 ET]
Table 'Halleria IV' 9-max Seat #9 is the button
Seat 1: Dorex2007 ($2.06 in chips) 
Seat 2: Sergun K. ($3.89 in chips) 
Seat 3: royrobk ($1.58 in chips) 
Seat 4: kent330330 ($3.44 in chips) 
Seat 6: battleship84 ($0.94 in chips) 
Seat 7: modernexpo ($3.26 in chips) 
Seat 8: bruhkkz992 ($1.98 in chips) 
Seat 9: BEKDASH ($3.27 in chips) 
Dorex2007: posts small blind $0.01
Sergun K.: posts big blind $0.02
*** HOLE CARDS ***
Dealt to Dorex2007 [Tc Jc]
royrobk: folds 
kent330330: folds 
battleship84: folds 
battleship84 leaves the table
modernexpo: calls $0.02
bruhkkz992: calls $0.02
BEKDASH: folds 
Dorex2007: calls $0.01
Sergun K.: checks 
*** FLOP *** [Qc 9d 4s]
Dorex2007: checks 
BKM0914 joins the table at seat #6 
Sergun K.: checks 
modernexpo: checks 
bruhkkz992: checks 
*** TURN *** [Qc 9d 4s] [8h]
Dorex2007: bets $0.08
Sergun K.: folds 
modernexpo: folds 
bruhkkz992: folds 
Uncalled bet ($0.08) returned to Dorex2007
Dorex2007 collected $0.08 from pot
Dorex2007: doesn't show hand 
*** SUMMARY ***
Total pot $0.08 | Rake $0 
Board [Qc 9d 4s 8h]
Seat 1: Dorex2007 (small blind) collected ($0.08)
Seat 2: Sergun K. (big blind) folded on the Turn
Seat 3: royrobk folded before Flop (didn't bet)
Seat 4: kent330330 folded before Flop (didn't bet)
Seat 6: battleship84 folded before Flop (didn't bet)
Seat 7: modernexpo folded on the Turn
Seat 8: bruhkkz992 folded on the Turn
Seat 9: BEKDASH (button) folded before Flop (didn't bet)



PokerStars Hand #223976343822:  Hold'em No Limit ($0.01/$0.02 USD) - 2021/02/18 22:26:30 PT [2021/02/19 1:26:30 ET]
Table 'Halleria IV' 9-max Seat #1 is the button
Seat 1: Dorex2007 ($2.12 in chips) 
Seat 2: Sergun K. ($3.87 in chips) 
Seat 3: royrobk ($1.58 in chips) 
Seat 4: kent330330 ($3.44 in chips) 
Seat 7: modernexpo ($3.24 in chips) 
Seat 8: bruhkkz992 ($1.96 in chips) 
Sergun K.: posts small blind $0.01
royrobk: posts big blind $0.02
BKM0914: sits out 
*** HOLE CARDS ***
Dealt to Dorex2007 [7h 5d]
kent330330: folds 
modernexpo: folds 
bruhkkz992: calls $0.02
Dorex2007: folds 
Sergun K.: calls $0.01
royrobk: checks 
*** FLOP *** [4c Qd Js]
Sergun K.: checks 
royrobk: checks 
bruhkkz992: checks 
*** TURN *** [4c Qd Js] [6c]
Sergun K.: checks 
royrobk: checks 
bruhkkz992: checks 
*** RIVER *** [4c Qd Js 6c] [5h]
Sergun K.: checks 
royrobk: checks 
bruhkkz992: bets $0.02
Sergun K.: folds 
royrobk: folds 
Uncalled bet ($0.02) returned to bruhkkz992
bruhkkz992 collected $0.06 from pot
bruhkkz992: doesn't show hand 
*** SUMMARY ***
Total pot $0.06 | Rake $0 
Board [4c Qd Js 6c 5h]
Seat 1: Dorex2007 (button) folded before Flop (didn't bet)
Seat 2: Sergun K. (small blind) folded on the River
Seat 3: royrobk (big blind) folded on the River
Seat 4: kent330330 folded before Flop (didn't bet)
Seat 7: modernexpo folded before Flop (didn't bet)
Seat 8: bruhkkz992 collected ($0.06)



PokerStars Hand #223976350290:  Hold'em No Limit ($0.01/$0.02 USD) - 2021/02/18 22:27:03 PT [2021/02/19 1:27:03 ET]
Table 'Halleria IV' 9-max Seat #2 is the button
Seat 1: Dorex2007 ($2.12 in chips) 
Seat 2: Sergun K. ($3.85 in chips) 
Seat 3: royrobk ($1.56 in chips) 
Seat 4: kent330330 ($3.44 in chips) 
Seat 6: BKM0914 ($2 in chips) 
Seat 7: modernexpo ($3.24 in chips) 
Seat 8: bruhkkz992 ($2 in chips) 
royrobk: posts small blind $0.01
kent330330: posts big blind $0.02
BKM0914: posts big blind $0.02
*** HOLE CARDS ***
Dealt to Dorex2007 [Ah 2s]
BKM0914: checks 
modernexpo: folds 
bruhkkz992: raises $0.02 to $0.04
Dorex2007: folds 
Sergun K.: folds 
royrobk: calls $0.03
kent330330: folds 
BKM0914: calls $0.02
*** FLOP *** [Jh Js 8h]
royrobk: checks 
BKM0914: checks 
bruhkkz992: checks 
*** TURN *** [Jh Js 8h] [9h]
royrobk: checks 
BEKDASH leaves the table
BKM0914: checks 
bruhkkz992: checks 
*** RIVER *** [Jh Js 8h 9h] [4d]
royrobk: checks 
BKM0914: checks 
bruhkkz992: bets $0.08
royrobk: folds 
BKM0914: calls $0.08
*** SHOW DOWN ***
bruhkkz992: shows [Qh Ts] (a straight, Eight to Queen)
BKM0914: mucks hand 
bruhkkz992 collected $0.29 from pot
*** SUMMARY ***
Total pot $0.30 | Rake $0.01 
Board [Jh Js 8h 9h 4d]
Seat 1: Dorex2007 folded before Flop (didn't bet)
Seat 2: Sergun K. (button) folded before Flop (didn't bet)
Seat 3: royrobk (small blind) folded on the River
Seat 4: kent330330 (big blind) folded before Flop
Seat 6: BKM0914 mucked [4s 8c]
Seat 7: modernexpo folded before Flop (didn't bet)
Seat 8: bruhkkz992 showed [Qh Ts] and won ($0.29) with a straight, Eight to Queen



PokerStars Hand #223976362191:  Hold'em No Limit ($0.01/$0.02 USD) - 2021/02/18 22:28:03 PT [2021/02/19 1:28:03 ET]
Table 'Halleria IV' 9-max Seat #3 is the button
Seat 1: Dorex2007 ($2.12 in chips) 
Seat 2: Sergun K. ($3.85 in chips) 
Seat 3: royrobk ($1.52 in chips) 
Seat 4: kent330330 ($3.42 in chips) 
Seat 6: BKM0914 ($1.88 in chips) 
Seat 7: modernexpo ($3.24 in chips) 
Seat 8: bruhkkz992 ($2.17 in chips) 
kent330330: posts small blind $0.01
BKM0914: posts big blind $0.02
*** HOLE CARDS ***
Dealt to Dorex2007 [2d 3c]
modernexpo: folds 
bruhkkz992: calls $0.02
Dorex2007: folds 
Sergun K.: folds 
royrobk: calls $0.02
kent330330: folds 
BKM0914: checks 
*** FLOP *** [Jh 7c Ad]
BKM0914: checks 
bruhkkz992: checks 
royrobk: checks 
*** TURN *** [Jh 7c Ad] [4s]
BKM0914: checks 
bruhkkz992: checks 
royrobk: checks 
*** RIVER *** [Jh 7c Ad 4s] [Ks]
BKM0914: checks 
bruhkkz992: checks 
royrobk: checks 
*** SHOW DOWN ***
BKM0914: shows [Jc 8s] (a pair of Jacks)
bruhkkz992: mucks hand 
royrobk: shows [Kd Qh] (a pair of Kings)
royrobk collected $0.07 from pot
*** SUMMARY ***
Total pot $0.07 | Rake $0 
Board [Jh 7c Ad 4s Ks]
Seat 1: Dorex2007 folded before Flop (didn't bet)
Seat 2: Sergun K. folded before Flop (didn't bet)
Seat 3: royrobk (button) showed [Kd Qh] and won ($0.07) with a pair of Kings
Seat 4: kent330330 (small blind) folded before Flop
Seat 6: BKM0914 (big blind) showed [Jc 8s] and lost with a pair of Jacks
Seat 7: modernexpo folded before Flop (didn't bet)
Seat 8: bruhkkz992 mucked [9s 8c]



PokerStars Hand #223976370020:  Hold'em No Limit ($0.01/$0.02 USD) - 2021/02/18 22:28:43 PT [2021/02/19 1:28:43 ET]
Table 'Halleria IV' 9-max Seat #4 is the button
Seat 1: Dorex2007 ($2.12 in chips) 
Seat 2: Sergun K. ($3.85 in chips) 
Seat 3: royrobk ($1.57 in chips) 
Seat 4: kent330330 ($3.41 in chips) 
Seat 6: BKM0914 ($1.86 in chips) 
Seat 7: modernexpo ($3.24 in chips) 
Seat 8: bruhkkz992 ($2.15 in chips) 
BKM0914: posts small blind $0.01
modernexpo: posts big blind $0.02
*** HOLE CARDS ***
Dealt to Dorex2007 [7d Qd]
bruhkkz992: calls $0.02
Dorex2007: folds 
Sergun K.: folds 
royrobk: folds 
kent330330: folds 
BKM0914: folds 
modernexpo: checks 
*** FLOP *** [Kh 4d 4h]
modernexpo: bets $0.02
bruhkkz992: folds 
Uncalled bet ($0.02) returned to modernexpo
modernexpo collected $0.05 from pot
modernexpo: doesn't show hand 
*** SUMMARY ***
Total pot $0.05 | Rake $0 
Board [Kh 4d 4h]
Seat 1: Dorex2007 folded before Flop (didn't bet)
Seat 2: Sergun K. folded before Flop (didn't bet)
Seat 3: royrobk folded before Flop (didn't bet)
Seat 4: kent330330 (button) folded before Flop (didn't bet)
Seat 6: BKM0914 (small blind) folded before Flop
Seat 7: modernexpo (big blind) collected ($0.05)
Seat 8: bruhkkz992 folded on the Flop



PokerStars Hand #223976375029:  Hold'em No Limit ($0.01/$0.02 USD) - 2021/02/18 22:29:09 PT [2021/02/19 1:29:09 ET]
Table 'Halleria IV' 9-max Seat #6 is the button
Seat 1: Dorex2007 ($2.12 in chips) 
Seat 2: Sergun K. ($3.85 in chips) 
Seat 3: royrobk ($1.57 in chips) 
Seat 4: kent330330 ($3.41 in chips) 
Seat 5: Olgarusnova ($1.82 in chips) 
Seat 6: BKM0914 ($1.85 in chips) 
Seat 7: modernexpo ($3.27 in chips) 
Seat 8: bruhkkz992 ($2.13 in chips) 
modernexpo: posts small blind $0.01
bruhkkz992: posts big blind $0.02
Olgarusnova: posts small & big blinds $0.03
*** HOLE CARDS ***
Dealt to Dorex2007 [2s Jh]
Dorex2007: folds 
Sergun K.: calls $0.02
royrobk: folds 
K2_COMPTON joins the table at seat #9 
kent330330: folds 
Olgarusnova: checks 
BKM0914: calls $0.02
modernexpo: folds 
bruhkkz992: raises $0.02 to $0.04
Sergun K.: calls $0.02
Olgarusnova: folds 
BKM0914: calls $0.02
*** FLOP *** [3h Qd Js]
bruhkkz992: bets $0.02
Sergun K.: folds 
BKM0914: calls $0.02
*** TURN *** [3h Qd Js] [5d]
bruhkkz992: bets $0.02
BKM0914: folds 
Uncalled bet ($0.02) returned to bruhkkz992
bruhkkz992 collected $0.19 from pot
bruhkkz992: doesn't show hand 
*** SUMMARY ***
Total pot $0.20 | Rake $0.01 
Board [3h Qd Js 5d]
Seat 1: Dorex2007 folded before Flop (didn't bet)
Seat 2: Sergun K. folded on the Flop
Seat 3: royrobk folded before Flop (didn't bet)
Seat 4: kent330330 folded before Flop (didn't bet)
Seat 5: Olgarusnova folded before Flop (didn't bet)
Seat 6: BKM0914 (button) folded on the Turn
Seat 7: modernexpo (small blind) folded before Flop
Seat 8: bruhkkz992 (big blind) collected ($0.19)



PokerStars Hand #223976387616:  Hold'em No Limit ($0.01/$0.02 USD) - 2021/02/18 22:30:13 PT [2021/02/19 1:30:13 ET]
Table 'Halleria IV' 9-max Seat #7 is the button
Seat 1: Dorex2007 ($2.12 in chips) 
Seat 2: Sergun K. ($3.81 in chips) 
Seat 3: royrobk ($1.57 in chips) 
Seat 4: kent330330 ($3.41 in chips) 
Seat 5: Olgarusnova ($1.79 in chips) 
Seat 6: BKM0914 ($1.79 in chips) 
Seat 7: modernexpo ($3.26 in chips) 
Seat 8: bruhkkz992 ($2.26 in chips) 
Seat 9: K2_COMPTON ($1.60 in chips) 
bruhkkz992: posts small blind $0.01
K2_COMPTON: posts big blind $0.02
*** HOLE CARDS ***
Dealt to Dorex2007 [9s Ts]
Dorex2007: folds 
Sergun K.: folds 
royrobk: folds 
kent330330: raises $0.05 to $0.07
Olgarusnova: folds 
BKM0914: folds 
modernexpo: folds 
bruhkkz992: calls $0.06
K2_COMPTON: folds 
*** FLOP *** [4d 2h 3h]
bruhkkz992: checks 
kent330330: checks 
*** TURN *** [4d 2h 3h] [8h]
bruhkkz992: checks 
kent330330: checks 
*** RIVER *** [4d 2h 3h 8h] [7s]
bruhkkz992: checks 
kent330330: checks 
*** SHOW DOWN ***
bruhkkz992: shows [Kh 9c] (high card King)
kent330330: shows [Ac Qd] (high card Ace)
kent330330 collected $0.15 from pot
*** SUMMARY ***
Total pot $0.16 | Rake $0.01 
Board [4d 2h 3h 8h 7s]
Seat 1: Dorex2007 folded before Flop (didn't bet)
Seat 2: Sergun K. folded before Flop (didn't bet)
Seat 3: royrobk folded before Flop (didn't bet)
Seat 4: kent330330 showed [Ac Qd] and won ($0.15) with high card Ace
Seat 5: Olgarusnova folded before Flop (didn't bet)
Seat 6: BKM0914 folded before Flop (didn't bet)
Seat 7: modernexpo (button) folded before Flop (didn't bet)
Seat 8: bruhkkz992 (small blind) showed [Kh 9c] and lost with high card King
Seat 9: K2_COMPTON (big blind) folded before Flop



PokerStars Hand #223976396713:  Hold'em No Limit ($0.01/$0.02 USD) - 2021/02/18 22:30:59 PT [2021/02/19 1:30:59 ET]
Table 'Halleria IV' 9-max Seat #8 is the button
Seat 1: Dorex2007 ($2.12 in chips) 
Seat 2: Sergun K. ($3.81 in chips) 
Seat 3: royrobk ($1.57 in chips) 
Seat 4: kent330330 ($3.49 in chips) 
Seat 5: Olgarusnova ($1.79 in chips) 
Seat 6: BKM0914 ($1.79 in chips) 
Seat 7: modernexpo ($3.26 in chips) 
Seat 8: bruhkkz992 ($2.19 in chips) 
Seat 9: K2_COMPTON ($1.58 in chips) 
K2_COMPTON: posts small blind $0.01
Dorex2007: posts big blind $0.02
*** HOLE CARDS ***
Dealt to Dorex2007 [Qs Jc]
Sergun K.: folds 
royrobk: folds 
kent330330: folds 
Olgarusnova: folds 
BKM0914: folds 
modernexpo: raises $0.04 to $0.06
bruhkkz992: folds 
K2_COMPTON: folds 
Dorex2007: calls $0.04
*** FLOP *** [4h 7h 2s]
Dorex2007: checks 
modernexpo: checks 
*** TURN *** [4h 7h 2s] [Jd]
Dorex2007: bets $0.13
modernexpo: folds 
Uncalled bet ($0.13) returned to Dorex2007
Dorex2007 collected $0.13 from pot
Dorex2007: doesn't show hand 
*** SUMMARY ***
Total pot $0.13 | Rake $0 
Board [4h 7h 2s Jd]
Seat 1: Dorex2007 (big blind) collected ($0.13)
Seat 2: Sergun K. folded before Flop (didn't bet)
Seat 3: royrobk folded before Flop (didn't bet)
Seat 4: kent330330 folded before Flop (didn't bet)
Seat 5: Olgarusnova folded before Flop (didn't bet)
Seat 6: BKM0914 folded before Flop (didn't bet)
Seat 7: modernexpo folded on the Turn
Seat 8: bruhkkz992 (button) folded before Flop (didn't bet)
Seat 9: K2_COMPTON (small blind) folded before Flop



PokerStars Hand #223976405078:  Hold'em No Limit ($0.01/$0.02 USD) - 2021/02/18 22:31:42 PT [2021/02/19 1:31:42 ET]
Table 'Halleria IV' 9-max Seat #9 is the button
Seat 1: Dorex2007 ($2.19 in chips) 
Seat 2: Sergun K. ($3.81 in chips) 
Seat 3: royrobk ($1.57 in chips) 
Seat 4: kent330330 ($3.49 in chips) 
Seat 5: Olgarusnova ($1.79 in chips) 
Seat 6: BKM0914 ($1.79 in chips) 
Seat 7: modernexpo ($3.20 in chips) 
Seat 8: bruhkkz992 ($2.19 in chips) 
Seat 9: K2_COMPTON ($1.57 in chips) 
Dorex2007: posts small blind $0.01
Sergun K.: posts big blind $0.02
*** HOLE CARDS ***
Dealt to Dorex2007 [Ah 7s]
royrobk: folds 
kent330330: folds 
Olgarusnova: folds 
BKM0914: raises $0.05 to $0.07
modernexpo: folds 
bruhkkz992: calls $0.07
K2_COMPTON: folds 
Dorex2007: folds 
Sergun K.: folds 
*** FLOP *** [Ac 3d Th]
BKM0914: bets $0.08
bruhkkz992: folds 
Uncalled bet ($0.08) returned to BKM0914
BKM0914 collected $0.16 from pot
BKM0914: doesn't show hand 
*** SUMMARY ***
Total pot $0.17 | Rake $0.01 
Board [Ac 3d Th]
Seat 1: Dorex2007 (small blind) folded before Flop
Seat 2: Sergun K. (big blind) folded before Flop
Seat 3: royrobk folded before Flop (didn't bet)
Seat 4: kent330330 folded before Flop (didn't bet)
Seat 5: Olgarusnova folded before Flop (didn't bet)
Seat 6: BKM0914 collected ($0.16)
Seat 7: modernexpo folded before Flop (didn't bet)
Seat 8: bruhkkz992 folded on the Flop
Seat 9: K2_COMPTON (button) folded before Flop (didn't bet)



PokerStars Hand #223976411705:  Hold'em No Limit ($0.01/$0.02 USD) - 2021/02/18 22:32:15 PT [2021/02/19 1:32:15 ET]
Table 'Halleria IV' 9-max Seat #1 is the button
Seat 1: Dorex2007 ($2.18 in chips) 
Seat 2: Sergun K. ($3.79 in chips) 
Seat 3: royrobk ($1.57 in chips) 
Seat 4: kent330330 ($3.49 in chips) 
Seat 5: Olgarusnova ($1.79 in chips) 
Seat 6: BKM0914 ($1.88 in chips) 
Seat 7: modernexpo ($3.20 in chips) 
Seat 8: bruhkkz992 ($2.12 in chips) 
Seat 9: K2_COMPTON ($1.57 in chips) 
Sergun K.: posts small blind $0.01
royrobk: posts big blind $0.02
*** HOLE CARDS ***
Dealt to Dorex2007 [9s 4c]
kent330330: folds 
Olgarusnova: folds 
BKM0914: folds 
modernexpo: folds 
bruhkkz992: calls $0.02
K2_COMPTON: folds 
Dorex2007: folds 
Sergun K.: calls $0.01
royrobk: checks 
*** FLOP *** [8s 9c 5h]
Sergun K.: checks 
royrobk: checks 
bruhkkz992: checks 
*** TURN *** [8s 9c 5h] [4h]
Sergun K.: checks 
royrobk: checks 
bruhkkz992: checks 
*** RIVER *** [8s 9c 5h 4h] [2s]
Sergun K.: checks 
royrobk: checks 
bruhkkz992: checks 
*** SHOW DOWN ***
Sergun K.: shows [Tc Ad] (high card Ace)
royrobk: shows [7d 8d] (a pair of Eights)
bruhkkz992: shows [9h Ts] (a pair of Nines)
bruhkkz992 collected $0.06 from pot
*** SUMMARY ***
Total pot $0.06 | Rake $0 
Board [8s 9c 5h 4h 2s]
Seat 1: Dorex2007 (button) folded before Flop (didn't bet)
Seat 2: Sergun K. (small blind) showed [Tc Ad] and lost with high card Ace
Seat 3: royrobk (big blind) showed [7d 8d] and lost with a pair of Eights
Seat 4: kent330330 folded before Flop (didn't bet)
Seat 5: Olgarusnova folded before Flop (didn't bet)
Seat 6: BKM0914 folded before Flop (didn't bet)
Seat 7: modernexpo folded before Flop (didn't bet)
Seat 8: bruhkkz992 showed [9h Ts] and won ($0.06) with a pair of Nines
Seat 9: K2_COMPTON folded before Flop (didn't bet)



PokerStars Hand #223976418421:  Hold'em No Limit ($0.01/$0.02 USD) - 2021/02/18 22:32:50 PT [2021/02/19 1:32:50 ET]
Table 'Halleria IV' 9-max Seat #2 is the button
Seat 1: Dorex2007 ($2.18 in chips) 
Seat 2: Sergun K. ($3.77 in chips) 
Seat 3: royrobk ($1.55 in chips) 
Seat 4: kent330330 ($3.49 in chips) 
Seat 5: Olgarusnova ($1.79 in chips) 
Seat 6: BKM0914 ($1.88 in chips) 
Seat 7: modernexpo ($3.20 in chips) 
Seat 8: bruhkkz992 ($2.16 in chips) 
Seat 9: K2_COMPTON ($1.57 in chips) 
royrobk: posts small blind $0.01
kent330330: posts big blind $0.02
*** HOLE CARDS ***
Dealt to Dorex2007 [Ad 5c]
Olgarusnova: folds 
BKM0914: folds 
modernexpo: folds 
bruhkkz992: calls $0.02
K2_COMPTON: calls $0.02
Dorex2007: calls $0.02
Sergun K.: folds 
royrobk: folds 
kent330330: checks 
*** FLOP *** [9h Jc 4h]
kent330330: checks 
bruhkkz992: checks 
K2_COMPTON: bets $0.09
Dorex2007: folds 
kent330330: folds 
bruhkkz992: folds 
Uncalled bet ($0.09) returned to K2_COMPTON
K2_COMPTON collected $0.09 from pot
K2_COMPTON: doesn't show hand 
*** SUMMARY ***
Total pot $0.09 | Rake $0 
Board [9h Jc 4h]
Seat 1: Dorex2007 folded on the Flop
Seat 2: Sergun K. (button) folded before Flop (didn't bet)
Seat 3: royrobk (small blind) folded before Flop
Seat 4: kent330330 (big blind) folded on the Flop
Seat 5: Olgarusnova folded before Flop (didn't bet)
Seat 6: BKM0914 folded before Flop (didn't bet)
Seat 7: modernexpo folded before Flop (didn't bet)
Seat 8: bruhkkz992 folded on the Flop
Seat 9: K2_COMPTON collected ($0.09)



PokerStars Hand #223976427317:  Hold'em No Limit ($0.01/$0.02 USD) - 2021/02/18 22:33:35 PT [2021/02/19 1:33:35 ET]
Table 'Halleria IV' 9-max Seat #3 is the button
Seat 1: Dorex2007 ($2.16 in chips) 
Seat 2: Sergun K. ($3.77 in chips) 
Seat 3: royrobk ($1.54 in chips) 
Seat 4: kent330330 ($3.47 in chips) 
Seat 5: Olgarusnova ($1.79 in chips) 
Seat 6: BKM0914 ($1.88 in chips) 
Seat 7: modernexpo ($3.20 in chips) 
Seat 8: bruhkkz992 ($2.14 in chips) 
Seat 9: K2_COMPTON ($1.64 in chips) 
kent330330: posts small blind $0.01
Olgarusnova: posts big blind $0.02
*** HOLE CARDS ***
Dealt to Dorex2007 [6s Kd]
BKM0914: folds 
modernexpo: raises $0.04 to $0.06
bruhkkz992: calls $0.06
K2_COMPTON: folds 
Dorex2007: folds 
Sergun K.: folds 
royrobk: folds 
kent330330: folds 
Olgarusnova: folds 
*** FLOP *** [Jh 9c Kh]
modernexpo: checks 
bruhkkz992: checks 
*** TURN *** [Jh 9c Kh] [7c]
modernexpo: checks 
bruhkkz992: bets $0.02
modernexpo: calls $0.02
*** RIVER *** [Jh 9c Kh 7c] [9d]
modernexpo: checks 
bruhkkz992: bets $0.02
modernexpo: folds 
Uncalled bet ($0.02) returned to bruhkkz992
bruhkkz992 collected $0.18 from pot
bruhkkz992: doesn't show hand 
*** SUMMARY ***
Total pot $0.19 | Rake $0.01 
Board [Jh 9c Kh 7c 9d]
Seat 1: Dorex2007 folded before Flop (didn't bet)
Seat 2: Sergun K. folded before Flop (didn't bet)
Seat 3: royrobk (button) folded before Flop (didn't bet)
Seat 4: kent330330 (small blind) folded before Flop
Seat 5: Olgarusnova (big blind) folded before Flop
Seat 6: BKM0914 folded before Flop (didn't bet)
Seat 7: modernexpo folded on the River
Seat 8: bruhkkz992 collected ($0.18)
Seat 9: K2_COMPTON folded before Flop (didn't bet)



PokerStars Hand #223976437493:  Hold'em No Limit ($0.01/$0.02 USD) - 2021/02/18 22:34:26 PT [2021/02/19 1:34:26 ET]
Table 'Halleria IV' 9-max Seat #4 is the button
Seat 1: Dorex2007 ($2.16 in chips) 
Seat 2: Sergun K. ($3.77 in chips) 
Seat 3: royrobk ($1.54 in chips) 
Seat 4: kent330330 ($3.46 in chips) 
Seat 5: Olgarusnova ($1.77 in chips) 
Seat 6: BKM0914 ($1.88 in chips) 
Seat 7: modernexpo ($3.12 in chips) 
Seat 8: bruhkkz992 ($2.24 in chips) 
Seat 9: K2_COMPTON ($2 in chips) 
Olgarusnova: posts small blind $0.01
BKM0914: posts big blind $0.02
*** HOLE CARDS ***
Dealt to Dorex2007 [Qh 7h]
modernexpo: folds 
bruhkkz992: calls $0.02
K2_COMPTON: raises $0.04 to $0.06
Dorex2007: folds 
Sergun K.: folds 
royrobk: folds 
kent330330: folds 
Olgarusnova: folds 
BKM0914: calls $0.04
bruhkkz992: calls $0.04
*** FLOP *** [2c Th Js]
BKM0914: checks 
bruhkkz992: checks 
K2_COMPTON: bets $0.18
BKM0914: folds 
bruhkkz992: folds 
Uncalled bet ($0.18) returned to K2_COMPTON
K2_COMPTON collected $0.18 from pot
K2_COMPTON: doesn't show hand 
*** SUMMARY ***
Total pot $0.19 | Rake $0.01 
Board [2c Th Js]
Seat 1: Dorex2007 folded before Flop (didn't bet)
Seat 2: Sergun K. folded before Flop (didn't bet)
Seat 3: royrobk folded before Flop (didn't bet)
Seat 4: kent330330 (button) folded before Flop (didn't bet)
Seat 5: Olgarusnova (small blind) folded before Flop
Seat 6: BKM0914 (big blind) folded on the Flop
Seat 7: modernexpo folded before Flop (didn't bet)
Seat 8: bruhkkz992 folded on the Flop
Seat 9: K2_COMPTON collected ($0.18)



PokerStars Hand #223976444948:  Hold'em No Limit ($0.01/$0.02 USD) - 2021/02/18 22:35:03 PT [2021/02/19 1:35:03 ET]
Table 'Halleria IV' 9-max Seat #5 is the button
Seat 1: Dorex2007 ($2.16 in chips) 
Seat 2: Sergun K. ($3.77 in chips) 
Seat 3: royrobk ($1.54 in chips) 
Seat 4: kent330330 ($3.46 in chips) 
Seat 5: Olgarusnova ($1.76 in chips) 
Seat 6: BKM0914 ($1.82 in chips) 
Seat 8: bruhkkz992 ($2.18 in chips) 
Seat 9: K2_COMPTON ($2.12 in chips) 
BKM0914: posts small blind $0.01
bruhkkz992: posts big blind $0.02
*** HOLE CARDS ***
Dealt to Dorex2007 [5d Ts]
K2_COMPTON: calls $0.02
Dorex2007: folds 
Sergun K.: folds 
royrobk: calls $0.02
kent330330: folds 
Olgarusnova: folds 
BKM0914: folds 
bruhkkz992: checks 
*** FLOP *** [Jc 8s Js]
bruhkkz992: checks 
K2_COMPTON: checks 
royrobk: checks 
*** TURN *** [Jc 8s Js] [9h]
bruhkkz992: bets $0.02
K2_COMPTON: folds 
royrobk: calls $0.02
*** RIVER *** [Jc 8s Js 9h] [8d]
bruhkkz992: bets $0.02
royrobk: raises $0.15 to $0.17
bruhkkz992: folds 
Uncalled bet ($0.15) returned to royrobk
royrobk collected $0.14 from pot
royrobk: doesn't show hand 
*** SUMMARY ***
Total pot $0.15 | Rake $0.01 
Board [Jc 8s Js 9h 8d]
Seat 1: Dorex2007 folded before Flop (didn't bet)
Seat 2: Sergun K. folded before Flop (didn't bet)
Seat 3: royrobk collected ($0.14)
Seat 4: kent330330 folded before Flop (didn't bet)
Seat 5: Olgarusnova (button) folded before Flop (didn't bet)
Seat 6: BKM0914 (small blind) folded before Flop
Seat 8: bruhkkz992 (big blind) folded on the River
Seat 9: K2_COMPTON folded on the Turn



PokerStars Hand #223976455885:  Hold'em No Limit ($0.01/$0.02 USD) - 2021/02/18 22:35:46 PT [2021/02/19 1:35:46 ET]
Table 'Halleria IV' 9-max Seat #6 is the button
Seat 1: Dorex2007 ($2.16 in chips) 
Seat 2: Sergun K. ($3.77 in chips) 
Seat 3: royrobk ($1.62 in chips) 
Seat 4: kent330330 ($3.46 in chips) 
Seat 5: Olgarusnova ($1.76 in chips) 
Seat 6: BKM0914 ($1.81 in chips) 
Seat 8: bruhkkz992 ($2.12 in chips) 
Seat 9: K2_COMPTON ($2.10 in chips) 
bruhkkz992: posts small blind $0.01
K2_COMPTON: posts big blind $0.02
*** HOLE CARDS ***
Dealt to Dorex2007 [5d 8h]
Dorex2007: folds 
Sergun K.: calls $0.02
royrobk: folds 
kent330330: folds 
Olgarusnova: folds 
BKM0914: calls $0.02
bruhkkz992: calls $0.01
K2_COMPTON: checks 
*** FLOP *** [Qd 6d 8d]
bruhkkz992: checks 
K2_COMPTON: bets $0.08
Sergun K.: folds 
BKM0914: folds 
bruhkkz992: calls $0.08
*** TURN *** [Qd 6d 8d] [3s]
bruhkkz992: checks 
K2_COMPTON: bets $0.23
bruhkkz992: folds 
Uncalled bet ($0.23) returned to K2_COMPTON
K2_COMPTON collected $0.23 from pot
K2_COMPTON: doesn't show hand 
*** SUMMARY ***
Total pot $0.24 | Rake $0.01 
Board [Qd 6d 8d 3s]
Seat 1: Dorex2007 folded before Flop (didn't bet)
Seat 2: Sergun K. folded on the Flop
Seat 3: royrobk folded before Flop (didn't bet)
Seat 4: kent330330 folded before Flop (didn't bet)
Seat 5: Olgarusnova folded before Flop (didn't bet)
Seat 6: BKM0914 (button) folded on the Flop
Seat 8: bruhkkz992 (small blind) folded on the Turn
Seat 9: K2_COMPTON (big blind) collected ($0.23)



PokerStars Hand #223976463723:  Hold'em No Limit ($0.01/$0.02 USD) - 2021/02/18 22:36:26 PT [2021/02/19 1:36:26 ET]
Table 'Halleria IV' 9-max Seat #8 is the button
Seat 1: Dorex2007 ($2.16 in chips) 
Seat 2: Sergun K. ($3.75 in chips) 
Seat 3: royrobk ($1.62 in chips) 
Seat 4: kent330330 ($3.46 in chips) 
Seat 5: Olgarusnova ($1.76 in chips) 
Seat 6: BKM0914 ($1.79 in chips) 
Seat 8: bruhkkz992 ($2.02 in chips) 
Seat 9: K2_COMPTON ($2.23 in chips) 
K2_COMPTON: posts small blind $0.01
Dorex2007: posts big blind $0.02
*** HOLE CARDS ***
Dealt to Dorex2007 [7h 8s]
Sergun K.: folds 
royrobk: calls $0.02
kent330330: raises $0.07 to $0.09
Olgarusnova: folds 
BKM0914: folds 
bruhkkz992: calls $0.09
K2_COMPTON: calls $0.08
Dorex2007: folds 
royrobk: folds 
*** FLOP *** [2s Jd 4c]
K2_COMPTON: checks 
kent330330: checks 
bruhkkz992: checks 
*** TURN *** [2s Jd 4c] [2c]
K2_COMPTON: checks 
kent330330: checks 
bruhkkz992: bets $0.02
K2_COMPTON: folds 
kent330330: calls $0.02
*** RIVER *** [2s Jd 4c 2c] [7s]
kent330330: checks 
bruhkkz992: bets $0.02
kent330330: calls $0.02
*** SHOW DOWN ***
bruhkkz992: shows [6d Qc] (a pair of Deuces)
kent330330: shows [Ac Qs] (a pair of Deuces - Ace kicker)
kent330330 collected $0.38 from pot
*** SUMMARY ***
Total pot $0.39 | Rake $0.01 
Board [2s Jd 4c 2c 7s]
Seat 1: Dorex2007 (big blind) folded before Flop
Seat 2: Sergun K. folded before Flop (didn't bet)
Seat 3: royrobk folded before Flop
Seat 4: kent330330 showed [Ac Qs] and won ($0.38) with a pair of Deuces
Seat 5: Olgarusnova folded before Flop (didn't bet)
Seat 6: BKM0914 folded before Flop (didn't bet)
Seat 8: bruhkkz992 (button) showed [6d Qc] and lost with a pair of Deuces
Seat 9: K2_COMPTON (small blind) folded on the Turn



PokerStars Hand #223976479022:  Hold'em No Limit ($0.01/$0.02 USD) - 2021/02/18 22:37:43 PT [2021/02/19 1:37:43 ET]
Table 'Halleria IV' 9-max Seat #9 is the button
Seat 1: Dorex2007 ($2.14 in chips) 
Seat 2: Sergun K. ($3.75 in chips) 
Seat 3: royrobk ($1.60 in chips) 
Seat 4: kent330330 ($3.71 in chips) 
Seat 5: Olgarusnova ($1.76 in chips) 
Seat 6: BKM0914 ($1.79 in chips) 
Seat 8: bruhkkz992 ($1.89 in chips) 
Seat 9: K2_COMPTON ($2.14 in chips) 
Dorex2007: posts small blind $0.01
Sergun K.: posts big blind $0.02
*** HOLE CARDS ***
Dealt to Dorex2007 [3h Th]
royrobk: calls $0.02
kent330330: folds 
Olgarusnova: folds 
BKM0914: folds 
bruhkkz992: calls $0.02
K2_COMPTON: calls $0.02
Dorex2007: calls $0.01
Sergun K.: checks 
*** FLOP *** [5d Ad 7s]
Dorex2007: checks 
Sergun K.: checks 
royrobk: checks 
bruhkkz992: checks 
K2_COMPTON: checks 
*** TURN *** [5d Ad 7s] [7d]
Dorex2007: checks 
Sergun K.: checks 
royrobk: checks 
bruhkkz992: checks 
K2_COMPTON: checks 
*** RIVER *** [5d Ad 7s 7d] [3c]
Dorex2007: checks 
Sergun K.: checks 
royrobk: checks 
bruhkkz992: checks 
K2_COMPTON: checks 
*** SHOW DOWN ***
Dorex2007: shows [3h Th] (two pair, Sevens and Threes)
Sergun K.: mucks hand 
royrobk: mucks hand 
bruhkkz992: mucks hand 
K2_COMPTON: shows [5c 6c] (two pair, Sevens and Fives)
K2_COMPTON collected $0.10 from pot
*** SUMMARY ***
Total pot $0.10 | Rake $0 
Board [5d Ad 7s 7d 3c]
Seat 1: Dorex2007 (small blind) showed [3h Th] and lost with two pair, Sevens and Threes
Seat 2: Sergun K. (big blind) mucked [Jh 6s]
Seat 3: royrobk mucked [Kc Qc]
Seat 4: kent330330 folded before Flop (didn't bet)
Seat 5: Olgarusnova folded before Flop (didn't bet)
Seat 6: BKM0914 folded before Flop (didn't bet)
Seat 8: bruhkkz992 mucked [Qh Kd]
Seat 9: K2_COMPTON (button) showed [5c 6c] and won ($0.10) with two pair, Sevens and Fives



PokerStars Hand #223976491847:  Hold'em No Limit ($0.01/$0.02 USD) - 2021/02/18 22:38:47 PT [2021/02/19 1:38:47 ET]
Table 'Halleria IV' 9-max Seat #1 is the button
Seat 1: Dorex2007 ($2.12 in chips) 
Seat 2: Sergun K. ($3.73 in chips) 
Seat 3: royrobk ($1.58 in chips) 
Seat 4: kent330330 ($3.71 in chips) 
Seat 5: Olgarusnova ($1.76 in chips) 
Seat 6: BKM0914 ($1.79 in chips) 
Seat 8: bruhkkz992 ($1.87 in chips) 
Seat 9: K2_COMPTON ($2.22 in chips) 
Sergun K.: posts small blind $0.01
royrobk: posts big blind $0.02
modernexpo: sits out 
*** HOLE CARDS ***
Dealt to Dorex2007 [2h Qh]
kent330330: folds 
Olgarusnova: calls $0.02
BKM0914: folds 
bruhkkz992: calls $0.02
K2_COMPTON: folds 
Dorex2007: folds 
Sergun K.: folds 
royrobk: checks 
*** FLOP *** [Kd Jd 3d]
royrobk: checks 
Olgarusnova: checks 
bruhkkz992: checks 
*** TURN *** [Kd Jd 3d] [6h]
royrobk: checks 
Olgarusnova: bets $0.07
bruhkkz992: folds 
royrobk: folds 
Uncalled bet ($0.07) returned to Olgarusnova
Olgarusnova collected $0.07 from pot
Olgarusnova: doesn't show hand 
*** SUMMARY ***
Total pot $0.07 | Rake $0 
Board [Kd Jd 3d 6h]
Seat 1: Dorex2007 (button) folded before Flop (didn't bet)
Seat 2: Sergun K. (small blind) folded before Flop
Seat 3: royrobk (big blind) folded on the Turn
Seat 4: kent330330 folded before Flop (didn't bet)
Seat 5: Olgarusnova collected ($0.07)
Seat 6: BKM0914 folded before Flop (didn't bet)
Seat 8: bruhkkz992 folded on the Turn
Seat 9: K2_COMPTON folded before Flop (didn't bet)



PokerStars Hand #223976498286:  Hold'em No Limit ($0.01/$0.02 USD) - 2021/02/18 22:39:19 PT [2021/02/19 1:39:19 ET]
Table 'Halleria IV' 9-max Seat #2 is the button
Seat 1: Dorex2007 ($2.12 in chips) 
Seat 2: Sergun K. ($3.72 in chips) 
Seat 3: royrobk ($1.56 in chips) 
Seat 4: kent330330 ($3.71 in chips) 
Seat 5: Olgarusnova ($1.81 in chips) 
Seat 6: BKM0914 ($1.79 in chips) 
Seat 8: bruhkkz992 ($1.85 in chips) 
Seat 9: K2_COMPTON ($2.22 in chips) 
royrobk: posts small blind $0.01
kent330330: posts big blind $0.02
modernexpo: sits out 
*** HOLE CARDS ***
Dealt to Dorex2007 [Kc Jc]
Olgarusnova: folds 
BKM0914: folds 
bruhkkz992: calls $0.02
K2_COMPTON: raises $0.04 to $0.06
Dorex2007: raises $0.06 to $0.12
Sergun K.: folds 
royrobk: folds 
kent330330: folds 
bruhkkz992: calls $0.10
K2_COMPTON: calls $0.06
*** FLOP *** [8h 6d 3d]
bruhkkz992: checks 
K2_COMPTON: bets $0.38
Dorex2007: folds 
bruhkkz992: folds 
Uncalled bet ($0.38) returned to K2_COMPTON
K2_COMPTON collected $0.38 from pot
K2_COMPTON: doesn't show hand 
*** SUMMARY ***
Total pot $0.39 | Rake $0.01 
Board [8h 6d 3d]
Seat 1: Dorex2007 folded on the Flop
Seat 2: Sergun K. (button) folded before Flop (didn't bet)
Seat 3: royrobk (small blind) folded before Flop
Seat 4: kent330330 (big blind) folded before Flop
Seat 5: Olgarusnova folded before Flop (didn't bet)
Seat 6: BKM0914 folded before Flop (didn't bet)
Seat 8: bruhkkz992 folded on the Flop
Seat 9: K2_COMPTON collected ($0.38)



PokerStars Hand #223976508716:  Hold'em No Limit ($0.01/$0.02 USD) - 2021/02/18 22:40:11 PT [2021/02/19 1:40:11 ET]
Table 'Halleria IV' 9-max Seat #3 is the button
Seat 1: Dorex2007 ($2 in chips) 
Seat 2: Sergun K. ($3.72 in chips) 
Seat 3: royrobk ($1.55 in chips) 
Seat 4: kent330330 ($3.69 in chips) 
Seat 5: Olgarusnova ($1.81 in chips) 
Seat 6: BKM0914 ($1.79 in chips) 
Seat 8: bruhkkz992 ($1.73 in chips) 
Seat 9: K2_COMPTON ($2.48 in chips) 
kent330330: posts small blind $0.01
Olgarusnova: posts big blind $0.02
modernexpo: sits out 
*** HOLE CARDS ***
Dealt to Dorex2007 [4d 3d]
BKM0914: folds 
bruhkkz992: calls $0.02
K2_COMPTON has timed out
K2_COMPTON: folds 
Dorex2007: folds 
Sergun K.: calls $0.02
royrobk: folds 
kent330330: folds 
Olgarusnova: checks 
*** FLOP *** [Ac 2h Qd]
Olgarusnova: checks 
bruhkkz992: checks 
Sergun K.: checks 
*** TURN *** [Ac 2h Qd] [Ad]
Olgarusnova: checks 
bruhkkz992: checks 
Sergun K.: bets $0.03
Olgarusnova: folds 
bruhkkz992: raises $0.03 to $0.06
Sergun K.: calls $0.03
*** RIVER *** [Ac 2h Qd Ad] [8c]
bruhkkz992: checks 
Sergun K.: checks 
*** SHOW DOWN ***
bruhkkz992: shows [3c 4s] (a pair of Aces)
Sergun K.: shows [Qs Td] (two pair, Aces and Queens)
Sergun K. collected $0.18 from pot
*** SUMMARY ***
Total pot $0.19 | Rake $0.01 
Board [Ac 2h Qd Ad 8c]
Seat 1: Dorex2007 folded before Flop (didn't bet)
Seat 2: Sergun K. showed [Qs Td] and won ($0.18) with two pair, Aces and Queens
Seat 3: royrobk (button) folded before Flop (didn't bet)
Seat 4: kent330330 (small blind) folded before Flop
Seat 5: Olgarusnova (big blind) folded on the Turn
Seat 6: BKM0914 folded before Flop (didn't bet)
Seat 8: bruhkkz992 showed [3c 4s] and lost with a pair of Aces
Seat 9: K2_COMPTON folded before Flop (didn't bet)



PokerStars Hand #223976520764:  Hold'em No Limit ($0.01/$0.02 USD) - 2021/02/18 22:41:11 PT [2021/02/19 1:41:11 ET]
Table 'Halleria IV' 9-max Seat #4 is the button
Seat 1: Dorex2007 ($2 in chips) 
Seat 2: Sergun K. ($3.82 in chips) 
Seat 3: royrobk ($1.55 in chips) 
Seat 4: kent330330 ($3.68 in chips) 
Seat 5: Olgarusnova ($1.79 in chips) 
Seat 6: BKM0914 ($1.79 in chips) 
Seat 8: bruhkkz992 ($1.65 in chips) 
Seat 9: K2_COMPTON ($2.48 in chips) 
Olgarusnova: posts small blind $0.01
BKM0914: posts big blind $0.02
modernexpo: sits out 
*** HOLE CARDS ***
Dealt to Dorex2007 [3c 3s]
bruhkkz992: calls $0.02
K2_COMPTON: calls $0.02
Dorex2007: calls $0.02
Sergun K.: folds 
royrobk: folds 
kent330330: folds 
Olgarusnova: folds 
BKM0914: checks 
*** FLOP *** [7h 9s Td]
BKM0914: checks 
bruhkkz992: checks 
K2_COMPTON: checks 
Dorex2007: checks 
*** TURN *** [7h 9s Td] [9c]
BKM0914: checks 
bruhkkz992: checks 
K2_COMPTON: checks 
Dorex2007: checks 
*** RIVER *** [7h 9s Td 9c] [Qh]
BKM0914: checks 
bruhkkz992: checks 
K2_COMPTON: checks 
Dorex2007: checks 
*** SHOW DOWN ***
BKM0914: shows [8d 8h] (two pair, Nines and Eights)
bruhkkz992: shows [Kc Kh] (two pair, Kings and Nines)
K2_COMPTON: mucks hand 
Dorex2007: mucks hand 
bruhkkz992 collected $0.09 from pot
*** SUMMARY ***
Total pot $0.09 | Rake $0 
Board [7h 9s Td 9c Qh]
Seat 1: Dorex2007 mucked [3c 3s]
Seat 2: Sergun K. folded before Flop (didn't bet)
Seat 3: royrobk folded before Flop (didn't bet)
Seat 4: kent330330 (button) folded before Flop (didn't bet)
Seat 5: Olgarusnova (small blind) folded before Flop
Seat 6: BKM0914 (big blind) showed [8d 8h] and lost with two pair, Nines and Eights
Seat 8: bruhkkz992 showed [Kc Kh] and won ($0.09) with two pair, Kings and Nines
Seat 9: K2_COMPTON mucked [Ah 7c]



PokerStars Hand #223976536942:  Hold'em No Limit ($0.01/$0.02 USD) - 2021/02/18 22:42:33 PT [2021/02/19 1:42:33 ET]
Table 'Halleria IV' 9-max Seat #5 is the button
Seat 1: Dorex2007 ($1.98 in chips) 
Seat 2: Sergun K. ($3.82 in chips) 
Seat 3: royrobk ($1.55 in chips) 
Seat 4: kent330330 ($3.68 in chips) 
Seat 5: Olgarusnova ($1.78 in chips) 
Seat 6: BKM0914 ($1.77 in chips) 
Seat 7: modernexpo ($3.12 in chips) 
Seat 8: bruhkkz992 ($1.72 in chips) 
Seat 9: K2_COMPTON ($2.46 in chips) 
BKM0914: posts small blind $0.01
modernexpo: posts big blind $0.02
*** HOLE CARDS ***
Dealt to Dorex2007 [Jd 4d]
bruhkkz992: calls $0.02
K2_COMPTON: folds 
Dorex2007: folds 
Sergun K.: folds 
royrobk: calls $0.02
kent330330: raises $0.09 to $0.11
Olgarusnova: folds 
BKM0914: folds 
modernexpo: folds 
bruhkkz992: folds 
royrobk: folds 
Uncalled bet ($0.09) returned to kent330330
kent330330 collected $0.09 from pot
kent330330: doesn't show hand 
*** SUMMARY ***
Total pot $0.09 | Rake $0 
Seat 1: Dorex2007 folded before Flop (didn't bet)
Seat 2: Sergun K. folded before Flop (didn't bet)
Seat 3: royrobk folded before Flop
Seat 4: kent330330 collected ($0.09)
Seat 5: Olgarusnova (button) folded before Flop (didn't bet)
Seat 6: BKM0914 (small blind) folded before Flop
Seat 7: modernexpo (big blind) folded before Flop
Seat 8: bruhkkz992 folded before Flop
Seat 9: K2_COMPTON folded before Flop (didn't bet)



PokerStars Hand #223976543098:  Hold'em No Limit ($0.01/$0.02 USD) - 2021/02/18 22:43:04 PT [2021/02/19 1:43:04 ET]
Table 'Halleria IV' 9-max Seat #6 is the button
Seat 1: Dorex2007 ($1.98 in chips) 
Seat 2: Sergun K. ($3.82 in chips) 
Seat 3: royrobk ($1.53 in chips) 
Seat 4: kent330330 ($3.75 in chips) 
Seat 5: Olgarusnova ($1.78 in chips) 
Seat 6: BKM0914 ($1.76 in chips) 
Seat 7: modernexpo ($3.10 in chips) 
Seat 8: bruhkkz992 ($1.70 in chips) 
Seat 9: K2_COMPTON ($2.46 in chips) 
modernexpo: posts small blind $0.01
bruhkkz992: posts big blind $0.02
*** HOLE CARDS ***
Dealt to Dorex2007 [7c 9h]
K2_COMPTON: raises $0.04 to $0.06
Dorex2007: folds 
Sergun K.: folds 
royrobk: folds 
kent330330: folds 
Olgarusnova: folds 
BKM0914: folds 
modernexpo: folds 
bruhkkz992: calls $0.04
*** FLOP *** [8d 3c 9s]
bruhkkz992: checks 
K2_COMPTON: checks 
*** TURN *** [8d 3c 9s] [Jh]
bruhkkz992: bets $0.02
K2_COMPTON: raises $0.17 to $0.19
bruhkkz992: calls $0.17
*** RIVER *** [8d 3c 9s Jh] [3h]
bruhkkz992: checks 
K2_COMPTON: bets $0.24
bruhkkz992: calls $0.24
*** SHOW DOWN ***
K2_COMPTON: shows [Js Ad] (two pair, Jacks and Threes)
bruhkkz992: mucks hand 
K2_COMPTON collected $0.96 from pot
*** SUMMARY ***
Total pot $0.99 | Rake $0.03 
Board [8d 3c 9s Jh 3h]
Seat 1: Dorex2007 folded before Flop (didn't bet)
Seat 2: Sergun K. folded before Flop (didn't bet)
Seat 3: royrobk folded before Flop (didn't bet)
Seat 4: kent330330 folded before Flop (didn't bet)
Seat 5: Olgarusnova folded before Flop (didn't bet)
Seat 6: BKM0914 (button) folded before Flop (didn't bet)
Seat 7: modernexpo (small blind) folded before Flop
Seat 8: bruhkkz992 (big blind) mucked [6d Jc]
Seat 9: K2_COMPTON showed [Js Ad] and won ($0.96) with two pair, Jacks and Threes



PokerStars Hand #223976552406:  Hold'em No Limit ($0.01/$0.02 USD) - 2021/02/18 22:43:52 PT [2021/02/19 1:43:52 ET]
Table 'Halleria IV' 9-max Seat #7 is the button
Seat 1: Dorex2007 ($1.98 in chips) 
Seat 2: Sergun K. ($3.82 in chips) 
Seat 3: royrobk ($1.53 in chips) 
Seat 4: kent330330 ($3.75 in chips) 
Seat 5: Olgarusnova ($1.78 in chips) 
Seat 6: BKM0914 ($1.76 in chips) 
Seat 7: modernexpo ($3.09 in chips) 
Seat 8: bruhkkz992 ($1.21 in chips) 
Seat 9: K2_COMPTON ($2.93 in chips) 
bruhkkz992: posts small blind $0.01
K2_COMPTON: posts big blind $0.02
*** HOLE CARDS ***
Dealt to Dorex2007 [3d 7h]
Dorex2007: folds 
Sergun K.: folds 
royrobk: folds 
kent330330: folds 
Olgarusnova: folds 
BKM0914: folds 
modernexpo: folds 
bruhkkz992: calls $0.01
K2_COMPTON: checks 
*** FLOP *** [Qs 2s Ts]
bruhkkz992: checks 
K2_COMPTON: checks 
*** TURN *** [Qs 2s Ts] [5d]
bruhkkz992: bets $0.02
K2_COMPTON: calls $0.02
*** RIVER *** [Qs 2s Ts 5d] [7s]
bruhkkz992: checks 
K2_COMPTON: checks 
*** SHOW DOWN ***
bruhkkz992: shows [6h Kh] (high card King)
K2_COMPTON: shows [Jh 4s] (a flush, Queen high)
K2_COMPTON collected $0.08 from pot
*** SUMMARY ***
Total pot $0.08 | Rake $0 
Board [Qs 2s Ts 5d 7s]
Seat 1: Dorex2007 folded before Flop (didn't bet)
Seat 2: Sergun K. folded before Flop (didn't bet)
Seat 3: royrobk folded before Flop (didn't bet)
Seat 4: kent330330 folded before Flop (didn't bet)
Seat 5: Olgarusnova folded before Flop (didn't bet)
Seat 6: BKM0914 folded before Flop (didn't bet)
Seat 7: modernexpo (button) folded before Flop (didn't bet)
Seat 8: bruhkkz992 (small blind) showed [6h Kh] and lost with high card King
Seat 9: K2_COMPTON (big blind) showed [Jh 4s] and won ($0.08) with a flush, Queen high



PokerStars Hand #223976560140:  Hold'em No Limit ($0.01/$0.02 USD) - 2021/02/18 22:44:29 PT [2021/02/19 1:44:29 ET]
Table 'Halleria IV' 9-max Seat #8 is the button
Seat 1: Dorex2007 ($1.98 in chips) 
Seat 2: Sergun K. ($3.82 in chips) 
Seat 3: royrobk ($1.53 in chips) 
Seat 4: kent330330 ($3.75 in chips) 
Seat 5: Olgarusnova ($1.78 in chips) 
Seat 6: BKM0914 ($1.76 in chips) 
Seat 7: modernexpo ($3.09 in chips) 
Seat 8: bruhkkz992 ($1.17 in chips) 
Seat 9: K2_COMPTON ($2.97 in chips) 
K2_COMPTON: posts small blind $0.01
Dorex2007: posts big blind $0.02
*** HOLE CARDS ***
Dealt to Dorex2007 [Kh 5h]
Sergun K.: folds 
royrobk: folds 
kent330330: raises $0.04 to $0.06
Olgarusnova: folds 
BKM0914: raises $0.15 to $0.21
modernexpo: folds 
bruhkkz992: folds 
K2_COMPTON: folds 
Dorex2007: folds 
kent330330: calls $0.15
*** FLOP *** [4c Kc 6d]
kent330330: checks 
BKM0914: bets $0.24
kent330330: calls $0.24
*** TURN *** [4c Kc 6d] [9c]
kent330330: bets $0.02
BKM0914: raises $0.47 to $0.49
kent330330: folds 
Uncalled bet ($0.47) returned to BKM0914
BKM0914 collected $0.94 from pot
BKM0914: doesn't show hand 
*** SUMMARY ***
Total pot $0.97 | Rake $0.03 
Board [4c Kc 6d 9c]
Seat 1: Dorex2007 (big blind) folded before Flop
Seat 2: Sergun K. folded before Flop (didn't bet)
Seat 3: royrobk folded before Flop (didn't bet)
Seat 4: kent330330 folded on the Turn
Seat 5: Olgarusnova folded before Flop (didn't bet)
Seat 6: BKM0914 collected ($0.94)
Seat 7: modernexpo folded before Flop (didn't bet)
Seat 8: bruhkkz992 (button) folded before Flop (didn't bet)
Seat 9: K2_COMPTON (small blind) folded before Flop



PokerStars Hand #223976590683:  Hold'em No Limit ($0.01/$0.02 USD) - 2021/02/18 22:46:24 PT [2021/02/19 1:46:24 ET]
Table 'Halleria IV' 9-max Seat #9 is the button
Seat 1: Dorex2007 ($1.96 in chips) 
Seat 2: Sergun K. ($3.82 in chips) 
Seat 3: royrobk ($1.53 in chips) 
Seat 4: kent330330 ($3.28 in chips) 
Seat 5: Olgarusnova ($1.78 in chips) 
Seat 6: BKM0914 ($2.23 in chips) 
Seat 7: modernexpo ($3.09 in chips) 
Seat 8: bruhkkz992 ($1.17 in chips) 
Seat 9: K2_COMPTON ($2.96 in chips) 
Dorex2007: posts small blind $0.01
Sergun K.: posts big blind $0.02
*** HOLE CARDS ***
Dealt to Dorex2007 [Kh As]
royrobk: folds 
kent330330: raises $0.04 to $0.06
Olgarusnova: folds 
BKM0914: folds 
modernexpo: folds 
bruhkkz992: calls $0.06
K2_COMPTON: calls $0.06
Dorex2007: raises $0.18 to $0.24
Sergun K.: folds 
kent330330: folds 
bruhkkz992: calls $0.18
K2_COMPTON: calls $0.18
*** FLOP *** [8d 7c 3c]
Dorex2007: bets $0.77
bruhkkz992: calls $0.77
K2_COMPTON: calls $0.77
*** TURN *** [8d 7c 3c] [5h]
Dorex2007: bets $0.95 and is all-in
bruhkkz992: calls $0.16 and is all-in
K2_COMPTON: calls $0.95
*** RIVER *** [8d 7c 3c 5h] [9s]
*** SHOW DOWN ***
Dorex2007: shows [Kh As] (high card Ace)
K2_COMPTON: shows [Td 9d] (a pair of Nines)
K2_COMPTON collected $1.53 from side pot
bruhkkz992: shows [9c 6s] (a straight, Five to Nine)
bruhkkz992 collected $3.46 from main pot
Dorex2007 cashed out the hand for $1.10 | Cash Out Fee $0.01
*** SUMMARY ***
Total pot $5.17 Main pot $3.46. Side pot $1.53. | Rake $0.18 
Board [8d 7c 3c 5h 9s]
Seat 1: Dorex2007 (small blind) showed [Kh As] and lost with high card Ace (cashed out).
Seat 2: Sergun K. (big blind) folded before Flop
Seat 3: royrobk folded before Flop (didn't bet)
Seat 4: kent330330 folded before Flop
Seat 5: Olgarusnova folded before Flop (didn't bet)
Seat 6: BKM0914 folded before Flop (didn't bet)
Seat 7: modernexpo folded before Flop (didn't bet)
Seat 8: bruhkkz992 showed [9c 6s] and won ($3.46) with a straight, Five to Nine
Seat 9: K2_COMPTON (button) showed [Td 9d] and won ($1.53) with a pair of Nines



PokerStars Hand #223976606157:  Hold'em No Limit ($0.01/$0.02 USD) - 2021/02/18 22:47:44 PT [2021/02/19 1:47:44 ET]
Table 'Halleria IV' 9-max Seat #1 is the button
Seat 1: Dorex2007 ($1.10 in chips) 
Seat 2: Sergun K. ($3.80 in chips) 
Seat 3: royrobk ($1.53 in chips) 
Seat 5: Olgarusnova ($1.78 in chips) 
Seat 6: BKM0914 ($2.23 in chips) 
Seat 7: modernexpo ($3.09 in chips) 
Seat 8: bruhkkz992 ($3.46 in chips) 
Seat 9: K2_COMPTON ($2.53 in chips) 
Sergun K.: posts small blind $0.01
royrobk: posts big blind $0.02
*** HOLE CARDS ***
Dealt to Dorex2007 [3h 5c]
Olgarusnova: folds 
BKM0914: folds 
modernexpo: raises $0.04 to $0.06
bruhkkz992: folds 
K2_COMPTON: folds 
Dorex2007: folds 
Sergun K.: folds 
royrobk: folds 
Uncalled bet ($0.04) returned to modernexpo
modernexpo collected $0.05 from pot
modernexpo: doesn't show hand 
*** SUMMARY ***
Total pot $0.05 | Rake $0 
Seat 1: Dorex2007 (button) folded before Flop (didn't bet)
Seat 2: Sergun K. (small blind) folded before Flop
Seat 3: royrobk (big blind) folded before Flop
Seat 5: Olgarusnova folded before Flop (didn't bet)
Seat 6: BKM0914 folded before Flop (didn't bet)
Seat 7: modernexpo collected ($0.05)
Seat 8: bruhkkz992 folded before Flop (didn't bet)
Seat 9: K2_COMPTON folded before Flop (didn't bet)



PokerStars Hand #223976610456:  Hold'em No Limit ($0.01/$0.02 USD) - 2021/02/18 22:48:07 PT [2021/02/19 1:48:07 ET]
Table 'Halleria IV' 9-max Seat #2 is the button
Seat 1: Dorex2007 ($1.10 in chips) 
Seat 2: Sergun K. ($3.79 in chips) 
Seat 3: royrobk ($1.51 in chips) 
Seat 5: Olgarusnova ($1.78 in chips) 
Seat 6: BKM0914 ($2.23 in chips) 
Seat 7: modernexpo ($3.12 in chips) 
Seat 8: bruhkkz992 ($3.46 in chips) 
Seat 9: K2_COMPTON ($2.53 in chips) 
royrobk: posts small blind $0.01
Olgarusnova: posts big blind $0.02
*** HOLE CARDS ***
Dealt to Dorex2007 [6s Kc]
BKM0914: folds 
modernexpo: folds 
bruhkkz992: calls $0.02
K2_COMPTON: raises $0.04 to $0.06
Dorex2007: folds 
Sergun K.: folds 
royrobk: folds 
Olgarusnova: folds 
bruhkkz992: calls $0.04
*** FLOP *** [9s 2s Qc]
bruhkkz992: checks 
K2_COMPTON: checks 
*** TURN *** [9s 2s Qc] [Qd]
bruhkkz992: bets $0.02
K2_COMPTON: calls $0.02
*** RIVER *** [9s 2s Qc Qd] [2c]
bruhkkz992: bets $0.02
K2_COMPTON: calls $0.02
*** SHOW DOWN ***
bruhkkz992: shows [Ks Ts] (two pair, Queens and Deuces)
K2_COMPTON: shows [8s Ad] (two pair, Queens and Deuces - Ace kicker)
K2_COMPTON collected $0.22 from pot
*** SUMMARY ***
Total pot $0.23 | Rake $0.01 
Board [9s 2s Qc Qd 2c]
Seat 1: Dorex2007 folded before Flop (didn't bet)
Seat 2: Sergun K. (button) folded before Flop (didn't bet)
Seat 3: royrobk (small blind) folded before Flop
Seat 5: Olgarusnova (big blind) folded before Flop
Seat 6: BKM0914 folded before Flop (didn't bet)
Seat 7: modernexpo folded before Flop (didn't bet)
Seat 8: bruhkkz992 showed [Ks Ts] and lost with two pair, Queens and Deuces
Seat 9: K2_COMPTON showed [8s Ad] and won ($0.22) with two pair, Queens and Deuces



PokerStars Hand #223976618537:  Hold'em No Limit ($0.01/$0.02 USD) - 2021/02/18 22:48:48 PT [2021/02/19 1:48:48 ET]
Table 'Halleria IV' 9-max Seat #3 is the button
Seat 1: Dorex2007 ($1.10 in chips) 
Seat 2: Sergun K. ($3.79 in chips) 
Seat 3: royrobk ($1.50 in chips) 
Seat 5: Olgarusnova ($1.76 in chips) 
Seat 6: BKM0914 ($2.23 in chips) 
Seat 7: modernexpo ($3.12 in chips) 
Seat 8: bruhkkz992 ($3.36 in chips) 
Seat 9: K2_COMPTON ($2.65 in chips) 
Olgarusnova: posts small blind $0.01
BKM0914: posts big blind $0.02
*** HOLE CARDS ***
Dealt to Dorex2007 [Ah 2s]
modernexpo: folds 
bruhkkz992: calls $0.02
K2_COMPTON: calls $0.02
Dorex2007: folds 
Sergun K.: raises $0.09 to $0.11
royrobk: folds 
Olgarusnova: folds 
BKM0914: folds 
bruhkkz992: folds 
K2_COMPTON: calls $0.09
*** FLOP *** [Tc 7c Kc]
K2_COMPTON: checks 
Sergun K.: checks 
*** TURN *** [Tc 7c Kc] [8c]
K2_COMPTON: checks 
Sergun K.: checks 
*** RIVER *** [Tc 7c Kc 8c] [7h]
K2_COMPTON: checks 
Sergun K.: checks 
*** SHOW DOWN ***
K2_COMPTON: shows [8d 6d] (two pair, Eights and Sevens)
Sergun K.: mucks hand 
K2_COMPTON collected $0.26 from pot
*** SUMMARY ***
Total pot $0.27 | Rake $0.01 
Board [Tc 7c Kc 8c 7h]
Seat 1: Dorex2007 folded before Flop (didn't bet)
Seat 2: Sergun K. mucked [Qs As]
Seat 3: royrobk (button) folded before Flop (didn't bet)
Seat 5: Olgarusnova (small blind) folded before Flop
Seat 6: BKM0914 (big blind) folded before Flop
Seat 7: modernexpo folded before Flop (didn't bet)
Seat 8: bruhkkz992 folded before Flop
Seat 9: K2_COMPTON showed [8d 6d] and won ($0.26) with two pair, Eights and Sevens



PokerStars Hand #223976628628:  Hold'em No Limit ($0.01/$0.02 USD) - 2021/02/18 22:49:40 PT [2021/02/19 1:49:40 ET]
Table 'Halleria IV' 9-max Seat #5 is the button
Seat 1: Dorex2007 ($1.10 in chips) 
Seat 2: Sergun K. ($3.68 in chips) 
Seat 3: royrobk ($1.50 in chips) 
Seat 5: Olgarusnova ($1.75 in chips) 
Seat 6: BKM0914 ($2.21 in chips) 
Seat 7: modernexpo ($3.12 in chips) 
Seat 8: bruhkkz992 ($3.34 in chips) 
Seat 9: K2_COMPTON ($2.80 in chips) 
BKM0914: posts small blind $0.01
modernexpo: posts big blind $0.02
*** HOLE CARDS ***
Dealt to Dorex2007 [2c 6s]
bruhkkz992: calls $0.02
K2_COMPTON: calls $0.02
Dorex2007: folds 
Sergun K.: raises $0.09 to $0.11
royrobk: folds 
Olgarusnova: folds 
BKM0914: folds 
modernexpo: folds 
bruhkkz992: calls $0.09
K2_COMPTON: calls $0.09
*** FLOP *** [Ts 9h Ac]
bruhkkz992: checks 
K2_COMPTON: checks 
Sergun K.: bets $0.23
bruhkkz992: folds 
K2_COMPTON: folds 
Uncalled bet ($0.23) returned to Sergun K.
K2_COMPTON leaves the table
Sergun K. collected $0.35 from pot
Sergun K.: doesn't show hand 
*** SUMMARY ***
Total pot $0.36 | Rake $0.01 
Board [Ts 9h Ac]
Seat 1: Dorex2007 folded before Flop (didn't bet)
Seat 2: Sergun K. collected ($0.35)
Seat 3: royrobk folded before Flop (didn't bet)
Seat 5: Olgarusnova (button) folded before Flop (didn't bet)
Seat 6: BKM0914 (small blind) folded before Flop
Seat 7: modernexpo (big blind) folded before Flop
Seat 8: bruhkkz992 folded on the Flop
Seat 9: K2_COMPTON folded on the Flop



PokerStars Hand #223976635021:  Hold'em No Limit ($0.01/$0.02 USD) - 2021/02/18 22:50:14 PT [2021/02/19 1:50:14 ET]
Table 'Halleria IV' 9-max Seat #6 is the button
Seat 1: Dorex2007 ($1.10 in chips) 
Seat 2: Sergun K. ($3.92 in chips) 
Seat 3: royrobk ($1.50 in chips) 
Seat 5: Olgarusnova ($1.75 in chips) 
Seat 6: BKM0914 ($2.20 in chips) 
Seat 7: modernexpo ($3.10 in chips) 
Seat 8: bruhkkz992 ($3.23 in chips) 
modernexpo: posts small blind $0.01
bruhkkz992: posts big blind $0.02
*** HOLE CARDS ***
Dealt to Dorex2007 [3h 4s]
gn4444 joins the table at seat #9 
Dorex2007: folds 
Sergun K.: folds 
royrobk: folds 
gn4444 leaves the table
Olgarusnova: folds 
BKM0914: folds 
modernexpo: folds 
Uncalled bet ($0.01) returned to bruhkkz992
bruhkkz992 collected $0.02 from pot
bruhkkz992: doesn't show hand 
*** SUMMARY ***
Total pot $0.02 | Rake $0 
Seat 1: Dorex2007 folded before Flop (didn't bet)
Seat 2: Sergun K. folded before Flop (didn't bet)
Seat 3: royrobk folded before Flop (didn't bet)
Seat 5: Olgarusnova folded before Flop (didn't bet)
Seat 6: BKM0914 (button) folded before Flop (didn't bet)
Seat 7: modernexpo (small blind) folded before Flop
Seat 8: bruhkkz992 (big blind) collected ($0.02)



PokerStars Hand #223976639174:  Hold'em No Limit ($0.01/$0.02 USD) - 2021/02/18 22:50:35 PT [2021/02/19 1:50:35 ET]
Table 'Halleria IV' 9-max Seat #7 is the button
Seat 1: Dorex2007 ($1.10 in chips) 
Seat 2: Sergun K. ($3.92 in chips) 
Seat 3: royrobk ($1.50 in chips) 
Seat 5: Olgarusnova ($1.75 in chips) 
Seat 6: BKM0914 ($2.20 in chips) 
Seat 7: modernexpo ($3.09 in chips) 
Seat 8: bruhkkz992 ($3.24 in chips) 
bruhkkz992: posts small blind $0.01
Dorex2007: posts big blind $0.02
*** HOLE CARDS ***
Dealt to Dorex2007 [7c 4d]
kent330330 leaves the table
Sergun K.: folds 
royrobk: folds 
Olgarusnova: folds 
BKM0914: folds 
modernexpo: folds 
bruhkkz992: calls $0.01
Dorex2007: checks 
*** FLOP *** [Th 3d Ts]
bruhkkz992: checks 
Dorex2007: checks 
*** TURN *** [Th 3d Ts] [Js]
bruhkkz992: checks 
Dorex2007: checks 
*** RIVER *** [Th 3d Ts Js] [8s]
gn4444 joins the table at seat #4 
bruhkkz992: checks 
Dorex2007: checks 
*** SHOW DOWN ***
bruhkkz992: shows [Jd 5c] (two pair, Jacks and Tens)
Dorex2007: mucks hand 
bruhkkz992 collected $0.04 from pot
*** SUMMARY ***
Total pot $0.04 | Rake $0 
Board [Th 3d Ts Js 8s]
Seat 1: Dorex2007 (big blind) mucked [7c 4d]
Seat 2: Sergun K. folded before Flop (didn't bet)
Seat 3: royrobk folded before Flop (didn't bet)
Seat 5: Olgarusnova folded before Flop (didn't bet)
Seat 6: BKM0914 folded before Flop (didn't bet)
Seat 7: modernexpo (button) folded before Flop (didn't bet)
Seat 8: bruhkkz992 (small blind) showed [Jd 5c] and won ($0.04) with two pair, Jacks and Tens



PokerStars Hand #223976645264:  Hold'em No Limit ($0.01/$0.02 USD) - 2021/02/18 22:51:07 PT [2021/02/19 1:51:07 ET]
Table 'Halleria IV' 9-max Seat #8 is the button
Seat 1: Dorex2007 ($1.08 in chips) 
Seat 2: Sergun K. ($3.92 in chips) 
Seat 3: royrobk ($1.50 in chips) 
Seat 5: Olgarusnova ($1.75 in chips) 
Seat 6: BKM0914 ($2.20 in chips) 
Seat 7: modernexpo ($3.09 in chips) 
Seat 8: bruhkkz992 ($3.26 in chips) 
Dorex2007: posts small blind $0.01
Sergun K.: posts big blind $0.02
*** HOLE CARDS ***
Dealt to Dorex2007 [2s 9d]
GaliRah joins the table at seat #9 
royrobk: folds 
Olgarusnova: folds 
BKM0914: folds 
modernexpo: folds 
bruhkkz992: calls $0.02
Dorex2007: folds 
Sergun K.: checks 
*** FLOP *** [Qs 4c 3d]
Sergun K.: checks 
bruhkkz992: checks 
*** TURN *** [Qs 4c 3d] [3c]
Sergun K.: checks 
bruhkkz992: bets $0.02
Sergun K.: folds 
Uncalled bet ($0.02) returned to bruhkkz992
bruhkkz992 collected $0.05 from pot
bruhkkz992: doesn't show hand 
*** SUMMARY ***
Total pot $0.05 | Rake $0 
Board [Qs 4c 3d 3c]
Seat 1: Dorex2007 (small blind) folded before Flop
Seat 2: Sergun K. (big blind) folded on the Turn
Seat 3: royrobk folded before Flop (didn't bet)
Seat 5: Olgarusnova folded before Flop (didn't bet)
Seat 6: BKM0914 folded before Flop (didn't bet)
Seat 7: modernexpo folded before Flop (didn't bet)
Seat 8: bruhkkz992 (button) collected ($0.05)



PokerStars Hand #223976653436:  Hold'em No Limit ($0.01/$0.02 USD) - 2021/02/18 22:51:49 PT [2021/02/19 1:51:49 ET]
Table 'Halleria IV' 9-max Seat #1 is the button
Seat 1: Dorex2007 ($1.07 in chips) 
Seat 2: Sergun K. ($3.90 in chips) 
Seat 3: royrobk ($1.50 in chips) 
Seat 5: Olgarusnova ($1.75 in chips) 
Seat 6: BKM0914 ($2.20 in chips) 
Seat 7: modernexpo ($3.09 in chips) 
Seat 8: bruhkkz992 ($3.29 in chips) 
Seat 9: GaliRah ($2 in chips) 
Sergun K.: posts small blind $0.01
royrobk: posts big blind $0.02
GaliRah: posts big blind $0.02
*** HOLE CARDS ***
Dealt to Dorex2007 [5h 6d]
Olgarusnova: folds 
BKM0914: folds 
modernexpo: folds 
bruhkkz992: calls $0.02
GaliRah: checks 
Dorex2007: folds 
Sergun K.: calls $0.01
royrobk: checks 
*** FLOP *** [Ac Ad 3c]
Sergun K.: checks 
royrobk: checks 
bruhkkz992: bets $0.02
GaliRah: folds 
Sergun K.: folds 
royrobk: calls $0.02
*** TURN *** [Ac Ad 3c] [9d]
royrobk: checks 
bruhkkz992: bets $0.02
royrobk: calls $0.02
*** RIVER *** [Ac Ad 3c 9d] [6h]
royrobk: checks 
bruhkkz992: checks 
*** SHOW DOWN ***
royrobk: shows [5d 5s] (two pair, Aces and Fives)
bruhkkz992: shows [Jc Jd] (two pair, Aces and Jacks)
bruhkkz992 collected $0.15 from pot
*** SUMMARY ***
Total pot $0.16 | Rake $0.01 
Board [Ac Ad 3c 9d 6h]
Seat 1: Dorex2007 (button) folded before Flop (didn't bet)
Seat 2: Sergun K. (small blind) folded on the Flop
Seat 3: royrobk (big blind) showed [5d 5s] and lost with two pair, Aces and Fives
Seat 5: Olgarusnova folded before Flop (didn't bet)
Seat 6: BKM0914 folded before Flop (didn't bet)
Seat 7: modernexpo folded before Flop (didn't bet)
Seat 8: bruhkkz992 showed [Jc Jd] and won ($0.15) with two pair, Aces and Jacks
Seat 9: GaliRah folded on the Flop (didn't bet)



PokerStars Hand #223976661771:  Hold'em No Limit ($0.01/$0.02 USD) - 2021/02/18 22:52:32 PT [2021/02/19 1:52:32 ET]
Table 'Halleria IV' 9-max Seat #2 is the button
Seat 1: Dorex2007 ($1.07 in chips) 
Seat 2: Sergun K. ($3.88 in chips) 
Seat 3: royrobk ($1.44 in chips) 
Seat 5: Olgarusnova ($1.75 in chips) 
Seat 6: BKM0914 ($2.20 in chips) 
Seat 7: modernexpo ($3.09 in chips) 
Seat 8: bruhkkz992 ($3.38 in chips) 
Seat 9: GaliRah ($2 in chips) 
royrobk: posts small blind $0.01
Olgarusnova: posts big blind $0.02
*** HOLE CARDS ***
Dealt to Dorex2007 [Qs Ks]
BKM0914: calls $0.02
modernexpo: folds 
bruhkkz992: calls $0.02
GaliRah: calls $0.02
Dorex2007: raises $0.06 to $0.08
Sergun K.: calls $0.08
royrobk: folds 
Olgarusnova: folds 
BKM0914: calls $0.06
bruhkkz992: calls $0.06
GaliRah: folds 
*** FLOP *** [6c Ac 3s]
BKM0914: checks 
bruhkkz992: bets $0.32
Dorex2007: raises $0.67 to $0.99 and is all-in
Sergun K.: folds 
BKM0914: folds 
bruhkkz992: calls $0.67
*** TURN *** [6c Ac 3s] [3c]
*** RIVER *** [6c Ac 3s 3c] [Td]
*** SHOW DOWN ***
bruhkkz992: shows [As 2h] (two pair, Aces and Threes)
Dorex2007: shows [Qs Ks] (a pair of Threes)
bruhkkz992 collected $2.27 from pot
*** SUMMARY ***
Total pot $2.35 | Rake $0.08 
Board [6c Ac 3s 3c Td]
Seat 1: Dorex2007 showed [Qs Ks] and lost with a pair of Threes
Seat 2: Sergun K. (button) folded on the Flop
Seat 3: royrobk (small blind) folded before Flop
Seat 5: Olgarusnova (big blind) folded before Flop
Seat 6: BKM0914 folded on the Flop
Seat 7: modernexpo folded before Flop (didn't bet)
Seat 8: bruhkkz992 showed [As 2h] and won ($2.27) with two pair, Aces and Threes
Seat 9: GaliRah folded before Flop



