PokerStars Hand #227819196104:  Hold'em No Limit ($0.01/$0.02 USD) - 2021/06/24 13:02:58 PT [2021/06/24 16:02:58 ET]
Table 'Aconcagua III' 9-max Seat #9 is the button
Seat 1: yjqian23 ($1.98 in chips) 
Seat 2: Dorex2007 ($2.27 in chips) 
Seat 3: kaglok ($1.53 in chips) 
Seat 4: hdlü ($2.52 in chips) 
Seat 5: ostrograd ($2 in chips) 
Seat 6: marcos jo196 ($1.10 in chips) 
Seat 7: mikechuyk ($1.98 in chips) 
Seat 8: megazanos ($2 in chips) 
Seat 9: Vainamoinenn ($3.36 in chips) 
yjqian23: posts small blind $0.01
Dorex2007: posts big blind $0.02
*** HOLE CARDS ***
Dealt to Dorex2007 [3d Ks]
kaglok: raises $0.02 to $0.04
hdlü: calls $0.04
ostrograd: folds 
marcos jo196: calls $0.04
mikechuyk: folds 
megazanos: folds 
Vainamoinenn: calls $0.04
yjqian23: folds 
Dorex2007: folds 
*** FLOP *** [9d 2c Ac]
kaglok: checks 
hdlü: bets $0.02
marcos jo196: calls $0.02
Vainamoinenn: folds 
kaglok: calls $0.02
*** TURN *** [9d 2c Ac] [4c]
kaglok: checks 
hdlü: bets $0.06
marcos jo196: folds 
kaglok: folds 
Uncalled bet ($0.06) returned to hdlü
hdlü collected $0.24 from pot
hdlü: doesn't show hand 
*** SUMMARY ***
Total pot $0.25 | Rake $0.01 
Board [9d 2c Ac 4c]
Seat 1: yjqian23 (small blind) folded before Flop
Seat 2: Dorex2007 (big blind) folded before Flop
Seat 3: kaglok folded on the Turn
Seat 4: hdlü collected ($0.24)
Seat 5: ostrograd folded before Flop (didn't bet)
Seat 6: marcos jo196 folded on the Turn
Seat 7: mikechuyk folded before Flop (didn't bet)
Seat 8: megazanos folded before Flop (didn't bet)
Seat 9: Vainamoinenn (button) folded on the Flop



PokerStars Hand #227819225905:  Hold'em No Limit ($0.01/$0.02 USD) - 2021/06/24 13:04:04 PT [2021/06/24 16:04:04 ET]
Table 'Aconcagua III' 9-max Seat #1 is the button
Seat 1: yjqian23 ($1.97 in chips) 
Seat 2: Dorex2007 ($2.25 in chips) 
Seat 3: kaglok ($1.47 in chips) 
Seat 4: hdlü ($2.70 in chips) 
Seat 5: ostrograd ($2 in chips) 
Seat 6: marcos jo196 ($1.04 in chips) 
Seat 7: mikechuyk ($1.98 in chips) 
Seat 8: megazanos ($2 in chips) 
Seat 9: Vainamoinenn ($3.32 in chips) 
Dorex2007: posts small blind $0.01
kaglok: posts big blind $0.02
*** HOLE CARDS ***
Dealt to Dorex2007 [8h Ad]
hdlü: folds 
ostrograd: folds 
marcos jo196: calls $0.02
mikechuyk: folds 
megazanos: folds 
Vainamoinenn: folds 
yjqian23: folds 
Dorex2007: calls $0.01
kaglok: checks 
*** FLOP *** [Td Jc 4c]
Dorex2007: checks 
kaglok: checks 
marcos jo196: bets $0.06
Dorex2007: folds 
kaglok: folds 
Uncalled bet ($0.06) returned to marcos jo196
marcos jo196 collected $0.06 from pot
marcos jo196: doesn't show hand 
*** SUMMARY ***
Total pot $0.06 | Rake $0 
Board [Td Jc 4c]
Seat 1: yjqian23 (button) folded before Flop (didn't bet)
Seat 2: Dorex2007 (small blind) folded on the Flop
Seat 3: kaglok (big blind) folded on the Flop
Seat 4: hdlü folded before Flop (didn't bet)
Seat 5: ostrograd folded before Flop (didn't bet)
Seat 6: marcos jo196 collected ($0.06)
Seat 7: mikechuyk folded before Flop (didn't bet)
Seat 8: megazanos folded before Flop (didn't bet)
Seat 9: Vainamoinenn folded before Flop (didn't bet)



PokerStars Hand #227819251842:  Hold'em No Limit ($0.01/$0.02 USD) - 2021/06/24 13:05:00 PT [2021/06/24 16:05:00 ET]
Table 'Aconcagua III' 9-max Seat #2 is the button
Seat 1: yjqian23 ($1.97 in chips) 
Seat 2: Dorex2007 ($2.23 in chips) 
Seat 3: kaglok ($1.45 in chips) 
Seat 4: hdlü ($2.70 in chips) 
Seat 5: ostrograd ($2 in chips) 
Seat 6: marcos jo196 ($1.08 in chips) 
Seat 7: mikechuyk ($1.98 in chips) 
Seat 8: megazanos ($2 in chips) 
Seat 9: Vainamoinenn ($3.32 in chips) 
kaglok: posts small blind $0.01
hdlü: posts big blind $0.02
*** HOLE CARDS ***
Dealt to Dorex2007 [8c 7h]
ostrograd: folds 
marcos jo196: calls $0.02
mikechuyk: folds 
megazanos: folds 
Vainamoinenn: calls $0.02
yjqian23: folds 
Dorex2007: folds 
kaglok: raises $0.05 to $0.07
hdlü: folds 
marcos jo196: calls $0.05
Vainamoinenn: calls $0.05
*** FLOP *** [4d 4c 5d]
kaglok: checks 
marcos jo196: checks 
Vainamoinenn: bets $0.11
kaglok: folds 
marcos jo196: calls $0.11
*** TURN *** [4d 4c 5d] [Qd]
marcos jo196: checks 
Vainamoinenn: checks 
*** RIVER *** [4d 4c 5d Qd] [7d]
marcos jo196: bets $0.90 and is all-in
Vainamoinenn: folds 
Uncalled bet ($0.90) returned to marcos jo196
marcos jo196 collected $0.43 from pot
marcos jo196: doesn't show hand 
*** SUMMARY ***
Total pot $0.45 | Rake $0.02 
Board [4d 4c 5d Qd 7d]
Seat 1: yjqian23 folded before Flop (didn't bet)
Seat 2: Dorex2007 (button) folded before Flop (didn't bet)
Seat 3: kaglok (small blind) folded on the Flop
Seat 4: hdlü (big blind) folded before Flop
Seat 5: ostrograd folded before Flop (didn't bet)
Seat 6: marcos jo196 collected ($0.43)
Seat 7: mikechuyk folded before Flop (didn't bet)
Seat 8: megazanos folded before Flop (didn't bet)
Seat 9: Vainamoinenn folded on the River



PokerStars Hand #227819284809:  Hold'em No Limit ($0.01/$0.02 USD) - 2021/06/24 13:05:58 PT [2021/06/24 16:05:58 ET]
Table 'Aconcagua III' 9-max Seat #3 is the button
Seat 1: yjqian23 ($1.97 in chips) 
Seat 2: Dorex2007 ($2.23 in chips) 
Seat 3: kaglok ($1.38 in chips) 
Seat 4: hdlü ($2.68 in chips) 
Seat 6: marcos jo196 ($1.33 in chips) 
Seat 7: mikechuyk ($1.98 in chips) 
Seat 8: megazanos ($2 in chips) 
Seat 9: Vainamoinenn ($3.14 in chips) 
hdlü: posts small blind $0.01
ostrograd: is sitting out 
marcos jo196: posts big blind $0.02
*** HOLE CARDS ***
Dealt to Dorex2007 [9s 8d]
mikechuyk: folds 
megazanos: folds 
Vainamoinenn: folds 
yjqian23: calls $0.02
Dorex2007: folds 
kaglok: folds 
hdlü: calls $0.01
marcos jo196: checks 
*** FLOP *** [7c Td 6c]
hdlü: bets $0.02
marcos jo196: calls $0.02
yjqian23: calls $0.02
*** TURN *** [7c Td 6c] [2d]
hdlü: bets $0.02
marcos jo196: calls $0.02
yjqian23: calls $0.02
*** RIVER *** [7c Td 6c 2d] [5s]
hdlü: bets $0.02
marcos jo196: folds 
yjqian23: calls $0.02
*** SHOW DOWN ***
hdlü: shows [3c 3s] (a pair of Threes)
yjqian23: mucks hand 
hdlü collected $0.21 from pot
*** SUMMARY ***
Total pot $0.22 | Rake $0.01 
Board [7c Td 6c 2d 5s]
Seat 1: yjqian23 mucked [Js Ac]
Seat 2: Dorex2007 folded before Flop (didn't bet)
Seat 3: kaglok (button) folded before Flop (didn't bet)
Seat 4: hdlü (small blind) showed [3c 3s] and won ($0.21) with a pair of Threes
Seat 6: marcos jo196 (big blind) folded on the River
Seat 7: mikechuyk folded before Flop (didn't bet)
Seat 8: megazanos folded before Flop (didn't bet)
Seat 9: Vainamoinenn folded before Flop (didn't bet)



PokerStars Hand #227819304399:  Hold'em No Limit ($0.01/$0.02 USD) - 2021/06/24 13:06:40 PT [2021/06/24 16:06:40 ET]
Table 'Aconcagua III' 9-max Seat #4 is the button
Seat 1: yjqian23 ($1.89 in chips) 
Seat 2: Dorex2007 ($2.23 in chips) 
Seat 3: kaglok ($1.38 in chips) 
Seat 4: hdlü ($2.81 in chips) 
Seat 6: marcos jo196 ($1.27 in chips) 
Seat 7: mikechuyk ($1.98 in chips) 
Seat 8: megazanos ($2 in chips) 
Seat 9: Vainamoinenn ($3.14 in chips) 
marcos jo196: posts small blind $0.01
mikechuyk: posts big blind $0.02
*** HOLE CARDS ***
Dealt to Dorex2007 [Jc 9c]
megazanos: raises $0.04 to $0.06
Vainamoinenn: calls $0.06
yjqian23: folds 
Dorex2007: folds 
kaglok: calls $0.06
hdlü: calls $0.06
marcos jo196: calls $0.05
mikechuyk: folds 
*** FLOP *** [3d 4s 8s]
marcos jo196: checks 
megazanos: bets $0.17
Vainamoinenn: calls $0.17
kaglok: folds 
ostrograd leaves the table
hdlü: calls $0.17
marcos jo196: folds 
*** TURN *** [3d 4s 8s] [6h]
megazanos: checks 
Vainamoinenn: checks 
hdlü: bets $0.06
megazanos: calls $0.06
Vainamoinenn: calls $0.06
*** RIVER *** [3d 4s 8s 6h] [3h]
megazanos: checks 
Vainamoinenn: bets $0.56
hdlü: folds 
megazanos: folds 
Uncalled bet ($0.56) returned to Vainamoinenn
Vainamoinenn collected $0.97 from pot
Vainamoinenn: doesn't show hand 
*** SUMMARY ***
Total pot $1.01 | Rake $0.04 
Board [3d 4s 8s 6h 3h]
Seat 1: yjqian23 folded before Flop (didn't bet)
Seat 2: Dorex2007 folded before Flop (didn't bet)
Seat 3: kaglok folded on the Flop
Seat 4: hdlü (button) folded on the River
Seat 6: marcos jo196 (small blind) folded on the Flop
Seat 7: mikechuyk (big blind) folded before Flop
Seat 8: megazanos folded on the River
Seat 9: Vainamoinenn collected ($0.97)



PokerStars Hand #227819349364:  Hold'em No Limit ($0.01/$0.02 USD) - 2021/06/24 13:08:18 PT [2021/06/24 16:08:18 ET]
Table 'Aconcagua III' 9-max Seat #6 is the button
Seat 1: yjqian23 ($1.89 in chips) 
Seat 2: Dorex2007 ($2.23 in chips) 
Seat 3: kaglok ($1.32 in chips) 
Seat 4: hdlü ($2.52 in chips) 
Seat 6: marcos jo196 ($1.21 in chips) 
Seat 7: mikechuyk ($1.96 in chips) 
Seat 8: megazanos ($2 in chips) 
Seat 9: Vainamoinenn ($3.82 in chips) 
mikechuyk: posts small blind $0.01
megazanos: posts big blind $0.02
*** HOLE CARDS ***
Dealt to Dorex2007 [Ac 3d]
Vainamoinenn: folds 
yjqian23: calls $0.02
Dorex2007: folds 
kaglok: raises $0.02 to $0.04
etienne16671 joins the table at seat #5 
hdlü: folds 
marcos jo196: calls $0.04
mikechuyk: folds 
megazanos: folds 
yjqian23: calls $0.02
*** FLOP *** [8d 3s 7h]
yjqian23: checks 
kaglok: checks 
marcos jo196: bets $0.25
yjqian23: folds 
kaglok: folds 
Uncalled bet ($0.25) returned to marcos jo196
marcos jo196 collected $0.14 from pot
marcos jo196: doesn't show hand 
*** SUMMARY ***
Total pot $0.15 | Rake $0.01 
Board [8d 3s 7h]
Seat 1: yjqian23 folded on the Flop
Seat 2: Dorex2007 folded before Flop (didn't bet)
Seat 3: kaglok folded on the Flop
Seat 4: hdlü folded before Flop (didn't bet)
Seat 6: marcos jo196 (button) collected ($0.14)
Seat 7: mikechuyk (small blind) folded before Flop
Seat 8: megazanos (big blind) folded before Flop
Seat 9: Vainamoinenn folded before Flop (didn't bet)



PokerStars Hand #227819370103:  Hold'em No Limit ($0.01/$0.02 USD) - 2021/06/24 13:09:03 PT [2021/06/24 16:09:03 ET]
Table 'Aconcagua III' 9-max Seat #7 is the button
Seat 1: yjqian23 ($1.85 in chips) 
Seat 2: Dorex2007 ($2.23 in chips) 
Seat 3: kaglok ($1.28 in chips) 
Seat 4: hdlü ($2.52 in chips) 
Seat 5: etienne16671 ($2 in chips) 
Seat 6: marcos jo196 ($1.31 in chips) 
Seat 7: mikechuyk ($1.95 in chips) 
Seat 8: megazanos ($2 in chips) 
Seat 9: Vainamoinenn ($3.82 in chips) 
megazanos: posts small blind $0.01
Vainamoinenn: posts big blind $0.02
etienne16671: posts big blind $0.02
*** HOLE CARDS ***
Dealt to Dorex2007 [7c Jc]
yjqian23: folds 
Dorex2007: folds 
kaglok: folds 
hdlü: folds 
etienne16671: checks 
marcos jo196: folds 
mikechuyk: folds 
megazanos: folds 
Vainamoinenn: checks 
*** FLOP *** [Td 3h Kc]
Vainamoinenn: checks 
etienne16671: checks 
*** TURN *** [Td 3h Kc] [2c]
Vainamoinenn: checks 
etienne16671: checks 
*** RIVER *** [Td 3h Kc 2c] [Js]
Vainamoinenn: checks 
etienne16671: checks 
*** SHOW DOWN ***
Vainamoinenn: shows [8s 4h] (high card King)
etienne16671: shows [Th 9h] (a pair of Tens)
etienne16671 collected $0.05 from pot
*** SUMMARY ***
Total pot $0.05 | Rake $0 
Board [Td 3h Kc 2c Js]
Seat 1: yjqian23 folded before Flop (didn't bet)
Seat 2: Dorex2007 folded before Flop (didn't bet)
Seat 3: kaglok folded before Flop (didn't bet)
Seat 4: hdlü folded before Flop (didn't bet)
Seat 5: etienne16671 showed [Th 9h] and won ($0.05) with a pair of Tens
Seat 6: marcos jo196 folded before Flop (didn't bet)
Seat 7: mikechuyk (button) folded before Flop (didn't bet)
Seat 8: megazanos (small blind) folded before Flop
Seat 9: Vainamoinenn (big blind) showed [8s 4h] and lost with high card King



PokerStars Hand #227819394589:  Hold'em No Limit ($0.01/$0.02 USD) - 2021/06/24 13:09:56 PT [2021/06/24 16:09:56 ET]
Table 'Aconcagua III' 9-max Seat #8 is the button
Seat 1: yjqian23 ($1.85 in chips) 
Seat 2: Dorex2007 ($2.23 in chips) 
Seat 3: kaglok ($1.28 in chips) 
Seat 4: hdlü ($2.52 in chips) 
Seat 5: etienne16671 ($2.03 in chips) 
Seat 6: marcos jo196 ($1.31 in chips) 
Seat 7: mikechuyk ($1.95 in chips) 
Seat 8: megazanos ($2 in chips) 
Seat 9: Vainamoinenn ($3.80 in chips) 
Vainamoinenn: posts small blind $0.01
yjqian23: posts big blind $0.02
*** HOLE CARDS ***
Dealt to Dorex2007 [5c Jh]
Dorex2007: folds 
kaglok: folds 
hdlü: calls $0.02
etienne16671: raises $0.04 to $0.06
marcos jo196: folds 
mikechuyk: folds 
megazanos has timed out
megazanos: folds 
Vainamoinenn: folds 
yjqian23: folds 
hdlü: calls $0.04
*** FLOP *** [6h 5d 8d]
hdlü: bets $0.06
etienne16671: calls $0.06
*** TURN *** [6h 5d 8d] [Ac]
hdlü: bets $0.04
etienne16671: raises $0.06 to $0.10
hdlü: calls $0.06
*** RIVER *** [6h 5d 8d Ac] [2d]
hdlü: bets $0.02
etienne16671: raises $0.08 to $0.10
hdlü: calls $0.08
*** SHOW DOWN ***
etienne16671: shows [8s 8h] (three of a kind, Eights)
hdlü: mucks hand 
etienne16671 collected $0.65 from pot
*** SUMMARY ***
Total pot $0.67 | Rake $0.02 
Board [6h 5d 8d Ac 2d]
Seat 1: yjqian23 (big blind) folded before Flop
Seat 2: Dorex2007 folded before Flop (didn't bet)
Seat 3: kaglok folded before Flop (didn't bet)
Seat 4: hdlü mucked [7h Ad]
Seat 5: etienne16671 showed [8s 8h] and won ($0.65) with three of a kind, Eights
Seat 6: marcos jo196 folded before Flop (didn't bet)
Seat 7: mikechuyk folded before Flop (didn't bet)
Seat 8: megazanos (button) folded before Flop (didn't bet)
Seat 9: Vainamoinenn (small blind) folded before Flop



PokerStars Hand #227819441443:  Hold'em No Limit ($0.01/$0.02 USD) - 2021/06/24 13:11:37 PT [2021/06/24 16:11:37 ET]
Table 'Aconcagua III' 9-max Seat #9 is the button
Seat 1: yjqian23 ($1.83 in chips) 
Seat 2: Dorex2007 ($2.23 in chips) 
Seat 3: kaglok ($1.28 in chips) 
Seat 4: hdlü ($2.20 in chips) 
Seat 5: etienne16671 ($2.36 in chips) 
Seat 6: marcos jo196 ($1.31 in chips) 
Seat 7: mikechuyk ($1.95 in chips) 
Seat 8: megazanos ($2 in chips) 
Seat 9: Vainamoinenn ($3.79 in chips) 
yjqian23: posts small blind $0.01
Dorex2007: posts big blind $0.02
*** HOLE CARDS ***
Dealt to Dorex2007 [Td 5c]
kaglok: folds 
hdlü: folds 
etienne16671: calls $0.02
marcos jo196: calls $0.02
mikechuyk: folds 
megazanos: folds 
Vainamoinenn: folds 
yjqian23: folds 
Dorex2007: checks 
*** FLOP *** [Ad 5h 3c]
Dorex2007: checks 
etienne16671: checks 
marcos jo196: bets $0.07
Dorex2007: folds 
etienne16671: folds 
Uncalled bet ($0.07) returned to marcos jo196
marcos jo196 collected $0.07 from pot
marcos jo196: doesn't show hand 
*** SUMMARY ***
Total pot $0.07 | Rake $0 
Board [Ad 5h 3c]
Seat 1: yjqian23 (small blind) folded before Flop
Seat 2: Dorex2007 (big blind) folded on the Flop
Seat 3: kaglok folded before Flop (didn't bet)
Seat 4: hdlü folded before Flop (didn't bet)
Seat 5: etienne16671 folded on the Flop
Seat 6: marcos jo196 collected ($0.07)
Seat 7: mikechuyk folded before Flop (didn't bet)
Seat 8: megazanos folded before Flop (didn't bet)
Seat 9: Vainamoinenn (button) folded before Flop (didn't bet)



PokerStars Hand #227819470706:  Hold'em No Limit ($0.01/$0.02 USD) - 2021/06/24 13:12:41 PT [2021/06/24 16:12:41 ET]
Table 'Aconcagua III' 9-max Seat #1 is the button
Seat 1: yjqian23 ($1.82 in chips) 
Seat 2: Dorex2007 ($2.21 in chips) 
Seat 3: kaglok ($1.28 in chips) 
Seat 4: hdlü ($2.20 in chips) 
Seat 5: etienne16671 ($2.34 in chips) 
Seat 6: marcos jo196 ($1.36 in chips) 
Seat 7: mikechuyk ($1.95 in chips) 
Seat 8: megazanos ($2 in chips) 
Seat 9: Vainamoinenn ($3.79 in chips) 
Dorex2007: posts small blind $0.01
kaglok: posts big blind $0.02
*** HOLE CARDS ***
Dealt to Dorex2007 [3h 5c]
hdlü: folds 
etienne16671: calls $0.02
marcos jo196: folds 
mikechuyk: folds 
megazanos: raises $0.06 to $0.08
Vainamoinenn: folds 
yjqian23: folds 
Dorex2007: folds 
kaglok: calls $0.06
etienne16671: calls $0.06
*** FLOP *** [Qc 4s Kd]
kaglok: checks 
etienne16671: checks 
megazanos: checks 
*** TURN *** [Qc 4s Kd] [4h]
kaglok: checks 
etienne16671: checks 
megazanos: bets $0.16
kaglok: folds 
etienne16671: folds 
Uncalled bet ($0.16) returned to megazanos
megazanos collected $0.24 from pot
megazanos: doesn't show hand 
*** SUMMARY ***
Total pot $0.25 | Rake $0.01 
Board [Qc 4s Kd 4h]
Seat 1: yjqian23 (button) folded before Flop (didn't bet)
Seat 2: Dorex2007 (small blind) folded before Flop
Seat 3: kaglok (big blind) folded on the Turn
Seat 4: hdlü folded before Flop (didn't bet)
Seat 5: etienne16671 folded on the Turn
Seat 6: marcos jo196 folded before Flop (didn't bet)
Seat 7: mikechuyk folded before Flop (didn't bet)
Seat 8: megazanos collected ($0.24)
Seat 9: Vainamoinenn folded before Flop (didn't bet)



PokerStars Hand #227819507593:  Hold'em No Limit ($0.01/$0.02 USD) - 2021/06/24 13:14:00 PT [2021/06/24 16:14:00 ET]
Table 'Aconcagua III' 9-max Seat #2 is the button
Seat 1: yjqian23 ($1.82 in chips) 
Seat 2: Dorex2007 ($2.20 in chips) 
Seat 3: kaglok ($1.20 in chips) 
Seat 4: hdlü ($2.20 in chips) 
Seat 5: etienne16671 ($2.26 in chips) 
Seat 6: marcos jo196 ($1.36 in chips) 
Seat 7: mikechuyk ($1.95 in chips) 
Seat 8: megazanos ($2.16 in chips) 
Seat 9: Vainamoinenn ($3.79 in chips) 
kaglok: posts small blind $0.01
hdlü: posts big blind $0.02
*** HOLE CARDS ***
Dealt to Dorex2007 [4s Qs]
etienne16671: folds 
marcos jo196: folds 
mikechuyk: raises $0.04 to $0.06
megazanos: folds 
Vainamoinenn: folds 
yjqian23: calls $0.06
Dorex2007: folds 
kaglok: calls $0.05
hdlü: folds 
*** FLOP *** [6s Qc 4h]
kaglok: checks 
mikechuyk: bets $0.19
yjqian23: folds 
kaglok: calls $0.19
*** TURN *** [6s Qc 4h] [4c]
kaglok: checks 
mikechuyk: bets $0.37
kaglok: raises $0.58 to $0.95 and is all-in
mikechuyk: calls $0.58
*** RIVER *** [6s Qc 4h 4c] [9s]
*** SHOW DOWN ***
kaglok: shows [6c As] (two pair, Sixes and Fours)
mikechuyk: shows [Kd Ks] (two pair, Kings and Fours)
mikechuyk collected $2.39 from pot
*** SUMMARY ***
Total pot $2.48 | Rake $0.09 
Board [6s Qc 4h 4c 9s]
Seat 1: yjqian23 folded on the Flop
Seat 2: Dorex2007 (button) folded before Flop (didn't bet)
Seat 3: kaglok (small blind) showed [6c As] and lost with two pair, Sixes and Fours
Seat 4: hdlü (big blind) folded before Flop
Seat 5: etienne16671 folded before Flop (didn't bet)
Seat 6: marcos jo196 folded before Flop (didn't bet)
Seat 7: mikechuyk showed [Kd Ks] and won ($2.39) with two pair, Kings and Fours
Seat 8: megazanos folded before Flop (didn't bet)
Seat 9: Vainamoinenn folded before Flop (didn't bet)



PokerStars Hand #227819548839:  Hold'em No Limit ($0.01/$0.02 USD) - 2021/06/24 13:15:29 PT [2021/06/24 16:15:29 ET]
Table 'Aconcagua III' 9-max Seat #4 is the button
Seat 1: yjqian23 ($1.76 in chips) 
Seat 2: Dorex2007 ($2.20 in chips) 
Seat 4: hdlü ($2.18 in chips) 
Seat 5: etienne16671 ($2.26 in chips) 
Seat 6: marcos jo196 ($1.36 in chips) 
Seat 7: mikechuyk ($3.14 in chips) 
Seat 8: megazanos ($2.16 in chips) 
Seat 9: Vainamoinenn ($3.79 in chips) 
etienne16671: posts small blind $0.01
marcos jo196: posts big blind $0.02
*** HOLE CARDS ***
Dealt to Dorex2007 [5s Tc]
mikechuyk: folds 
megazanos: folds 
kaglok leaves the table
Vainamoinenn: folds 
yjqian23: folds 
Dorex2007: folds 
hdlü: calls $0.02
etienne16671: calls $0.01
marcos jo196: checks 
*** FLOP *** [8d Th Js]
etienne16671: checks 
marcos jo196: checks 
hdlü: bets $0.06
etienne16671: folds 
marcos jo196: folds 
Uncalled bet ($0.06) returned to hdlü
hdlü collected $0.06 from pot
hdlü: doesn't show hand 
*** SUMMARY ***
Total pot $0.06 | Rake $0 
Board [8d Th Js]
Seat 1: yjqian23 folded before Flop (didn't bet)
Seat 2: Dorex2007 folded before Flop (didn't bet)
Seat 4: hdlü (button) collected ($0.06)
Seat 5: etienne16671 (small blind) folded on the Flop
Seat 6: marcos jo196 (big blind) folded on the Flop
Seat 7: mikechuyk folded before Flop (didn't bet)
Seat 8: megazanos folded before Flop (didn't bet)
Seat 9: Vainamoinenn folded before Flop (didn't bet)



PokerStars Hand #227819570862:  Hold'em No Limit ($0.01/$0.02 USD) - 2021/06/24 13:16:16 PT [2021/06/24 16:16:16 ET]
Table 'Aconcagua III' 9-max Seat #5 is the button
Seat 1: yjqian23 ($1.76 in chips) 
Seat 2: Dorex2007 ($2.20 in chips) 
Seat 4: hdlü ($2.22 in chips) 
Seat 5: etienne16671 ($2.24 in chips) 
Seat 6: marcos jo196 ($1.34 in chips) 
Seat 7: mikechuyk ($3.14 in chips) 
Seat 8: megazanos ($2.16 in chips) 
Seat 9: Vainamoinenn ($3.79 in chips) 
marcos jo196: posts small blind $0.01
mikechuyk: posts big blind $0.02
*** HOLE CARDS ***
Dealt to Dorex2007 [3d 9c]
megazanos: folds 
Vainamoinenn: folds 
yjqian23: folds 
Dorex2007: folds 
hdlü: folds 
etienne16671: folds 
marcos jo196: calls $0.01
mikechuyk: checks 
*** FLOP *** [5s 6h 6s]
marcos jo196: checks 
mikechuyk: checks 
*** TURN *** [5s 6h 6s] [Kh]
marcos jo196: bets $0.02
saymonsix01 joins the table at seat #3 
mikechuyk: calls $0.02
*** RIVER *** [5s 6h 6s Kh] [2c]
marcos jo196: bets $0.08
mikechuyk: calls $0.08
*** SHOW DOWN ***
marcos jo196: shows [6c 4s] (three of a kind, Sixes)
mikechuyk: mucks hand 
marcos jo196 collected $0.23 from pot
*** SUMMARY ***
Total pot $0.24 | Rake $0.01 
Board [5s 6h 6s Kh 2c]
Seat 1: yjqian23 folded before Flop (didn't bet)
Seat 2: Dorex2007 folded before Flop (didn't bet)
Seat 4: hdlü folded before Flop (didn't bet)
Seat 5: etienne16671 (button) folded before Flop (didn't bet)
Seat 6: marcos jo196 (small blind) showed [6c 4s] and won ($0.23) with three of a kind, Sixes
Seat 7: mikechuyk (big blind) mucked [Tc Ks]
Seat 8: megazanos folded before Flop (didn't bet)
Seat 9: Vainamoinenn folded before Flop (didn't bet)



PokerStars Hand #227819586341:  Hold'em No Limit ($0.01/$0.02 USD) - 2021/06/24 13:16:49 PT [2021/06/24 16:16:49 ET]
Table 'Aconcagua III' 9-max Seat #6 is the button
Seat 1: yjqian23 ($1.76 in chips) 
Seat 2: Dorex2007 ($2.20 in chips) 
Seat 4: hdlü ($2.22 in chips) 
Seat 5: etienne16671 ($2.24 in chips) 
Seat 6: marcos jo196 ($1.45 in chips) 
Seat 7: mikechuyk ($3.02 in chips) 
Seat 8: megazanos ($2.16 in chips) 
Seat 9: Vainamoinenn ($3.79 in chips) 
mikechuyk: posts small blind $0.01
megazanos: posts big blind $0.02
saymonsix01: sits out 
*** HOLE CARDS ***
Dealt to Dorex2007 [7h 9d]
Vainamoinenn: folds 
yjqian23: folds 
Dorex2007: folds 
hdlü: folds 
etienne16671: folds 
marcos jo196: raises $0.05 to $0.07
mikechuyk: folds 
megazanos: folds 
Uncalled bet ($0.05) returned to marcos jo196
marcos jo196 collected $0.05 from pot
marcos jo196: doesn't show hand 
*** SUMMARY ***
Total pot $0.05 | Rake $0 
Seat 1: yjqian23 folded before Flop (didn't bet)
Seat 2: Dorex2007 folded before Flop (didn't bet)
Seat 4: hdlü folded before Flop (didn't bet)
Seat 5: etienne16671 folded before Flop (didn't bet)
Seat 6: marcos jo196 (button) collected ($0.05)
Seat 7: mikechuyk (small blind) folded before Flop
Seat 8: megazanos (big blind) folded before Flop
Seat 9: Vainamoinenn folded before Flop (didn't bet)



PokerStars Hand #227819598730:  Hold'em No Limit ($0.01/$0.02 USD) - 2021/06/24 13:17:15 PT [2021/06/24 16:17:15 ET]
Table 'Aconcagua III' 9-max Seat #7 is the button
Seat 1: yjqian23 ($1.76 in chips) 
Seat 2: Dorex2007 ($2.20 in chips) 
Seat 4: hdlü ($2.22 in chips) 
Seat 5: etienne16671 ($2.24 in chips) 
Seat 6: marcos jo196 ($1.48 in chips) 
Seat 7: mikechuyk ($3.01 in chips) 
Seat 8: megazanos ($2.14 in chips) 
Seat 9: Vainamoinenn ($3.79 in chips) 
megazanos: posts small blind $0.01
Vainamoinenn: posts big blind $0.02
saymonsix01: sits out 
*** HOLE CARDS ***
Dealt to Dorex2007 [3d Ts]
yjqian23: folds 
Dorex2007: folds 
hdlü: calls $0.02
etienne16671: calls $0.02
marcos jo196: calls $0.02
mikechuyk: folds 
megazanos: folds 
Vainamoinenn: checks 
*** FLOP *** [4s 8d 6s]
Vainamoinenn: checks 
hdlü: bets $0.06
etienne16671: calls $0.06
marcos jo196: folds 
Vainamoinenn: folds 
*** TURN *** [4s 8d 6s] [7d]
hdlü: bets $0.02
etienne16671: raises $0.12 to $0.14
hdlü: calls $0.12
*** RIVER *** [4s 8d 6s 7d] [3h]
hdlü: bets $0.06
etienne16671: raises $0.59 to $0.65
hdlü: folds 
Uncalled bet ($0.59) returned to etienne16671
etienne16671 collected $0.59 from pot
etienne16671: doesn't show hand 
*** SUMMARY ***
Total pot $0.61 | Rake $0.02 
Board [4s 8d 6s 7d 3h]
Seat 1: yjqian23 folded before Flop (didn't bet)
Seat 2: Dorex2007 folded before Flop (didn't bet)
Seat 4: hdlü folded on the River
Seat 5: etienne16671 collected ($0.59)
Seat 6: marcos jo196 folded on the Flop
Seat 7: mikechuyk (button) folded before Flop (didn't bet)
Seat 8: megazanos (small blind) folded before Flop
Seat 9: Vainamoinenn (big blind) folded on the Flop



PokerStars Hand #227819647458:  Hold'em No Limit ($0.01/$0.02 USD) - 2021/06/24 13:18:58 PT [2021/06/24 16:18:58 ET]
Table 'Aconcagua III' 9-max Seat #8 is the button
Seat 1: yjqian23 ($1.76 in chips) 
Seat 2: Dorex2007 ($2.20 in chips) 
Seat 3: saymonsix01 ($2 in chips) 
Seat 4: hdlü ($1.94 in chips) 
Seat 5: etienne16671 ($2.55 in chips) 
Seat 6: marcos jo196 ($1.46 in chips) 
Seat 7: mikechuyk ($3.01 in chips) 
Seat 8: megazanos ($2.13 in chips) 
Seat 9: Vainamoinenn ($3.77 in chips) 
Vainamoinenn: posts small blind $0.01
yjqian23: posts big blind $0.02
saymonsix01: posts big blind $0.02
*** HOLE CARDS ***
Dealt to Dorex2007 [8d Jc]
Dorex2007: folds 
saymonsix01: checks 
hdlü: folds 
etienne16671: calls $0.02
marcos jo196: calls $0.02
mikechuyk: folds 
megazanos: folds 
Vainamoinenn: calls $0.01
yjqian23: checks 
*** FLOP *** [Js 5s 9s]
Vainamoinenn: checks 
yjqian23: checks 
saymonsix01: checks 
etienne16671: checks 
marcos jo196: checks 
*** TURN *** [Js 5s 9s] [5h]
Vainamoinenn: checks 
yjqian23: checks 
saymonsix01: checks 
etienne16671: checks 
marcos jo196: checks 
*** RIVER *** [Js 5s 9s 5h] [5d]
Vainamoinenn: checks 
yjqian23: checks 
saymonsix01: checks 
etienne16671: checks 
marcos jo196: checks 
*** SHOW DOWN ***
Vainamoinenn: shows [4d Qd] (three of a kind, Fives)
yjqian23: shows [Qh 4h] (three of a kind, Fives)
saymonsix01: shows [Ad 3s] (three of a kind, Fives - Ace kicker)
etienne16671: mucks hand 
marcos jo196: mucks hand 
saymonsix01 collected $0.10 from pot
*** SUMMARY ***
Total pot $0.10 | Rake $0 
Board [Js 5s 9s 5h 5d]
Seat 1: yjqian23 (big blind) showed [Qh 4h] and lost with three of a kind, Fives
Seat 2: Dorex2007 folded before Flop (didn't bet)
Seat 3: saymonsix01 showed [Ad 3s] and won ($0.10) with three of a kind, Fives
Seat 4: hdlü folded before Flop (didn't bet)
Seat 5: etienne16671 mucked [Qc 6c]
Seat 6: marcos jo196 mucked [2d Kd]
Seat 7: mikechuyk folded before Flop (didn't bet)
Seat 8: megazanos (button) folded before Flop (didn't bet)
Seat 9: Vainamoinenn (small blind) showed [4d Qd] and lost with three of a kind, Fives



PokerStars Hand #227819688962:  Hold'em No Limit ($0.01/$0.02 USD) - 2021/06/24 13:20:26 PT [2021/06/24 16:20:26 ET]
Table 'Aconcagua III' 9-max Seat #9 is the button
Seat 1: yjqian23 ($1.74 in chips) 
Seat 2: Dorex2007 ($2.20 in chips) 
Seat 3: saymonsix01 ($2.08 in chips) 
Seat 4: hdlü ($1.94 in chips) 
Seat 5: etienne16671 ($2.53 in chips) 
Seat 6: marcos jo196 ($1.44 in chips) 
Seat 7: mikechuyk ($3.01 in chips) 
Seat 8: megazanos ($2.13 in chips) 
Seat 9: Vainamoinenn ($3.75 in chips) 
yjqian23: posts small blind $0.01
Dorex2007: posts big blind $0.02
*** HOLE CARDS ***
Dealt to Dorex2007 [Ad 7h]
saymonsix01: folds 
hdlü: folds 
etienne16671: calls $0.02
marcos jo196: calls $0.02
mikechuyk: folds 
megazanos: folds 
Vainamoinenn: folds 
yjqian23: folds 
Dorex2007: checks 
*** FLOP *** [Kd As 5d]
Dorex2007: checks 
etienne16671: checks 
marcos jo196: checks 
*** TURN *** [Kd As 5d] [4c]
Dorex2007: checks 
etienne16671: checks 
marcos jo196: bets $0.09
Dorex2007: calls $0.09
etienne16671: folds 
*** RIVER *** [Kd As 5d 4c] [Ts]
Dorex2007: bets $0.06
marcos jo196: folds 
Uncalled bet ($0.06) returned to Dorex2007
Dorex2007 collected $0.24 from pot
Dorex2007: doesn't show hand 
*** SUMMARY ***
Total pot $0.25 | Rake $0.01 
Board [Kd As 5d 4c Ts]
Seat 1: yjqian23 (small blind) folded before Flop
Seat 2: Dorex2007 (big blind) collected ($0.24)
Seat 3: saymonsix01 folded before Flop (didn't bet)
Seat 4: hdlü folded before Flop (didn't bet)
Seat 5: etienne16671 folded on the Turn
Seat 6: marcos jo196 folded on the River
Seat 7: mikechuyk folded before Flop (didn't bet)
Seat 8: megazanos folded before Flop (didn't bet)
Seat 9: Vainamoinenn (button) folded before Flop (didn't bet)



PokerStars Hand #227819718813:  Hold'em No Limit ($0.01/$0.02 USD) - 2021/06/24 13:21:28 PT [2021/06/24 16:21:28 ET]
Table 'Aconcagua III' 9-max Seat #1 is the button
Seat 1: yjqian23 ($1.73 in chips) 
Seat 2: Dorex2007 ($2.33 in chips) 
Seat 3: saymonsix01 ($2.08 in chips) 
Seat 4: hdlü ($1.94 in chips) 
Seat 5: etienne16671 ($2.51 in chips) 
Seat 6: marcos jo196 ($1.33 in chips) 
Seat 7: mikechuyk ($3.01 in chips) 
Seat 8: megazanos ($2.13 in chips) 
Seat 9: Vainamoinenn ($3.75 in chips) 
Dorex2007: posts small blind $0.01
saymonsix01: posts big blind $0.02
*** HOLE CARDS ***
Dealt to Dorex2007 [8d 7d]
hdlü: folds 
etienne16671: calls $0.02
marcos jo196: calls $0.02
mikechuyk: folds 
megazanos: folds 
Vainamoinenn: calls $0.02
yjqian23: calls $0.02
Dorex2007: calls $0.01
saymonsix01: checks 
*** FLOP *** [Qs 4d 4h]
Dorex2007: checks 
saymonsix01: checks 
etienne16671: checks 
marcos jo196: checks 
Vainamoinenn: checks 
yjqian23: checks 
*** TURN *** [Qs 4d 4h] [Js]
Dorex2007: checks 
saymonsix01: checks 
etienne16671: bets $0.12
marcos jo196: folds 
Vainamoinenn: calls $0.12
yjqian23: folds 
Dorex2007: folds 
saymonsix01: calls $0.12
*** RIVER *** [Qs 4d 4h Js] [3s]
saymonsix01: checks 
etienne16671: checks 
Vainamoinenn: checks 
*** SHOW DOWN ***
saymonsix01: shows [Jc Td] (two pair, Jacks and Fours)
etienne16671: shows [Ac 4s] (three of a kind, Fours)
Vainamoinenn: mucks hand 
etienne16671 collected $0.46 from pot
*** SUMMARY ***
Total pot $0.48 | Rake $0.02 
Board [Qs 4d 4h Js 3s]
Seat 1: yjqian23 (button) folded on the Turn
Seat 2: Dorex2007 (small blind) folded on the Turn
Seat 3: saymonsix01 (big blind) showed [Jc Td] and lost with two pair, Jacks and Fours
Seat 4: hdlü folded before Flop (didn't bet)
Seat 5: etienne16671 showed [Ac 4s] and won ($0.46) with three of a kind, Fours
Seat 6: marcos jo196 folded on the Turn
Seat 7: mikechuyk folded before Flop (didn't bet)
Seat 8: megazanos folded before Flop (didn't bet)
Seat 9: Vainamoinenn mucked [Jh Kh]



PokerStars Hand #227819777118:  Hold'em No Limit ($0.01/$0.02 USD) - 2021/06/24 13:23:26 PT [2021/06/24 16:23:26 ET]
Table 'Aconcagua III' 9-max Seat #2 is the button
Seat 1: yjqian23 ($1.71 in chips) 
Seat 2: Dorex2007 ($2.31 in chips) 
Seat 3: saymonsix01 ($1.94 in chips) 
Seat 4: hdlü ($1.94 in chips) 
Seat 5: etienne16671 ($2.83 in chips) 
Seat 6: marcos jo196 ($1.31 in chips) 
Seat 7: mikechuyk ($3.01 in chips) 
Seat 8: megazanos ($2.13 in chips) 
Seat 9: Vainamoinenn ($3.61 in chips) 
saymonsix01: posts small blind $0.01
hdlü: posts big blind $0.02
*** HOLE CARDS ***
Dealt to Dorex2007 [2h As]
etienne16671: calls $0.02
marcos jo196: folds 
mikechuyk: folds 
megazanos: folds 
Vainamoinenn: folds 
yjqian23: folds 
Dorex2007: folds 
saymonsix01: calls $0.01
hdlü: checks 
*** FLOP *** [Tc Kh 9h]
saymonsix01: bets $0.03
hdlü: calls $0.03
etienne16671: calls $0.03
*** TURN *** [Tc Kh 9h] [Qc]
saymonsix01: bets $0.14
hdlü: folds 
etienne16671: folds 
Uncalled bet ($0.14) returned to saymonsix01
saymonsix01 collected $0.14 from pot
saymonsix01: doesn't show hand 
*** SUMMARY ***
Total pot $0.15 | Rake $0.01 
Board [Tc Kh 9h Qc]
Seat 1: yjqian23 folded before Flop (didn't bet)
Seat 2: Dorex2007 (button) folded before Flop (didn't bet)
Seat 3: saymonsix01 (small blind) collected ($0.14)
Seat 4: hdlü (big blind) folded on the Turn
Seat 5: etienne16671 folded on the Turn
Seat 6: marcos jo196 folded before Flop (didn't bet)
Seat 7: mikechuyk folded before Flop (didn't bet)
Seat 8: megazanos folded before Flop (didn't bet)
Seat 9: Vainamoinenn folded before Flop (didn't bet)



PokerStars Hand #227819803633:  Hold'em No Limit ($0.01/$0.02 USD) - 2021/06/24 13:24:13 PT [2021/06/24 16:24:13 ET]
Table 'Aconcagua III' 9-max Seat #3 is the button
Seat 1: yjqian23 ($1.71 in chips) 
Seat 2: Dorex2007 ($2.31 in chips) 
Seat 3: saymonsix01 ($2.03 in chips) 
Seat 4: hdlü ($1.89 in chips) 
Seat 5: etienne16671 ($2.78 in chips) 
Seat 6: marcos jo196 ($1.31 in chips) 
Seat 7: mikechuyk ($3.01 in chips) 
Seat 8: megazanos ($2.13 in chips) 
Seat 9: Vainamoinenn ($3.61 in chips) 
hdlü: posts small blind $0.01
etienne16671: posts big blind $0.02
*** HOLE CARDS ***
Dealt to Dorex2007 [6c 8d]
marcos jo196: calls $0.02
mikechuyk: calls $0.02
megazanos: folds 
Vainamoinenn: calls $0.02
yjqian23: folds 
Dorex2007: folds 
saymonsix01: folds 
hdlü: calls $0.01
etienne16671: checks 
*** FLOP *** [2d 8h 4c]
hdlü: checks 
etienne16671: checks 
marcos jo196: checks 
mikechuyk: bets $0.10
Vainamoinenn: folds 
hdlü: folds 
etienne16671: folds 
marcos jo196: calls $0.10
*** TURN *** [2d 8h 4c] [Jc]
marcos jo196: checks 
mikechuyk: bets $0.22
marcos jo196: folds 
Uncalled bet ($0.22) returned to mikechuyk
mikechuyk collected $0.29 from pot
mikechuyk: doesn't show hand 
*** SUMMARY ***
Total pot $0.30 | Rake $0.01 
Board [2d 8h 4c Jc]
Seat 1: yjqian23 folded before Flop (didn't bet)
Seat 2: Dorex2007 folded before Flop (didn't bet)
Seat 3: saymonsix01 (button) folded before Flop (didn't bet)
Seat 4: hdlü (small blind) folded on the Flop
Seat 5: etienne16671 (big blind) folded on the Flop
Seat 6: marcos jo196 folded on the Turn
Seat 7: mikechuyk collected ($0.29)
Seat 8: megazanos folded before Flop (didn't bet)
Seat 9: Vainamoinenn folded on the Flop



PokerStars Hand #227819838491:  Hold'em No Limit ($0.01/$0.02 USD) - 2021/06/24 13:25:27 PT [2021/06/24 16:25:27 ET]
Table 'Aconcagua III' 9-max Seat #4 is the button
Seat 1: yjqian23 ($1.71 in chips) 
Seat 2: Dorex2007 ($2.31 in chips) 
Seat 3: saymonsix01 ($2.03 in chips) 
Seat 4: hdlü ($1.87 in chips) 
Seat 5: etienne16671 ($2.76 in chips) 
Seat 6: marcos jo196 ($1.19 in chips) 
Seat 7: mikechuyk ($3.18 in chips) 
Seat 8: megazanos ($2.13 in chips) 
Seat 9: Vainamoinenn ($3.59 in chips) 
etienne16671: posts small blind $0.01
marcos jo196: posts big blind $0.02
*** HOLE CARDS ***
Dealt to Dorex2007 [Qd 6h]
mikechuyk: folds 
megazanos: folds 
Vainamoinenn: folds 
yjqian23: calls $0.02
Dorex2007: folds 
saymonsix01: calls $0.02
hdlü: folds 
etienne16671: calls $0.01
marcos jo196: raises $0.14 to $0.16
yjqian23: calls $0.14
saymonsix01: folds 
etienne16671: folds 
*** FLOP *** [Kd Qs 5d]
marcos jo196: bets $0.35
yjqian23: calls $0.35
*** TURN *** [Kd Qs 5d] [3h]
marcos jo196: bets $0.68 and is all-in
yjqian23: calls $0.68
yjqian23 has timed out
*** RIVER *** [Kd Qs 5d 3h] [3c]
*** SHOW DOWN ***
marcos jo196: shows [Ks Tc] (two pair, Kings and Threes)
yjqian23: shows [Ac Qh] (two pair, Queens and Threes)
marcos jo196 cashed out the hand for $2.06 | Cash Out Fee $0.02
*** SUMMARY ***
Total pot $2.42 | Rake $0.08 
Board [Kd Qs 5d 3h 3c]
Seat 1: yjqian23 showed [Ac Qh] and lost with two pair, Queens and Threes
Seat 2: Dorex2007 folded before Flop (didn't bet)
Seat 3: saymonsix01 folded before Flop
Seat 4: hdlü (button) folded before Flop (didn't bet)
Seat 5: etienne16671 (small blind) folded before Flop
Seat 6: marcos jo196 (big blind) showed [Ks Tc] and won ($2.34) with two pair, Kings and Threes (pot not awarded as player cashed out)
Seat 7: mikechuyk folded before Flop (didn't bet)
Seat 8: megazanos folded before Flop (didn't bet)
Seat 9: Vainamoinenn folded before Flop (didn't bet)



PokerStars Hand #227819865932:  Hold'em No Limit ($0.01/$0.02 USD) - 2021/06/24 13:26:25 PT [2021/06/24 16:26:25 ET]
Table 'Aconcagua III' 9-max Seat #5 is the button
Seat 1: yjqian23 ($0.52 in chips) 
Seat 2: Dorex2007 ($2.31 in chips) 
Seat 3: saymonsix01 ($2.01 in chips) 
Seat 4: hdlü ($1.87 in chips) 
Seat 5: etienne16671 ($2.74 in chips) 
Seat 6: marcos jo196 ($2.06 in chips) 
Seat 7: mikechuyk ($3.18 in chips) 
Seat 8: megazanos ($2.13 in chips) 
Seat 9: Vainamoinenn ($3.59 in chips) 
marcos jo196: posts small blind $0.01
mikechuyk: posts big blind $0.02
*** HOLE CARDS ***
Dealt to Dorex2007 [As 3s]
megazanos: folds 
Vainamoinenn: folds 
yjqian23: calls $0.02
Dorex2007: folds 
saymonsix01: calls $0.02
hdlü: calls $0.02
etienne16671: calls $0.02
marcos jo196: calls $0.01
mikechuyk: checks 
*** FLOP *** [Tc Qs 3c]
marcos jo196: checks 
mikechuyk: bets $0.12
yjqian23: folds 
saymonsix01: folds 
hdlü: calls $0.12
etienne16671: folds 
marcos jo196: folds 
*** TURN *** [Tc Qs 3c] [9s]
mikechuyk: checks 
hdlü: bets $0.10
mikechuyk: calls $0.10
*** RIVER *** [Tc Qs 3c 9s] [8h]
mikechuyk: checks 
hdlü: bets $0.10
mikechuyk: calls $0.10
*** SHOW DOWN ***
hdlü: shows [4c 8c] (a pair of Eights)
mikechuyk: shows [Th Qc] (two pair, Queens and Tens)
mikechuyk collected $0.73 from pot
*** SUMMARY ***
Total pot $0.76 | Rake $0.03 
Board [Tc Qs 3c 9s 8h]
Seat 1: yjqian23 folded on the Flop
Seat 2: Dorex2007 folded before Flop (didn't bet)
Seat 3: saymonsix01 folded on the Flop
Seat 4: hdlü showed [4c 8c] and lost with a pair of Eights
Seat 5: etienne16671 (button) folded on the Flop
Seat 6: marcos jo196 (small blind) folded on the Flop
Seat 7: mikechuyk (big blind) showed [Th Qc] and won ($0.73) with two pair, Queens and Tens
Seat 8: megazanos folded before Flop (didn't bet)
Seat 9: Vainamoinenn folded before Flop (didn't bet)



PokerStars Hand #227819903700:  Hold'em No Limit ($0.01/$0.02 USD) - 2021/06/24 13:27:44 PT [2021/06/24 16:27:44 ET]
Table 'Aconcagua III' 9-max Seat #6 is the button
Seat 1: yjqian23 ($0.50 in chips) 
Seat 2: Dorex2007 ($2.31 in chips) 
Seat 3: saymonsix01 ($1.99 in chips) 
Seat 4: hdlü ($1.53 in chips) 
Seat 5: etienne16671 ($2.72 in chips) 
Seat 6: marcos jo196 ($2.04 in chips) 
Seat 7: mikechuyk ($3.57 in chips) 
Seat 8: megazanos ($2.13 in chips) 
Seat 9: Vainamoinenn ($3.59 in chips) 
mikechuyk: posts small blind $0.01
megazanos: posts big blind $0.02
*** HOLE CARDS ***
Dealt to Dorex2007 [2d Js]
Vainamoinenn: folds 
yjqian23: calls $0.02
Dorex2007: folds 
saymonsix01: folds 
hdlü: folds 
etienne16671: raises $0.04 to $0.06
marcos jo196: folds 
mikechuyk: folds 
megazanos: folds 
yjqian23: calls $0.04
*** FLOP *** [Kd Kh Ks]
marcos jo196 leaves the table
yjqian23: bets $0.02
etienne16671: folds 
Uncalled bet ($0.02) returned to yjqian23
yjqian23 collected $0.14 from pot
*** SUMMARY ***
Total pot $0.15 | Rake $0.01 
Board [Kd Kh Ks]
Seat 1: yjqian23 collected ($0.14)
Seat 2: Dorex2007 folded before Flop (didn't bet)
Seat 3: saymonsix01 folded before Flop (didn't bet)
Seat 4: hdlü folded before Flop (didn't bet)
Seat 5: etienne16671 folded on the Flop
Seat 6: marcos jo196 (button) folded before Flop (didn't bet)
Seat 7: mikechuyk (small blind) folded before Flop
Seat 8: megazanos (big blind) folded before Flop
Seat 9: Vainamoinenn folded before Flop (didn't bet)



