PokerStars Hand #224431218978:  Hold'em No Limit ($0.01/$0.02 USD) - 2021/03/03 15:59:11 PT [2021/03/03 18:59:11 ET]
Table 'Sundmania' 9-max Seat #6 is the button
Seat 1: Sergio Sire. ($2 in chips) 
Seat 2: j0rigg ($1.14 in chips) 
Seat 3: Tajasch ($1.31 in chips) 
Seat 4: jerome james 1 ($1.93 in chips) 
Seat 5: Golsuorsi ($2.84 in chips) 
Seat 6: AndyT846 ($0.48 in chips) 
Seat 7: stas9038rus ($2.11 in chips) 
Seat 8: Dorex2007 ($1.50 in chips) 
Seat 9: Murray197442 ($1.85 in chips) 
stas9038rus: posts small blind $0.01
Dorex2007: posts big blind $0.02
j0rigg: posts big blind $0.02
*** HOLE CARDS ***
Dealt to Dorex2007 [4d 3d]
Murray197442: folds 
Sergio Sire.: folds 
j0rigg: checks 
Tajasch: folds 
jerome james 1 has timed out
jerome james 1: folds 
Golsuorsi: calls $0.02
AndyT846: folds 
stas9038rus: folds 
Dorex2007: checks 
*** FLOP *** [4h 8h 6d]
Dorex2007: bets $0.05
j0rigg: folds 
Golsuorsi: folds 
Uncalled bet ($0.05) returned to Dorex2007
Dorex2007 collected $0.07 from pot
Dorex2007: doesn't show hand 
*** SUMMARY ***
Total pot $0.07 | Rake $0 
Board [4h 8h 6d]
Seat 1: Sergio Sire. folded before Flop (didn't bet)
Seat 2: j0rigg folded on the Flop (didn't bet)
Seat 3: Tajasch folded before Flop (didn't bet)
Seat 4: jerome james 1 folded before Flop (didn't bet)
Seat 5: Golsuorsi folded on the Flop
Seat 6: AndyT846 (button) folded before Flop (didn't bet)
Seat 7: stas9038rus (small blind) folded before Flop
Seat 8: Dorex2007 (big blind) collected ($0.07)
Seat 9: Murray197442 folded before Flop (didn't bet)



PokerStars Hand #224431235347:  Hold'em No Limit ($0.01/$0.02 USD) - 2021/03/03 16:00:00 PT [2021/03/03 19:00:00 ET]
Table 'Sundmania' 9-max Seat #8 is the button
Seat 1: Sergio Sire. ($2 in chips) 
Seat 2: j0rigg ($1.12 in chips) 
Seat 3: Tajasch ($1.31 in chips) 
Seat 5: Golsuorsi ($2.82 in chips) 
Seat 6: AndyT846 ($0.48 in chips) 
Seat 8: Dorex2007 ($1.55 in chips) 
Seat 9: Murray197442 ($1.85 in chips) 
Murray197442: posts small blind $0.01
Sergio Sire.: posts big blind $0.02
*** HOLE CARDS ***
Dealt to Dorex2007 [Js 8c]
j0rigg: folds 
Tajasch: folds 
Golsuorsi: folds 
AndyT846 has timed out
AndyT846: folds 
Dorex2007: raises $0.04 to $0.06
Murray197442: folds 
Sergio Sire.: folds 
Uncalled bet ($0.04) returned to Dorex2007
Dorex2007 collected $0.05 from pot
Dorex2007: doesn't show hand 
*** SUMMARY ***
Total pot $0.05 | Rake $0 
Seat 1: Sergio Sire. (big blind) folded before Flop
Seat 2: j0rigg folded before Flop (didn't bet)
Seat 3: Tajasch folded before Flop (didn't bet)
Seat 5: Golsuorsi folded before Flop (didn't bet)
Seat 6: AndyT846 folded before Flop (didn't bet)
Seat 8: Dorex2007 (button) collected ($0.05)
Seat 9: Murray197442 (small blind) folded before Flop



PokerStars Hand #224431246646:  Hold'em No Limit ($0.01/$0.02 USD) - 2021/03/03 16:00:32 PT [2021/03/03 19:00:32 ET]
Table 'Sundmania' 9-max Seat #9 is the button
Seat 1: Sergio Sire. ($1.98 in chips) 
Seat 2: j0rigg ($1.12 in chips) 
Seat 3: Tajasch ($1.31 in chips) 
Seat 5: Golsuorsi ($2.82 in chips) 
Seat 6: AndyT846 ($0.48 in chips) 
Seat 8: Dorex2007 ($1.58 in chips) 
Seat 9: Murray197442 ($1.84 in chips) 
Sergio Sire.: posts small blind $0.01
j0rigg: posts big blind $0.02
*** HOLE CARDS ***
Dealt to Dorex2007 [Qd 8s]
Tajasch: folds 
Golsuorsi: folds 
AndyT846: folds 
Dorex2007: folds 
Murray197442: folds 
Sergio Sire.: folds 
Uncalled bet ($0.01) returned to j0rigg
j0rigg collected $0.02 from pot
j0rigg: doesn't show hand 
*** SUMMARY ***
Total pot $0.02 | Rake $0 
Seat 1: Sergio Sire. (small blind) folded before Flop
Seat 2: j0rigg (big blind) collected ($0.02)
Seat 3: Tajasch folded before Flop (didn't bet)
Seat 5: Golsuorsi folded before Flop (didn't bet)
Seat 6: AndyT846 folded before Flop (didn't bet)
Seat 8: Dorex2007 folded before Flop (didn't bet)
Seat 9: Murray197442 (button) folded before Flop (didn't bet)



PokerStars Hand #224431251375:  Hold'em No Limit ($0.01/$0.02 USD) - 2021/03/03 16:00:45 PT [2021/03/03 19:00:45 ET]
Table 'Sundmania' 9-max Seat #1 is the button
Seat 1: Sergio Sire. ($1.97 in chips) 
Seat 2: j0rigg ($1.13 in chips) 
Seat 3: Tajasch ($1.31 in chips) 
Seat 5: Golsuorsi ($2.82 in chips) 
Seat 6: AndyT846 ($0.48 in chips) 
Seat 8: Dorex2007 ($1.58 in chips) 
Seat 9: Murray197442 ($1.84 in chips) 
j0rigg: posts small blind $0.01
Tajasch: posts big blind $0.02
*** HOLE CARDS ***
Dealt to Dorex2007 [Jd Ad]
Golsuorsi: raises $0.02 to $0.04
AndyT846: calls $0.04
Dorex2007: calls $0.04
Murray197442: folds 
Sergio Sire.: folds 
j0rigg: folds 
Tajasch: folds 
*** FLOP *** [Kh Qh 4d]
Golsuorsi: checks 
AndyT846: checks 
Dorex2007: bets $0.11
Golsuorsi: folds 
AndyT846: calls $0.11
*** TURN *** [Kh Qh 4d] [4c]
AndyT846: checks 
Dorex2007: checks 
*** RIVER *** [Kh Qh 4d 4c] [Ts]
AndyT846: checks 
Dorex2007: bets $0.27
AndyT846: folds 
Uncalled bet ($0.27) returned to Dorex2007
Dorex2007 collected $0.36 from pot
Dorex2007: doesn't show hand 
*** SUMMARY ***
Total pot $0.37 | Rake $0.01 
Board [Kh Qh 4d 4c Ts]
Seat 1: Sergio Sire. (button) folded before Flop (didn't bet)
Seat 2: j0rigg (small blind) folded before Flop
Seat 3: Tajasch (big blind) folded before Flop
Seat 5: Golsuorsi folded on the Flop
Seat 6: AndyT846 folded on the River
Seat 8: Dorex2007 collected ($0.36)
Seat 9: Murray197442 folded before Flop (didn't bet)



PokerStars Hand #224431272327:  Hold'em No Limit ($0.01/$0.02 USD) - 2021/03/03 16:01:39 PT [2021/03/03 19:01:39 ET]
Table 'Sundmania' 9-max Seat #2 is the button
Seat 1: Sergio Sire. ($1.97 in chips) 
Seat 2: j0rigg ($1.12 in chips) 
Seat 3: Tajasch ($1.29 in chips) 
Seat 6: AndyT846 ($0.33 in chips) 
Seat 8: Dorex2007 ($1.79 in chips) 
Seat 9: Murray197442 ($1.84 in chips) 
Tajasch: posts small blind $0.01
Golsuorsi: is sitting out 
AndyT846: posts big blind $0.02
*** HOLE CARDS ***
Dealt to Dorex2007 [9s Ks]
Golsuorsi leaves the table
Dorex2007: calls $0.02
Gd-cribeiro joins the table at seat #5 
Murray197442: folds 
Sergio Sire.: folds 
j0rigg: folds 
Tajasch: folds 
AndyT846: checks 
*** FLOP *** [Tc Ts Jd]
AndyT846: bets $0.06
Dorex2007: folds 
Uncalled bet ($0.06) returned to AndyT846
AndyT846 collected $0.05 from pot
*** SUMMARY ***
Total pot $0.05 | Rake $0 
Board [Tc Ts Jd]
Seat 1: Sergio Sire. folded before Flop (didn't bet)
Seat 2: j0rigg (button) folded before Flop (didn't bet)
Seat 3: Tajasch (small blind) folded before Flop
Seat 6: AndyT846 (big blind) collected ($0.05)
Seat 8: Dorex2007 folded on the Flop
Seat 9: Murray197442 folded before Flop (didn't bet)



PokerStars Hand #224431286043:  Hold'em No Limit ($0.01/$0.02 USD) - 2021/03/03 16:02:12 PT [2021/03/03 19:02:12 ET]
Table 'Sundmania' 9-max Seat #3 is the button
Seat 1: Sergio Sire. ($1.97 in chips) 
Seat 2: j0rigg ($1.12 in chips) 
Seat 3: Tajasch ($1.28 in chips) 
Seat 6: AndyT846 ($0.36 in chips) 
Seat 8: Dorex2007 ($1.77 in chips) 
Seat 9: Murray197442 ($1.84 in chips) 
AndyT846: posts small blind $0.01
Dorex2007: posts big blind $0.02
*** HOLE CARDS ***
Dealt to Dorex2007 [8s 7h]
Murray197442: folds 
Sergio Sire.: folds 
j0rigg: folds 
Tajasch: folds 
AndyT846: calls $0.01
Dorex2007: checks 
*** FLOP *** [7d 2s 9d]
AndyT846: bets $0.02
Dorex2007: calls $0.02
*** TURN *** [7d 2s 9d] [3s]
AndyT846: bets $0.02
Dorex2007: calls $0.02
*** RIVER *** [7d 2s 9d 3s] [2c]
AndyT846: bets $0.04
Dorex2007: raises $0.06 to $0.10
AndyT846: calls $0.06
*** SHOW DOWN ***
Dorex2007: shows [8s 7h] (two pair, Sevens and Deuces)
AndyT846: mucks hand 
Dorex2007 collected $0.31 from pot
*** SUMMARY ***
Total pot $0.32 | Rake $0.01 
Board [7d 2s 9d 3s 2c]
Seat 1: Sergio Sire. folded before Flop (didn't bet)
Seat 2: j0rigg folded before Flop (didn't bet)
Seat 3: Tajasch (button) folded before Flop (didn't bet)
Seat 6: AndyT846 (small blind) mucked [Ad Qd]
Seat 8: Dorex2007 (big blind) showed [8s 7h] and won ($0.31) with two pair, Sevens and Deuces
Seat 9: Murray197442 folded before Flop (didn't bet)



PokerStars Hand #224431305283:  Hold'em No Limit ($0.01/$0.02 USD) - 2021/03/03 16:02:58 PT [2021/03/03 19:02:58 ET]
Table 'Sundmania' 9-max Seat #6 is the button
Seat 1: Sergio Sire. ($1.97 in chips) 
Seat 2: j0rigg ($1.12 in chips) 
Seat 3: Tajasch ($1.28 in chips) 
Seat 4: jerome james 1 ($1.93 in chips) 
Seat 6: AndyT846 ($0.20 in chips) 
Seat 8: Dorex2007 ($1.92 in chips) 
Seat 9: Murray197442 ($1.84 in chips) 
Dorex2007: posts small blind $0.01
Murray197442: posts big blind $0.02
jerome james 1: posts small & big blinds $0.03
Gd-cribeiro: sits out 
*** HOLE CARDS ***
Dealt to Dorex2007 [Kc 3s]
Sergio Sire.: calls $0.02
j0rigg: folds 
Tajasch: calls $0.02
jerome james 1: checks 
AndyT846: calls $0.02
Dorex2007: calls $0.01
Murray197442: checks 
*** FLOP *** [7d 4c 8c]
Dorex2007: checks 
Murray197442: checks 
Sergio Sire.: checks 
Tajasch: bets $0.07
jerome james 1: calls $0.07
AndyT846: calls $0.07
Dorex2007: folds 
Murray197442: folds 
Sergio Sire.: raises $0.27 to $0.34
Tajasch: folds 
jerome james 1: folds 
AndyT846: folds 
Uncalled bet ($0.27) returned to Sergio Sire.
Sergio Sire. collected $0.40 from pot
Sergio Sire.: doesn't show hand 
*** SUMMARY ***
Total pot $0.41 | Rake $0.01 
Board [7d 4c 8c]
Seat 1: Sergio Sire. collected ($0.40)
Seat 2: j0rigg folded before Flop (didn't bet)
Seat 3: Tajasch folded on the Flop
Seat 4: jerome james 1 folded on the Flop
Seat 6: AndyT846 (button) folded on the Flop
Seat 8: Dorex2007 (small blind) folded on the Flop
Seat 9: Murray197442 (big blind) folded on the Flop



PokerStars Hand #224431334053:  Hold'em No Limit ($0.01/$0.02 USD) - 2021/03/03 16:04:06 PT [2021/03/03 19:04:06 ET]
Table 'Sundmania' 9-max Seat #8 is the button
Seat 1: Sergio Sire. ($2.28 in chips) 
Seat 2: j0rigg ($1.12 in chips) 
Seat 3: Tajasch ($1.19 in chips) 
Seat 4: jerome james 1 ($1.83 in chips) 
Seat 6: AndyT846 ($0.11 in chips) 
Seat 8: Dorex2007 ($1.90 in chips) 
Seat 9: Murray197442 ($1.82 in chips) 
Murray197442: posts small blind $0.01
Sergio Sire.: posts big blind $0.02
Gd-cribeiro: sits out 
*** HOLE CARDS ***
Dealt to Dorex2007 [4c 5s]
j0rigg: folds 
Tajasch: folds 
jerome james 1 has timed out
jerome james 1: folds 
AndyT846: folds 
Dorex2007: folds 
Murray197442: folds 
Uncalled bet ($0.01) returned to Sergio Sire.
Sergio Sire. collected $0.02 from pot
Sergio Sire.: doesn't show hand 
*** SUMMARY ***
Total pot $0.02 | Rake $0 
Seat 1: Sergio Sire. (big blind) collected ($0.02)
Seat 2: j0rigg folded before Flop (didn't bet)
Seat 3: Tajasch folded before Flop (didn't bet)
Seat 4: jerome james 1 folded before Flop (didn't bet)
Seat 6: AndyT846 folded before Flop (didn't bet)
Seat 8: Dorex2007 (button) folded before Flop (didn't bet)
Seat 9: Murray197442 (small blind) folded before Flop



PokerStars Hand #224431345445:  Hold'em No Limit ($0.01/$0.02 USD) - 2021/03/03 16:04:33 PT [2021/03/03 19:04:33 ET]
Table 'Sundmania' 9-max Seat #9 is the button
Seat 1: Sergio Sire. ($2.29 in chips) 
Seat 2: j0rigg ($1.12 in chips) 
Seat 3: Tajasch ($1.19 in chips) 
Seat 6: AndyT846 ($0.11 in chips) 
Seat 8: Dorex2007 ($1.90 in chips) 
Seat 9: Murray197442 ($1.81 in chips) 
Sergio Sire.: posts small blind $0.01
j0rigg: posts big blind $0.02
Gd-cribeiro: sits out 
*** HOLE CARDS ***
Dealt to Dorex2007 [7s Td]
Tajasch: folds 
AndyT846: raises $0.09 to $0.11 and is all-in
Dorex2007: folds 
Murray197442: folds 
Sergio Sire.: raises $0.09 to $0.20
j0rigg: folds 
Uncalled bet ($0.09) returned to Sergio Sire.
*** FLOP *** [Js Qh 7d]
*** TURN *** [Js Qh 7d] [Ac]
*** RIVER *** [Js Qh 7d Ac] [4h]
*** SHOW DOWN ***
Sergio Sire.: shows [Kh Ks] (a pair of Kings)
AndyT846: shows [8d 8s] (a pair of Eights)
Sergio Sire. collected $0.23 from pot
*** SUMMARY ***
Total pot $0.24 | Rake $0.01 
Board [Js Qh 7d Ac 4h]
Seat 1: Sergio Sire. (small blind) showed [Kh Ks] and won ($0.23) with a pair of Kings
Seat 2: j0rigg (big blind) folded before Flop
Seat 3: Tajasch folded before Flop (didn't bet)
Seat 6: AndyT846 showed [8d 8s] and lost with a pair of Eights
Seat 8: Dorex2007 folded before Flop (didn't bet)
Seat 9: Murray197442 (button) folded before Flop (didn't bet)



PokerStars Hand #224431358734:  Hold'em No Limit ($0.01/$0.02 USD) - 2021/03/03 16:05:04 PT [2021/03/03 19:05:04 ET]
Table 'Sundmania' 9-max Seat #1 is the button
Seat 1: Sergio Sire. ($2.41 in chips) 
Seat 2: j0rigg ($1.10 in chips) 
Seat 4: jerome james 1 ($1.83 in chips) 
Seat 8: Dorex2007 ($1.90 in chips) 
Seat 9: Murray197442 ($1.81 in chips) 
j0rigg: posts small blind $0.01
jerome james 1: posts big blind $0.02
Gd-cribeiro: sits out 
*** HOLE CARDS ***
Dealt to Dorex2007 [3h 8c]
Dorex2007: folds 
Murray197442: calls $0.02
Sergio Sire.: folds 
j0rigg: raises $0.02 to $0.04
AndyT846 leaves the table
jerome james 1: calls $0.02
Murray197442: folds 
*** FLOP *** [5h Qc 5c]
j0rigg: checks 
jerome james 1: checks 
*** TURN *** [5h Qc 5c] [3c]
j0rigg: checks 
jerome james 1: checks 
*** RIVER *** [5h Qc 5c 3c] [Ad]
j0rigg: checks 
jerome james 1: bets $0.04
j0rigg: folds 
Uncalled bet ($0.04) returned to jerome james 1
jerome james 1 collected $0.10 from pot
jerome james 1: doesn't show hand 
*** SUMMARY ***
Total pot $0.10 | Rake $0 
Board [5h Qc 5c 3c Ad]
Seat 1: Sergio Sire. (button) folded before Flop (didn't bet)
Seat 2: j0rigg (small blind) folded on the River
Seat 4: jerome james 1 (big blind) collected ($0.10)
Seat 8: Dorex2007 folded before Flop (didn't bet)
Seat 9: Murray197442 folded before Flop



PokerStars Hand #224431403647:  Hold'em No Limit ($0.01/$0.02 USD) - 2021/03/03 16:06:07 PT [2021/03/03 19:06:07 ET]
Table 'Sundmania' 9-max Seat #2 is the button
Seat 1: Sergio Sire. ($2.41 in chips) 
Seat 2: j0rigg ($1.06 in chips) 
Seat 4: jerome james 1 ($1.89 in chips) 
Seat 5: Gd-cribeiro ($2 in chips) 
Seat 8: Dorex2007 ($1.90 in chips) 
Seat 9: Murray197442 ($1.79 in chips) 
jerome james 1: posts small blind $0.01
Gd-cribeiro: posts big blind $0.02
stas9038rus: sits out 
*** HOLE CARDS ***
Dealt to Dorex2007 [7h As]
pbt1983 joins the table at seat #6 
Dorex2007: folds 
Murray197442: folds 
Sergio Sire.: raises $0.03 to $0.05
j0rigg: folds 
jerome james 1: calls $0.04
Gd-cribeiro: folds 
*** FLOP *** [8d 9c 2h]
jerome james 1: checks 
Sergio Sire.: checks 
*** TURN *** [8d 9c 2h] [6h]
jerome james 1: bets $0.06
Sergio Sire.: calls $0.06
*** RIVER *** [8d 9c 2h 6h] [5d]
jerome james 1: bets $0.14
Sergio Sire.: folds 
Uncalled bet ($0.14) returned to jerome james 1
jerome james 1 collected $0.23 from pot
jerome james 1: doesn't show hand 
*** SUMMARY ***
Total pot $0.24 | Rake $0.01 
Board [8d 9c 2h 6h 5d]
Seat 1: Sergio Sire. folded on the River
Seat 2: j0rigg (button) folded before Flop (didn't bet)
Seat 4: jerome james 1 (small blind) collected ($0.23)
Seat 5: Gd-cribeiro (big blind) folded before Flop
Seat 8: Dorex2007 folded before Flop (didn't bet)
Seat 9: Murray197442 folded before Flop (didn't bet)



PokerStars Hand #224431426235:  Hold'em No Limit ($0.01/$0.02 USD) - 2021/03/03 16:07:01 PT [2021/03/03 19:07:01 ET]
Table 'Sundmania' 9-max Seat #4 is the button
Seat 1: Sergio Sire. ($2.30 in chips) 
Seat 2: j0rigg ($1.06 in chips) 
Seat 4: jerome james 1 ($2.01 in chips) 
Seat 5: Gd-cribeiro ($2 in chips) 
Seat 6: pbt1983 ($1.60 in chips) 
Seat 8: Dorex2007 ($1.90 in chips) 
Seat 9: Murray197442 ($1.79 in chips) 
Gd-cribeiro: posts small blind $0.01
pbt1983: posts big blind $0.02
stas9038rus: sits out 
*** HOLE CARDS ***
Dealt to Dorex2007 [2s Kh]
Dorex2007: folds 
Murray197442: folds 
Sergio Sire.: folds 
j0rigg: folds 
jerome james 1: calls $0.02
Gd-cribeiro: folds 
pbt1983: checks 
*** FLOP *** [5d 5h 8c]
pbt1983: bets $0.02
jerome james 1: calls $0.02
*** TURN *** [5d 5h 8c] [7h]
pbt1983: bets $0.04
jerome james 1: calls $0.04
*** RIVER *** [5d 5h 8c 7h] [Th]
pbt1983: checks 
jerome james 1: bets $0.06
Sergio Sire. leaves the table
pbt1983: calls $0.06
*** SHOW DOWN ***
jerome james 1: shows [Kd Js] (a pair of Fives)
pbt1983: shows [8h 3s] (two pair, Eights and Fives)
pbt1983 collected $0.28 from pot
*** SUMMARY ***
Total pot $0.29 | Rake $0.01 
Board [5d 5h 8c 7h Th]
Seat 1: Sergio Sire. folded before Flop (didn't bet)
Seat 2: j0rigg folded before Flop (didn't bet)
Seat 4: jerome james 1 (button) showed [Kd Js] and lost with a pair of Fives
Seat 5: Gd-cribeiro (small blind) folded before Flop
Seat 6: pbt1983 (big blind) showed [8h 3s] and won ($0.28) with two pair, Eights and Fives
Seat 8: Dorex2007 folded before Flop (didn't bet)
Seat 9: Murray197442 folded before Flop (didn't bet)



PokerStars Hand #224431450495:  Hold'em No Limit ($0.01/$0.02 USD) - 2021/03/03 16:07:59 PT [2021/03/03 19:07:59 ET]
Table 'Sundmania' 9-max Seat #5 is the button
Seat 2: j0rigg ($1.06 in chips) 
Seat 3: Tajasch ($1.19 in chips) 
Seat 4: jerome james 1 ($1.87 in chips) 
Seat 5: Gd-cribeiro ($2 in chips) 
Seat 6: pbt1983 ($1.74 in chips) 
Seat 7: stas9038rus ($2.10 in chips) 
Seat 8: Dorex2007 ($1.90 in chips) 
Seat 9: Murray197442 ($1.79 in chips) 
pbt1983: posts small blind $0.01
stas9038rus: posts big blind $0.02
Tajasch: posts small & big blinds $0.03
*** HOLE CARDS ***
Dealt to Dorex2007 [4d Js]
Dorex2007: folds 
Murray197442: folds 
j0rigg: folds 
Tajasch: checks 
Nick Zonias joins the table at seat #1 
jerome james 1: raises $0.02 to $0.04
Gd-cribeiro: folds 
pbt1983: calls $0.03
stas9038rus: folds 
Tajasch: folds 
*** FLOP *** [As Qc 8h]
pbt1983: bets $0.06
jerome james 1: folds 
Uncalled bet ($0.06) returned to pbt1983
pbt1983 collected $0.13 from pot
pbt1983: doesn't show hand 
*** SUMMARY ***
Total pot $0.13 | Rake $0 
Board [As Qc 8h]
Seat 2: j0rigg folded before Flop (didn't bet)
Seat 3: Tajasch folded before Flop (didn't bet)
Seat 4: jerome james 1 folded on the Flop
Seat 5: Gd-cribeiro (button) folded before Flop (didn't bet)
Seat 6: pbt1983 (small blind) collected ($0.13)
Seat 7: stas9038rus (big blind) folded before Flop
Seat 8: Dorex2007 folded before Flop (didn't bet)
Seat 9: Murray197442 folded before Flop (didn't bet)



PokerStars Hand #224431477568:  Hold'em No Limit ($0.01/$0.02 USD) - 2021/03/03 16:08:53 PT [2021/03/03 19:08:53 ET]
Table 'Sundmania' 9-max Seat #6 is the button
Seat 1: Nick Zonias ($1 in chips) 
Seat 2: j0rigg ($1.06 in chips) 
Seat 3: Tajasch ($1.16 in chips) 
Seat 4: jerome james 1 ($1.83 in chips) 
Seat 5: Gd-cribeiro ($2 in chips) 
Seat 6: pbt1983 ($1.83 in chips) 
Seat 7: stas9038rus ($2.08 in chips) 
Seat 8: Dorex2007 ($1.90 in chips) 
Seat 9: Murray197442 ($1.79 in chips) 
stas9038rus: posts small blind $0.01
Dorex2007: posts big blind $0.02
Nick Zonias: posts big blind $0.02
*** HOLE CARDS ***
Dealt to Dorex2007 [2c 2d]
Murray197442: folds 
Nick Zonias: checks 
j0rigg: raises $0.04 to $0.06
Tajasch: calls $0.06
jerome james 1 has timed out
jerome james 1: folds 
Gd-cribeiro: folds 
pbt1983: calls $0.06
stas9038rus: folds 
Dorex2007: calls $0.04
Nick Zonias: calls $0.04
*** FLOP *** [9h Td 3h]
Dorex2007: checks 
Nick Zonias: checks 
j0rigg: checks 
Tajasch: bets $0.20
pbt1983: folds 
Dorex2007: folds 
Nick Zonias: folds 
j0rigg: folds 
Uncalled bet ($0.20) returned to Tajasch
Tajasch collected $0.30 from pot
Tajasch: doesn't show hand 
*** SUMMARY ***
Total pot $0.31 | Rake $0.01 
Board [9h Td 3h]
Seat 1: Nick Zonias folded on the Flop
Seat 2: j0rigg folded on the Flop
Seat 3: Tajasch collected ($0.30)
Seat 4: jerome james 1 folded before Flop (didn't bet)
Seat 5: Gd-cribeiro folded before Flop (didn't bet)
Seat 6: pbt1983 (button) folded on the Flop
Seat 7: stas9038rus (small blind) folded before Flop
Seat 8: Dorex2007 (big blind) folded on the Flop
Seat 9: Murray197442 folded before Flop (didn't bet)



PokerStars Hand #224431507598:  Hold'em No Limit ($0.01/$0.02 USD) - 2021/03/03 16:10:06 PT [2021/03/03 19:10:06 ET]
Table 'Sundmania' 9-max Seat #7 is the button
Seat 1: Nick Zonias ($0.94 in chips) 
Seat 2: j0rigg ($1 in chips) 
Seat 3: Tajasch ($1.40 in chips) 
Seat 4: jerome james 1 ($1.83 in chips) 
Seat 5: Gd-cribeiro ($2 in chips) 
Seat 6: pbt1983 ($1.77 in chips) 
Seat 7: stas9038rus ($2.07 in chips) 
Seat 8: Dorex2007 ($1.84 in chips) 
Seat 9: Murray197442 ($1.79 in chips) 
Dorex2007: posts small blind $0.01
Murray197442: posts big blind $0.02
*** HOLE CARDS ***
Dealt to Dorex2007 [Ad 9s]
Nick Zonias: folds 
j0rigg: folds 
Tajasch: folds 
jerome james 1: calls $0.02
Gd-cribeiro: folds 
pbt1983: calls $0.02
stas9038rus: folds 
Dorex2007: calls $0.01
Murray197442: checks 
*** FLOP *** [4h 8c 2c]
Dorex2007: checks 
Murray197442: checks 
Gd-cribeiro leaves the table
jerome james 1: bets $0.02
pbt1983: folds 
Dorex2007: folds 
Murray197442: folds 
Uncalled bet ($0.02) returned to jerome james 1
jerome james 1 collected $0.08 from pot
jerome james 1: doesn't show hand 
*** SUMMARY ***
Total pot $0.08 | Rake $0 
Board [4h 8c 2c]
Seat 1: Nick Zonias folded before Flop (didn't bet)
Seat 2: j0rigg folded before Flop (didn't bet)
Seat 3: Tajasch folded before Flop (didn't bet)
Seat 4: jerome james 1 collected ($0.08)
Seat 5: Gd-cribeiro folded before Flop (didn't bet)
Seat 6: pbt1983 folded on the Flop
Seat 7: stas9038rus (button) folded before Flop (didn't bet)
Seat 8: Dorex2007 (small blind) folded on the Flop
Seat 9: Murray197442 (big blind) folded on the Flop



PokerStars Hand #224431530409:  Hold'em No Limit ($0.01/$0.02 USD) - 2021/03/03 16:11:01 PT [2021/03/03 19:11:01 ET]
Table 'Sundmania' 9-max Seat #8 is the button
Seat 1: Nick Zonias ($0.94 in chips) 
Seat 2: j0rigg ($1 in chips) 
Seat 3: Tajasch ($1.40 in chips) 
Seat 4: jerome james 1 ($1.89 in chips) 
Seat 7: stas9038rus ($2.07 in chips) 
Seat 8: Dorex2007 ($1.82 in chips) 
Seat 9: Murray197442 ($1.77 in chips) 
Murray197442: posts small blind $0.01
Nick Zonias: posts big blind $0.02
*** HOLE CARDS ***
Dealt to Dorex2007 [Jd Ts]
j0rigg: folds 
Tajasch: raises $0.04 to $0.06
jerome james 1: calls $0.06
stas9038rus: calls $0.06
Dorex2007: folds 
Murray197442: folds 
Nick Zonias: raises $0.88 to $0.94 and is all-in
Tajasch: folds 
jerome james 1: folds 
stas9038rus: calls $0.88
*** FLOP *** [3c Kc Ac]
*** TURN *** [3c Kc Ac] [8d]
*** RIVER *** [3c Kc Ac 8d] [3d]
*** SHOW DOWN ***
Nick Zonias: shows [Qc Ah] (two pair, Aces and Threes)
stas9038rus: shows [7s 7h] (two pair, Sevens and Threes)
Nick Zonias collected $1.94 from pot
stas9038rus cashed out the hand for $1.04 | Cash Out Fee $0.01
*** SUMMARY ***
Total pot $2.01 | Rake $0.07 
Board [3c Kc Ac 8d 3d]
Seat 1: Nick Zonias (big blind) showed [Qc Ah] and won ($1.94) with two pair, Aces and Threes
Seat 2: j0rigg folded before Flop (didn't bet)
Seat 3: Tajasch folded before Flop
Seat 4: jerome james 1 folded before Flop
Seat 7: stas9038rus showed [7s 7h] and lost with two pair, Sevens and Threes (cashed out).
Seat 8: Dorex2007 (button) folded before Flop (didn't bet)
Seat 9: Murray197442 (small blind) folded before Flop



PokerStars Hand #224431549067:  Hold'em No Limit ($0.01/$0.02 USD) - 2021/03/03 16:11:47 PT [2021/03/03 19:11:47 ET]
Table 'Sundmania' 9-max Seat #9 is the button
Seat 1: Nick Zonias ($1.94 in chips) 
Seat 2: j0rigg ($1 in chips) 
Seat 3: Tajasch ($1.34 in chips) 
Seat 4: jerome james 1 ($1.83 in chips) 
Seat 7: stas9038rus ($2.17 in chips) 
Seat 8: Dorex2007 ($1.82 in chips) 
Seat 9: Murray197442 ($1.76 in chips) 
Nick Zonias: posts small blind $0.01
j0rigg: posts big blind $0.02
*** HOLE CARDS ***
Dealt to Dorex2007 [2h 9d]
Tajasch: folds 
jerome james 1: calls $0.02
stas9038rus: raises $0.04 to $0.06
Dorex2007: folds 
Murray197442: folds 
Nick Zonias: calls $0.05
j0rigg: folds 
jerome james 1: calls $0.04
*** FLOP *** [2s 7d 6d]
*1974N0B joins the table at seat #5 
Nick Zonias: bets $0.02
jerome james 1: calls $0.02
stas9038rus: calls $0.02
*** TURN *** [2s 7d 6d] [Qs]
Nick Zonias: bets $0.02
jerome james 1: calls $0.02
stas9038rus: calls $0.02
*** RIVER *** [2s 7d 6d Qs] [6s]
Nick Zonias: checks 
jerome james 1: checks 
stas9038rus: checks 
*** SHOW DOWN ***
Nick Zonias: shows [Jd Td] (a pair of Sixes)
jerome james 1: mucks hand 
stas9038rus: shows [5s 5c] (two pair, Sixes and Fives)
stas9038rus collected $0.31 from pot
*** SUMMARY ***
Total pot $0.32 | Rake $0.01 
Board [2s 7d 6d Qs 6s]
Seat 1: Nick Zonias (small blind) showed [Jd Td] and lost with a pair of Sixes
Seat 2: j0rigg (big blind) folded before Flop
Seat 3: Tajasch folded before Flop (didn't bet)
Seat 4: jerome james 1 mucked [3s Jh]
Seat 7: stas9038rus showed [5s 5c] and won ($0.31) with two pair, Sixes and Fives
Seat 8: Dorex2007 folded before Flop (didn't bet)
Seat 9: Murray197442 (button) folded before Flop (didn't bet)



PokerStars Hand #224431579400:  Hold'em No Limit ($0.01/$0.02 USD) - 2021/03/03 16:13:02 PT [2021/03/03 19:13:02 ET]
Table 'Sundmania' 9-max Seat #2 is the button
Seat 2: j0rigg ($0.98 in chips) 
Seat 3: Tajasch ($1.34 in chips) 
Seat 4: jerome james 1 ($1.73 in chips) 
Seat 7: stas9038rus ($2.38 in chips) 
Seat 8: Dorex2007 ($1.82 in chips) 
Seat 9: Murray197442 ($1.76 in chips) 
Tajasch: posts small blind $0.01
jerome james 1: posts big blind $0.02
*1974N0B: sits out 
*** HOLE CARDS ***
Dealt to Dorex2007 [8h Qd]
stas9038rus: folds 
Dorex2007: calls $0.02
Murray197442: folds 
j0rigg: calls $0.02
Tajasch: calls $0.01
jerome james 1: raises $0.02 to $0.04
Dorex2007: calls $0.02
j0rigg: calls $0.02
Luke Duarte joins the table at seat #1 
Tajasch: calls $0.02
*** FLOP *** [Ad Ks 4s]
Tajasch: checks 
jerome james 1: bets $0.04
Dorex2007: folds 
j0rigg: folds 
Tajasch: calls $0.04
*** TURN *** [Ad Ks 4s] [5s]
Tajasch: bets $0.06
jerome james 1: calls $0.06
*** RIVER *** [Ad Ks 4s 5s] [Jd]
Tajasch: checks 
jerome james 1: bets $0.20
Tajasch: folds 
Uncalled bet ($0.20) returned to jerome james 1
jerome james 1 collected $0.35 from pot
jerome james 1: doesn't show hand 
*** SUMMARY ***
Total pot $0.36 | Rake $0.01 
Board [Ad Ks 4s 5s Jd]
Seat 2: j0rigg (button) folded on the Flop
Seat 3: Tajasch (small blind) folded on the River
Seat 4: jerome james 1 (big blind) collected ($0.35)
Seat 7: stas9038rus folded before Flop (didn't bet)
Seat 8: Dorex2007 folded on the Flop
Seat 9: Murray197442 folded before Flop (didn't bet)



PokerStars Hand #224431620044:  Hold'em No Limit ($0.01/$0.02 USD) - 2021/03/03 16:14:43 PT [2021/03/03 19:14:43 ET]
Table 'Sundmania' 9-max Seat #3 is the button
Seat 1: Luke Duarte ($2 in chips) 
Seat 2: j0rigg ($0.94 in chips) 
Seat 3: Tajasch ($1.20 in chips) 
Seat 4: jerome james 1 ($1.94 in chips) 
Seat 5: *1974N0B ($2 in chips) 
Seat 7: stas9038rus ($2.38 in chips) 
Seat 8: Dorex2007 ($1.78 in chips) 
Seat 9: Murray197442 ($1.76 in chips) 
jerome james 1: posts small blind $0.01
*1974N0B: posts big blind $0.02
Luke Duarte: posts big blind $0.02
*** HOLE CARDS ***
Dealt to Dorex2007 [Js Jd]
stas9038rus: folds 
Dorex2007: raises $0.04 to $0.06
Murray197442: folds 
Luke Duarte: calls $0.04
j0rigg: folds 
Tajasch: folds 
jerome james 1: calls $0.05
*1974N0B: calls $0.04
*** FLOP *** [8h 9s 3c]
jerome james 1: checks 
*1974N0B: checks 
Dorex2007: bets $0.17
Luke Duarte: folds 
jerome james 1: folds 
*1974N0B: folds 
Uncalled bet ($0.17) returned to Dorex2007
Dorex2007 collected $0.23 from pot
Dorex2007: doesn't show hand 
*** SUMMARY ***
Total pot $0.24 | Rake $0.01 
Board [8h 9s 3c]
Seat 1: Luke Duarte folded on the Flop
Seat 2: j0rigg folded before Flop (didn't bet)
Seat 3: Tajasch (button) folded before Flop (didn't bet)
Seat 4: jerome james 1 (small blind) folded on the Flop
Seat 5: *1974N0B (big blind) folded on the Flop
Seat 7: stas9038rus folded before Flop (didn't bet)
Seat 8: Dorex2007 collected ($0.23)
Seat 9: Murray197442 folded before Flop (didn't bet)



PokerStars Hand #224431643985:  Hold'em No Limit ($0.01/$0.02 USD) - 2021/03/03 16:15:42 PT [2021/03/03 19:15:42 ET]
Table 'Sundmania' 9-max Seat #4 is the button
Seat 1: Luke Duarte ($1.94 in chips) 
Seat 2: j0rigg ($0.94 in chips) 
Seat 3: Tajasch ($1.20 in chips) 
Seat 4: jerome james 1 ($1.88 in chips) 
Seat 5: *1974N0B ($2 in chips) 
Seat 7: stas9038rus ($2.38 in chips) 
Seat 8: Dorex2007 ($1.95 in chips) 
Seat 9: Murray197442 ($1.76 in chips) 
*1974N0B: posts small blind $0.01
stas9038rus: posts big blind $0.02
*** HOLE CARDS ***
Dealt to Dorex2007 [4d 8c]
Dorex2007: folds 
Murray197442: folds 
Luke Duarte: folds 
j0rigg: folds 
Tajasch: folds 
jerome james 1 has timed out
jerome james 1: folds 
*1974N0B: folds 
Uncalled bet ($0.01) returned to stas9038rus
stas9038rus collected $0.02 from pot
stas9038rus: doesn't show hand 
*** SUMMARY ***
Total pot $0.02 | Rake $0 
Seat 1: Luke Duarte folded before Flop (didn't bet)
Seat 2: j0rigg folded before Flop (didn't bet)
Seat 3: Tajasch folded before Flop (didn't bet)
Seat 4: jerome james 1 (button) folded before Flop (didn't bet)
Seat 5: *1974N0B (small blind) folded before Flop
Seat 7: stas9038rus (big blind) collected ($0.02)
Seat 8: Dorex2007 folded before Flop (didn't bet)
Seat 9: Murray197442 folded before Flop (didn't bet)



PokerStars Hand #224431652513:  Hold'em No Limit ($0.01/$0.02 USD) - 2021/03/03 16:16:03 PT [2021/03/03 19:16:03 ET]
Table 'Sundmania' 9-max Seat #5 is the button
Seat 1: Luke Duarte ($1.94 in chips) 
Seat 2: j0rigg ($0.94 in chips) 
Seat 3: Tajasch ($1.20 in chips) 
Seat 5: *1974N0B ($2 in chips) 
Seat 7: stas9038rus ($2.39 in chips) 
Seat 8: Dorex2007 ($1.95 in chips) 
Seat 9: Murray197442 ($1.76 in chips) 
stas9038rus: posts small blind $0.01
Dorex2007: posts big blind $0.02
*** HOLE CARDS ***
Dealt to Dorex2007 [3d Jh]
Murray197442: folds 
Luke Duarte: folds 
j0rigg: folds 
Tajasch: raises $0.04 to $0.06
*1974N0B: folds 
stas9038rus: folds 
Dorex2007: folds 
Uncalled bet ($0.04) returned to Tajasch
Tajasch collected $0.05 from pot
Tajasch: doesn't show hand 
*** SUMMARY ***
Total pot $0.05 | Rake $0 
Seat 1: Luke Duarte folded before Flop (didn't bet)
Seat 2: j0rigg folded before Flop (didn't bet)
Seat 3: Tajasch collected ($0.05)
Seat 5: *1974N0B (button) folded before Flop (didn't bet)
Seat 7: stas9038rus (small blind) folded before Flop
Seat 8: Dorex2007 (big blind) folded before Flop
Seat 9: Murray197442 folded before Flop (didn't bet)



PokerStars Hand #224431663667:  Hold'em No Limit ($0.01/$0.02 USD) - 2021/03/03 16:16:31 PT [2021/03/03 19:16:31 ET]
Table 'Sundmania' 9-max Seat #7 is the button
Seat 1: Luke Duarte ($1.94 in chips) 
Seat 2: j0rigg ($0.94 in chips) 
Seat 3: Tajasch ($1.23 in chips) 
Seat 5: *1974N0B ($2 in chips) 
Seat 7: stas9038rus ($2.38 in chips) 
Seat 8: Dorex2007 ($1.93 in chips) 
Seat 9: Murray197442 ($1.76 in chips) 
Dorex2007: posts small blind $0.01
Murray197442: posts big blind $0.02
*** HOLE CARDS ***
Dealt to Dorex2007 [4c 3c]
Luke Duarte: folds 
j0rigg: folds 
Tajasch: folds 
*1974N0B: raises $0.04 to $0.06
stas9038rus: folds 
Dorex2007: folds 
Murray197442: folds 
Uncalled bet ($0.04) returned to *1974N0B
*1974N0B collected $0.05 from pot
*** SUMMARY ***
Total pot $0.05 | Rake $0 
Seat 1: Luke Duarte folded before Flop (didn't bet)
Seat 2: j0rigg folded before Flop (didn't bet)
Seat 3: Tajasch folded before Flop (didn't bet)
Seat 5: *1974N0B collected ($0.05)
Seat 7: stas9038rus (button) folded before Flop (didn't bet)
Seat 8: Dorex2007 (small blind) folded before Flop
Seat 9: Murray197442 (big blind) folded before Flop



PokerStars Hand #224431671049:  Hold'em No Limit ($0.01/$0.02 USD) - 2021/03/03 16:16:50 PT [2021/03/03 19:16:50 ET]
Table 'Sundmania' 9-max Seat #8 is the button
Seat 1: Luke Duarte ($1.94 in chips) 
Seat 2: j0rigg ($0.94 in chips) 
Seat 3: Tajasch ($1.23 in chips) 
Seat 5: *1974N0B ($2.03 in chips) 
Seat 7: stas9038rus ($2.38 in chips) 
Seat 8: Dorex2007 ($1.92 in chips) 
Seat 9: Murray197442 ($1.74 in chips) 
Murray197442: posts small blind $0.01
Luke Duarte: posts big blind $0.02
*** HOLE CARDS ***
Dealt to Dorex2007 [3c As]
pbt1983 leaves the table
j0rigg: folds 
Tajasch: folds 
*1974N0B: folds 
stas9038rus: folds 
Dorex2007: raises $0.04 to $0.06
Murray197442: folds 
Luke Duarte: calls $0.04
*** FLOP *** [4h 7h 5h]
Luke Duarte: bets $0.07
Dorex2007: folds 
Uncalled bet ($0.07) returned to Luke Duarte
Luke Duarte collected $0.13 from pot
Luke Duarte: doesn't show hand 
*** SUMMARY ***
Total pot $0.13 | Rake $0 
Board [4h 7h 5h]
Seat 1: Luke Duarte (big blind) collected ($0.13)
Seat 2: j0rigg folded before Flop (didn't bet)
Seat 3: Tajasch folded before Flop (didn't bet)
Seat 5: *1974N0B folded before Flop (didn't bet)
Seat 7: stas9038rus folded before Flop (didn't bet)
Seat 8: Dorex2007 (button) folded on the Flop
Seat 9: Murray197442 (small blind) folded before Flop



PokerStars Hand #224431683351:  Hold'em No Limit ($0.01/$0.02 USD) - 2021/03/03 16:17:20 PT [2021/03/03 19:17:20 ET]
Table 'Sundmania' 9-max Seat #9 is the button
Seat 1: Luke Duarte ($2.01 in chips) 
Seat 2: j0rigg ($0.94 in chips) 
Seat 3: Tajasch ($1.23 in chips) 
Seat 5: *1974N0B ($2.03 in chips) 
Seat 7: stas9038rus ($2.38 in chips) 
Seat 8: Dorex2007 ($1.86 in chips) 
Seat 9: Murray197442 ($1.73 in chips) 
Luke Duarte: posts small blind $0.01
j0rigg: posts big blind $0.02
*** HOLE CARDS ***
Dealt to Dorex2007 [9s 7h]
Tajasch: raises $0.04 to $0.06
*1974N0B: folds 
stas9038rus: folds 
Dorex2007: folds 
Murray197442: raises $0.04 to $0.10
Luke Duarte: folds 
j0rigg: folds 
Tajasch: calls $0.04
*** FLOP *** [9c Td 5c]
Tajasch: bets $0.12
Murray197442: calls $0.12
*** TURN *** [9c Td 5c] [3s]
Tajasch: bets $0.18
Murray197442: calls $0.18
*** RIVER *** [9c Td 5c 3s] [8d]
Tajasch: checks 
Murray197442: checks 
*** SHOW DOWN ***
Tajasch: shows [Kd Qh] (high card King)
Murray197442: shows [Kh Th] (a pair of Tens)
Murray197442 collected $0.80 from pot
*** SUMMARY ***
Total pot $0.83 | Rake $0.03 
Board [9c Td 5c 3s 8d]
Seat 1: Luke Duarte (small blind) folded before Flop
Seat 2: j0rigg (big blind) folded before Flop
Seat 3: Tajasch showed [Kd Qh] and lost with high card King
Seat 5: *1974N0B folded before Flop (didn't bet)
Seat 7: stas9038rus folded before Flop (didn't bet)
Seat 8: Dorex2007 folded before Flop (didn't bet)
Seat 9: Murray197442 (button) showed [Kh Th] and won ($0.80) with a pair of Tens



PokerStars Hand #224431711226:  Hold'em No Limit ($0.01/$0.02 USD) - 2021/03/03 16:18:30 PT [2021/03/03 19:18:30 ET]
Table 'Sundmania' 9-max Seat #1 is the button
Seat 1: Luke Duarte ($2 in chips) 
Seat 3: Tajasch ($0.83 in chips) 
Seat 5: *1974N0B ($2.03 in chips) 
Seat 7: stas9038rus ($2.38 in chips) 
Seat 8: Dorex2007 ($1.86 in chips) 
Seat 9: Murray197442 ($2.13 in chips) 
Tajasch: posts small blind $0.01
*1974N0B: posts big blind $0.02
*** HOLE CARDS ***
Dealt to Dorex2007 [7c 9d]
stas9038rus: folds 
Dorex2007: calls $0.02
PsAikoS joins the table at seat #6 
Murray197442: folds 
Luke Duarte: folds 
Tajasch: folds 
*1974N0B: raises $0.07 to $0.09
Dorex2007: calls $0.07
*** FLOP *** [Ad 7s Qd]
*1974N0B: bets $0.07
Dorex2007: raises $0.16 to $0.23
*1974N0B: folds 
Uncalled bet ($0.16) returned to Dorex2007
Dorex2007 collected $0.32 from pot
Dorex2007: doesn't show hand 
*** SUMMARY ***
Total pot $0.33 | Rake $0.01 
Board [Ad 7s Qd]
Seat 1: Luke Duarte (button) folded before Flop (didn't bet)
Seat 3: Tajasch (small blind) folded before Flop
Seat 5: *1974N0B (big blind) folded on the Flop
Seat 7: stas9038rus folded before Flop (didn't bet)
Seat 8: Dorex2007 collected ($0.32)
Seat 9: Murray197442 folded before Flop (didn't bet)



PokerStars Hand #224431728208:  Hold'em No Limit ($0.01/$0.02 USD) - 2021/03/03 16:19:13 PT [2021/03/03 19:19:13 ET]
Table 'Sundmania' 9-max Seat #3 is the button
Seat 1: Luke Duarte ($2 in chips) 
Seat 3: Tajasch ($0.82 in chips) 
Seat 5: *1974N0B ($2 in chips) 
Seat 6: PsAikoS ($0.80 in chips) 
Seat 7: stas9038rus ($2.38 in chips) 
Seat 8: Dorex2007 ($2.02 in chips) 
Seat 9: Murray197442 ($2.13 in chips) 
*1974N0B: posts small blind $0.01
PsAikoS: posts big blind $0.02
*** HOLE CARDS ***
Dealt to Dorex2007 [Ks Td]
stas9038rus: raises $0.04 to $0.06
Dorex2007: calls $0.06
Murray197442: folds 
Luke Duarte: folds 
Tajasch: folds 
*1974N0B: folds 
PsAikoS: folds 
*** FLOP *** [4c Jc 7c]
stas9038rus: bets $0.07
Dorex2007: folds 
Uncalled bet ($0.07) returned to stas9038rus
stas9038rus collected $0.14 from pot
stas9038rus: doesn't show hand 
*** SUMMARY ***
Total pot $0.15 | Rake $0.01 
Board [4c Jc 7c]
Seat 1: Luke Duarte folded before Flop (didn't bet)
Seat 3: Tajasch (button) folded before Flop (didn't bet)
Seat 5: *1974N0B (small blind) folded before Flop
Seat 6: PsAikoS (big blind) folded before Flop
Seat 7: stas9038rus collected ($0.14)
Seat 8: Dorex2007 folded on the Flop
Seat 9: Murray197442 folded before Flop (didn't bet)



PokerStars Hand #224431738931:  Hold'em No Limit ($0.01/$0.02 USD) - 2021/03/03 16:19:40 PT [2021/03/03 19:19:40 ET]
Table 'Sundmania' 9-max Seat #5 is the button
Seat 1: Luke Duarte ($2 in chips) 
Seat 3: Tajasch ($0.82 in chips) 
Seat 5: *1974N0B ($2 in chips) 
Seat 6: PsAikoS ($0.78 in chips) 
Seat 7: stas9038rus ($2.46 in chips) 
Seat 8: Dorex2007 ($1.96 in chips) 
Seat 9: Murray197442 ($2.13 in chips) 
PsAikoS: posts small blind $0.01
stas9038rus: posts big blind $0.02
*** HOLE CARDS ***
Dealt to Dorex2007 [9c Ad]
Dorex2007: folds 
Murray197442: folds 
Luke Duarte: folds 
Tajasch: folds 
*1974N0B: raises $0.04 to $0.06
PsAikoS: folds 
stas9038rus: folds 
Uncalled bet ($0.04) returned to *1974N0B
*1974N0B collected $0.05 from pot
*** SUMMARY ***
Total pot $0.05 | Rake $0 
Seat 1: Luke Duarte folded before Flop (didn't bet)
Seat 3: Tajasch folded before Flop (didn't bet)
Seat 5: *1974N0B (button) collected ($0.05)
Seat 6: PsAikoS (small blind) folded before Flop
Seat 7: stas9038rus (big blind) folded before Flop
Seat 8: Dorex2007 folded before Flop (didn't bet)
Seat 9: Murray197442 folded before Flop (didn't bet)



PokerStars Hand #224431745118:  Hold'em No Limit ($0.01/$0.02 USD) - 2021/03/03 16:19:56 PT [2021/03/03 19:19:56 ET]
Table 'Sundmania' 9-max Seat #6 is the button
Seat 1: Luke Duarte ($2 in chips) 
Seat 3: Tajasch ($0.82 in chips) 
Seat 5: *1974N0B ($2.03 in chips) 
Seat 6: PsAikoS ($0.77 in chips) 
Seat 7: stas9038rus ($2.44 in chips) 
Seat 8: Dorex2007 ($1.96 in chips) 
Seat 9: Murray197442 ($2.13 in chips) 
stas9038rus: posts small blind $0.01
Dorex2007: posts big blind $0.02
*** HOLE CARDS ***
Dealt to Dorex2007 [Td Js]
Murray197442: calls $0.02
Luke Duarte: folds 
Tajasch: folds 
*1974N0B: folds 
PsAikoS: folds 
stas9038rus: folds 
Dorex2007: checks 
*** FLOP *** [Qd Ks Ah]
Dorex2007: checks 
Murray197442: bets $0.04
Dorex2007: calls $0.04
*** TURN *** [Qd Ks Ah] [3h]
Dorex2007: checks 
Murray197442: bets $0.12
Dorex2007: calls $0.12
*** RIVER *** [Qd Ks Ah 3h] [4c]
Dorex2007: bets $0.27
Murray197442: calls $0.27
*** SHOW DOWN ***
Dorex2007: shows [Td Js] (a straight, Ten to Ace)
Murray197442: mucks hand 
Dorex2007 collected $0.88 from pot
*** SUMMARY ***
Total pot $0.91 | Rake $0.03 
Board [Qd Ks Ah 3h 4c]
Seat 1: Luke Duarte folded before Flop (didn't bet)
Seat 3: Tajasch folded before Flop (didn't bet)
Seat 5: *1974N0B folded before Flop (didn't bet)
Seat 6: PsAikoS (button) folded before Flop (didn't bet)
Seat 7: stas9038rus (small blind) folded before Flop
Seat 8: Dorex2007 (big blind) showed [Td Js] and won ($0.88) with a straight, Ten to Ace
Seat 9: Murray197442 mucked [Qh Jh]



PokerStars Hand #224431766373:  Hold'em No Limit ($0.01/$0.02 USD) - 2021/03/03 16:20:50 PT [2021/03/03 19:20:50 ET]
Table 'Sundmania' 9-max Seat #7 is the button
Seat 1: Luke Duarte ($2 in chips) 
Seat 3: Tajasch ($0.82 in chips) 
Seat 5: *1974N0B ($2.03 in chips) 
Seat 6: PsAikoS ($0.77 in chips) 
Seat 7: stas9038rus ($2.43 in chips) 
Seat 8: Dorex2007 ($2.39 in chips) 
Seat 9: Murray197442 ($1.68 in chips) 
Dorex2007: posts small blind $0.01
Murray197442: posts big blind $0.02
*** HOLE CARDS ***
Dealt to Dorex2007 [7c Td]
Luke Duarte: folds 
Tajasch: folds 
*1974N0B: folds 
PsAikoS: folds 
stas9038rus: folds 
Dorex2007: folds 
Uncalled bet ($0.01) returned to Murray197442
Murray197442 collected $0.02 from pot
Murray197442: doesn't show hand 
*** SUMMARY ***
Total pot $0.02 | Rake $0 
Seat 1: Luke Duarte folded before Flop (didn't bet)
Seat 3: Tajasch folded before Flop (didn't bet)
Seat 5: *1974N0B folded before Flop (didn't bet)
Seat 6: PsAikoS folded before Flop (didn't bet)
Seat 7: stas9038rus (button) folded before Flop (didn't bet)
Seat 8: Dorex2007 (small blind) folded before Flop
Seat 9: Murray197442 (big blind) collected ($0.02)



PokerStars Hand #224431771113:  Hold'em No Limit ($0.01/$0.02 USD) - 2021/03/03 16:21:02 PT [2021/03/03 19:21:02 ET]
Table 'Sundmania' 9-max Seat #8 is the button
Seat 1: Luke Duarte ($2 in chips) 
Seat 3: Tajasch ($0.82 in chips) 
Seat 5: *1974N0B ($2.03 in chips) 
Seat 6: PsAikoS ($0.77 in chips) 
Seat 7: stas9038rus ($2.43 in chips) 
Seat 8: Dorex2007 ($2.38 in chips) 
Seat 9: Murray197442 ($1.69 in chips) 
Murray197442: posts small blind $0.01
Luke Duarte: posts big blind $0.02
*** HOLE CARDS ***
Dealt to Dorex2007 [Jd 7d]
Tajasch: folds 
*1974N0B has timed out
*1974N0B: folds 
PsAikoS: calls $0.02
stas9038rus: folds 
Dorex2007: calls $0.02
Murray197442: calls $0.01
Luke Duarte: checks 
*** FLOP *** [8s 4c Ad]
Murray197442: checks 
Luke Duarte: checks 
PsAikoS: checks 
Dorex2007: bets $0.04
Murray197442: folds 
Luke Duarte: folds 
PsAikoS: folds 
Uncalled bet ($0.04) returned to Dorex2007
Dorex2007 collected $0.08 from pot
Dorex2007: doesn't show hand 
*** SUMMARY ***
Total pot $0.08 | Rake $0 
Board [8s 4c Ad]
Seat 1: Luke Duarte (big blind) folded on the Flop
Seat 3: Tajasch folded before Flop (didn't bet)
Seat 5: *1974N0B folded before Flop (didn't bet)
Seat 6: PsAikoS folded on the Flop
Seat 7: stas9038rus folded before Flop (didn't bet)
Seat 8: Dorex2007 (button) collected ($0.08)
Seat 9: Murray197442 (small blind) folded on the Flop



PokerStars Hand #224431785806:  Hold'em No Limit ($0.01/$0.02 USD) - 2021/03/03 16:21:40 PT [2021/03/03 19:21:40 ET]
Table 'Sundmania' 9-max Seat #9 is the button
Seat 1: Luke Duarte ($1.98 in chips) 
Seat 3: Tajasch ($0.82 in chips) 
Seat 5: *1974N0B ($2.03 in chips) 
Seat 6: PsAikoS ($0.75 in chips) 
Seat 7: stas9038rus ($2.43 in chips) 
Seat 8: Dorex2007 ($2.44 in chips) 
Seat 9: Murray197442 ($1.67 in chips) 
Luke Duarte: posts small blind $0.01
Tajasch: posts big blind $0.02
*** HOLE CARDS ***
Dealt to Dorex2007 [6h Th]
*1974N0B: folds 
PsAikoS: folds 
stas9038rus: folds 
Dorex2007: calls $0.02
Murray197442: folds 
Luke Duarte: folds 
Tajasch: raises $0.06 to $0.08
Dorex2007: folds 
Uncalled bet ($0.06) returned to Tajasch
Tajasch collected $0.05 from pot
Tajasch: doesn't show hand 
*** SUMMARY ***
Total pot $0.05 | Rake $0 
Seat 1: Luke Duarte (small blind) folded before Flop
Seat 3: Tajasch (big blind) collected ($0.05)
Seat 5: *1974N0B folded before Flop (didn't bet)
Seat 6: PsAikoS folded before Flop (didn't bet)
Seat 7: stas9038rus folded before Flop (didn't bet)
Seat 8: Dorex2007 folded before Flop
Seat 9: Murray197442 (button) folded before Flop (didn't bet)



PokerStars Hand #224431798134:  Hold'em No Limit ($0.01/$0.02 USD) - 2021/03/03 16:22:11 PT [2021/03/03 19:22:11 ET]
Table 'Sundmania' 9-max Seat #1 is the button
Seat 1: Luke Duarte ($1.97 in chips) 
Seat 3: Tajasch ($0.85 in chips) 
Seat 5: *1974N0B ($2.03 in chips) 
Seat 6: PsAikoS ($0.75 in chips) 
Seat 7: stas9038rus ($2.43 in chips) 
Seat 8: Dorex2007 ($2.42 in chips) 
Seat 9: Murray197442 ($1.67 in chips) 
Tajasch: posts small blind $0.01
*1974N0B: posts big blind $0.02
*** HOLE CARDS ***
Dealt to Dorex2007 [4c Ts]
PsAikoS: folds 
stas9038rus: folds 
Dorex2007: folds 
Murray197442: folds 
Luke Duarte: folds 
Tajasch: folds 
Uncalled bet ($0.01) returned to *1974N0B
*1974N0B collected $0.02 from pot
*** SUMMARY ***
Total pot $0.02 | Rake $0 
Seat 1: Luke Duarte (button) folded before Flop (didn't bet)
Seat 3: Tajasch (small blind) folded before Flop
Seat 5: *1974N0B (big blind) collected ($0.02)
Seat 6: PsAikoS folded before Flop (didn't bet)
Seat 7: stas9038rus folded before Flop (didn't bet)
Seat 8: Dorex2007 folded before Flop (didn't bet)
Seat 9: Murray197442 folded before Flop (didn't bet)



PokerStars Hand #224431802129:  Hold'em No Limit ($0.01/$0.02 USD) - 2021/03/03 16:22:21 PT [2021/03/03 19:22:21 ET]
Table 'Sundmania' 9-max Seat #3 is the button
Seat 1: Luke Duarte ($1.97 in chips) 
Seat 3: Tajasch ($0.84 in chips) 
Seat 5: *1974N0B ($2.04 in chips) 
Seat 6: PsAikoS ($0.75 in chips) 
Seat 7: stas9038rus ($2.43 in chips) 
Seat 8: Dorex2007 ($2.42 in chips) 
Seat 9: Murray197442 ($1.67 in chips) 
*1974N0B: posts small blind $0.01
PsAikoS: posts big blind $0.02
*** HOLE CARDS ***
Dealt to Dorex2007 [2s 4h]
stas9038rus: folds 
Dorex2007: folds 
Murray197442: calls $0.02
Luke Duarte: calls $0.02
Tajasch: folds 
*1974N0B: folds 
PsAikoS: checks 
*** FLOP *** [2d 7s Kh]
PsAikoS: checks 
Murray197442: checks 
Luke Duarte: bets $0.07
PsAikoS: folds 
Murray197442: folds 
Uncalled bet ($0.07) returned to Luke Duarte
Luke Duarte collected $0.07 from pot
Luke Duarte: doesn't show hand 
*** SUMMARY ***
Total pot $0.07 | Rake $0 
Board [2d 7s Kh]
Seat 1: Luke Duarte collected ($0.07)
Seat 3: Tajasch (button) folded before Flop (didn't bet)
Seat 5: *1974N0B (small blind) folded before Flop
Seat 6: PsAikoS (big blind) folded on the Flop
Seat 7: stas9038rus folded before Flop (didn't bet)
Seat 8: Dorex2007 folded before Flop (didn't bet)
Seat 9: Murray197442 folded on the Flop



PokerStars Hand #224431812235:  Hold'em No Limit ($0.01/$0.02 USD) - 2021/03/03 16:22:47 PT [2021/03/03 19:22:47 ET]
Table 'Sundmania' 9-max Seat #5 is the button
Seat 1: Luke Duarte ($2.02 in chips) 
Seat 3: Tajasch ($0.84 in chips) 
Seat 5: *1974N0B ($2.03 in chips) 
Seat 6: PsAikoS ($0.73 in chips) 
Seat 7: stas9038rus ($2.43 in chips) 
Seat 8: Dorex2007 ($2.42 in chips) 
Seat 9: Murray197442 ($1.65 in chips) 
PsAikoS: posts small blind $0.01
stas9038rus: posts big blind $0.02
jerome james 1: sits out 
*** HOLE CARDS ***
Dealt to Dorex2007 [Ad 7h]
Dorex2007: folds 
Murray197442: folds 
Luke Duarte: folds 
Tajasch: raises $0.04 to $0.06
*1974N0B: folds 
PsAikoS: folds 
stas9038rus: folds 
Uncalled bet ($0.04) returned to Tajasch
Tajasch collected $0.05 from pot
Tajasch: doesn't show hand 
*** SUMMARY ***
Total pot $0.05 | Rake $0 
Seat 1: Luke Duarte folded before Flop (didn't bet)
Seat 3: Tajasch collected ($0.05)
Seat 5: *1974N0B (button) folded before Flop (didn't bet)
Seat 6: PsAikoS (small blind) folded before Flop
Seat 7: stas9038rus (big blind) folded before Flop
Seat 8: Dorex2007 folded before Flop (didn't bet)
Seat 9: Murray197442 folded before Flop (didn't bet)



PokerStars Hand #224431819021:  Hold'em No Limit ($0.01/$0.02 USD) - 2021/03/03 16:23:04 PT [2021/03/03 19:23:04 ET]
Table 'Sundmania' 9-max Seat #6 is the button
Seat 1: Luke Duarte ($2.02 in chips) 
Seat 3: Tajasch ($0.87 in chips) 
Seat 4: jerome james 1 ($1.88 in chips) 
Seat 5: *1974N0B ($2.03 in chips) 
Seat 6: PsAikoS ($0.72 in chips) 
Seat 7: stas9038rus ($2.41 in chips) 
Seat 8: Dorex2007 ($2.42 in chips) 
Seat 9: Murray197442 ($1.65 in chips) 
stas9038rus: posts small blind $0.01
Dorex2007: posts big blind $0.02
jerome james 1: posts small & big blinds $0.03
*** HOLE CARDS ***
Dealt to Dorex2007 [Kh 8h]
Murray197442: folds 
Luke Duarte: folds 
Tajasch: folds 
jerome james 1: checks 
*1974N0B: raises $0.08 to $0.10
PsAikoS: folds 
stas9038rus: folds 
Dorex2007: calls $0.08
jerome james 1: calls $0.08
*** FLOP *** [9s 5d 7d]
Dorex2007: checks 
jerome james 1: bets $0.02
*1974N0B: raises $0.04 to $0.06
Dorex2007: calls $0.06
jerome james 1: calls $0.04
*** TURN *** [9s 5d 7d] [Kd]
Dorex2007: bets $0.36
jerome james 1: raises $0.36 to $0.72
*1974N0B: folds 
Dorex2007: folds 
Uncalled bet ($0.36) returned to jerome james 1
jerome james 1 collected $1.18 from pot
jerome james 1: doesn't show hand 
*** SUMMARY ***
Total pot $1.22 | Rake $0.04 
Board [9s 5d 7d Kd]
Seat 1: Luke Duarte folded before Flop (didn't bet)
Seat 3: Tajasch folded before Flop (didn't bet)
Seat 4: jerome james 1 collected ($1.18)
Seat 5: *1974N0B folded on the Turn
Seat 6: PsAikoS (button) folded before Flop (didn't bet)
Seat 7: stas9038rus (small blind) folded before Flop
Seat 8: Dorex2007 (big blind) folded on the Turn
Seat 9: Murray197442 folded before Flop (didn't bet)



PokerStars Hand #224431868383:  Hold'em No Limit ($0.01/$0.02 USD) - 2021/03/03 16:24:48 PT [2021/03/03 19:24:48 ET]
Table 'Sundmania' 9-max Seat #7 is the button
Seat 1: Luke Duarte ($2.02 in chips) 
Seat 3: Tajasch ($0.87 in chips) 
Seat 4: jerome james 1 ($2.53 in chips) 
Seat 5: *1974N0B ($2 in chips) 
Seat 6: PsAikoS ($0.72 in chips) 
Seat 7: stas9038rus ($2.40 in chips) 
Seat 8: Dorex2007 ($1.90 in chips) 
Seat 9: Murray197442 ($1.65 in chips) 
Dorex2007: posts small blind $0.01
Murray197442: posts big blind $0.02
*** HOLE CARDS ***
Dealt to Dorex2007 [Ad 2s]
Luke Duarte: folds 
Tajasch: folds 
jerome james 1: calls $0.02
*1974N0B: folds 
PsAikoS: folds 
stas9038rus: folds 
Dorex2007: calls $0.01
Murray197442: checks 
*** FLOP *** [8c 6s 3d]
Dorex2007: checks 
Murray197442: checks 
jerome james 1: bets $0.02
Dorex2007: calls $0.02
Murray197442: calls $0.02
*** TURN *** [8c 6s 3d] [Kd]
Dorex2007: checks 
Murray197442: checks 
jerome james 1: checks 
*** RIVER *** [8c 6s 3d Kd] [4h]
Dorex2007: checks 
Murray197442: checks 
jerome james 1: bets $0.02
Dorex2007: folds 
Murray197442: folds 
Uncalled bet ($0.02) returned to jerome james 1
jerome james 1 collected $0.12 from pot
jerome james 1: doesn't show hand 
*** SUMMARY ***
Total pot $0.12 | Rake $0 
Board [8c 6s 3d Kd 4h]
Seat 1: Luke Duarte folded before Flop (didn't bet)
Seat 3: Tajasch folded before Flop (didn't bet)
Seat 4: jerome james 1 collected ($0.12)
Seat 5: *1974N0B folded before Flop (didn't bet)
Seat 6: PsAikoS folded before Flop (didn't bet)
Seat 7: stas9038rus (button) folded before Flop (didn't bet)
Seat 8: Dorex2007 (small blind) folded on the River
Seat 9: Murray197442 (big blind) folded on the River



PokerStars Hand #224431905622:  Hold'em No Limit ($0.01/$0.02 USD) - 2021/03/03 16:26:24 PT [2021/03/03 19:26:24 ET]
Table 'Sundmania' 9-max Seat #8 is the button
Seat 1: Luke Duarte ($2.02 in chips) 
Seat 3: Tajasch ($0.87 in chips) 
Seat 4: jerome james 1 ($2.61 in chips) 
Seat 5: *1974N0B ($2 in chips) 
Seat 6: PsAikoS ($0.72 in chips) 
Seat 7: stas9038rus ($2.40 in chips) 
Seat 8: Dorex2007 ($1.86 in chips) 
Seat 9: Murray197442 ($1.61 in chips) 
Murray197442: posts small blind $0.01
Luke Duarte: posts big blind $0.02
j0rigg: sits out 
*** HOLE CARDS ***
Dealt to Dorex2007 [6s 7d]
Tajasch: raises $0.04 to $0.06
jerome james 1: calls $0.06
*1974N0B: folds 
PsAikoS: folds 
stas9038rus: calls $0.06
Dorex2007: folds 
Murray197442: folds 
Luke Duarte: folds 
*** FLOP *** [9c 2h 7s]
Tajasch: bets $0.12
jerome james 1: folds 
stas9038rus: folds 
Uncalled bet ($0.12) returned to Tajasch
Tajasch collected $0.20 from pot
Tajasch: doesn't show hand 
*** SUMMARY ***
Total pot $0.21 | Rake $0.01 
Board [9c 2h 7s]
Seat 1: Luke Duarte (big blind) folded before Flop
Seat 3: Tajasch collected ($0.20)
Seat 4: jerome james 1 folded on the Flop
Seat 5: *1974N0B folded before Flop (didn't bet)
Seat 6: PsAikoS folded before Flop (didn't bet)
Seat 7: stas9038rus folded on the Flop
Seat 8: Dorex2007 (button) folded before Flop (didn't bet)
Seat 9: Murray197442 (small blind) folded before Flop



PokerStars Hand #224431928963:  Hold'em No Limit ($0.01/$0.02 USD) - 2021/03/03 16:27:20 PT [2021/03/03 19:27:20 ET]
Table 'Sundmania' 9-max Seat #9 is the button
Seat 1: Luke Duarte ($2 in chips) 
Seat 2: j0rigg ($0.92 in chips) 
Seat 3: Tajasch ($1.01 in chips) 
Seat 4: jerome james 1 ($2.55 in chips) 
Seat 5: *1974N0B ($2 in chips) 
Seat 6: PsAikoS ($0.72 in chips) 
Seat 7: stas9038rus ($2.34 in chips) 
Seat 8: Dorex2007 ($1.86 in chips) 
Seat 9: Murray197442 ($1.60 in chips) 
Luke Duarte: posts small blind $0.01
j0rigg: posts big blind $0.02
*** HOLE CARDS ***
Dealt to Dorex2007 [3c 2d]
Tajasch: folds 
jerome james 1: calls $0.02
*1974N0B: raises $0.07 to $0.09
PsAikoS: folds 
stas9038rus: folds 
Dorex2007: folds 
Murray197442: calls $0.09
Luke Duarte: folds 
j0rigg: folds 
jerome james 1: folds 
*** FLOP *** [9s 7d As]
*1974N0B: bets $0.06
Murray197442: raises $0.12 to $0.18
*1974N0B: folds 
Uncalled bet ($0.12) returned to Murray197442
Murray197442 collected $0.34 from pot
Murray197442: doesn't show hand 
*** SUMMARY ***
Total pot $0.35 | Rake $0.01 
Board [9s 7d As]
Seat 1: Luke Duarte (small blind) folded before Flop
Seat 2: j0rigg (big blind) folded before Flop
Seat 3: Tajasch folded before Flop (didn't bet)
Seat 4: jerome james 1 folded before Flop
Seat 5: *1974N0B folded on the Flop
Seat 6: PsAikoS folded before Flop (didn't bet)
Seat 7: stas9038rus folded before Flop (didn't bet)
Seat 8: Dorex2007 folded before Flop (didn't bet)
Seat 9: Murray197442 (button) collected ($0.34)



PokerStars Hand #224431945309:  Hold'em No Limit ($0.01/$0.02 USD) - 2021/03/03 16:28:03 PT [2021/03/03 19:28:03 ET]
Table 'Sundmania' 9-max Seat #1 is the button
Seat 1: Luke Duarte ($1.99 in chips) 
Seat 2: j0rigg ($0.90 in chips) 
Seat 3: Tajasch ($1.01 in chips) 
Seat 4: jerome james 1 ($2.53 in chips) 
Seat 5: *1974N0B ($2 in chips) 
Seat 6: PsAikoS ($0.72 in chips) 
Seat 7: stas9038rus ($2.34 in chips) 
Seat 8: Dorex2007 ($1.86 in chips) 
Seat 9: Murray197442 ($1.79 in chips) 
j0rigg: posts small blind $0.01
Tajasch: posts big blind $0.02
*** HOLE CARDS ***
Dealt to Dorex2007 [Jc 6c]
jerome james 1: calls $0.02
*1974N0B: folds 
PsAikoS: folds 
stas9038rus: raises $0.06 to $0.08
Dorex2007: folds 
Murray197442: folds 
Luke Duarte: folds 
j0rigg: folds 
Tajasch: folds 
jerome james 1: calls $0.06
*** FLOP *** [Jd Ks 4s]
jerome james 1: checks 
stas9038rus: bets $0.09
jerome james 1: folds 
Uncalled bet ($0.09) returned to stas9038rus
stas9038rus collected $0.18 from pot
stas9038rus: doesn't show hand 
*** SUMMARY ***
Total pot $0.19 | Rake $0.01 
Board [Jd Ks 4s]
Seat 1: Luke Duarte (button) folded before Flop (didn't bet)
Seat 2: j0rigg (small blind) folded before Flop
Seat 3: Tajasch (big blind) folded before Flop
Seat 4: jerome james 1 folded on the Flop
Seat 5: *1974N0B folded before Flop (didn't bet)
Seat 6: PsAikoS folded before Flop (didn't bet)
Seat 7: stas9038rus collected ($0.18)
Seat 8: Dorex2007 folded before Flop (didn't bet)
Seat 9: Murray197442 folded before Flop (didn't bet)



PokerStars Hand #224431956164:  Hold'em No Limit ($0.01/$0.02 USD) - 2021/03/03 16:28:32 PT [2021/03/03 19:28:32 ET]
Table 'Sundmania' 9-max Seat #2 is the button
Seat 1: Luke Duarte ($1.99 in chips) 
Seat 2: j0rigg ($0.89 in chips) 
Seat 3: Tajasch ($0.99 in chips) 
Seat 4: jerome james 1 ($2.45 in chips) 
Seat 5: *1974N0B ($2 in chips) 
Seat 6: PsAikoS ($0.72 in chips) 
Seat 7: stas9038rus ($2.44 in chips) 
Seat 8: Dorex2007 ($1.86 in chips) 
Seat 9: Murray197442 ($1.79 in chips) 
Tajasch: posts small blind $0.01
jerome james 1: posts big blind $0.02
*** HOLE CARDS ***
Dealt to Dorex2007 [2d 8c]
*1974N0B: folds 
PsAikoS: folds 
stas9038rus: folds 
Dorex2007: folds 
Murray197442: folds 
Luke Duarte: folds 
j0rigg: folds 
Tajasch: raises $0.04 to $0.06
jerome james 1: calls $0.04
*** FLOP *** [6d Qs Ah]
Tajasch: bets $0.08
jerome james 1: calls $0.08
*** TURN *** [6d Qs Ah] [7d]
Tajasch: bets $0.16
jerome james 1: calls $0.16
*** RIVER *** [6d Qs Ah 7d] [6h]
Tajasch: checks 
jerome james 1: bets $0.28
Tajasch: folds 
Uncalled bet ($0.28) returned to jerome james 1
jerome james 1 collected $0.58 from pot
jerome james 1: doesn't show hand 
*** SUMMARY ***
Total pot $0.60 | Rake $0.02 
Board [6d Qs Ah 7d 6h]
Seat 1: Luke Duarte folded before Flop (didn't bet)
Seat 2: j0rigg (button) folded before Flop (didn't bet)
Seat 3: Tajasch (small blind) folded on the River
Seat 4: jerome james 1 (big blind) collected ($0.58)
Seat 5: *1974N0B folded before Flop (didn't bet)
Seat 6: PsAikoS folded before Flop (didn't bet)
Seat 7: stas9038rus folded before Flop (didn't bet)
Seat 8: Dorex2007 folded before Flop (didn't bet)
Seat 9: Murray197442 folded before Flop (didn't bet)



PokerStars Hand #224431984232:  Hold'em No Limit ($0.01/$0.02 USD) - 2021/03/03 16:29:45 PT [2021/03/03 19:29:45 ET]
Table 'Sundmania' 9-max Seat #3 is the button
Seat 1: Luke Duarte ($1.99 in chips) 
Seat 2: j0rigg ($0.89 in chips) 
Seat 3: Tajasch ($0.69 in chips) 
Seat 4: jerome james 1 ($2.73 in chips) 
Seat 6: PsAikoS ($0.72 in chips) 
Seat 7: stas9038rus ($2.44 in chips) 
Seat 8: Dorex2007 ($1.86 in chips) 
Seat 9: Murray197442 ($1.79 in chips) 
jerome james 1: posts small blind $0.01
*1974N0B: is sitting out 
PsAikoS: posts big blind $0.02
*** HOLE CARDS ***
Dealt to Dorex2007 [7h Ks]
stas9038rus: folds 
Dorex2007: folds 
Murray197442: folds 
Luke Duarte: folds 
j0rigg: folds 
Tajasch: folds 
jerome james 1: calls $0.01
PsAikoS: checks 
*** FLOP *** [3c 3h 8d]
*1974N0B leaves the table
jerome james 1: checks 
PsAikoS: bets $0.04
jerome james 1: folds 
Uncalled bet ($0.04) returned to PsAikoS
PsAikoS collected $0.04 from pot
*** SUMMARY ***
Total pot $0.04 | Rake $0 
Board [3c 3h 8d]
Seat 1: Luke Duarte folded before Flop (didn't bet)
Seat 2: j0rigg folded before Flop (didn't bet)
Seat 3: Tajasch (button) folded before Flop (didn't bet)
Seat 4: jerome james 1 (small blind) folded on the Flop
Seat 6: PsAikoS (big blind) collected ($0.04)
Seat 7: stas9038rus folded before Flop (didn't bet)
Seat 8: Dorex2007 folded before Flop (didn't bet)
Seat 9: Murray197442 folded before Flop (didn't bet)



PokerStars Hand #224432001448:  Hold'em No Limit ($0.01/$0.02 USD) - 2021/03/03 16:30:27 PT [2021/03/03 19:30:27 ET]
Table 'Sundmania' 9-max Seat #4 is the button
Seat 1: Luke Duarte ($1.99 in chips) 
Seat 2: j0rigg ($0.89 in chips) 
Seat 3: Tajasch ($0.69 in chips) 
Seat 4: jerome james 1 ($2.71 in chips) 
Seat 6: PsAikoS ($0.74 in chips) 
Seat 7: stas9038rus ($2.44 in chips) 
Seat 8: Dorex2007 ($1.86 in chips) 
Seat 9: Murray197442 ($1.79 in chips) 
PsAikoS: posts small blind $0.01
stas9038rus: posts big blind $0.02
*** HOLE CARDS ***
Dealt to Dorex2007 [Ts Qd]
Dorex2007: calls $0.02
Murray197442: folds 
Luke Duarte: calls $0.02
j0rigg: calls $0.02
Tajasch: folds 
jerome james 1: calls $0.02
PsAikoS: calls $0.01
stas9038rus: checks 
*** FLOP *** [7h Jh 9c]
PsAikoS: checks 
stas9038rus: checks 
Dorex2007: checks 
Luke Duarte: checks 
j0rigg: checks 
jerome james 1: checks 
*** TURN *** [7h Jh 9c] [5h]
PsAikoS: checks 
stas9038rus: checks 
Dorex2007: checks 
Luke Duarte: checks 
j0rigg: checks 
jerome james 1: bets $0.04
PsAikoS: folds 
stas9038rus: folds 
perosky joins the table at seat #5 
Dorex2007: folds 
Luke Duarte: calls $0.04
j0rigg: folds 
*** RIVER *** [7h Jh 9c 5h] [Ah]
Luke Duarte: bets $0.19
jerome james 1: calls $0.19
*** SHOW DOWN ***
Luke Duarte: shows [5s 6s] (a pair of Fives)
jerome james 1: shows [Jc 9s] (two pair, Jacks and Nines)
jerome james 1 collected $0.56 from pot
*** SUMMARY ***
Total pot $0.58 | Rake $0.02 
Board [7h Jh 9c 5h Ah]
Seat 1: Luke Duarte showed [5s 6s] and lost with a pair of Fives
Seat 2: j0rigg folded on the Turn
Seat 3: Tajasch folded before Flop (didn't bet)
Seat 4: jerome james 1 (button) showed [Jc 9s] and won ($0.56) with two pair, Jacks and Nines
Seat 6: PsAikoS (small blind) folded on the Turn
Seat 7: stas9038rus (big blind) folded on the Turn
Seat 8: Dorex2007 folded on the Turn
Seat 9: Murray197442 folded before Flop (didn't bet)



PokerStars Hand #224432032470:  Hold'em No Limit ($0.01/$0.02 USD) - 2021/03/03 16:31:49 PT [2021/03/03 19:31:49 ET]
Table 'Sundmania' 9-max Seat #6 is the button
Seat 1: Luke Duarte ($1.74 in chips) 
Seat 2: j0rigg ($0.87 in chips) 
Seat 3: Tajasch ($0.69 in chips) 
Seat 4: jerome james 1 ($3.02 in chips) 
Seat 5: perosky ($1.40 in chips) 
Seat 6: PsAikoS ($0.72 in chips) 
Seat 7: stas9038rus ($2.42 in chips) 
Seat 8: Dorex2007 ($1.84 in chips) 
Seat 9: Murray197442 ($1.79 in chips) 
stas9038rus: posts small blind $0.01
Dorex2007: posts big blind $0.02
perosky: posts big blind $0.02
*** HOLE CARDS ***
Dealt to Dorex2007 [Jd Qs]
Murray197442: folds 
Luke Duarte: folds 
j0rigg: folds 
Tajasch: folds 
jerome james 1: calls $0.02
perosky: checks 
PsAikoS: folds 
stas9038rus: calls $0.01
Dorex2007: checks 
*** FLOP *** [Js Ts 2c]
stas9038rus: checks 
Dorex2007: checks 
jerome james 1: checks 
perosky: checks 
*** TURN *** [Js Ts 2c] [3c]
stas9038rus: checks 
Dorex2007: bets $0.06
jerome james 1: folds 
perosky: folds 
stas9038rus: folds 
Uncalled bet ($0.06) returned to Dorex2007
Dorex2007 collected $0.08 from pot
Dorex2007: doesn't show hand 
*** SUMMARY ***
Total pot $0.08 | Rake $0 
Board [Js Ts 2c 3c]
Seat 1: Luke Duarte folded before Flop (didn't bet)
Seat 2: j0rigg folded before Flop (didn't bet)
Seat 3: Tajasch folded before Flop (didn't bet)
Seat 4: jerome james 1 folded on the Turn
Seat 5: perosky folded on the Turn (didn't bet)
Seat 6: PsAikoS (button) folded before Flop (didn't bet)
Seat 7: stas9038rus (small blind) folded on the Turn
Seat 8: Dorex2007 (big blind) collected ($0.08)
Seat 9: Murray197442 folded before Flop (didn't bet)



PokerStars Hand #224432064769:  Hold'em No Limit ($0.01/$0.02 USD) - 2021/03/03 16:33:00 PT [2021/03/03 19:33:00 ET]
Table 'Sundmania' 9-max Seat #7 is the button
Seat 1: Luke Duarte ($1.74 in chips) 
Seat 2: j0rigg ($0.87 in chips) 
Seat 3: Tajasch ($0.69 in chips) 
Seat 4: jerome james 1 ($3 in chips) 
Seat 5: perosky ($1.38 in chips) 
Seat 6: PsAikoS ($0.72 in chips) 
Seat 7: stas9038rus ($2.40 in chips) 
Seat 8: Dorex2007 ($1.90 in chips) 
Seat 9: Murray197442 ($1.79 in chips) 
Dorex2007: posts small blind $0.01
Murray197442: posts big blind $0.02
*** HOLE CARDS ***
Dealt to Dorex2007 [4d 2s]
Luke Duarte: folds 
j0rigg: folds 
Tajasch: folds 
jerome james 1: calls $0.02
perosky: raises $0.04 to $0.06
PsAikoS: folds 
stas9038rus: folds 
Dorex2007: folds 
Murray197442: folds 
jerome james 1: calls $0.04
*** FLOP *** [2h 9s 8d]
jerome james 1: checks 
perosky: bets $0.14
jerome james 1: calls $0.14
*** TURN *** [2h 9s 8d] [Jh]
jerome james 1: checks 
perosky: bets $0.41
jerome james 1: calls $0.41
*** RIVER *** [2h 9s 8d Jh] [9h]
jerome james 1: checks 
perosky: bets $0.77 and is all-in
jerome james 1: calls $0.77
*** SHOW DOWN ***
perosky: shows [Tc Ts] (two pair, Tens and Nines)
jerome james 1: shows [Js Th] (two pair, Jacks and Nines)
jerome james 1 collected $2.69 from pot
*** SUMMARY ***
Total pot $2.79 | Rake $0.10 
Board [2h 9s 8d Jh 9h]
Seat 1: Luke Duarte folded before Flop (didn't bet)
Seat 2: j0rigg folded before Flop (didn't bet)
Seat 3: Tajasch folded before Flop (didn't bet)
Seat 4: jerome james 1 showed [Js Th] and won ($2.69) with two pair, Jacks and Nines
Seat 5: perosky showed [Tc Ts] and lost with two pair, Tens and Nines
Seat 6: PsAikoS folded before Flop (didn't bet)
Seat 7: stas9038rus (button) folded before Flop (didn't bet)
Seat 8: Dorex2007 (small blind) folded before Flop
Seat 9: Murray197442 (big blind) folded before Flop



PokerStars Hand #224432127581:  Hold'em No Limit ($0.01/$0.02 USD) - 2021/03/03 16:35:47 PT [2021/03/03 19:35:47 ET]
Table 'Sundmania' 9-max Seat #2 is the button
Seat 1: Luke Duarte ($1.67 in chips) 
Seat 2: j0rigg ($0.81 in chips) 
Seat 3: Tajasch ($0.67 in chips) 
Seat 4: jerome james 1 ($4.31 in chips) 
Seat 5: perosky ($1.40 in chips) 
Seat 6: PsAikoS ($0.72 in chips) 
Seat 7: stas9038rus ($2.43 in chips) 
Seat 8: Dorex2007 ($1.89 in chips) 
Seat 9: Murray197442 ($1.88 in chips) 
Tajasch: posts small blind $0.01
jerome james 1: posts big blind $0.02
*** HOLE CARDS ***
Dealt to Dorex2007 [4s 7d]
perosky: calls $0.02
PsAikoS: folds 
stas9038rus: folds 
Dorex2007: folds 
Murray197442: folds 
Luke Duarte: folds 
j0rigg: folds 
Tajasch: calls $0.01
jerome james 1: checks 
*** FLOP *** [4d 7s 2h]
Tajasch: checks 
jerome james 1: checks 
perosky: checks 
*** TURN *** [4d 7s 2h] [Jh]
Tajasch: checks 
jerome james 1: checks 
perosky: bets $0.02
Tajasch: calls $0.02
jerome james 1: calls $0.02
*** RIVER *** [4d 7s 2h Jh] [8h]
Tajasch: checks 
jerome james 1: checks 
perosky: checks 
*** SHOW DOWN ***
Tajasch: shows [8d 9h] (a pair of Eights)
jerome james 1: shows [8c Ah] (a pair of Eights - Ace kicker)
perosky: mucks hand 
jerome james 1 collected $0.12 from pot
*** SUMMARY ***
Total pot $0.12 | Rake $0 
Board [4d 7s 2h Jh 8h]
Seat 1: Luke Duarte folded before Flop (didn't bet)
Seat 2: j0rigg (button) folded before Flop (didn't bet)
Seat 3: Tajasch (small blind) showed [8d 9h] and lost with a pair of Eights
Seat 4: jerome james 1 (big blind) showed [8c Ah] and won ($0.12) with a pair of Eights
Seat 5: perosky mucked [As Tc]
Seat 6: PsAikoS folded before Flop (didn't bet)
Seat 7: stas9038rus folded before Flop (didn't bet)
Seat 8: Dorex2007 folded before Flop (didn't bet)
Seat 9: Murray197442 folded before Flop (didn't bet)



PokerStars Hand #224432156862:  Hold'em No Limit ($0.01/$0.02 USD) - 2021/03/03 16:37:05 PT [2021/03/03 19:37:05 ET]
Table 'Sundmania' 9-max Seat #3 is the button
Seat 1: Luke Duarte ($1.67 in chips) 
Seat 2: j0rigg ($0.81 in chips) 
Seat 3: Tajasch ($0.63 in chips) 
Seat 4: jerome james 1 ($4.39 in chips) 
Seat 5: perosky ($1.36 in chips) 
Seat 6: PsAikoS ($0.72 in chips) 
Seat 7: stas9038rus ($2.43 in chips) 
Seat 8: Dorex2007 ($1.89 in chips) 
Seat 9: Murray197442 ($1.88 in chips) 
jerome james 1: posts small blind $0.01
perosky: posts big blind $0.02
*** HOLE CARDS ***
Dealt to Dorex2007 [7d Qc]
PsAikoS: folds 
stas9038rus: raises $0.04 to $0.06
Dorex2007: folds 
Murray197442: folds 
Luke Duarte: folds 
j0rigg: folds 
Tajasch: folds 
jerome james 1: calls $0.05
perosky: calls $0.04
*** FLOP *** [6c 4h As]
jerome james 1: checks 
perosky: checks 
stas9038rus: bets $0.09
jerome james 1: folds 
perosky: folds 
Uncalled bet ($0.09) returned to stas9038rus
stas9038rus collected $0.17 from pot
stas9038rus: doesn't show hand 
*** SUMMARY ***
Total pot $0.18 | Rake $0.01 
Board [6c 4h As]
Seat 1: Luke Duarte folded before Flop (didn't bet)
Seat 2: j0rigg folded before Flop (didn't bet)
Seat 3: Tajasch (button) folded before Flop (didn't bet)
Seat 4: jerome james 1 (small blind) folded on the Flop
Seat 5: perosky (big blind) folded on the Flop
Seat 6: PsAikoS folded before Flop (didn't bet)
Seat 7: stas9038rus collected ($0.17)
Seat 8: Dorex2007 folded before Flop (didn't bet)
Seat 9: Murray197442 folded before Flop (didn't bet)



PokerStars Hand #224432179880:  Hold'em No Limit ($0.01/$0.02 USD) - 2021/03/03 16:38:07 PT [2021/03/03 19:38:07 ET]
Table 'Sundmania' 9-max Seat #4 is the button
Seat 1: Luke Duarte ($1.67 in chips) 
Seat 2: j0rigg ($0.81 in chips) 
Seat 3: Tajasch ($0.63 in chips) 
Seat 4: jerome james 1 ($4.33 in chips) 
Seat 5: perosky ($1.30 in chips) 
Seat 6: PsAikoS ($0.72 in chips) 
Seat 7: stas9038rus ($2.54 in chips) 
Seat 8: Dorex2007 ($1.89 in chips) 
Seat 9: Murray197442 ($1.88 in chips) 
perosky: posts small blind $0.01
PsAikoS: posts big blind $0.02
*** HOLE CARDS ***
Dealt to Dorex2007 [7c 5d]
stas9038rus: folds 
Dorex2007: folds 
Murray197442: folds 
Luke Duarte: folds 
j0rigg: folds 
Tajasch: folds 
jerome james 1: calls $0.02
perosky: folds 
PsAikoS: checks 
*** FLOP *** [3d 8d Js]
PsAikoS: checks 
jerome james 1: checks 
*** TURN *** [3d 8d Js] [Qs]
PsAikoS: bets $0.04
jerome james 1: calls $0.04
*** RIVER *** [3d 8d Js Qs] [9s]
PsAikoS: checks 
jerome james 1: checks 
*** SHOW DOWN ***
PsAikoS: shows [Qh Ah] (a pair of Queens)
jerome james 1: mucks hand 
PsAikoS collected $0.13 from pot
*** SUMMARY ***
Total pot $0.13 | Rake $0 
Board [3d 8d Js Qs 9s]
Seat 1: Luke Duarte folded before Flop (didn't bet)
Seat 2: j0rigg folded before Flop (didn't bet)
Seat 3: Tajasch folded before Flop (didn't bet)
Seat 4: jerome james 1 (button) mucked [Jd Ad]
Seat 5: perosky (small blind) folded before Flop
Seat 6: PsAikoS (big blind) showed [Qh Ah] and won ($0.13) with a pair of Queens
Seat 7: stas9038rus folded before Flop (didn't bet)
Seat 8: Dorex2007 folded before Flop (didn't bet)
Seat 9: Murray197442 folded before Flop (didn't bet)



PokerStars Hand #224432202205:  Hold'em No Limit ($0.01/$0.02 USD) - 2021/03/03 16:38:57 PT [2021/03/03 19:38:57 ET]
Table 'Sundmania' 9-max Seat #5 is the button
Seat 1: Luke Duarte ($1.67 in chips) 
Seat 2: j0rigg ($0.81 in chips) 
Seat 3: Tajasch ($0.63 in chips) 
Seat 4: jerome james 1 ($4.27 in chips) 
Seat 5: perosky ($1.29 in chips) 
Seat 6: PsAikoS ($0.79 in chips) 
Seat 7: stas9038rus ($2.54 in chips) 
Seat 8: Dorex2007 ($1.89 in chips) 
Seat 9: Murray197442 ($1.88 in chips) 
PsAikoS: posts small blind $0.01
stas9038rus: posts big blind $0.02
*** HOLE CARDS ***
Dealt to Dorex2007 [4h 5c]
Dorex2007: folds 
Murray197442: folds 
Luke Duarte: calls $0.02
j0rigg: folds 
Tajasch: folds 
jerome james 1 has timed out
jerome james 1: folds 
perosky: folds 
PsAikoS: calls $0.01
stas9038rus: checks 
*** FLOP *** [4c Ad Kd]
PsAikoS: checks 
stas9038rus: checks 
Luke Duarte: bets $0.03
PsAikoS: calls $0.03
stas9038rus: folds 
*** TURN *** [4c Ad Kd] [Qc]
PsAikoS: checks 
Luke Duarte: bets $0.02
PsAikoS: calls $0.02
*** RIVER *** [4c Ad Kd Qc] [Th]
PsAikoS: bets $0.08
Luke Duarte: folds 
Uncalled bet ($0.08) returned to PsAikoS
PsAikoS collected $0.15 from pot
*** SUMMARY ***
Total pot $0.16 | Rake $0.01 
Board [4c Ad Kd Qc Th]
Seat 1: Luke Duarte folded on the River
Seat 2: j0rigg folded before Flop (didn't bet)
Seat 3: Tajasch folded before Flop (didn't bet)
Seat 4: jerome james 1 folded before Flop (didn't bet)
Seat 5: perosky (button) folded before Flop (didn't bet)
Seat 6: PsAikoS (small blind) collected ($0.15)
Seat 7: stas9038rus (big blind) folded on the Flop
Seat 8: Dorex2007 folded before Flop (didn't bet)
Seat 9: Murray197442 folded before Flop (didn't bet)



PokerStars Hand #224432234094:  Hold'em No Limit ($0.01/$0.02 USD) - 2021/03/03 16:40:17 PT [2021/03/03 19:40:17 ET]
Table 'Sundmania' 9-max Seat #6 is the button
Seat 1: Luke Duarte ($1.60 in chips) 
Seat 2: j0rigg ($0.81 in chips) 
Seat 3: Tajasch ($0.63 in chips) 
Seat 4: jerome james 1 ($4.27 in chips) 
Seat 5: perosky ($1.29 in chips) 
Seat 6: PsAikoS ($0.87 in chips) 
Seat 7: stas9038rus ($2.52 in chips) 
Seat 8: Dorex2007 ($1.89 in chips) 
Seat 9: Murray197442 ($1.88 in chips) 
stas9038rus: posts small blind $0.01
Dorex2007: posts big blind $0.02
*** HOLE CARDS ***
Dealt to Dorex2007 [4c Jd]
Murray197442: folds 
Luke Duarte: raises $0.02 to $0.04
j0rigg: folds 
Murray197442 leaves the table
Tajasch: folds 
jerome james 1: folds 
perosky: calls $0.04
PsAikoS: folds 
stas9038rus: calls $0.03
Dorex2007: calls $0.02
*** FLOP *** [Jc 7d Th]
stas9038rus: checks 
Dorex2007: bets $0.15
Luke Duarte: folds 
perosky: raises $0.45 to $0.60
stas9038rus: folds 
Dorex2007: folds 
Uncalled bet ($0.45) returned to perosky
perosky collected $0.44 from pot
perosky: doesn't show hand 
*** SUMMARY ***
Total pot $0.46 | Rake $0.02 
Board [Jc 7d Th]
Seat 1: Luke Duarte folded on the Flop
Seat 2: j0rigg folded before Flop (didn't bet)
Seat 3: Tajasch folded before Flop (didn't bet)
Seat 4: jerome james 1 folded before Flop (didn't bet)
Seat 5: perosky collected ($0.44)
Seat 6: PsAikoS (button) folded before Flop (didn't bet)
Seat 7: stas9038rus (small blind) folded on the Flop
Seat 8: Dorex2007 (big blind) folded on the Flop
Seat 9: Murray197442 folded before Flop (didn't bet)



PokerStars Hand #224432261322:  Hold'em No Limit ($0.01/$0.02 USD) - 2021/03/03 16:41:31 PT [2021/03/03 19:41:31 ET]
Table 'Sundmania' 9-max Seat #7 is the button
Seat 1: Luke Duarte ($1.56 in chips) 
Seat 2: j0rigg ($0.81 in chips) 
Seat 3: Tajasch ($0.63 in chips) 
Seat 4: jerome james 1 ($4.27 in chips) 
Seat 5: perosky ($1.54 in chips) 
Seat 6: PsAikoS ($0.87 in chips) 
Seat 7: stas9038rus ($2.48 in chips) 
Seat 8: Dorex2007 ($1.70 in chips) 
Dorex2007: posts small blind $0.01
Luke Duarte: posts big blind $0.02
*** HOLE CARDS ***
Dealt to Dorex2007 [Ks 3d]
j0rigg: raises $0.04 to $0.06
Tajasch: folds 
jerome james 1: folds 
perosky: folds 
PsAikoS: folds 
stas9038rus: folds 
Dorex2007: folds 
Luke Duarte: calls $0.04
*** FLOP *** [2d Kd 9d]
Luke Duarte: checks 
j0rigg: checks 
*** TURN *** [2d Kd 9d] [2c]
Luke Duarte: checks 
j0rigg: bets $0.11
Luke Duarte: folds 
Uncalled bet ($0.11) returned to j0rigg
j0rigg collected $0.13 from pot
j0rigg: doesn't show hand 
*** SUMMARY ***
Total pot $0.13 | Rake $0 
Board [2d Kd 9d 2c]
Seat 1: Luke Duarte (big blind) folded on the Turn
Seat 2: j0rigg collected ($0.13)
Seat 3: Tajasch folded before Flop (didn't bet)
Seat 4: jerome james 1 folded before Flop (didn't bet)
Seat 5: perosky folded before Flop (didn't bet)
Seat 6: PsAikoS folded before Flop (didn't bet)
Seat 7: stas9038rus (button) folded before Flop (didn't bet)
Seat 8: Dorex2007 (small blind) folded before Flop



PokerStars Hand #224432276311:  Hold'em No Limit ($0.01/$0.02 USD) - 2021/03/03 16:42:13 PT [2021/03/03 19:42:13 ET]
Table 'Sundmania' 9-max Seat #8 is the button
Seat 1: Luke Duarte ($1.50 in chips) 
Seat 2: j0rigg ($0.88 in chips) 
Seat 3: Tajasch ($0.63 in chips) 
Seat 4: jerome james 1 ($4.27 in chips) 
Seat 5: perosky ($1.54 in chips) 
Seat 6: PsAikoS ($0.87 in chips) 
Seat 7: stas9038rus ($2.48 in chips) 
Seat 8: Dorex2007 ($1.69 in chips) 
Luke Duarte: posts small blind $0.01
j0rigg: posts big blind $0.02
*** HOLE CARDS ***
Dealt to Dorex2007 [Qc 9h]
Tajasch: folds 
jerome james 1: folds 
perosky: calls $0.02
PsAikoS: folds 
stas9038rus: folds 
Dorex2007: calls $0.02
Luke Duarte: calls $0.01
j0rigg: checks 
*** FLOP *** [Ac 7h Kc]
Luke Duarte: bets $0.02
j0rigg: folds 
perosky: calls $0.02
Dorex2007: folds 
*** TURN *** [Ac 7h Kc] [6c]
Luke Duarte: bets $0.02
perosky: raises $0.08 to $0.10
Luke Duarte: calls $0.08
*** RIVER *** [Ac 7h Kc 6c] [8c]
Luke Duarte: checks 
perosky: checks 
*** SHOW DOWN ***
Luke Duarte: shows [As Js] (a pair of Aces)
perosky: shows [7c Kd] (a flush, Ace high)
perosky collected $0.31 from pot
*** SUMMARY ***
Total pot $0.32 | Rake $0.01 
Board [Ac 7h Kc 6c 8c]
Seat 1: Luke Duarte (small blind) showed [As Js] and lost with a pair of Aces
Seat 2: j0rigg (big blind) folded on the Flop
Seat 3: Tajasch folded before Flop (didn't bet)
Seat 4: jerome james 1 folded before Flop (didn't bet)
Seat 5: perosky showed [7c Kd] and won ($0.31) with a flush, Ace high
Seat 6: PsAikoS folded before Flop (didn't bet)
Seat 7: stas9038rus folded before Flop (didn't bet)
Seat 8: Dorex2007 (button) folded on the Flop



PokerStars Hand #224432303914:  Hold'em No Limit ($0.01/$0.02 USD) - 2021/03/03 16:43:19 PT [2021/03/03 19:43:19 ET]
Table 'Sundmania' 9-max Seat #1 is the button
Seat 1: Luke Duarte ($1.36 in chips) 
Seat 2: j0rigg ($0.86 in chips) 
Seat 3: Tajasch ($0.63 in chips) 
Seat 4: jerome james 1 ($4.27 in chips) 
Seat 5: perosky ($1.71 in chips) 
Seat 6: PsAikoS ($0.87 in chips) 
Seat 7: stas9038rus ($2.48 in chips) 
Seat 8: Dorex2007 ($1.67 in chips) 
j0rigg: posts small blind $0.01
Tajasch: posts big blind $0.02
*** HOLE CARDS ***
Dealt to Dorex2007 [7h Jh]
jerome james 1: calls $0.02
perosky: calls $0.02
PsAikoS: folds 
stas9038rus: folds 
Dorex2007: calls $0.02
Luke Duarte: folds 
Luke Duarte leaves the table
j0rigg: folds 
Tajasch: checks 
*** FLOP *** [3c Ks 8d]
Tajasch: checks 
jerome james 1: checks 
perosky: checks 
Dorex2007: checks 
*** TURN *** [3c Ks 8d] [2s]
Tajasch: bets $0.06
jerome james 1: folds 
perosky: folds 
Dorex2007: folds 
Uncalled bet ($0.06) returned to Tajasch
Tajasch collected $0.09 from pot
Tajasch: doesn't show hand 
*** SUMMARY ***
Total pot $0.09 | Rake $0 
Board [3c Ks 8d 2s]
Seat 1: Luke Duarte (button) folded before Flop (didn't bet)
Seat 2: j0rigg (small blind) folded before Flop
Seat 3: Tajasch (big blind) collected ($0.09)
Seat 4: jerome james 1 folded on the Turn
Seat 5: perosky folded on the Turn
Seat 6: PsAikoS folded before Flop (didn't bet)
Seat 7: stas9038rus folded before Flop (didn't bet)
Seat 8: Dorex2007 folded on the Turn



PokerStars Hand #224432335447:  Hold'em No Limit ($0.01/$0.02 USD) - 2021/03/03 16:44:21 PT [2021/03/03 19:44:21 ET]
Table 'Sundmania' 9-max Seat #2 is the button
Seat 2: j0rigg ($0.85 in chips) 
Seat 3: Tajasch ($0.70 in chips) 
Seat 4: jerome james 1 ($4.25 in chips) 
Seat 5: perosky ($1.69 in chips) 
Seat 6: PsAikoS ($0.87 in chips) 
Seat 7: stas9038rus ($2.48 in chips) 
Seat 8: Dorex2007 ($1.65 in chips) 
Tajasch: posts small blind $0.01
jerome james 1: posts big blind $0.02
*** HOLE CARDS ***
Dealt to Dorex2007 [4s 7c]
perosky: calls $0.02
PsAikoS: folds 
stas9038rus: folds 
Dorex2007: folds 
j0rigg: folds 
Tajasch: folds 
jerome james 1: checks 
*** FLOP *** [4h Qc 9s]
jerome james 1: bets $0.02
perosky: calls $0.02
*** TURN *** [4h Qc 9s] [Qd]
jerome james 1: bets $0.02
perosky: calls $0.02
*** RIVER *** [4h Qc 9s Qd] [5c]
jerome james 1: bets $0.06
perosky: calls $0.06
*** SHOW DOWN ***
jerome james 1: shows [Js 8s] (a pair of Queens)
perosky: shows [Ah 9c] (two pair, Queens and Nines)
perosky collected $0.24 from pot
*** SUMMARY ***
Total pot $0.25 | Rake $0.01 
Board [4h Qc 9s Qd 5c]
Seat 2: j0rigg (button) folded before Flop (didn't bet)
Seat 3: Tajasch (small blind) folded before Flop
Seat 4: jerome james 1 (big blind) showed [Js 8s] and lost with a pair of Queens
Seat 5: perosky showed [Ah 9c] and won ($0.24) with two pair, Queens and Nines
Seat 6: PsAikoS folded before Flop (didn't bet)
Seat 7: stas9038rus folded before Flop (didn't bet)
Seat 8: Dorex2007 folded before Flop (didn't bet)



PokerStars Hand #224432356584:  Hold'em No Limit ($0.01/$0.02 USD) - 2021/03/03 16:45:20 PT [2021/03/03 19:45:20 ET]
Table 'Sundmania' 9-max Seat #3 is the button
Seat 2: j0rigg ($0.85 in chips) 
Seat 3: Tajasch ($0.69 in chips) 
Seat 4: jerome james 1 ($4.13 in chips) 
Seat 5: perosky ($1.81 in chips) 
Seat 6: PsAikoS ($0.87 in chips) 
Seat 7: stas9038rus ($2.48 in chips) 
Seat 8: Dorex2007 ($1.65 in chips) 
jerome james 1: posts small blind $0.01
perosky: posts big blind $0.02
*** HOLE CARDS ***
Dealt to Dorex2007 [4d Tc]
PsAikoS: calls $0.02
stas9038rus: raises $0.06 to $0.08
Dorex2007: folds 
j0rigg: calls $0.08
Tajasch: calls $0.08
jerome james 1: folds 
perosky: calls $0.06
PsAikoS: calls $0.06
*** FLOP *** [Jh 6d 8h]
perosky: checks 
PsAikoS: checks 
stas9038rus: bets $0.20
j0rigg: folds 
Tajasch: raises $0.41 to $0.61 and is all-in
perosky: folds 
PsAikoS: raises $0.18 to $0.79 and is all-in
stas9038rus: folds 
Uncalled bet ($0.18) returned to PsAikoS
*** TURN *** [Jh 6d 8h] [Ah]
*** RIVER *** [Jh 6d 8h Ah] [5h]
*** SHOW DOWN ***
PsAikoS: shows [Kh Ks] (a flush, Ace high)
Tajasch: shows [Jd Qh] (a flush, Ace high - lower cards)
PsAikoS cashed out the hand for $1.41 | Cash Out Fee $0.01
*** SUMMARY ***
Total pot $1.83 | Rake $0.06 
Board [Jh 6d 8h Ah 5h]
Seat 2: j0rigg folded on the Flop
Seat 3: Tajasch (button) showed [Jd Qh] and lost with a flush, Ace high
Seat 4: jerome james 1 (small blind) folded before Flop
Seat 5: perosky (big blind) folded on the Flop
Seat 6: PsAikoS showed [Kh Ks] and won ($1.77) with a flush, Ace high (pot not awarded as player cashed out)
Seat 7: stas9038rus folded on the Flop
Seat 8: Dorex2007 folded before Flop (didn't bet)



PokerStars Hand #224432386502:  Hold'em No Limit ($0.01/$0.02 USD) - 2021/03/03 16:46:44 PT [2021/03/03 19:46:44 ET]
Table 'Sundmania' 9-max Seat #4 is the button
Seat 2: j0rigg ($0.77 in chips) 
Seat 4: jerome james 1 ($4.12 in chips) 
Seat 5: perosky ($1.73 in chips) 
Seat 6: PsAikoS ($1.59 in chips) 
Seat 7: stas9038rus ($2.20 in chips) 
Seat 8: Dorex2007 ($1.65 in chips) 
perosky: posts small blind $0.01
PsAikoS: posts big blind $0.02
*** HOLE CARDS ***
Dealt to Dorex2007 [Jd 7s]
stas9038rus: folds 
Dorex2007: folds 
j0rigg: folds 
Tajasch leaves the table
jerome james 1: calls $0.02
perosky: calls $0.01
PsAikoS: checks 
*** FLOP *** [6h Jh 8s]
perosky: bets $0.03
PsAikoS: folds 
jerome james 1: folds 
Uncalled bet ($0.03) returned to perosky
perosky collected $0.06 from pot
perosky: doesn't show hand 
*** SUMMARY ***
Total pot $0.06 | Rake $0 
Board [6h Jh 8s]
Seat 2: j0rigg folded before Flop (didn't bet)
Seat 4: jerome james 1 (button) folded on the Flop
Seat 5: perosky (small blind) collected ($0.06)
Seat 6: PsAikoS (big blind) folded on the Flop
Seat 7: stas9038rus folded before Flop (didn't bet)
Seat 8: Dorex2007 folded before Flop (didn't bet)



PokerStars Hand #224432395070:  Hold'em No Limit ($0.01/$0.02 USD) - 2021/03/03 16:47:09 PT [2021/03/03 19:47:09 ET]
Table 'Sundmania' 9-max Seat #5 is the button
Seat 2: j0rigg ($0.77 in chips) 
Seat 4: jerome james 1 ($4.10 in chips) 
Seat 5: perosky ($1.77 in chips) 
Seat 6: PsAikoS ($1.57 in chips) 
Seat 7: stas9038rus ($2.20 in chips) 
Seat 8: Dorex2007 ($1.65 in chips) 
PsAikoS: posts small blind $0.01
stas9038rus: posts big blind $0.02
*** HOLE CARDS ***
Dealt to Dorex2007 [8h Jd]
Dorex2007: folds 
j0rigg: raises $0.04 to $0.06
jerome james 1: calls $0.06
perosky: folds 
PsAikoS: folds 
stas9038rus: calls $0.04
*** FLOP *** [Td 5c Js]
ryuzaki:x joins the table at seat #1 
PsAikoS leaves the table
stas9038rus: checks 
j0rigg: bets $0.15
jerome james 1: calls $0.15
stas9038rus: folds 
*** TURN *** [Td 5c Js] [Kh]
j0rigg: checks 
jerome james 1: bets $0.16
j0rigg: raises $0.40 to $0.56 and is all-in
jerome james 1: calls $0.40
*** RIVER *** [Td 5c Js Kh] [4c]
*** SHOW DOWN ***
j0rigg: shows [Qd Qs] (a pair of Queens)
jerome james 1: shows [Jc Th] (two pair, Jacks and Tens)
jerome james 1 collected $1.55 from pot
*** SUMMARY ***
Total pot $1.61 | Rake $0.06 
Board [Td 5c Js Kh 4c]
Seat 2: j0rigg showed [Qd Qs] and lost with a pair of Queens
Seat 4: jerome james 1 showed [Jc Th] and won ($1.55) with two pair, Jacks and Tens
Seat 5: perosky (button) folded before Flop (didn't bet)
Seat 6: PsAikoS (small blind) folded before Flop
Seat 7: stas9038rus (big blind) folded on the Flop
Seat 8: Dorex2007 folded before Flop (didn't bet)



PokerStars Hand #224432425028:  Hold'em No Limit ($0.01/$0.02 USD) - 2021/03/03 16:48:33 PT [2021/03/03 19:48:33 ET]
Table 'Sundmania' 9-max Seat #7 is the button
Seat 1: ryuzaki:x ($2 in chips) 
Seat 4: jerome james 1 ($4.88 in chips) 
Seat 5: perosky ($1.77 in chips) 
Seat 7: stas9038rus ($2.14 in chips) 
Seat 8: Dorex2007 ($1.65 in chips) 
Dorex2007: posts small blind $0.01
ryuzaki:x: posts big blind $0.02
*** HOLE CARDS ***
Dealt to Dorex2007 [8s Qc]
jerome james 1: calls $0.02
j0rigg leaves the table
perosky: folds 
stas9038rus: folds 
Dorex2007: calls $0.01
ryuzaki:x: checks 
*** FLOP *** [3d Td 8c]
Dorex2007: bets $0.05
ryuzaki:x: folds 
jerome james 1: calls $0.05
*** TURN *** [3d Td 8c] [Jd]
Dorex2007: checks 
jerome james 1: checks 
*** RIVER *** [3d Td 8c Jd] [2c]
Dorex2007: checks 
jerome james 1: bets $0.10
Dorex2007: raises $0.16 to $0.26
jerome james 1: calls $0.16
*** SHOW DOWN ***
Dorex2007: shows [8s Qc] (a pair of Eights)
jerome james 1: shows [7c 9c] (a straight, Seven to Jack)
jerome james 1 collected $0.66 from pot
*** SUMMARY ***
Total pot $0.68 | Rake $0.02 
Board [3d Td 8c Jd 2c]
Seat 1: ryuzaki:x (big blind) folded on the Flop
Seat 4: jerome james 1 showed [7c 9c] and won ($0.66) with a straight, Seven to Jack
Seat 5: perosky folded before Flop (didn't bet)
Seat 7: stas9038rus (button) folded before Flop (didn't bet)
Seat 8: Dorex2007 (small blind) showed [8s Qc] and lost with a pair of Eights



