PokerStars Hand #227636615045:  Hold'em No Limit ($0.01/$0.02 USD) - 2021/06/16 18:41:42 PT [2021/06/16 21:41:42 ET]
Table 'Griseldis III' 9-max Seat #4 is the button
Seat 1: BARBURIA ($0.58 in chips) 
Seat 2: Dorex2007 ($2 in chips) 
Seat 3: thepeech ($2.24 in chips) 
Seat 4: Gkalmpinos365 ($0.58 in chips) 
Seat 5: VKim_V ($3.84 in chips) 
Seat 6: Juagonzalez ($1.97 in chips) 
Seat 7: big_red1a ($2.38 in chips) 
Seat 9: tntooni ($4.20 in chips) 
VKim_V: posts small blind $0.01
Juagonzalez: posts big blind $0.02
Dorex2007: posts big blind $0.02
*** HOLE CARDS ***
Dealt to Dorex2007 [Th 4s]
big_red1a: calls $0.02
tntooni: raises $0.05 to $0.07
BARBURIA has timed out
BARBURIA: folds 
Dorex2007: folds 
thepeech: folds 
Gkalmpinos365: calls $0.07
VKim_V: folds 
Juagonzalez: raises $1.90 to $1.97 and is all-in
big_red1a: folds 
tntooni: folds 
Gkalmpinos365: folds 
Uncalled bet ($1.90) returned to Juagonzalez
Juagonzalez collected $0.26 from pot
Juagonzalez: doesn't show hand 
*** SUMMARY ***
Total pot $0.26 | Rake $0 
Seat 1: BARBURIA folded before Flop (didn't bet)
Seat 2: Dorex2007 folded before Flop (didn't bet)
Seat 3: thepeech folded before Flop (didn't bet)
Seat 4: Gkalmpinos365 (button) folded before Flop
Seat 5: VKim_V (small blind) folded before Flop
Seat 6: Juagonzalez (big blind) collected ($0.26)
Seat 7: big_red1a folded before Flop
Seat 9: tntooni folded before Flop



PokerStars Hand #227636626827:  Hold'em No Limit ($0.01/$0.02 USD) - 2021/06/16 18:42:33 PT [2021/06/16 21:42:33 ET]
Table 'Griseldis III' 9-max Seat #5 is the button
Seat 1: BARBURIA ($0.58 in chips) 
Seat 2: Dorex2007 ($1.98 in chips) 
Seat 3: thepeech ($2.24 in chips) 
Seat 4: Gkalmpinos365 ($0.51 in chips) 
Seat 5: VKim_V ($3.83 in chips) 
Seat 6: Juagonzalez ($2.16 in chips) 
Seat 9: tntooni ($4.13 in chips) 
Juagonzalez: posts small blind $0.01
big_red1a: is sitting out 
tntooni: posts big blind $0.02
*** HOLE CARDS ***
Dealt to Dorex2007 [Ts 8c]
BARBURIA: folds 
big_red1a leaves the table
Dorex2007: folds 
thepeech: raises $0.04 to $0.06
Gkalmpinos365: calls $0.06
VKim_V: calls $0.06
Juagonzalez: folds 
tntooni: folds 
*** FLOP *** [6d Js Qh]
thepeech: bets $0.12
Gkalmpinos365: folds 
VKim_V: folds 
Uncalled bet ($0.12) returned to thepeech
thepeech collected $0.20 from pot
thepeech: doesn't show hand 
*** SUMMARY ***
Total pot $0.21 | Rake $0.01 
Board [6d Js Qh]
Seat 1: BARBURIA folded before Flop (didn't bet)
Seat 2: Dorex2007 folded before Flop (didn't bet)
Seat 3: thepeech collected ($0.20)
Seat 4: Gkalmpinos365 folded on the Flop
Seat 5: VKim_V (button) folded on the Flop
Seat 6: Juagonzalez (small blind) folded before Flop
Seat 9: tntooni (big blind) folded before Flop



PokerStars Hand #227636639340:  Hold'em No Limit ($0.01/$0.02 USD) - 2021/06/16 18:43:27 PT [2021/06/16 21:43:27 ET]
Table 'Griseldis III' 9-max Seat #6 is the button
Seat 1: BARBURIA ($0.58 in chips) 
Seat 2: Dorex2007 ($1.98 in chips) 
Seat 3: thepeech ($2.38 in chips) 
Seat 4: Gkalmpinos365 ($0.45 in chips) 
Seat 5: VKim_V ($3.77 in chips) 
Seat 6: Juagonzalez ($2.15 in chips) 
Seat 9: tntooni ($4.11 in chips) 
tntooni: posts small blind $0.01
BARBURIA: posts big blind $0.02
*** HOLE CARDS ***
Dealt to Dorex2007 [6h 8c]
Dorex2007: folds 
thepeech: folds 
Gkalmpinos365: folds 
VKim_V: folds 
Juagonzalez: folds 
tntooni: folds 
Uncalled bet ($0.01) returned to BARBURIA
BARBURIA collected $0.02 from pot
BARBURIA: doesn't show hand 
*** SUMMARY ***
Total pot $0.02 | Rake $0 
Seat 1: BARBURIA (big blind) collected ($0.02)
Seat 2: Dorex2007 folded before Flop (didn't bet)
Seat 3: thepeech folded before Flop (didn't bet)
Seat 4: Gkalmpinos365 folded before Flop (didn't bet)
Seat 5: VKim_V folded before Flop (didn't bet)
Seat 6: Juagonzalez (button) folded before Flop (didn't bet)
Seat 9: tntooni (small blind) folded before Flop



PokerStars Hand #227636652662:  Hold'em No Limit ($0.01/$0.02 USD) - 2021/06/16 18:43:43 PT [2021/06/16 21:43:43 ET]
Table 'Griseldis III' 9-max Seat #9 is the button
Seat 1: BARBURIA ($0.59 in chips) 
Seat 2: Dorex2007 ($1.98 in chips) 
Seat 3: thepeech ($2.38 in chips) 
Seat 4: Gkalmpinos365 ($0.45 in chips) 
Seat 5: VKim_V ($3.77 in chips) 
Seat 6: Juagonzalez ($2.15 in chips) 
Seat 9: tntooni ($4.10 in chips) 
BARBURIA: posts small blind $0.01
Dorex2007: posts big blind $0.02
*** HOLE CARDS ***
Dealt to Dorex2007 [7h Kh]
thepeech: folds 
Gkalmpinos365: folds 
[T]iago][T0 joins the table at seat #7 
VKim_V: folds 
Juagonzalez: folds 
tntooni: raises $0.03 to $0.05
BARBURIA: calls $0.04
Dorex2007: folds 
*** FLOP *** [7d Tc 8d]
BARBURIA: checks 
tntooni: bets $0.06
BARBURIA: folds 
Uncalled bet ($0.06) returned to tntooni
tntooni collected $0.12 from pot
tntooni: doesn't show hand 
*** SUMMARY ***
Total pot $0.12 | Rake $0 
Board [7d Tc 8d]
Seat 1: BARBURIA (small blind) folded on the Flop
Seat 2: Dorex2007 (big blind) folded before Flop
Seat 3: thepeech folded before Flop (didn't bet)
Seat 4: Gkalmpinos365 folded before Flop (didn't bet)
Seat 5: VKim_V folded before Flop (didn't bet)
Seat 6: Juagonzalez folded before Flop (didn't bet)
Seat 9: tntooni (button) collected ($0.12)



PokerStars Hand #227636664969:  Hold'em No Limit ($0.01/$0.02 USD) - 2021/06/16 18:44:32 PT [2021/06/16 21:44:32 ET]
Table 'Griseldis III' 9-max Seat #1 is the button
Seat 1: BARBURIA ($0.54 in chips) 
Seat 2: Dorex2007 ($1.96 in chips) 
Seat 3: thepeech ($2.38 in chips) 
Seat 4: Gkalmpinos365 ($0.45 in chips) 
Seat 5: VKim_V ($3.77 in chips) 
Seat 6: Juagonzalez ($2.15 in chips) 
Seat 7: [T]iago][T0 ($0.80 in chips) 
Seat 9: tntooni ($4.17 in chips) 
Dorex2007: posts small blind $0.01
thepeech: posts big blind $0.02
[T]iago][T0: posts big blind $0.02
*** HOLE CARDS ***
Dealt to Dorex2007 [8c 4d]
Gkalmpinos365: folds 
VKim_V: calls $0.02
Juagonzalez: folds 
[T]iago][T0: checks 
tntooni: folds 
BARBURIA: calls $0.02
Dorex2007: folds 
thepeech: checks 
*** FLOP *** [5d Ad Js]
thepeech: checks 
VKim_V: checks 
[T]iago][T0: checks 
BARBURIA: checks 
*** TURN *** [5d Ad Js] [As]
thepeech: bets $0.05
VKim_V: folds 
[T]iago][T0: calls $0.05
BARBURIA: folds 
*** RIVER *** [5d Ad Js As] [Qs]
thepeech: checks 
[T]iago][T0: checks 
*** SHOW DOWN ***
thepeech: shows [Kc 5c] (two pair, Aces and Fives)
[T]iago][T0: shows [Ah 2d] (three of a kind, Aces)
[T]iago][T0 collected $0.18 from pot
*** SUMMARY ***
Total pot $0.19 | Rake $0.01 
Board [5d Ad Js As Qs]
Seat 1: BARBURIA (button) folded on the Turn
Seat 2: Dorex2007 (small blind) folded before Flop
Seat 3: thepeech (big blind) showed [Kc 5c] and lost with two pair, Aces and Fives
Seat 4: Gkalmpinos365 folded before Flop (didn't bet)
Seat 5: VKim_V folded on the Turn
Seat 6: Juagonzalez folded before Flop (didn't bet)
Seat 7: [T]iago][T0 showed [Ah 2d] and won ($0.18) with three of a kind, Aces
Seat 9: tntooni folded before Flop (didn't bet)



PokerStars Hand #227636680859:  Hold'em No Limit ($0.01/$0.02 USD) - 2021/06/16 18:45:40 PT [2021/06/16 21:45:40 ET]
Table 'Griseldis III' 9-max Seat #2 is the button
Seat 1: BARBURIA ($0.52 in chips) 
Seat 2: Dorex2007 ($1.95 in chips) 
Seat 3: thepeech ($2.31 in chips) 
Seat 4: Gkalmpinos365 ($0.45 in chips) 
Seat 5: VKim_V ($3.75 in chips) 
Seat 6: Juagonzalez ($2.15 in chips) 
Seat 7: [T]iago][T0 ($0.91 in chips) 
Seat 9: tntooni ($4.17 in chips) 
thepeech: posts small blind $0.01
Gkalmpinos365: posts big blind $0.02
*** HOLE CARDS ***
Dealt to Dorex2007 [6c 4d]
VKim_V: calls $0.02
Juagonzalez: folds 
[T]iago][T0: folds 
tntooni: folds 
BARBURIA: folds 
Dorex2007: folds 
thepeech: folds 
Gkalmpinos365: checks 
*** FLOP *** [5h 8s 4s]
Gkalmpinos365: checks 
VKim_V: bets $0.04
Gkalmpinos365: folds 
Uncalled bet ($0.04) returned to VKim_V
VKim_V collected $0.05 from pot
VKim_V: doesn't show hand 
*** SUMMARY ***
Total pot $0.05 | Rake $0 
Board [5h 8s 4s]
Seat 1: BARBURIA folded before Flop (didn't bet)
Seat 2: Dorex2007 (button) folded before Flop (didn't bet)
Seat 3: thepeech (small blind) folded before Flop
Seat 4: Gkalmpinos365 (big blind) folded on the Flop
Seat 5: VKim_V collected ($0.05)
Seat 6: Juagonzalez folded before Flop (didn't bet)
Seat 7: [T]iago][T0 folded before Flop (didn't bet)
Seat 9: tntooni folded before Flop (didn't bet)



PokerStars Hand #227636689040:  Hold'em No Limit ($0.01/$0.02 USD) - 2021/06/16 18:46:15 PT [2021/06/16 21:46:15 ET]
Table 'Griseldis III' 9-max Seat #3 is the button
Seat 1: BARBURIA ($0.52 in chips) 
Seat 2: Dorex2007 ($1.95 in chips) 
Seat 3: thepeech ($2.30 in chips) 
Seat 4: Gkalmpinos365 ($0.43 in chips) 
Seat 5: VKim_V ($3.78 in chips) 
Seat 6: Juagonzalez ($2.15 in chips) 
Seat 7: [T]iago][T0 ($0.91 in chips) 
Seat 8: POLLO ISRA75 ($3.14 in chips) 
Seat 9: tntooni ($4.17 in chips) 
Gkalmpinos365: posts small blind $0.01
VKim_V: posts big blind $0.02
POLLO ISRA75: posts small & big blinds $0.03
*** HOLE CARDS ***
Dealt to Dorex2007 [As 9s]
Juagonzalez: folds 
[T]iago][T0: folds 
POLLO ISRA75: checks 
tntooni: folds 
BARBURIA: folds 
Dorex2007: raises $0.04 to $0.06
thepeech: folds 
Gkalmpinos365: raises $0.37 to $0.43 and is all-in
VKim_V: folds 
POLLO ISRA75 has timed out
POLLO ISRA75: folds 
Dorex2007: folds 
Uncalled bet ($0.37) returned to Gkalmpinos365
Gkalmpinos365 collected $0.17 from pot
Gkalmpinos365: doesn't show hand 
*** SUMMARY ***
Total pot $0.17 | Rake $0 
Seat 1: BARBURIA folded before Flop (didn't bet)
Seat 2: Dorex2007 folded before Flop
Seat 3: thepeech (button) folded before Flop (didn't bet)
Seat 4: Gkalmpinos365 (small blind) collected ($0.17)
Seat 5: VKim_V (big blind) folded before Flop
Seat 6: Juagonzalez folded before Flop (didn't bet)
Seat 7: [T]iago][T0 folded before Flop (didn't bet)
Seat 8: POLLO ISRA75 folded before Flop (didn't bet)
Seat 9: tntooni folded before Flop (didn't bet)



PokerStars Hand #227636703243:  Hold'em No Limit ($0.01/$0.02 USD) - 2021/06/16 18:47:15 PT [2021/06/16 21:47:15 ET]
Table 'Griseldis III' 9-max Seat #4 is the button
Seat 1: BARBURIA ($0.52 in chips) 
Seat 2: Dorex2007 ($1.89 in chips) 
Seat 3: thepeech ($2.30 in chips) 
Seat 4: Gkalmpinos365 ($0.54 in chips) 
Seat 5: VKim_V ($3.76 in chips) 
Seat 6: Juagonzalez ($2.15 in chips) 
Seat 7: [T]iago][T0 ($0.91 in chips) 
Seat 9: tntooni ($4.17 in chips) 
VKim_V: posts small blind $0.01
Juagonzalez: posts big blind $0.02
*** HOLE CARDS ***
Dealt to Dorex2007 [6d 5d]
[T]iago][T0: calls $0.02
tntooni: folds 
BARBURIA: calls $0.02
Dorex2007: calls $0.02
thepeech: folds 
Gkalmpinos365: calls $0.02
VKim_V: folds 
Juagonzalez: checks 
*** FLOP *** [6s 9s Th]
Juagonzalez: checks 
[T]iago][T0: bets $0.06
BARBURIA: calls $0.06
Dorex2007: folds 
Gkalmpinos365: calls $0.06
Juagonzalez: folds 
*** TURN *** [6s 9s Th] [4h]
[T]iago][T0: bets $0.17
BARBURIA: folds 
Gkalmpinos365: folds 
Uncalled bet ($0.17) returned to [T]iago][T0
[T]iago][T0 collected $0.28 from pot
[T]iago][T0: doesn't show hand 
*** SUMMARY ***
Total pot $0.29 | Rake $0.01 
Board [6s 9s Th 4h]
Seat 1: BARBURIA folded on the Turn
Seat 2: Dorex2007 folded on the Flop
Seat 3: thepeech folded before Flop (didn't bet)
Seat 4: Gkalmpinos365 (button) folded on the Turn
Seat 5: VKim_V (small blind) folded before Flop
Seat 6: Juagonzalez (big blind) folded on the Flop
Seat 7: [T]iago][T0 collected ($0.28)
Seat 9: tntooni folded before Flop (didn't bet)



PokerStars Hand #227636715515:  Hold'em No Limit ($0.01/$0.02 USD) - 2021/06/16 18:48:07 PT [2021/06/16 21:48:07 ET]
Table 'Griseldis III' 9-max Seat #5 is the button
Seat 1: BARBURIA ($0.44 in chips) 
Seat 2: Dorex2007 ($1.87 in chips) 
Seat 3: thepeech ($2.30 in chips) 
Seat 4: Gkalmpinos365 ($0.46 in chips) 
Seat 5: VKim_V ($3.75 in chips) 
Seat 6: Juagonzalez ($2.13 in chips) 
Seat 7: [T]iago][T0 ($1.11 in chips) 
Seat 8: POLLO ISRA75 ($3.11 in chips) 
Seat 9: tntooni ($4.17 in chips) 
Juagonzalez: posts small blind $0.01
[T]iago][T0: posts big blind $0.02
*** HOLE CARDS ***
Dealt to Dorex2007 [Ah As]
POLLO ISRA75: folds 
tntooni: folds 
BARBURIA: folds 
Dorex2007: raises $0.04 to $0.06
thepeech: folds 
Gkalmpinos365: folds 
VKim_V: folds 
Juagonzalez: folds 
[T]iago][T0: folds 
Uncalled bet ($0.04) returned to Dorex2007
Dorex2007 collected $0.05 from pot
Dorex2007: doesn't show hand 
*** SUMMARY ***
Total pot $0.05 | Rake $0 
Seat 1: BARBURIA folded before Flop (didn't bet)
Seat 2: Dorex2007 collected ($0.05)
Seat 3: thepeech folded before Flop (didn't bet)
Seat 4: Gkalmpinos365 folded before Flop (didn't bet)
Seat 5: VKim_V (button) folded before Flop (didn't bet)
Seat 6: Juagonzalez (small blind) folded before Flop
Seat 7: [T]iago][T0 (big blind) folded before Flop
Seat 8: POLLO ISRA75 folded before Flop (didn't bet)
Seat 9: tntooni folded before Flop (didn't bet)



PokerStars Hand #227636721841:  Hold'em No Limit ($0.01/$0.02 USD) - 2021/06/16 18:48:35 PT [2021/06/16 21:48:35 ET]
Table 'Griseldis III' 9-max Seat #6 is the button
Seat 1: BARBURIA ($0.44 in chips) 
Seat 2: Dorex2007 ($1.90 in chips) 
Seat 3: thepeech ($2.30 in chips) 
Seat 4: Gkalmpinos365 ($0.46 in chips) 
Seat 5: VKim_V ($3.75 in chips) 
Seat 6: Juagonzalez ($2.12 in chips) 
Seat 7: [T]iago][T0 ($1.09 in chips) 
Seat 8: POLLO ISRA75 ($3.11 in chips) 
Seat 9: tntooni ($4.17 in chips) 
[T]iago][T0: posts small blind $0.01
POLLO ISRA75: posts big blind $0.02
*** HOLE CARDS ***
Dealt to Dorex2007 [4d 2h]
tntooni: folds 
BARBURIA: folds 
Dorex2007: folds 
thepeech: folds 
Gkalmpinos365: folds 
VKim_V: folds 
Juagonzalez: folds 
[T]iago][T0: calls $0.01
POLLO ISRA75: checks 
*** FLOP *** [7s Tc Th]
[T]iago][T0: bets $0.02
POLLO ISRA75: folds 
Uncalled bet ($0.02) returned to [T]iago][T0
Gkalmpinos365 leaves the table
[T]iago][T0 collected $0.04 from pot
[T]iago][T0: doesn't show hand 
*** SUMMARY ***
Total pot $0.04 | Rake $0 
Board [7s Tc Th]
Seat 1: BARBURIA folded before Flop (didn't bet)
Seat 2: Dorex2007 folded before Flop (didn't bet)
Seat 3: thepeech folded before Flop (didn't bet)
Seat 4: Gkalmpinos365 folded before Flop (didn't bet)
Seat 5: VKim_V folded before Flop (didn't bet)
Seat 6: Juagonzalez (button) folded before Flop (didn't bet)
Seat 7: [T]iago][T0 (small blind) collected ($0.04)
Seat 8: POLLO ISRA75 (big blind) folded on the Flop
Seat 9: tntooni folded before Flop (didn't bet)



PokerStars Hand #227636734307:  Hold'em No Limit ($0.01/$0.02 USD) - 2021/06/16 18:49:10 PT [2021/06/16 21:49:10 ET]
Table 'Griseldis III' 9-max Seat #7 is the button
Seat 1: BARBURIA ($0.44 in chips) 
Seat 2: Dorex2007 ($1.90 in chips) 
Seat 3: thepeech ($2.30 in chips) 
Seat 5: VKim_V ($3.75 in chips) 
Seat 6: Juagonzalez ($2.12 in chips) 
Seat 7: [T]iago][T0 ($1.11 in chips) 
Seat 8: POLLO ISRA75 ($3.09 in chips) 
Seat 9: tntooni ($4.17 in chips) 
POLLO ISRA75: posts small blind $0.01
tntooni: posts big blind $0.02
*** HOLE CARDS ***
Dealt to Dorex2007 [8c Th]
BARBURIA: folds 
Dorex2007: folds 
thepeech: folds 
VKim_V: calls $0.02
Juagonzalez: folds 
[T]iago][T0: folds 
POLLO ISRA75: folds 
Victor151886 joins the table at seat #4 
tntooni: raises $0.04 to $0.06
VKim_V: calls $0.04
*** FLOP *** [6h 9h 3s]
tntooni: bets $0.06
VKim_V: raises $0.25 to $0.31
tntooni: folds 
Uncalled bet ($0.25) returned to VKim_V
VKim_V collected $0.24 from pot
VKim_V: doesn't show hand 
*** SUMMARY ***
Total pot $0.25 | Rake $0.01 
Board [6h 9h 3s]
Seat 1: BARBURIA folded before Flop (didn't bet)
Seat 2: Dorex2007 folded before Flop (didn't bet)
Seat 3: thepeech folded before Flop (didn't bet)
Seat 5: VKim_V collected ($0.24)
Seat 6: Juagonzalez folded before Flop (didn't bet)
Seat 7: [T]iago][T0 (button) folded before Flop (didn't bet)
Seat 8: POLLO ISRA75 (small blind) folded before Flop
Seat 9: tntooni (big blind) folded on the Flop



PokerStars Hand #227636755956:  Hold'em No Limit ($0.01/$0.02 USD) - 2021/06/16 18:50:05 PT [2021/06/16 21:50:05 ET]
Table 'Griseldis III' 9-max Seat #8 is the button
Seat 1: BARBURIA ($0.44 in chips) 
Seat 2: Dorex2007 ($1.90 in chips) 
Seat 3: thepeech ($2.30 in chips) 
Seat 5: VKim_V ($3.87 in chips) 
Seat 6: Juagonzalez ($2.12 in chips) 
Seat 7: [T]iago][T0 ($1.11 in chips) 
Seat 8: POLLO ISRA75 ($3.08 in chips) 
Seat 9: tntooni ($4.05 in chips) 
tntooni: posts small blind $0.01
BARBURIA: posts big blind $0.02
Victor151886: sits out 
*** HOLE CARDS ***
Dealt to Dorex2007 [Jc 5s]
Dorex2007: folds 
thepeech: folds 
VKim_V: folds 
Juagonzalez: folds 
[T]iago][T0: folds 
POLLO ISRA75: calls $0.02
tntooni: calls $0.01
BARBURIA: checks 
*** FLOP *** [6s 9h 3s]
tntooni: bets $0.03
BARBURIA: folds 
POLLO ISRA75: folds 
Uncalled bet ($0.03) returned to tntooni
tntooni collected $0.06 from pot
tntooni: doesn't show hand 
*** SUMMARY ***
Total pot $0.06 | Rake $0 
Board [6s 9h 3s]
Seat 1: BARBURIA (big blind) folded on the Flop
Seat 2: Dorex2007 folded before Flop (didn't bet)
Seat 3: thepeech folded before Flop (didn't bet)
Seat 5: VKim_V folded before Flop (didn't bet)
Seat 6: Juagonzalez folded before Flop (didn't bet)
Seat 7: [T]iago][T0 folded before Flop (didn't bet)
Seat 8: POLLO ISRA75 (button) folded on the Flop
Seat 9: tntooni (small blind) collected ($0.06)



PokerStars Hand #227636767584:  Hold'em No Limit ($0.01/$0.02 USD) - 2021/06/16 18:50:55 PT [2021/06/16 21:50:55 ET]
Table 'Griseldis III' 9-max Seat #9 is the button
Seat 1: BARBURIA ($0.42 in chips) 
Seat 2: Dorex2007 ($1.90 in chips) 
Seat 3: thepeech ($2.30 in chips) 
Seat 4: Victor151886 ($2 in chips) 
Seat 5: VKim_V ($3.87 in chips) 
Seat 6: Juagonzalez ($2.12 in chips) 
Seat 7: [T]iago][T0 ($1.11 in chips) 
Seat 8: POLLO ISRA75 ($3.06 in chips) 
Seat 9: tntooni ($4.09 in chips) 
BARBURIA: posts small blind $0.01
Dorex2007: posts big blind $0.02
Victor151886: posts big blind $0.02
*** HOLE CARDS ***
Dealt to Dorex2007 [9s 8s]
thepeech: folds 
Victor151886: checks 
VKim_V: folds 
Juagonzalez: folds 
[T]iago][T0: folds 
POLLO ISRA75: calls $0.02
tntooni: folds 
BARBURIA: folds 
Dorex2007: checks 
*** FLOP *** [2s Jc 3s]
Dorex2007: checks 
Victor151886: bets $0.05
POLLO ISRA75: calls $0.05
Dorex2007: calls $0.05
*** TURN *** [2s Jc 3s] [2d]
Dorex2007: checks 
Victor151886: bets $0.05
POLLO ISRA75: calls $0.05
Dorex2007: calls $0.05
*** RIVER *** [2s Jc 3s 2d] [Ks]
Dorex2007: checks 
Victor151886: checks 
POLLO ISRA75: checks 
*** SHOW DOWN ***
Dorex2007: shows [9s 8s] (a flush, King high)
Victor151886: mucks hand 
POLLO ISRA75: mucks hand 
Dorex2007 collected $0.36 from pot
*** SUMMARY ***
Total pot $0.37 | Rake $0.01 
Board [2s Jc 3s 2d Ks]
Seat 1: BARBURIA (small blind) folded before Flop
Seat 2: Dorex2007 (big blind) showed [9s 8s] and won ($0.36) with a flush, King high
Seat 3: thepeech folded before Flop (didn't bet)
Seat 4: Victor151886 mucked [Js Td]
Seat 5: VKim_V folded before Flop (didn't bet)
Seat 6: Juagonzalez folded before Flop (didn't bet)
Seat 7: [T]iago][T0 folded before Flop (didn't bet)
Seat 8: POLLO ISRA75 mucked [9d 9h]
Seat 9: tntooni (button) folded before Flop (didn't bet)



PokerStars Hand #227636793072:  Hold'em No Limit ($0.01/$0.02 USD) - 2021/06/16 18:52:44 PT [2021/06/16 21:52:44 ET]
Table 'Griseldis III' 9-max Seat #1 is the button
Seat 1: BARBURIA ($0.41 in chips) 
Seat 2: Dorex2007 ($2.14 in chips) 
Seat 3: thepeech ($2.30 in chips) 
Seat 4: Victor151886 ($2 in chips) 
Seat 5: VKim_V ($3.87 in chips) 
Seat 6: Juagonzalez ($2.12 in chips) 
Seat 7: [T]iago][T0 ($1.11 in chips) 
Seat 8: POLLO ISRA75 ($2.94 in chips) 
Seat 9: tntooni ($4.09 in chips) 
Dorex2007: posts small blind $0.01
thepeech: posts big blind $0.02
*** HOLE CARDS ***
Dealt to Dorex2007 [3d 6s]
Victor151886: folds 
VKim_V: raises $0.04 to $0.06
Juagonzalez: folds 
[T]iago][T0: folds 
POLLO ISRA75: folds 
tntooni: folds 
BARBURIA: calls $0.06
Dorex2007: folds 
thepeech: folds 
*** FLOP *** [Jc 2s 5h]
VKim_V: bets $0.07
BARBURIA: calls $0.07
*** TURN *** [Jc 2s 5h] [Qc]
VKim_V: checks 
BARBURIA: checks 
*** RIVER *** [Jc 2s 5h Qc] [Qh]
VKim_V: checks 
BARBURIA: bets $0.28 and is all-in
VKim_V: folds 
Uncalled bet ($0.28) returned to BARBURIA
BARBURIA collected $0.28 from pot
BARBURIA: doesn't show hand 
*** SUMMARY ***
Total pot $0.29 | Rake $0.01 
Board [Jc 2s 5h Qc Qh]
Seat 1: BARBURIA (button) collected ($0.28)
Seat 2: Dorex2007 (small blind) folded before Flop
Seat 3: thepeech (big blind) folded before Flop
Seat 4: Victor151886 folded before Flop (didn't bet)
Seat 5: VKim_V folded on the River
Seat 6: Juagonzalez folded before Flop (didn't bet)
Seat 7: [T]iago][T0 folded before Flop (didn't bet)
Seat 8: POLLO ISRA75 folded before Flop (didn't bet)
Seat 9: tntooni folded before Flop (didn't bet)



PokerStars Hand #227636808175:  Hold'em No Limit ($0.01/$0.02 USD) - 2021/06/16 18:53:50 PT [2021/06/16 21:53:50 ET]
Table 'Griseldis III' 9-max Seat #2 is the button
Seat 1: BARBURIA ($0.56 in chips) 
Seat 2: Dorex2007 ($2.13 in chips) 
Seat 3: thepeech ($2.28 in chips) 
Seat 4: Victor151886 ($2 in chips) 
Seat 5: VKim_V ($3.74 in chips) 
Seat 6: Juagonzalez ($2.12 in chips) 
Seat 7: [T]iago][T0 ($1.11 in chips) 
Seat 8: POLLO ISRA75 ($2.94 in chips) 
Seat 9: tntooni ($4.09 in chips) 
thepeech: posts small blind $0.01
Victor151886: posts big blind $0.02
*** HOLE CARDS ***
Dealt to Dorex2007 [9c 8h]
VKim_V: folds 
Juagonzalez: folds 
[T]iago][T0: folds 
POLLO ISRA75: folds 
tntooni: folds 
BARBURIA: folds 
Dorex2007: folds 
thepeech: folds 
Uncalled bet ($0.01) returned to Victor151886
Victor151886 collected $0.02 from pot
Victor151886: doesn't show hand 
*** SUMMARY ***
Total pot $0.02 | Rake $0 
Seat 1: BARBURIA folded before Flop (didn't bet)
Seat 2: Dorex2007 (button) folded before Flop (didn't bet)
Seat 3: thepeech (small blind) folded before Flop
Seat 4: Victor151886 (big blind) collected ($0.02)
Seat 5: VKim_V folded before Flop (didn't bet)
Seat 6: Juagonzalez folded before Flop (didn't bet)
Seat 7: [T]iago][T0 folded before Flop (didn't bet)
Seat 8: POLLO ISRA75 folded before Flop (didn't bet)
Seat 9: tntooni folded before Flop (didn't bet)



PokerStars Hand #227636813504:  Hold'em No Limit ($0.01/$0.02 USD) - 2021/06/16 18:54:13 PT [2021/06/16 21:54:13 ET]
Table 'Griseldis III' 9-max Seat #3 is the button
Seat 1: BARBURIA ($0.56 in chips) 
Seat 2: Dorex2007 ($2.13 in chips) 
Seat 3: thepeech ($2.27 in chips) 
Seat 4: Victor151886 ($2.01 in chips) 
Seat 5: VKim_V ($3.74 in chips) 
Seat 6: Juagonzalez ($2.12 in chips) 
Seat 7: [T]iago][T0 ($1.11 in chips) 
Seat 8: POLLO ISRA75 ($2.94 in chips) 
Seat 9: tntooni ($4.09 in chips) 
Victor151886: posts small blind $0.01
VKim_V: posts big blind $0.02
*** HOLE CARDS ***
Dealt to Dorex2007 [6c 9h]
Juagonzalez: folds 
[T]iago][T0: folds 
Juagonzalez leaves the table
yjqian23 joins the table at seat #6 
POLLO ISRA75: calls $0.02
tntooni: folds 
BARBURIA: folds 
Dorex2007: folds 
thepeech: folds 
Victor151886: raises $0.06 to $0.08
VKim_V: folds 
POLLO ISRA75: calls $0.06
*** FLOP *** [2d 7c 8d]
Victor151886: checks 
POLLO ISRA75: checks 
*** TURN *** [2d 7c 8d] [Kc]
Victor151886: bets $0.09
POLLO ISRA75: raises $0.35 to $0.44
Victor151886: folds 
Uncalled bet ($0.35) returned to POLLO ISRA75
POLLO ISRA75 collected $0.35 from pot
*** SUMMARY ***
Total pot $0.36 | Rake $0.01 
Board [2d 7c 8d Kc]
Seat 1: BARBURIA folded before Flop (didn't bet)
Seat 2: Dorex2007 folded before Flop (didn't bet)
Seat 3: thepeech (button) folded before Flop (didn't bet)
Seat 4: Victor151886 (small blind) folded on the Turn
Seat 5: VKim_V (big blind) folded before Flop
Seat 6: Juagonzalez folded before Flop (didn't bet)
Seat 7: [T]iago][T0 folded before Flop (didn't bet)
Seat 8: POLLO ISRA75 collected ($0.35)
Seat 9: tntooni folded before Flop (didn't bet)



PokerStars Hand #227636841236:  Hold'em No Limit ($0.01/$0.02 USD) - 2021/06/16 18:56:17 PT [2021/06/16 21:56:17 ET]
Table 'Griseldis III' 9-max Seat #4 is the button
Seat 1: BARBURIA ($0.56 in chips) 
Seat 2: Dorex2007 ($2.13 in chips) 
Seat 4: Victor151886 ($2 in chips) 
Seat 5: VKim_V ($3.72 in chips) 
Seat 6: yjqian23 ($2 in chips) 
Seat 7: [T]iago][T0 ($1.11 in chips) 
Seat 8: POLLO ISRA75 ($3.12 in chips) 
Seat 9: tntooni ($4.09 in chips) 
VKim_V: posts small blind $0.01
yjqian23: posts big blind $0.02
*** HOLE CARDS ***
Dealt to Dorex2007 [8s 3c]
[T]iago][T0: folds 
POLLO ISRA75: calls $0.02
tntooni: folds 
BARBURIA: folds 
Dorex2007: folds 
Victor151886: calls $0.02
VKim_V: calls $0.01
yjqian23: checks 
*** FLOP *** [7c 7d Jh]
VKim_V: bets $0.08
yjqian23: folds 
POLLO ISRA75: folds 
Victor151886: calls $0.08
*** TURN *** [7c 7d Jh] [6s]
VKim_V: checks 
Victor151886: bets $0.17
VKim_V: folds 
Uncalled bet ($0.17) returned to Victor151886
Victor151886 collected $0.23 from pot
Victor151886: doesn't show hand 
*** SUMMARY ***
Total pot $0.24 | Rake $0.01 
Board [7c 7d Jh 6s]
Seat 1: BARBURIA folded before Flop (didn't bet)
Seat 2: Dorex2007 folded before Flop (didn't bet)
Seat 4: Victor151886 (button) collected ($0.23)
Seat 5: VKim_V (small blind) folded on the Turn
Seat 6: yjqian23 (big blind) folded on the Flop
Seat 7: [T]iago][T0 folded before Flop (didn't bet)
Seat 8: POLLO ISRA75 folded on the Flop
Seat 9: tntooni folded before Flop (didn't bet)



PokerStars Hand #227636852152:  Hold'em No Limit ($0.01/$0.02 USD) - 2021/06/16 18:57:16 PT [2021/06/16 21:57:16 ET]
Table 'Griseldis III' 9-max Seat #5 is the button
Seat 1: BARBURIA ($0.56 in chips) 
Seat 2: Dorex2007 ($2.13 in chips) 
Seat 4: Victor151886 ($2.13 in chips) 
Seat 5: VKim_V ($3.62 in chips) 
Seat 6: yjqian23 ($1.98 in chips) 
Seat 7: [T]iago][T0 ($1.11 in chips) 
Seat 8: POLLO ISRA75 ($3.10 in chips) 
Seat 9: tntooni ($4.09 in chips) 
yjqian23: posts small blind $0.01
[T]iago][T0: posts big blind $0.02
*** HOLE CARDS ***
Dealt to Dorex2007 [Jh Th]
POLLO ISRA75: folds 
tntooni: folds 
BARBURIA: calls $0.02
Dorex2007: raises $0.04 to $0.06
Victor151886: folds 
VKim_V: folds 
yjqian23: folds 
[T]iago][T0: folds 
BARBURIA: folds 
Uncalled bet ($0.04) returned to Dorex2007
Dorex2007 collected $0.07 from pot
Dorex2007: doesn't show hand 
*** SUMMARY ***
Total pot $0.07 | Rake $0 
Seat 1: BARBURIA folded before Flop
Seat 2: Dorex2007 collected ($0.07)
Seat 4: Victor151886 folded before Flop (didn't bet)
Seat 5: VKim_V (button) folded before Flop (didn't bet)
Seat 6: yjqian23 (small blind) folded before Flop
Seat 7: [T]iago][T0 (big blind) folded before Flop
Seat 8: POLLO ISRA75 folded before Flop (didn't bet)
Seat 9: tntooni folded before Flop (didn't bet)



PokerStars Hand #227636857852:  Hold'em No Limit ($0.01/$0.02 USD) - 2021/06/16 18:57:47 PT [2021/06/16 21:57:47 ET]
Table 'Griseldis III' 9-max Seat #6 is the button
Seat 1: BARBURIA ($0.54 in chips) 
Seat 2: Dorex2007 ($2.18 in chips) 
Seat 4: Victor151886 ($2.13 in chips) 
Seat 5: VKim_V ($3.62 in chips) 
Seat 6: yjqian23 ($1.97 in chips) 
Seat 7: [T]iago][T0 ($1.09 in chips) 
Seat 8: POLLO ISRA75 ($3.10 in chips) 
Seat 9: tntooni ($4.09 in chips) 
[T]iago][T0: posts small blind $0.01
POLLO ISRA75: posts big blind $0.02
*** HOLE CARDS ***
Dealt to Dorex2007 [3s Jd]
tntooni: folds 
BARBURIA: calls $0.02
Dorex2007: folds 
Victor151886: folds 
VKim_V: calls $0.02
yjqian23: folds 
[T]iago][T0: calls $0.01
POLLO ISRA75: checks 
*** FLOP *** [Qh 6d 4d]
[T]iago][T0: checks 
POLLO ISRA75: checks 
BARBURIA: bets $0.52 and is all-in
VKim_V: calls $0.52
[T]iago][T0: folds 
POLLO ISRA75: folds 
*** TURN *** [Qh 6d 4d] [Qs]
*** RIVER *** [Qh 6d 4d Qs] [Ac]
*** SHOW DOWN ***
BARBURIA: shows [4c 6h] (two pair, Queens and Sixes)
VKim_V: shows [2s Qc] (three of a kind, Queens)
VKim_V collected $1.08 from pot
BARBURIA cashed out the hand for $0.78 | Cash Out Fee $0.01
*** SUMMARY ***
Total pot $1.12 | Rake $0.04 
Board [Qh 6d 4d Qs Ac]
Seat 1: BARBURIA showed [4c 6h] and lost with two pair, Queens and Sixes (cashed out).
Seat 2: Dorex2007 folded before Flop (didn't bet)
Seat 4: Victor151886 folded before Flop (didn't bet)
Seat 5: VKim_V showed [2s Qc] and won ($1.08) with three of a kind, Queens
Seat 6: yjqian23 (button) folded before Flop (didn't bet)
Seat 7: [T]iago][T0 (small blind) folded on the Flop
Seat 8: POLLO ISRA75 (big blind) folded on the Flop
Seat 9: tntooni folded before Flop (didn't bet)



PokerStars Hand #227636875480:  Hold'em No Limit ($0.01/$0.02 USD) - 2021/06/16 18:59:24 PT [2021/06/16 21:59:24 ET]
Table 'Griseldis III' 9-max Seat #7 is the button
Seat 1: BARBURIA ($0.78 in chips) 
Seat 2: Dorex2007 ($2.18 in chips) 
Seat 4: Victor151886 ($2.13 in chips) 
Seat 5: VKim_V ($4.16 in chips) 
Seat 6: yjqian23 ($1.97 in chips) 
Seat 7: [T]iago][T0 ($1.07 in chips) 
Seat 8: POLLO ISRA75 ($3.08 in chips) 
Seat 9: tntooni ($4.09 in chips) 
POLLO ISRA75: posts small blind $0.01
tntooni: posts big blind $0.02
*** HOLE CARDS ***
Dealt to Dorex2007 [As Ah]
BARBURIA: folds 
Dorex2007: raises $0.02 to $0.04
Victor151886: folds 
VKim_V: folds 
yjqian23: calls $0.04
[T]iago][T0: folds 
POLLO ISRA75: folds 
tntooni: calls $0.02
*** FLOP *** [6s 9d Tc]
tntooni: checks 
Dorex2007: checks 
yjqian23: bets $0.02
tntooni: calls $0.02
Dorex2007: raises $0.04 to $0.06
yjqian23: calls $0.04
tntooni: calls $0.04
*** TURN *** [6s 9d Tc] [2h]
tntooni: checks 
Dorex2007: bets $0.15
yjqian23: folds 
tntooni: folds 
Uncalled bet ($0.15) returned to Dorex2007
Dorex2007 collected $0.30 from pot
Dorex2007: doesn't show hand 
*** SUMMARY ***
Total pot $0.31 | Rake $0.01 
Board [6s 9d Tc 2h]
Seat 1: BARBURIA folded before Flop (didn't bet)
Seat 2: Dorex2007 collected ($0.30)
Seat 4: Victor151886 folded before Flop (didn't bet)
Seat 5: VKim_V folded before Flop (didn't bet)
Seat 6: yjqian23 folded on the Turn
Seat 7: [T]iago][T0 (button) folded before Flop (didn't bet)
Seat 8: POLLO ISRA75 (small blind) folded before Flop
Seat 9: tntooni (big blind) folded on the Turn



PokerStars Hand #227636889709:  Hold'em No Limit ($0.01/$0.02 USD) - 2021/06/16 19:00:39 PT [2021/06/16 22:00:39 ET]
Table 'Griseldis III' 9-max Seat #8 is the button
Seat 1: BARBURIA ($0.78 in chips) 
Seat 2: Dorex2007 ($2.38 in chips) 
Seat 3: thepeech ($2.27 in chips) 
Seat 4: Victor151886 ($2.13 in chips) 
Seat 5: VKim_V ($4.16 in chips) 
Seat 6: yjqian23 ($1.87 in chips) 
Seat 7: [T]iago][T0 ($1.07 in chips) 
Seat 8: POLLO ISRA75 ($3.07 in chips) 
Seat 9: tntooni ($3.99 in chips) 
tntooni: posts small blind $0.01
BARBURIA: posts big blind $0.02
*** HOLE CARDS ***
Dealt to Dorex2007 [Js Jd]
Dorex2007: raises $0.02 to $0.04
thepeech: folds 
Victor151886: folds 
VKim_V: folds 
yjqian23: folds 
[T]iago][T0: folds 
POLLO ISRA75: folds 
tntooni: folds 
BARBURIA: folds 
Uncalled bet ($0.02) returned to Dorex2007
Dorex2007 collected $0.05 from pot
Dorex2007: doesn't show hand 
*** SUMMARY ***
Total pot $0.05 | Rake $0 
Seat 1: BARBURIA (big blind) folded before Flop
Seat 2: Dorex2007 collected ($0.05)
Seat 3: thepeech folded before Flop (didn't bet)
Seat 4: Victor151886 folded before Flop (didn't bet)
Seat 5: VKim_V folded before Flop (didn't bet)
Seat 6: yjqian23 folded before Flop (didn't bet)
Seat 7: [T]iago][T0 folded before Flop (didn't bet)
Seat 8: POLLO ISRA75 (button) folded before Flop (didn't bet)
Seat 9: tntooni (small blind) folded before Flop



PokerStars Hand #227636898125:  Hold'em No Limit ($0.01/$0.02 USD) - 2021/06/16 19:01:17 PT [2021/06/16 22:01:17 ET]
Table 'Griseldis III' 9-max Seat #9 is the button
Seat 1: BARBURIA ($0.76 in chips) 
Seat 2: Dorex2007 ($2.41 in chips) 
Seat 3: thepeech ($2.27 in chips) 
Seat 4: Victor151886 ($2.13 in chips) 
Seat 5: VKim_V ($4.16 in chips) 
Seat 6: yjqian23 ($1.87 in chips) 
Seat 7: [T]iago][T0 ($1.07 in chips) 
Seat 8: POLLO ISRA75 ($3.07 in chips) 
Seat 9: tntooni ($3.98 in chips) 
BARBURIA: posts small blind $0.01
Dorex2007: posts big blind $0.02
*** HOLE CARDS ***
Dealt to Dorex2007 [2h Jd]
thepeech: folds 
Victor151886: folds 
VKim_V: raises $0.08 to $0.10
yjqian23: folds 
[T]iago][T0: folds 
POLLO ISRA75: folds 
tntooni: folds 
BARBURIA: folds 
Dorex2007: folds 
Uncalled bet ($0.08) returned to VKim_V
VKim_V collected $0.05 from pot
VKim_V: doesn't show hand 
*** SUMMARY ***
Total pot $0.05 | Rake $0 
Seat 1: BARBURIA (small blind) folded before Flop
Seat 2: Dorex2007 (big blind) folded before Flop
Seat 3: thepeech folded before Flop (didn't bet)
Seat 4: Victor151886 folded before Flop (didn't bet)
Seat 5: VKim_V collected ($0.05)
Seat 6: yjqian23 folded before Flop (didn't bet)
Seat 7: [T]iago][T0 folded before Flop (didn't bet)
Seat 8: POLLO ISRA75 folded before Flop (didn't bet)
Seat 9: tntooni (button) folded before Flop (didn't bet)



PokerStars Hand #227636911179:  Hold'em No Limit ($0.01/$0.02 USD) - 2021/06/16 19:02:14 PT [2021/06/16 22:02:14 ET]
Table 'Griseldis III' 9-max Seat #1 is the button
Seat 1: BARBURIA ($0.75 in chips) 
Seat 2: Dorex2007 ($2.39 in chips) 
Seat 3: thepeech ($2.27 in chips) 
Seat 4: Victor151886 ($2.13 in chips) 
Seat 5: VKim_V ($4.19 in chips) 
Seat 6: yjqian23 ($1.87 in chips) 
Seat 7: [T]iago][T0 ($1.07 in chips) 
Seat 8: POLLO ISRA75 ($3.07 in chips) 
Seat 9: tntooni ($3.98 in chips) 
Dorex2007: posts small blind $0.01
thepeech: posts big blind $0.02
*** HOLE CARDS ***
Dealt to Dorex2007 [7d Ah]
Victor151886: folds 
VKim_V: calls $0.02
yjqian23: folds 
[T]iago][T0: folds 
POLLO ISRA75: calls $0.02
tntooni: calls $0.02
BARBURIA: folds 
Dorex2007: folds 
thepeech: checks 
*** FLOP *** [3d Jh 6s]
thepeech: checks 
VKim_V: checks 
POLLO ISRA75: checks 
tntooni: bets $0.04
thepeech: folds 
VKim_V: calls $0.04
POLLO ISRA75: calls $0.04
*** TURN *** [3d Jh 6s] [6d]
VKim_V: checks 
POLLO ISRA75: checks 
tntooni: bets $0.14
VKim_V: folds 
POLLO ISRA75 is disconnected 
POLLO ISRA75 has timed out
POLLO ISRA75: folds 
Uncalled bet ($0.14) returned to tntooni
tntooni collected $0.20 from pot
tntooni: doesn't show hand 
*** SUMMARY ***
Total pot $0.21 | Rake $0.01 
Board [3d Jh 6s 6d]
Seat 1: BARBURIA (button) folded before Flop (didn't bet)
Seat 2: Dorex2007 (small blind) folded before Flop
Seat 3: thepeech (big blind) folded on the Flop
Seat 4: Victor151886 folded before Flop (didn't bet)
Seat 5: VKim_V folded on the Turn
Seat 6: yjqian23 folded before Flop (didn't bet)
Seat 7: [T]iago][T0 folded before Flop (didn't bet)
Seat 8: POLLO ISRA75 folded on the Turn
Seat 9: tntooni collected ($0.20)



PokerStars Hand #227636955223:  Hold'em No Limit ($0.01/$0.02 USD) - 2021/06/16 19:04:56 PT [2021/06/16 22:04:56 ET]
Table 'Griseldis III' 9-max Seat #2 is the button
Seat 1: BARBURIA ($0.75 in chips) 
Seat 2: Dorex2007 ($2.38 in chips) 
Seat 3: thepeech ($2.25 in chips) 
Seat 4: Victor151886 ($2.13 in chips) 
Seat 5: VKim_V ($4.13 in chips) 
Seat 6: yjqian23 ($1.87 in chips) 
Seat 7: [T]iago][T0 ($1.07 in chips) 
Seat 9: tntooni ($4.12 in chips) 
thepeech: posts small blind $0.01
Victor151886: posts big blind $0.02
*** HOLE CARDS ***
Dealt to Dorex2007 [2c 9c]
VKim_V: folds 
yjqian23: folds 
[T]iago][T0: folds 
tntooni: folds 
BARBURIA: raises $0.08 to $0.10
Dorex2007: folds 
thepeech: folds 
Victor151886: folds 
Uncalled bet ($0.08) returned to BARBURIA
BARBURIA collected $0.05 from pot
BARBURIA: doesn't show hand 
*** SUMMARY ***
Total pot $0.05 | Rake $0 
Seat 1: BARBURIA collected ($0.05)
Seat 2: Dorex2007 (button) folded before Flop (didn't bet)
Seat 3: thepeech (small blind) folded before Flop
Seat 4: Victor151886 (big blind) folded before Flop
Seat 5: VKim_V folded before Flop (didn't bet)
Seat 6: yjqian23 folded before Flop (didn't bet)
Seat 7: [T]iago][T0 folded before Flop (didn't bet)
Seat 9: tntooni folded before Flop (didn't bet)



PokerStars Hand #227636961216:  Hold'em No Limit ($0.01/$0.02 USD) - 2021/06/16 19:05:22 PT [2021/06/16 22:05:22 ET]
Table 'Griseldis III' 9-max Seat #3 is the button
Seat 1: BARBURIA ($0.78 in chips) 
Seat 2: Dorex2007 ($2.38 in chips) 
Seat 3: thepeech ($2.24 in chips) 
Seat 4: Victor151886 ($2.11 in chips) 
Seat 5: VKim_V ($4.13 in chips) 
Seat 6: yjqian23 ($1.87 in chips) 
Seat 7: [T]iago][T0 ($1.07 in chips) 
Seat 8: POLLO ISRA75 ($3.01 in chips) 
Seat 9: tntooni ($4.12 in chips) 
Victor151886: posts small blind $0.01
VKim_V: posts big blind $0.02
*** HOLE CARDS ***
Dealt to Dorex2007 [3d 7d]
yjqian23 has timed out
yjqian23: folds 
[T]iago][T0: folds 
POLLO ISRA75: calls $0.02
tntooni: calls $0.02
BARBURIA: folds 
Dorex2007: folds 
thepeech: folds 
Victor151886: folds 
VKim_V: checks 
*** FLOP *** [6c Kh 9s]
VKim_V: checks 
POLLO ISRA75: checks 
tntooni: checks 
*** TURN *** [6c Kh 9s] [4c]
VKim_V: bets $0.07
POLLO ISRA75: calls $0.07
tntooni: folds 
*** RIVER *** [6c Kh 9s 4c] [Jh]
VKim_V: checks 
POLLO ISRA75: checks 
*** SHOW DOWN ***
VKim_V: shows [5c 9d] (a pair of Nines)
POLLO ISRA75: shows [Tc 9c] (a pair of Nines - King+Jack+Ten kicker)
POLLO ISRA75 collected $0.20 from pot
*** SUMMARY ***
Total pot $0.21 | Rake $0.01 
Board [6c Kh 9s 4c Jh]
Seat 1: BARBURIA folded before Flop (didn't bet)
Seat 2: Dorex2007 folded before Flop (didn't bet)
Seat 3: thepeech (button) folded before Flop (didn't bet)
Seat 4: Victor151886 (small blind) folded before Flop
Seat 5: VKim_V (big blind) showed [5c 9d] and lost with a pair of Nines
Seat 6: yjqian23 folded before Flop (didn't bet)
Seat 7: [T]iago][T0 folded before Flop (didn't bet)
Seat 8: POLLO ISRA75 showed [Tc 9c] and won ($0.20) with a pair of Nines
Seat 9: tntooni folded on the Turn



PokerStars Hand #227636980401:  Hold'em No Limit ($0.01/$0.02 USD) - 2021/06/16 19:06:44 PT [2021/06/16 22:06:44 ET]
Table 'Griseldis III' 9-max Seat #4 is the button
Seat 1: BARBURIA ($0.78 in chips) 
Seat 2: Dorex2007 ($2.38 in chips) 
Seat 3: thepeech ($2.24 in chips) 
Seat 4: Victor151886 ($2.10 in chips) 
Seat 5: VKim_V ($4.04 in chips) 
Seat 6: yjqian23 ($1.87 in chips) 
Seat 7: [T]iago][T0 ($1.07 in chips) 
Seat 8: POLLO ISRA75 ($3.12 in chips) 
Seat 9: tntooni ($4.10 in chips) 
VKim_V: posts small blind $0.01
yjqian23: posts big blind $0.02
*** HOLE CARDS ***
Dealt to Dorex2007 [Jd 2h]
[T]iago][T0: folds 
POLLO ISRA75: folds 
tntooni: raises $0.02 to $0.04
BARBURIA: folds 
Dorex2007: folds 
thepeech: folds 
Victor151886: folds 
VKim_V: folds 
yjqian23: folds 
Uncalled bet ($0.02) returned to tntooni
tntooni collected $0.05 from pot
tntooni: doesn't show hand 
*** SUMMARY ***
Total pot $0.05 | Rake $0 
Seat 1: BARBURIA folded before Flop (didn't bet)
Seat 2: Dorex2007 folded before Flop (didn't bet)
Seat 3: thepeech folded before Flop (didn't bet)
Seat 4: Victor151886 (button) folded before Flop (didn't bet)
Seat 5: VKim_V (small blind) folded before Flop
Seat 6: yjqian23 (big blind) folded before Flop
Seat 7: [T]iago][T0 folded before Flop (didn't bet)
Seat 8: POLLO ISRA75 folded before Flop (didn't bet)
Seat 9: tntooni collected ($0.05)



PokerStars Hand #227636998733:  Hold'em No Limit ($0.01/$0.02 USD) - 2021/06/16 19:07:22 PT [2021/06/16 22:07:22 ET]
Table 'Griseldis III' 9-max Seat #5 is the button
Seat 1: BARBURIA ($0.78 in chips) 
Seat 2: Dorex2007 ($2.38 in chips) 
Seat 3: thepeech ($2.24 in chips) 
Seat 4: Victor151886 ($2.10 in chips) 
Seat 5: VKim_V ($4.03 in chips) 
Seat 6: yjqian23 ($1.85 in chips) 
Seat 7: [T]iago][T0 ($1.07 in chips) 
Seat 8: POLLO ISRA75 ($3.12 in chips) 
Seat 9: tntooni ($4.13 in chips) 
yjqian23: posts small blind $0.01
[T]iago][T0: posts big blind $0.02
*** HOLE CARDS ***
Dealt to Dorex2007 [4s 2c]
POLLO ISRA75: folds 
tntooni: raises $0.04 to $0.06
BARBURIA: folds 
Dorex2007: folds 
thepeech: folds 
Victor151886: calls $0.06
VKim_V: calls $0.06
yjqian23: folds 
[T]iago][T0: folds 
*** FLOP *** [4h Qd Kc]
tntooni: checks 
Victor151886: checks 
VKim_V: checks 
*** TURN *** [4h Qd Kc] [4c]
tntooni: bets $0.14
Victor151886: folds 
VKim_V: raises $0.14 to $0.28
tntooni: calls $0.14
*** RIVER *** [4h Qd Kc 4c] [8h]
tntooni: checks 
VKim_V: bets $0.74
tntooni: calls $0.74
*** SHOW DOWN ***
VKim_V: shows [8s Tc] (two pair, Eights and Fours)
tntooni: shows [Qc Ah] (two pair, Queens and Fours)
tntooni collected $2.17 from pot
*** SUMMARY ***
Total pot $2.25 | Rake $0.08 
Board [4h Qd Kc 4c 8h]
Seat 1: BARBURIA folded before Flop (didn't bet)
Seat 2: Dorex2007 folded before Flop (didn't bet)
Seat 3: thepeech folded before Flop (didn't bet)
Seat 4: Victor151886 folded on the Turn
Seat 5: VKim_V (button) showed [8s Tc] and lost with two pair, Eights and Fours
Seat 6: yjqian23 (small blind) folded before Flop
Seat 7: [T]iago][T0 (big blind) folded before Flop
Seat 8: POLLO ISRA75 folded before Flop (didn't bet)
Seat 9: tntooni showed [Qc Ah] and won ($2.17) with two pair, Queens and Fours



PokerStars Hand #227637016810:  Hold'em No Limit ($0.01/$0.02 USD) - 2021/06/16 19:08:42 PT [2021/06/16 22:08:42 ET]
Table 'Griseldis III' 9-max Seat #6 is the button
Seat 1: BARBURIA ($0.78 in chips) 
Seat 2: Dorex2007 ($2.38 in chips) 
Seat 3: thepeech ($2.24 in chips) 
Seat 4: Victor151886 ($2.04 in chips) 
Seat 5: VKim_V ($2.95 in chips) 
Seat 6: yjqian23 ($1.84 in chips) 
Seat 7: [T]iago][T0 ($1.05 in chips) 
Seat 8: POLLO ISRA75 ($3.12 in chips) 
Seat 9: tntooni ($5.22 in chips) 
[T]iago][T0: posts small blind $0.01
POLLO ISRA75: posts big blind $0.02
*** HOLE CARDS ***
Dealt to Dorex2007 [Jh 8s]
tntooni: folds 
BARBURIA: raises $0.02 to $0.04
Dorex2007: folds 
thepeech: folds 
Victor151886: calls $0.04
VKim_V: calls $0.04
yjqian23: folds 
[T]iago][T0: calls $0.03
POLLO ISRA75: calls $0.02
*** FLOP *** [Ks 6s 2s]
[T]iago][T0: checks 
POLLO ISRA75: checks 
BARBURIA: checks 
Victor151886: checks 
VKim_V: bets $0.19
[T]iago][T0: folds 
POLLO ISRA75: folds 
BARBURIA: folds 
Victor151886: folds 
Uncalled bet ($0.19) returned to VKim_V
VKim_V collected $0.19 from pot
VKim_V: doesn't show hand 
*** SUMMARY ***
Total pot $0.20 | Rake $0.01 
Board [Ks 6s 2s]
Seat 1: BARBURIA folded on the Flop
Seat 2: Dorex2007 folded before Flop (didn't bet)
Seat 3: thepeech folded before Flop (didn't bet)
Seat 4: Victor151886 folded on the Flop
Seat 5: VKim_V collected ($0.19)
Seat 6: yjqian23 (button) folded before Flop (didn't bet)
Seat 7: [T]iago][T0 (small blind) folded on the Flop
Seat 8: POLLO ISRA75 (big blind) folded on the Flop
Seat 9: tntooni folded before Flop (didn't bet)



PokerStars Hand #227637038291:  Hold'em No Limit ($0.01/$0.02 USD) - 2021/06/16 19:10:16 PT [2021/06/16 22:10:16 ET]
Table 'Griseldis III' 9-max Seat #7 is the button
Seat 1: BARBURIA ($0.74 in chips) 
Seat 2: Dorex2007 ($2.38 in chips) 
Seat 3: thepeech ($2.24 in chips) 
Seat 4: Victor151886 ($2 in chips) 
Seat 5: VKim_V ($3.10 in chips) 
Seat 6: yjqian23 ($1.84 in chips) 
Seat 7: [T]iago][T0 ($1.01 in chips) 
Seat 8: POLLO ISRA75 ($3.08 in chips) 
Seat 9: tntooni ($5.22 in chips) 
POLLO ISRA75: posts small blind $0.01
tntooni: posts big blind $0.02
*** HOLE CARDS ***
Dealt to Dorex2007 [5s Jd]
BARBURIA: folds 
Dorex2007: folds 
thepeech: folds 
Victor151886: raises $0.03 to $0.05
VKim_V: folds 
yjqian23: folds 
[T]iago][T0: folds 
POLLO ISRA75: folds 
tntooni: calls $0.03
*** FLOP *** [Kh 7s 7h]
tntooni: checks 
Victor151886: checks 
*** TURN *** [Kh 7s 7h] [5d]
tntooni: checks 
Victor151886: bets $0.15
tntooni: calls $0.15
*** RIVER *** [Kh 7s 7h 5d] [Ac]
tntooni: checks 
Victor151886: checks 
*** SHOW DOWN ***
tntooni: shows [4s 4h] (two pair, Sevens and Fours)
Victor151886: mucks hand 
tntooni collected $0.40 from pot
*** SUMMARY ***
Total pot $0.41 | Rake $0.01 
Board [Kh 7s 7h 5d Ac]
Seat 1: BARBURIA folded before Flop (didn't bet)
Seat 2: Dorex2007 folded before Flop (didn't bet)
Seat 3: thepeech folded before Flop (didn't bet)
Seat 4: Victor151886 mucked [3d 2d]
Seat 5: VKim_V folded before Flop (didn't bet)
Seat 6: yjqian23 folded before Flop (didn't bet)
Seat 7: [T]iago][T0 (button) folded before Flop (didn't bet)
Seat 8: POLLO ISRA75 (small blind) folded before Flop
Seat 9: tntooni (big blind) showed [4s 4h] and won ($0.40) with two pair, Sevens and Fours



PokerStars Hand #227637053836:  Hold'em No Limit ($0.01/$0.02 USD) - 2021/06/16 19:11:25 PT [2021/06/16 22:11:25 ET]
Table 'Griseldis III' 9-max Seat #8 is the button
Seat 1: BARBURIA ($0.74 in chips) 
Seat 2: Dorex2007 ($2.38 in chips) 
Seat 3: thepeech ($2.24 in chips) 
Seat 4: Victor151886 ($2 in chips) 
Seat 5: VKim_V ($3.10 in chips) 
Seat 6: yjqian23 ($1.84 in chips) 
Seat 7: [T]iago][T0 ($1.01 in chips) 
Seat 8: POLLO ISRA75 ($3.07 in chips) 
Seat 9: tntooni ($5.42 in chips) 
tntooni: posts small blind $0.01
BARBURIA: posts big blind $0.02
*** HOLE CARDS ***
Dealt to Dorex2007 [Ac Kd]
Dorex2007: raises $0.04 to $0.06
thepeech: folds 
thepeech leaves the table
Victor151886: folds 
VKim_V: calls $0.06
yjqian23: folds 
[T]iago][T0: folds 
POLLO ISRA75: folds 
tntooni: raises $0.22 to $0.28
BARBURIA: folds 
maxkxi joins the table at seat #3 
Dorex2007: folds 
VKim_V: folds 
Uncalled bet ($0.22) returned to tntooni
tntooni collected $0.20 from pot
tntooni: doesn't show hand 
*** SUMMARY ***
Total pot $0.20 | Rake $0 
Seat 1: BARBURIA (big blind) folded before Flop
Seat 2: Dorex2007 folded before Flop
Seat 3: thepeech folded before Flop (didn't bet)
Seat 4: Victor151886 folded before Flop (didn't bet)
Seat 5: VKim_V folded before Flop
Seat 6: yjqian23 folded before Flop (didn't bet)
Seat 7: [T]iago][T0 folded before Flop (didn't bet)
Seat 8: POLLO ISRA75 (button) folded before Flop (didn't bet)
Seat 9: tntooni (small blind) collected ($0.20)



PokerStars Hand #227637063169:  Hold'em No Limit ($0.01/$0.02 USD) - 2021/06/16 19:12:07 PT [2021/06/16 22:12:07 ET]
Table 'Griseldis III' 9-max Seat #9 is the button
Seat 1: BARBURIA ($0.72 in chips) 
Seat 2: Dorex2007 ($2.32 in chips) 
Seat 3: maxkxi ($1.20 in chips) 
Seat 4: Victor151886 ($2 in chips) 
Seat 5: VKim_V ($3.04 in chips) 
Seat 6: yjqian23 ($1.84 in chips) 
Seat 7: [T]iago][T0 ($1.01 in chips) 
Seat 8: POLLO ISRA75 ($3.07 in chips) 
Seat 9: tntooni ($5.56 in chips) 
BARBURIA: posts small blind $0.01
Dorex2007: posts big blind $0.02
maxkxi: posts big blind $0.02
*** HOLE CARDS ***
Dealt to Dorex2007 [6h Ks]
maxkxi: raises $0.04 to $0.06
Victor151886: folds 
VKim_V: calls $0.06
yjqian23: folds 
[T]iago][T0: folds 
POLLO ISRA75: folds 
tntooni: folds 
BARBURIA: folds 
Dorex2007: folds 
*** FLOP *** [7s Ad 8d]
maxkxi: bets $0.10
VKim_V: calls $0.10
*** TURN *** [7s Ad 8d] [9c]
maxkxi: checks 
VKim_V: bets $0.34
maxkxi: calls $0.34
*** RIVER *** [7s Ad 8d 9c] [4s]
maxkxi: checks 
VKim_V: checks 
*** SHOW DOWN ***
maxkxi: shows [Ts As] (a pair of Aces)
VKim_V: mucks hand 
maxkxi collected $0.99 from pot
*** SUMMARY ***
Total pot $1.03 | Rake $0.04 
Board [7s Ad 8d 9c 4s]
Seat 1: BARBURIA (small blind) folded before Flop
Seat 2: Dorex2007 (big blind) folded before Flop
Seat 3: maxkxi showed [Ts As] and won ($0.99) with a pair of Aces
Seat 4: Victor151886 folded before Flop (didn't bet)
Seat 5: VKim_V mucked [Jd 9h]
Seat 6: yjqian23 folded before Flop (didn't bet)
Seat 7: [T]iago][T0 folded before Flop (didn't bet)
Seat 8: POLLO ISRA75 folded before Flop (didn't bet)
Seat 9: tntooni (button) folded before Flop (didn't bet)



PokerStars Hand #227637078717:  Hold'em No Limit ($0.01/$0.02 USD) - 2021/06/16 19:13:16 PT [2021/06/16 22:13:16 ET]
Table 'Griseldis III' 9-max Seat #1 is the button
Seat 1: BARBURIA ($0.71 in chips) 
Seat 2: Dorex2007 ($2.30 in chips) 
Seat 3: maxkxi ($1.69 in chips) 
Seat 4: Victor151886 ($2 in chips) 
Seat 5: VKim_V ($2.54 in chips) 
Seat 6: yjqian23 ($1.84 in chips) 
Seat 7: [T]iago][T0 ($1.01 in chips) 
Seat 8: POLLO ISRA75 ($3.07 in chips) 
Seat 9: tntooni ($5.56 in chips) 
Dorex2007: posts small blind $0.01
maxkxi: posts big blind $0.02
*** HOLE CARDS ***
Dealt to Dorex2007 [3d Ks]
Victor151886: folds 
VKim_V: calls $0.02
yjqian23: folds 
[T]iago][T0: folds 
POLLO ISRA75 has timed out
POLLO ISRA75: folds 
tntooni: folds 
BARBURIA: folds 
Dorex2007: folds 
maxkxi: checks 
*** FLOP *** [Th Js As]
maxkxi: checks 
VKim_V: bets $0.05
maxkxi: calls $0.05
*** TURN *** [Th Js As] [Qd]
maxkxi: checks 
VKim_V: checks 
*** RIVER *** [Th Js As Qd] [9c]
maxkxi: checks 
VKim_V: bets $0.14
maxkxi: calls $0.14
*** SHOW DOWN ***
VKim_V: shows [Jh 9h] (two pair, Jacks and Nines)
maxkxi: mucks hand 
VKim_V collected $0.41 from pot
*** SUMMARY ***
Total pot $0.43 | Rake $0.02 
Board [Th Js As Qd 9c]
Seat 1: BARBURIA (button) folded before Flop (didn't bet)
Seat 2: Dorex2007 (small blind) folded before Flop
Seat 3: maxkxi (big blind) mucked [Qs 5c]
Seat 4: Victor151886 folded before Flop (didn't bet)
Seat 5: VKim_V showed [Jh 9h] and won ($0.41) with two pair, Jacks and Nines
Seat 6: yjqian23 folded before Flop (didn't bet)
Seat 7: [T]iago][T0 folded before Flop (didn't bet)
Seat 8: POLLO ISRA75 folded before Flop (didn't bet)
Seat 9: tntooni folded before Flop (didn't bet)



PokerStars Hand #227637095482:  Hold'em No Limit ($0.01/$0.02 USD) - 2021/06/16 19:14:30 PT [2021/06/16 22:14:30 ET]
Table 'Griseldis III' 9-max Seat #2 is the button
Seat 1: BARBURIA ($0.71 in chips) 
Seat 2: Dorex2007 ($2.29 in chips) 
Seat 3: maxkxi ($1.48 in chips) 
Seat 4: Victor151886 ($2 in chips) 
Seat 5: VKim_V ($2.74 in chips) 
Seat 6: yjqian23 ($1.84 in chips) 
Seat 7: [T]iago][T0 ($1.01 in chips) 
Seat 8: POLLO ISRA75 ($3.07 in chips) 
Seat 9: tntooni ($5.56 in chips) 
maxkxi: posts small blind $0.01
Victor151886: posts big blind $0.02
*** HOLE CARDS ***
Dealt to Dorex2007 [Ah 5s]
VKim_V: calls $0.02
yjqian23: folds 
[T]iago][T0: folds 
POLLO ISRA75: folds 
tntooni: folds 
BARBURIA: folds 
Dorex2007: folds 
maxkxi: calls $0.01
Victor151886: checks 
*** FLOP *** [Qc 2c 9h]
maxkxi: checks 
Victor151886: checks 
VKim_V: bets $0.06
maxkxi: calls $0.06
Victor151886: folds 
*** TURN *** [Qc 2c 9h] [As]
maxkxi: checks 
VKim_V: bets $0.17
maxkxi: folds 
Uncalled bet ($0.17) returned to VKim_V
VKim_V collected $0.17 from pot
VKim_V: doesn't show hand 
*** SUMMARY ***
Total pot $0.18 | Rake $0.01 
Board [Qc 2c 9h As]
Seat 1: BARBURIA folded before Flop (didn't bet)
Seat 2: Dorex2007 (button) folded before Flop (didn't bet)
Seat 3: maxkxi (small blind) folded on the Turn
Seat 4: Victor151886 (big blind) folded on the Flop
Seat 5: VKim_V collected ($0.17)
Seat 6: yjqian23 folded before Flop (didn't bet)
Seat 7: [T]iago][T0 folded before Flop (didn't bet)
Seat 8: POLLO ISRA75 folded before Flop (didn't bet)
Seat 9: tntooni folded before Flop (didn't bet)



PokerStars Hand #227637117888:  Hold'em No Limit ($0.01/$0.02 USD) - 2021/06/16 19:15:59 PT [2021/06/16 22:15:59 ET]
Table 'Griseldis III' 9-max Seat #3 is the button
Seat 1: BARBURIA ($0.71 in chips) 
Seat 2: Dorex2007 ($2.29 in chips) 
Seat 3: maxkxi ($1.40 in chips) 
Seat 4: Victor151886 ($2 in chips) 
Seat 5: VKim_V ($2.83 in chips) 
Seat 6: yjqian23 ($1.84 in chips) 
Seat 7: [T]iago][T0 ($1.01 in chips) 
Seat 8: POLLO ISRA75 ($3.07 in chips) 
Seat 9: tntooni ($5.56 in chips) 
Victor151886: posts small blind $0.01
VKim_V: posts big blind $0.02
*** HOLE CARDS ***
Dealt to Dorex2007 [4c As]
yjqian23: folds 
[T]iago][T0: folds 
POLLO ISRA75: folds 
tntooni: folds 
BARBURIA: raises $0.02 to $0.04
Dorex2007: folds 
maxkxi: calls $0.04
Victor151886: calls $0.03
VKim_V: folds 
*** FLOP *** [Js Ks Qh]
Victor151886: checks 
BARBURIA: checks 
maxkxi: checks 
*** TURN *** [Js Ks Qh] [4s]
Victor151886: checks 
BARBURIA: checks 
maxkxi: checks 
*** RIVER *** [Js Ks Qh 4s] [Qc]
Victor151886: checks 
BARBURIA: checks 
maxkxi: checks 
*** SHOW DOWN ***
Victor151886: shows [2c 2h] (two pair, Queens and Deuces)
BARBURIA: shows [Jd 9d] (two pair, Queens and Jacks)
maxkxi: mucks hand 
BARBURIA collected $0.14 from pot
*** SUMMARY ***
Total pot $0.14 | Rake $0 
Board [Js Ks Qh 4s Qc]
Seat 1: BARBURIA showed [Jd 9d] and won ($0.14) with two pair, Queens and Jacks
Seat 2: Dorex2007 folded before Flop (didn't bet)
Seat 3: maxkxi (button) mucked [4h Ac]
Seat 4: Victor151886 (small blind) showed [2c 2h] and lost with two pair, Queens and Deuces
Seat 5: VKim_V (big blind) folded before Flop
Seat 6: yjqian23 folded before Flop (didn't bet)
Seat 7: [T]iago][T0 folded before Flop (didn't bet)
Seat 8: POLLO ISRA75 folded before Flop (didn't bet)
Seat 9: tntooni folded before Flop (didn't bet)



PokerStars Hand #227637133601:  Hold'em No Limit ($0.01/$0.02 USD) - 2021/06/16 19:17:11 PT [2021/06/16 22:17:11 ET]
Table 'Griseldis III' 9-max Seat #4 is the button
Seat 1: BARBURIA ($0.81 in chips) 
Seat 2: Dorex2007 ($2.29 in chips) 
Seat 3: maxkxi ($1.36 in chips) 
Seat 4: Victor151886 ($2 in chips) 
Seat 5: VKim_V ($2.81 in chips) 
Seat 6: yjqian23 ($1.84 in chips) 
Seat 7: [T]iago][T0 ($1.01 in chips) 
Seat 8: POLLO ISRA75 ($3.07 in chips) 
Seat 9: tntooni ($5.56 in chips) 
VKim_V: posts small blind $0.01
yjqian23: posts big blind $0.02
*** HOLE CARDS ***
Dealt to Dorex2007 [3s 9s]
[T]iago][T0: folds 
[T]iago][T0 leaves the table
POLLO ISRA75: folds 
tntooni: folds 
BARBURIA has timed out
BARBURIA: folds 
Dorex2007: folds 
maxkxi: folds 
Victor151886: raises $0.04 to $0.06
VKim_V: folds 
easymoneyguy joins the table at seat #7 
yjqian23: raises $0.24 to $0.30
Victor151886: folds 
Uncalled bet ($0.24) returned to yjqian23
yjqian23 collected $0.13 from pot
*** SUMMARY ***
Total pot $0.13 | Rake $0 
Seat 1: BARBURIA folded before Flop (didn't bet)
Seat 2: Dorex2007 folded before Flop (didn't bet)
Seat 3: maxkxi folded before Flop (didn't bet)
Seat 4: Victor151886 (button) folded before Flop
Seat 5: VKim_V (small blind) folded before Flop
Seat 6: yjqian23 (big blind) collected ($0.13)
Seat 7: [T]iago][T0 folded before Flop (didn't bet)
Seat 8: POLLO ISRA75 folded before Flop (didn't bet)
Seat 9: tntooni folded before Flop (didn't bet)



PokerStars Hand #227637141681:  Hold'em No Limit ($0.01/$0.02 USD) - 2021/06/16 19:17:48 PT [2021/06/16 22:17:48 ET]
Table 'Griseldis III' 9-max Seat #5 is the button
Seat 1: BARBURIA ($0.81 in chips) 
Seat 2: Dorex2007 ($2.29 in chips) 
Seat 3: maxkxi ($1.36 in chips) 
Seat 4: Victor151886 ($2 in chips) 
Seat 5: VKim_V ($2.80 in chips) 
Seat 6: yjqian23 ($1.91 in chips) 
Seat 7: easymoneyguy ($2 in chips) 
Seat 8: POLLO ISRA75 ($3.07 in chips) 
Seat 9: tntooni ($5.56 in chips) 
yjqian23: posts small blind $0.01
easymoneyguy: posts big blind $0.02
*** HOLE CARDS ***
Dealt to Dorex2007 [3h 6c]
POLLO ISRA75: folds 
tntooni: folds 
BARBURIA: folds 
Dorex2007: folds 
maxkxi: folds 
Victor151886: folds 
VKim_V: calls $0.02
yjqian23: folds 
easymoneyguy: checks 
*** FLOP *** [8h 4c Qh]
easymoneyguy: checks 
VKim_V: checks 
*** TURN *** [8h 4c Qh] [As]
easymoneyguy: checks 
VKim_V: checks 
*** RIVER *** [8h 4c Qh As] [8s]
easymoneyguy: checks 
VKim_V: checks 
*** SHOW DOWN ***
easymoneyguy: shows [5c 3d] (a pair of Eights)
VKim_V: shows [2c Qc] (two pair, Queens and Eights)
VKim_V collected $0.05 from pot
*** SUMMARY ***
Total pot $0.05 | Rake $0 
Board [8h 4c Qh As 8s]
Seat 1: BARBURIA folded before Flop (didn't bet)
Seat 2: Dorex2007 folded before Flop (didn't bet)
Seat 3: maxkxi folded before Flop (didn't bet)
Seat 4: Victor151886 folded before Flop (didn't bet)
Seat 5: VKim_V (button) showed [2c Qc] and won ($0.05) with two pair, Queens and Eights
Seat 6: yjqian23 (small blind) folded before Flop
Seat 7: easymoneyguy (big blind) showed [5c 3d] and lost with a pair of Eights
Seat 8: POLLO ISRA75 folded before Flop (didn't bet)
Seat 9: tntooni folded before Flop (didn't bet)



PokerStars Hand #227637164836:  Hold'em No Limit ($0.01/$0.02 USD) - 2021/06/16 19:18:58 PT [2021/06/16 22:18:58 ET]
Table 'Griseldis III' 9-max Seat #6 is the button
Seat 1: BARBURIA ($0.81 in chips) 
Seat 2: Dorex2007 ($2.29 in chips) 
Seat 3: maxkxi ($1.36 in chips) 
Seat 4: Victor151886 ($2 in chips) 
Seat 5: VKim_V ($2.83 in chips) 
Seat 6: yjqian23 ($1.90 in chips) 
Seat 7: easymoneyguy ($1.98 in chips) 
Seat 8: POLLO ISRA75 ($3.07 in chips) 
Seat 9: tntooni ($5.56 in chips) 
easymoneyguy: posts small blind $0.01
POLLO ISRA75: posts big blind $0.02
*** HOLE CARDS ***
Dealt to Dorex2007 [Ts Jd]
tntooni: folds 
BARBURIA: folds 
Dorex2007: folds 
maxkxi: calls $0.02
Victor151886: folds 
VKim_V: folds 
yjqian23: calls $0.02
easymoneyguy: calls $0.01
POLLO ISRA75: checks 
*** FLOP *** [9s 4c 3d]
easymoneyguy: checks 
POLLO ISRA75: checks 
maxkxi: bets $0.08
yjqian23: folds 
easymoneyguy: folds 
POLLO ISRA75: folds 
Uncalled bet ($0.08) returned to maxkxi
maxkxi collected $0.08 from pot
maxkxi: doesn't show hand 
*** SUMMARY ***
Total pot $0.08 | Rake $0 
Board [9s 4c 3d]
Seat 1: BARBURIA folded before Flop (didn't bet)
Seat 2: Dorex2007 folded before Flop (didn't bet)
Seat 3: maxkxi collected ($0.08)
Seat 4: Victor151886 folded before Flop (didn't bet)
Seat 5: VKim_V folded before Flop (didn't bet)
Seat 6: yjqian23 (button) folded on the Flop
Seat 7: easymoneyguy (small blind) folded on the Flop
Seat 8: POLLO ISRA75 (big blind) folded on the Flop
Seat 9: tntooni folded before Flop (didn't bet)



PokerStars Hand #227637175630:  Hold'em No Limit ($0.01/$0.02 USD) - 2021/06/16 19:19:47 PT [2021/06/16 22:19:47 ET]
Table 'Griseldis III' 9-max Seat #7 is the button
Seat 1: BARBURIA ($0.81 in chips) 
Seat 2: Dorex2007 ($2.29 in chips) 
Seat 3: maxkxi ($1.42 in chips) 
Seat 4: Victor151886 ($2 in chips) 
Seat 5: VKim_V ($2.83 in chips) 
Seat 6: yjqian23 ($1.88 in chips) 
Seat 7: easymoneyguy ($1.96 in chips) 
Seat 8: POLLO ISRA75 ($3.05 in chips) 
Seat 9: tntooni ($5.56 in chips) 
POLLO ISRA75: posts small blind $0.01
tntooni: posts big blind $0.02
*** HOLE CARDS ***
Dealt to Dorex2007 [9s Kh]
BARBURIA: raises $0.05 to $0.07
Dorex2007: folds 
maxkxi: folds 
Victor151886: folds 
VKim_V: folds 
yjqian23: folds 
easymoneyguy: calls $0.07
POLLO ISRA75: folds 
tntooni: folds 
*** FLOP *** [2c Jh 3d]
BARBURIA: checks 
easymoneyguy: bets $0.16
BARBURIA: calls $0.16
*** TURN *** [2c Jh 3d] [8h]
BARBURIA: checks 
easymoneyguy: checks 
*** RIVER *** [2c Jh 3d 8h] [Td]
BARBURIA: checks 
easymoneyguy: bets $0.47
BARBURIA: folds 
Uncalled bet ($0.47) returned to easymoneyguy
easymoneyguy collected $0.47 from pot
*** SUMMARY ***
Total pot $0.49 | Rake $0.02 
Board [2c Jh 3d 8h Td]
Seat 1: BARBURIA folded on the River
Seat 2: Dorex2007 folded before Flop (didn't bet)
Seat 3: maxkxi folded before Flop (didn't bet)
Seat 4: Victor151886 folded before Flop (didn't bet)
Seat 5: VKim_V folded before Flop (didn't bet)
Seat 6: yjqian23 folded before Flop (didn't bet)
Seat 7: easymoneyguy (button) collected ($0.47)
Seat 8: POLLO ISRA75 (small blind) folded before Flop
Seat 9: tntooni (big blind) folded before Flop



PokerStars Hand #227637191917:  Hold'em No Limit ($0.01/$0.02 USD) - 2021/06/16 19:21:02 PT [2021/06/16 22:21:02 ET]
Table 'Griseldis III' 9-max Seat #8 is the button
Seat 1: BARBURIA ($0.58 in chips) 
Seat 2: Dorex2007 ($2.29 in chips) 
Seat 3: maxkxi ($1.42 in chips) 
Seat 4: Victor151886 ($2 in chips) 
Seat 5: VKim_V ($2.83 in chips) 
Seat 6: yjqian23 ($1.88 in chips) 
Seat 7: easymoneyguy ($2.20 in chips) 
Seat 8: POLLO ISRA75 ($3.04 in chips) 
Seat 9: tntooni ($5.54 in chips) 
tntooni: posts small blind $0.01
BARBURIA: posts big blind $0.02
*** HOLE CARDS ***
Dealt to Dorex2007 [9c 2d]
Dorex2007: folds 
maxkxi: folds 
Victor151886: folds 
VKim_V: folds 
yjqian23: calls $0.02
easymoneyguy: folds 
POLLO ISRA75: folds 
tntooni: calls $0.01
BARBURIA: checks 
*** FLOP *** [5h Jh 8s]
tntooni: checks 
BARBURIA: checks 
yjqian23: bets $0.02
tntooni: calls $0.02
BARBURIA: calls $0.02
*** TURN *** [5h Jh 8s] [3h]
tntooni: checks 
BARBURIA: checks 
yjqian23: checks 
*** RIVER *** [5h Jh 8s 3h] [9h]
tntooni: checks 
BARBURIA: checks 
yjqian23: bets $0.02
tntooni: calls $0.02
BARBURIA: folds 
*** SHOW DOWN ***
yjqian23: shows [2s Ad] (high card Ace)
tntooni: shows [8h Ts] (a flush, Jack high)
tntooni collected $0.15 from pot
*** SUMMARY ***
Total pot $0.16 | Rake $0.01 
Board [5h Jh 8s 3h 9h]
Seat 1: BARBURIA (big blind) folded on the River
Seat 2: Dorex2007 folded before Flop (didn't bet)
Seat 3: maxkxi folded before Flop (didn't bet)
Seat 4: Victor151886 folded before Flop (didn't bet)
Seat 5: VKim_V folded before Flop (didn't bet)
Seat 6: yjqian23 showed [2s Ad] and lost with high card Ace
Seat 7: easymoneyguy folded before Flop (didn't bet)
Seat 8: POLLO ISRA75 (button) folded before Flop (didn't bet)
Seat 9: tntooni (small blind) showed [8h Ts] and won ($0.15) with a flush, Jack high



PokerStars Hand #227637203990:  Hold'em No Limit ($0.01/$0.02 USD) - 2021/06/16 19:21:58 PT [2021/06/16 22:21:58 ET]
Table 'Griseldis III' 9-max Seat #9 is the button
Seat 1: BARBURIA ($0.54 in chips) 
Seat 2: Dorex2007 ($2.29 in chips) 
Seat 3: maxkxi ($1.42 in chips) 
Seat 4: Victor151886 ($2 in chips) 
Seat 5: VKim_V ($2.83 in chips) 
Seat 6: yjqian23 ($1.82 in chips) 
Seat 7: easymoneyguy ($2.20 in chips) 
Seat 8: POLLO ISRA75 ($3.04 in chips) 
Seat 9: tntooni ($5.63 in chips) 
BARBURIA: posts small blind $0.01
Dorex2007: posts big blind $0.02
*** HOLE CARDS ***
Dealt to Dorex2007 [8d 7h]
maxkxi has timed out
maxkxi: folds 
Victor151886: folds 
VKim_V: folds 
yjqian23: folds 
easymoneyguy: folds 
POLLO ISRA75: folds 
tntooni: raises $0.03 to $0.05
BARBURIA: calls $0.04
Dorex2007: folds 
*** FLOP *** [Kh Kd 3h]
BARBURIA: checks 
tntooni: bets $0.06
BARBURIA: calls $0.06
*** TURN *** [Kh Kd 3h] [As]
BARBURIA: checks 
tntooni: bets $0.15
BARBURIA: calls $0.15
*** RIVER *** [Kh Kd 3h As] [Jd]
BARBURIA: bets $0.28 and is all-in
tntooni: calls $0.28
*** SHOW DOWN ***
BARBURIA: shows [Qh Jh] (two pair, Kings and Jacks)
tntooni: shows [7s Js] (two pair, Kings and Jacks)
BARBURIA collected $0.53 from pot
tntooni collected $0.53 from pot
*** SUMMARY ***
Total pot $1.10 | Rake $0.04 
Board [Kh Kd 3h As Jd]
Seat 1: BARBURIA (small blind) showed [Qh Jh] and won ($0.53) with two pair, Kings and Jacks
Seat 2: Dorex2007 (big blind) folded before Flop
Seat 3: maxkxi folded before Flop (didn't bet)
Seat 4: Victor151886 folded before Flop (didn't bet)
Seat 5: VKim_V folded before Flop (didn't bet)
Seat 6: yjqian23 folded before Flop (didn't bet)
Seat 7: easymoneyguy folded before Flop (didn't bet)
Seat 8: POLLO ISRA75 folded before Flop (didn't bet)
Seat 9: tntooni (button) showed [7s Js] and won ($0.53) with two pair, Kings and Jacks



PokerStars Hand #227637225006:  Hold'em No Limit ($0.01/$0.02 USD) - 2021/06/16 19:23:37 PT [2021/06/16 22:23:37 ET]
Table 'Griseldis III' 9-max Seat #1 is the button
Seat 1: BARBURIA ($0.53 in chips) 
Seat 2: Dorex2007 ($2.27 in chips) 
Seat 4: Victor151886 ($2 in chips) 
Seat 5: VKim_V ($2.83 in chips) 
Seat 6: yjqian23 ($1.82 in chips) 
Seat 7: easymoneyguy ($2.20 in chips) 
Seat 8: POLLO ISRA75 ($3.04 in chips) 
Seat 9: tntooni ($5.62 in chips) 
Dorex2007: posts small blind $0.01
Victor151886: posts big blind $0.02
*** HOLE CARDS ***
Dealt to Dorex2007 [9d 8d]
VKim_V: folds 
yjqian23: folds 
easymoneyguy: folds 
POLLO ISRA75: folds 
tntooni: folds 
BARBURIA: folds 
Dorex2007: calls $0.01
Victor151886: checks 
*** FLOP *** [Th 8h 2d]
Dorex2007: checks 
Victor151886: checks 
*** TURN *** [Th 8h 2d] [Td]
Dorex2007: checks 
Victor151886: bets $0.05
Dorex2007: calls $0.05
*** RIVER *** [Th 8h 2d Td] [9h]
Dorex2007: bets $0.09
Victor151886: folds 
Uncalled bet ($0.09) returned to Dorex2007
Dorex2007 collected $0.14 from pot
Dorex2007: doesn't show hand 
*** SUMMARY ***
Total pot $0.14 | Rake $0 
Board [Th 8h 2d Td 9h]
Seat 1: BARBURIA (button) folded before Flop (didn't bet)
Seat 2: Dorex2007 (small blind) collected ($0.14)
Seat 4: Victor151886 (big blind) folded on the River
Seat 5: VKim_V folded before Flop (didn't bet)
Seat 6: yjqian23 folded before Flop (didn't bet)
Seat 7: easymoneyguy folded before Flop (didn't bet)
Seat 8: POLLO ISRA75 folded before Flop (didn't bet)
Seat 9: tntooni folded before Flop (didn't bet)



PokerStars Hand #227637241336:  Hold'em No Limit ($0.01/$0.02 USD) - 2021/06/16 19:24:53 PT [2021/06/16 22:24:53 ET]
Table 'Griseldis III' 9-max Seat #2 is the button
Seat 1: BARBURIA ($0.53 in chips) 
Seat 2: Dorex2007 ($2.34 in chips) 
Seat 4: Victor151886 ($2 in chips) 
Seat 5: VKim_V ($2.83 in chips) 
Seat 6: yjqian23 ($1.82 in chips) 
Seat 7: easymoneyguy ($2.20 in chips) 
Seat 8: POLLO ISRA75 ($3.04 in chips) 
Seat 9: tntooni ($5.62 in chips) 
Victor151886: posts small blind $0.01
VKim_V: posts big blind $0.02
*** HOLE CARDS ***
Dealt to Dorex2007 [Jh 6d]
yjqian23: calls $0.02
easymoneyguy: folds 
POLLO ISRA75: calls $0.02
tntooni: calls $0.02
BARBURIA: folds 
Dorex2007: folds 
Victor151886: calls $0.01
VKim_V: checks 
*** FLOP *** [Jc Ac 2h]
Victor151886: checks 
VKim_V: checks 
yjqian23: bets $0.02
POLLO ISRA75: folds 
tntooni: calls $0.02
Victor151886: calls $0.02
VKim_V: calls $0.02
*** TURN *** [Jc Ac 2h] [5h]
Victor151886: checks 
VKim_V: checks 
yjqian23: bets $0.02
tntooni: calls $0.02
Victor151886: calls $0.02
VKim_V: calls $0.02
*** RIVER *** [Jc Ac 2h 5h] [4c]
Victor151886: checks 
VKim_V: bets $0.25
yjqian23: folds 
tntooni: folds 
Victor151886: folds 
Uncalled bet ($0.25) returned to VKim_V
VKim_V collected $0.25 from pot
VKim_V: doesn't show hand 
*** SUMMARY ***
Total pot $0.26 | Rake $0.01 
Board [Jc Ac 2h 5h 4c]
Seat 1: BARBURIA folded before Flop (didn't bet)
Seat 2: Dorex2007 (button) folded before Flop (didn't bet)
Seat 4: Victor151886 (small blind) folded on the River
Seat 5: VKim_V (big blind) collected ($0.25)
Seat 6: yjqian23 folded on the River
Seat 7: easymoneyguy folded before Flop (didn't bet)
Seat 8: POLLO ISRA75 folded on the Flop
Seat 9: tntooni folded on the River



PokerStars Hand #227637270451:  Hold'em No Limit ($0.01/$0.02 USD) - 2021/06/16 19:27:12 PT [2021/06/16 22:27:12 ET]
Table 'Griseldis III' 9-max Seat #4 is the button
Seat 1: BARBURIA ($0.53 in chips) 
Seat 2: Dorex2007 ($2.34 in chips) 
Seat 3: maxkxi ($1.42 in chips) 
Seat 4: Victor151886 ($2 in chips) 
Seat 5: VKim_V ($3.02 in chips) 
Seat 6: yjqian23 ($1.76 in chips) 
Seat 7: easymoneyguy ($2.20 in chips) 
Seat 8: POLLO ISRA75 ($3.02 in chips) 
Seat 9: tntooni ($5.56 in chips) 
VKim_V: posts small blind $0.01
yjqian23: posts big blind $0.02
maxkxi: posts small & big blinds $0.03
*** HOLE CARDS ***
Dealt to Dorex2007 [5c 6s]
easymoneyguy: folds 
POLLO ISRA75: folds 
tntooni: folds 
BARBURIA: folds 
Dorex2007: folds 
maxkxi: checks 
Victor151886: raises $0.02 to $0.04
VKim_V: calls $0.03
yjqian23: calls $0.02
maxkxi: calls $0.02
*** FLOP *** [Qh 8h Ad]
VKim_V: checks 
yjqian23: bets $0.02
maxkxi: folds 
Victor151886: raises $0.06 to $0.08
VKim_V: folds 
yjqian23: folds 
Uncalled bet ($0.06) returned to Victor151886
Victor151886 collected $0.20 from pot
Victor151886: doesn't show hand 
*** SUMMARY ***
Total pot $0.21 | Rake $0.01 
Board [Qh 8h Ad]
Seat 1: BARBURIA folded before Flop (didn't bet)
Seat 2: Dorex2007 folded before Flop (didn't bet)
Seat 3: maxkxi folded on the Flop
Seat 4: Victor151886 (button) collected ($0.20)
Seat 5: VKim_V (small blind) folded on the Flop
Seat 6: yjqian23 (big blind) folded on the Flop
Seat 7: easymoneyguy folded before Flop (didn't bet)
Seat 8: POLLO ISRA75 folded before Flop (didn't bet)
Seat 9: tntooni folded before Flop (didn't bet)



PokerStars Hand #227637295878:  Hold'em No Limit ($0.01/$0.02 USD) - 2021/06/16 19:28:27 PT [2021/06/16 22:28:27 ET]
Table 'Griseldis III' 9-max Seat #5 is the button
Seat 1: BARBURIA ($0.53 in chips) 
Seat 2: Dorex2007 ($2.34 in chips) 
Seat 3: maxkxi ($1.37 in chips) 
Seat 4: Victor151886 ($2.14 in chips) 
Seat 5: VKim_V ($2.98 in chips) 
Seat 6: yjqian23 ($1.70 in chips) 
Seat 7: easymoneyguy ($2.20 in chips) 
Seat 8: POLLO ISRA75 ($3.02 in chips) 
Seat 9: tntooni ($5.56 in chips) 
yjqian23: posts small blind $0.01
easymoneyguy: posts big blind $0.02
*** HOLE CARDS ***
Dealt to Dorex2007 [5c 4d]
POLLO ISRA75: folds 
tntooni: folds 
BARBURIA: folds 
Dorex2007: folds 
maxkxi: folds 
Victor151886: folds 
VKim_V: calls $0.02
yjqian23: calls $0.01
easymoneyguy: checks 
*** FLOP *** [6c 9h Ah]
yjqian23: checks 
easymoneyguy: checks 
VKim_V: checks 
*** TURN *** [6c 9h Ah] [Kc]
yjqian23: checks 
easymoneyguy: checks 
VKim_V: bets $0.06
yjqian23: folds 
easymoneyguy: folds 
Uncalled bet ($0.06) returned to VKim_V
VKim_V collected $0.06 from pot
VKim_V: doesn't show hand 
*** SUMMARY ***
Total pot $0.06 | Rake $0 
Board [6c 9h Ah Kc]
Seat 1: BARBURIA folded before Flop (didn't bet)
Seat 2: Dorex2007 folded before Flop (didn't bet)
Seat 3: maxkxi folded before Flop (didn't bet)
Seat 4: Victor151886 folded before Flop (didn't bet)
Seat 5: VKim_V (button) collected ($0.06)
Seat 6: yjqian23 (small blind) folded on the Turn
Seat 7: easymoneyguy (big blind) folded on the Turn
Seat 8: POLLO ISRA75 folded before Flop (didn't bet)
Seat 9: tntooni folded before Flop (didn't bet)



PokerStars Hand #227637305866:  Hold'em No Limit ($0.01/$0.02 USD) - 2021/06/16 19:29:14 PT [2021/06/16 22:29:14 ET]
Table 'Griseldis III' 9-max Seat #6 is the button
Seat 1: BARBURIA ($0.53 in chips) 
Seat 2: Dorex2007 ($2.34 in chips) 
Seat 3: maxkxi ($1.37 in chips) 
Seat 4: Victor151886 ($2.14 in chips) 
Seat 5: VKim_V ($3.02 in chips) 
Seat 6: yjqian23 ($1.68 in chips) 
Seat 7: easymoneyguy ($2.18 in chips) 
Seat 8: POLLO ISRA75 ($3.02 in chips) 
Seat 9: tntooni ($5.56 in chips) 
easymoneyguy: posts small blind $0.01
POLLO ISRA75: posts big blind $0.02
*** HOLE CARDS ***
Dealt to Dorex2007 [6d 4d]
tntooni: folds 
BARBURIA: folds 
Dorex2007: folds 
maxkxi: folds 
Victor151886: raises $0.04 to $0.06
VKim_V: calls $0.06
yjqian23: folds 
easymoneyguy: calls $0.05
POLLO ISRA75: folds 
*** FLOP *** [Td 8h 4s]
easymoneyguy: checks 
Victor151886: bets $0.16
VKim_V: folds 
easymoneyguy: folds 
Uncalled bet ($0.16) returned to Victor151886
Victor151886 collected $0.19 from pot
Victor151886: doesn't show hand 
*** SUMMARY ***
Total pot $0.20 | Rake $0.01 
Board [Td 8h 4s]
Seat 1: BARBURIA folded before Flop (didn't bet)
Seat 2: Dorex2007 folded before Flop (didn't bet)
Seat 3: maxkxi folded before Flop (didn't bet)
Seat 4: Victor151886 collected ($0.19)
Seat 5: VKim_V folded on the Flop
Seat 6: yjqian23 (button) folded before Flop (didn't bet)
Seat 7: easymoneyguy (small blind) folded on the Flop
Seat 8: POLLO ISRA75 (big blind) folded before Flop
Seat 9: tntooni folded before Flop (didn't bet)



PokerStars Hand #227637316131:  Hold'em No Limit ($0.01/$0.02 USD) - 2021/06/16 19:30:02 PT [2021/06/16 22:30:02 ET]
Table 'Griseldis III' 9-max Seat #7 is the button
Seat 1: BARBURIA ($0.53 in chips) 
Seat 2: Dorex2007 ($2.34 in chips) 
Seat 3: maxkxi ($1.37 in chips) 
Seat 4: Victor151886 ($2.27 in chips) 
Seat 5: VKim_V ($2.96 in chips) 
Seat 6: yjqian23 ($1.68 in chips) 
Seat 7: easymoneyguy ($2.12 in chips) 
Seat 8: POLLO ISRA75 ($3 in chips) 
Seat 9: tntooni ($5.56 in chips) 
POLLO ISRA75: posts small blind $0.01
tntooni: posts big blind $0.02
*** HOLE CARDS ***
Dealt to Dorex2007 [2s 4s]
BARBURIA: folds 
Dorex2007: folds 
maxkxi: calls $0.02
Victor151886: raises $0.06 to $0.08
VKim_V: calls $0.08
yjqian23: calls $0.08
easymoneyguy: folds 
POLLO ISRA75: folds 
tntooni: folds 
maxkxi: calls $0.06
*** FLOP *** [Ks Jc Kc]
maxkxi: checks 
Victor151886: bets $0.30
VKim_V: folds 
yjqian23: folds 
maxkxi: folds 
Uncalled bet ($0.30) returned to Victor151886
Victor151886 collected $0.34 from pot
Victor151886: doesn't show hand 
*** SUMMARY ***
Total pot $0.35 | Rake $0.01 
Board [Ks Jc Kc]
Seat 1: BARBURIA folded before Flop (didn't bet)
Seat 2: Dorex2007 folded before Flop (didn't bet)
Seat 3: maxkxi folded on the Flop
Seat 4: Victor151886 collected ($0.34)
Seat 5: VKim_V folded on the Flop
Seat 6: yjqian23 folded on the Flop
Seat 7: easymoneyguy (button) folded before Flop (didn't bet)
Seat 8: POLLO ISRA75 (small blind) folded before Flop
Seat 9: tntooni (big blind) folded before Flop



PokerStars Hand #227637326983:  Hold'em No Limit ($0.01/$0.02 USD) - 2021/06/16 19:30:54 PT [2021/06/16 22:30:54 ET]
Table 'Griseldis III' 9-max Seat #8 is the button
Seat 1: BARBURIA ($0.53 in chips) 
Seat 2: Dorex2007 ($2.34 in chips) 
Seat 3: maxkxi ($1.29 in chips) 
Seat 4: Victor151886 ($2.53 in chips) 
Seat 5: VKim_V ($2.88 in chips) 
Seat 6: yjqian23 ($1.60 in chips) 
Seat 8: POLLO ISRA75 ($2.99 in chips) 
Seat 9: tntooni ($5.54 in chips) 
tntooni: posts small blind $0.01
BARBURIA: posts big blind $0.02
*** HOLE CARDS ***
Dealt to Dorex2007 [Js 5d]
Dorex2007: folds 
maxkxi: raises $0.02 to $0.04
Victor151886: folds 
VKim_V: calls $0.04
yjqian23: folds 
POLLO ISRA75: folds 
tntooni: folds 
BARBURIA: folds 
*** FLOP *** [Kc 9h 8d]
maxkxi: checks 
VKim_V: checks 
*** TURN *** [Kc 9h 8d] [9c]
maxkxi: checks 
VKim_V: bets $0.11
maxkxi: folds 
Uncalled bet ($0.11) returned to VKim_V
VKim_V collected $0.11 from pot
VKim_V: doesn't show hand 
*** SUMMARY ***
Total pot $0.11 | Rake $0 
Board [Kc 9h 8d 9c]
Seat 1: BARBURIA (big blind) folded before Flop
Seat 2: Dorex2007 folded before Flop (didn't bet)
Seat 3: maxkxi folded on the Turn
Seat 4: Victor151886 folded before Flop (didn't bet)
Seat 5: VKim_V collected ($0.11)
Seat 6: yjqian23 folded before Flop (didn't bet)
Seat 8: POLLO ISRA75 (button) folded before Flop (didn't bet)
Seat 9: tntooni (small blind) folded before Flop



PokerStars Hand #227637336153:  Hold'em No Limit ($0.01/$0.02 USD) - 2021/06/16 19:31:38 PT [2021/06/16 22:31:38 ET]
Table 'Griseldis III' 9-max Seat #9 is the button
Seat 1: BARBURIA ($0.51 in chips) 
Seat 2: Dorex2007 ($2.34 in chips) 
Seat 3: maxkxi ($1.25 in chips) 
Seat 4: Victor151886 ($2.53 in chips) 
Seat 5: VKim_V ($2.95 in chips) 
Seat 6: yjqian23 ($1.60 in chips) 
Seat 8: POLLO ISRA75 ($2.99 in chips) 
Seat 9: tntooni ($5.53 in chips) 
BARBURIA: posts small blind $0.01
Dorex2007: posts big blind $0.02
*** HOLE CARDS ***
Dealt to Dorex2007 [2s 8c]
maxkxi: folds 
Victor151886: folds 
VKim_V: folds 
yjqian23: folds 
POLLO ISRA75: folds 
tntooni: raises $0.02 to $0.04
BARBURIA: folds 
Dorex2007: folds 
Uncalled bet ($0.02) returned to tntooni
tntooni collected $0.05 from pot
tntooni: doesn't show hand 
*** SUMMARY ***
Total pot $0.05 | Rake $0 
Seat 1: BARBURIA (small blind) folded before Flop
Seat 2: Dorex2007 (big blind) folded before Flop
Seat 3: maxkxi folded before Flop (didn't bet)
Seat 4: Victor151886 folded before Flop (didn't bet)
Seat 5: VKim_V folded before Flop (didn't bet)
Seat 6: yjqian23 folded before Flop (didn't bet)
Seat 8: POLLO ISRA75 folded before Flop (didn't bet)
Seat 9: tntooni (button) collected ($0.05)



PokerStars Hand #227637339828:  Hold'em No Limit ($0.01/$0.02 USD) - 2021/06/16 19:31:56 PT [2021/06/16 22:31:56 ET]
Table 'Griseldis III' 9-max Seat #1 is the button
Seat 1: BARBURIA ($0.50 in chips) 
Seat 2: Dorex2007 ($2.32 in chips) 
Seat 3: maxkxi ($1.25 in chips) 
Seat 4: Victor151886 ($2.53 in chips) 
Seat 5: VKim_V ($2.95 in chips) 
Seat 6: yjqian23 ($1.60 in chips) 
Seat 8: POLLO ISRA75 ($2.99 in chips) 
Seat 9: tntooni ($5.56 in chips) 
Dorex2007: posts small blind $0.01
maxkxi: posts big blind $0.02
*** HOLE CARDS ***
Dealt to Dorex2007 [3c Qs]
Victor151886: folds 
VKim_V: calls $0.02
yjqian23: folds 
POLLO ISRA75: folds 
tntooni has timed out
tntooni: folds 
BARBURIA: calls $0.02
Dorex2007: calls $0.01
maxkxi: checks 
*** FLOP *** [8h Ah 5d]
Dorex2007: checks 
maxkxi: checks 
VKim_V: checks 
BARBURIA: checks 
*** TURN *** [8h Ah 5d] [Qd]
Dorex2007: checks 
maxkxi: checks 
VKim_V: checks 
BARBURIA: checks 
*** RIVER *** [8h Ah 5d Qd] [Jh]
Dorex2007: checks 
maxkxi: checks 
VKim_V: checks 
BARBURIA: checks 
*** SHOW DOWN ***
Dorex2007: shows [3c Qs] (a pair of Queens)
maxkxi: mucks hand 
VKim_V: mucks hand 
BARBURIA: mucks hand 
Dorex2007 collected $0.08 from pot
*** SUMMARY ***
Total pot $0.08 | Rake $0 
Board [8h Ah 5d Qd Jh]
Seat 1: BARBURIA (button) mucked [Ts Jd]
Seat 2: Dorex2007 (small blind) showed [3c Qs] and won ($0.08) with a pair of Queens
Seat 3: maxkxi (big blind) mucked [4s 7d]
Seat 4: Victor151886 folded before Flop (didn't bet)
Seat 5: VKim_V mucked [6s 8c]
Seat 6: yjqian23 folded before Flop (didn't bet)
Seat 8: POLLO ISRA75 folded before Flop (didn't bet)
Seat 9: tntooni folded before Flop (didn't bet)



PokerStars Hand #227637363880:  Hold'em No Limit ($0.01/$0.02 USD) - 2021/06/16 19:33:07 PT [2021/06/16 22:33:07 ET]
Table 'Griseldis III' 9-max Seat #2 is the button
Seat 1: BARBURIA ($0.48 in chips) 
Seat 2: Dorex2007 ($2.38 in chips) 
Seat 3: maxkxi ($1.23 in chips) 
Seat 4: Victor151886 ($2.53 in chips) 
Seat 5: VKim_V ($2.93 in chips) 
Seat 6: yjqian23 ($1.60 in chips) 
Seat 8: POLLO ISRA75 ($2.99 in chips) 
Seat 9: tntooni ($5.56 in chips) 
maxkxi: posts small blind $0.01
Victor151886: posts big blind $0.02
*** HOLE CARDS ***
Dealt to Dorex2007 [Js Tc]
VKim_V: folds 
yjqian23: folds 
POLLO ISRA75: calls $0.02
tntooni: calls $0.02
BARBURIA: raises $0.09 to $0.11
Dorex2007: folds 
maxkxi: folds 
Victor151886: folds 
POLLO ISRA75: calls $0.09
tntooni: folds 
*** FLOP *** [7s 5h Jh]
POLLO ISRA75: checks 
BARBURIA: bets $0.37 and is all-in
POLLO ISRA75: folds 
Uncalled bet ($0.37) returned to BARBURIA
BARBURIA collected $0.26 from pot
BARBURIA: doesn't show hand 
*** SUMMARY ***
Total pot $0.27 | Rake $0.01 
Board [7s 5h Jh]
Seat 1: BARBURIA collected ($0.26)
Seat 2: Dorex2007 (button) folded before Flop (didn't bet)
Seat 3: maxkxi (small blind) folded before Flop
Seat 4: Victor151886 (big blind) folded before Flop
Seat 5: VKim_V folded before Flop (didn't bet)
Seat 6: yjqian23 folded before Flop (didn't bet)
Seat 8: POLLO ISRA75 folded on the Flop
Seat 9: tntooni folded before Flop



PokerStars Hand #227637380190:  Hold'em No Limit ($0.01/$0.02 USD) - 2021/06/16 19:34:26 PT [2021/06/16 22:34:26 ET]
Table 'Griseldis III' 9-max Seat #3 is the button
Seat 1: BARBURIA ($0.63 in chips) 
Seat 2: Dorex2007 ($2.38 in chips) 
Seat 3: maxkxi ($1.22 in chips) 
Seat 4: Victor151886 ($2.51 in chips) 
Seat 5: VKim_V ($2.93 in chips) 
Seat 6: yjqian23 ($1.60 in chips) 
Seat 7: easymoneyguy ($2.12 in chips) 
Seat 8: POLLO ISRA75 ($2.88 in chips) 
Seat 9: tntooni ($5.54 in chips) 
Victor151886: posts small blind $0.01
VKim_V: posts big blind $0.02
*** HOLE CARDS ***
Dealt to Dorex2007 [Ah 2c]
yjqian23: folds 
easymoneyguy: calls $0.02
POLLO ISRA75: calls $0.02
tntooni: folds 
BARBURIA: folds 
Dorex2007: folds 
maxkxi: raises $0.04 to $0.06
Victor151886: folds 
VKim_V: raises $0.17 to $0.23
easymoneyguy: folds 
POLLO ISRA75: folds 
maxkxi: folds 
Uncalled bet ($0.17) returned to VKim_V
VKim_V collected $0.17 from pot
VKim_V: doesn't show hand 
*** SUMMARY ***
Total pot $0.17 | Rake $0 
Seat 1: BARBURIA folded before Flop (didn't bet)
Seat 2: Dorex2007 folded before Flop (didn't bet)
Seat 3: maxkxi (button) folded before Flop
Seat 4: Victor151886 (small blind) folded before Flop
Seat 5: VKim_V (big blind) collected ($0.17)
Seat 6: yjqian23 folded before Flop (didn't bet)
Seat 7: easymoneyguy folded before Flop
Seat 8: POLLO ISRA75 folded before Flop
Seat 9: tntooni folded before Flop (didn't bet)



PokerStars Hand #227637391919:  Hold'em No Limit ($0.01/$0.02 USD) - 2021/06/16 19:35:23 PT [2021/06/16 22:35:23 ET]
Table 'Griseldis III' 9-max Seat #4 is the button
Seat 1: BARBURIA ($0.63 in chips) 
Seat 2: Dorex2007 ($2.38 in chips) 
Seat 3: maxkxi ($1.16 in chips) 
Seat 4: Victor151886 ($2.50 in chips) 
Seat 5: VKim_V ($3.04 in chips) 
Seat 6: yjqian23 ($1.60 in chips) 
Seat 7: easymoneyguy ($2.10 in chips) 
Seat 8: POLLO ISRA75 ($2.86 in chips) 
Seat 9: tntooni ($5.54 in chips) 
VKim_V: posts small blind $0.01
yjqian23: posts big blind $0.02
*** HOLE CARDS ***
Dealt to Dorex2007 [As 9d]
easymoneyguy: raises $0.04 to $0.06
POLLO ISRA75: folds 
tntooni: calls $0.06
BARBURIA: folds 
Dorex2007: folds 
maxkxi: folds 
Victor151886: folds 
VKim_V: calls $0.05
yjqian23: folds 
*** FLOP *** [2s 7d 9c]
VKim_V: checks 
easymoneyguy: bets $0.19
tntooni: folds 
VKim_V: folds 
Uncalled bet ($0.19) returned to easymoneyguy
easymoneyguy collected $0.19 from pot
easymoneyguy: doesn't show hand 
*** SUMMARY ***
Total pot $0.20 | Rake $0.01 
Board [2s 7d 9c]
Seat 1: BARBURIA folded before Flop (didn't bet)
Seat 2: Dorex2007 folded before Flop (didn't bet)
Seat 3: maxkxi folded before Flop (didn't bet)
Seat 4: Victor151886 (button) folded before Flop (didn't bet)
Seat 5: VKim_V (small blind) folded on the Flop
Seat 6: yjqian23 (big blind) folded before Flop
Seat 7: easymoneyguy collected ($0.19)
Seat 8: POLLO ISRA75 folded before Flop (didn't bet)
Seat 9: tntooni folded on the Flop



PokerStars Hand #227637400353:  Hold'em No Limit ($0.01/$0.02 USD) - 2021/06/16 19:36:03 PT [2021/06/16 22:36:03 ET]
Table 'Griseldis III' 9-max Seat #5 is the button
Seat 1: BARBURIA ($0.63 in chips) 
Seat 2: Dorex2007 ($2.38 in chips) 
Seat 3: maxkxi ($1.16 in chips) 
Seat 4: Victor151886 ($2.50 in chips) 
Seat 5: VKim_V ($2.98 in chips) 
Seat 6: yjqian23 ($1.58 in chips) 
Seat 7: easymoneyguy ($2.23 in chips) 
Seat 8: POLLO ISRA75 ($2.86 in chips) 
Seat 9: tntooni ($5.48 in chips) 
yjqian23: posts small blind $0.01
easymoneyguy: posts big blind $0.02
*** HOLE CARDS ***
Dealt to Dorex2007 [6c Qd]
POLLO ISRA75: folds 
tntooni: folds 
BARBURIA: folds 
Dorex2007: folds 
maxkxi: folds 
Victor151886: folds 
maxkxi leaves the table
VKim_V: calls $0.02
yjqian23: calls $0.01
easymoneyguy: checks 
*** FLOP *** [5c 5h 3d]
yjqian23: bets $0.02
easymoneyguy: calls $0.02
VKim_V: raises $0.12 to $0.14
yjqian23: folds 
easymoneyguy: folds 
Uncalled bet ($0.12) returned to VKim_V
VKim_V collected $0.12 from pot
VKim_V: doesn't show hand 
*** SUMMARY ***
Total pot $0.12 | Rake $0 
Board [5c 5h 3d]
Seat 1: BARBURIA folded before Flop (didn't bet)
Seat 2: Dorex2007 folded before Flop (didn't bet)
Seat 3: maxkxi folded before Flop (didn't bet)
Seat 4: Victor151886 folded before Flop (didn't bet)
Seat 5: VKim_V (button) collected ($0.12)
Seat 6: yjqian23 (small blind) folded on the Flop
Seat 7: easymoneyguy (big blind) folded on the Flop
Seat 8: POLLO ISRA75 folded before Flop (didn't bet)
Seat 9: tntooni folded before Flop (didn't bet)



PokerStars Hand #227637406971:  Hold'em No Limit ($0.01/$0.02 USD) - 2021/06/16 19:36:35 PT [2021/06/16 22:36:35 ET]
Table 'Griseldis III' 9-max Seat #6 is the button
Seat 1: BARBURIA ($0.63 in chips) 
Seat 2: Dorex2007 ($2.38 in chips) 
Seat 4: Victor151886 ($2.50 in chips) 
Seat 5: VKim_V ($3.06 in chips) 
Seat 6: yjqian23 ($1.54 in chips) 
Seat 7: easymoneyguy ($2.19 in chips) 
Seat 8: POLLO ISRA75 ($2.86 in chips) 
Seat 9: tntooni ($5.48 in chips) 
easymoneyguy: posts small blind $0.01
POLLO ISRA75: posts big blind $0.02
*** HOLE CARDS ***
Dealt to Dorex2007 [5h As]
nnatatiKA joins the table at seat #3 
tntooni: folds 
BARBURIA: raises $0.02 to $0.04
Dorex2007: folds 
Victor151886: folds 
VKim_V: calls $0.04
yjqian23: folds 
easymoneyguy: calls $0.03
POLLO ISRA75: folds 
*** FLOP *** [Td 5d 2c]
easymoneyguy: checks 
BARBURIA: checks 
VKim_V: bets $0.08
easymoneyguy: folds 
BARBURIA: folds 
Uncalled bet ($0.08) returned to VKim_V
VKim_V collected $0.14 from pot
VKim_V: doesn't show hand 
*** SUMMARY ***
Total pot $0.14 | Rake $0 
Board [Td 5d 2c]
Seat 1: BARBURIA folded on the Flop
Seat 2: Dorex2007 folded before Flop (didn't bet)
Seat 4: Victor151886 folded before Flop (didn't bet)
Seat 5: VKim_V collected ($0.14)
Seat 6: yjqian23 (button) folded before Flop (didn't bet)
Seat 7: easymoneyguy (small blind) folded on the Flop
Seat 8: POLLO ISRA75 (big blind) folded before Flop
Seat 9: tntooni folded before Flop (didn't bet)



PokerStars Hand #227637417982:  Hold'em No Limit ($0.01/$0.02 USD) - 2021/06/16 19:37:28 PT [2021/06/16 22:37:28 ET]
Table 'Griseldis III' 9-max Seat #7 is the button
Seat 1: BARBURIA ($0.59 in chips) 
Seat 2: Dorex2007 ($2.38 in chips) 
Seat 4: Victor151886 ($2.50 in chips) 
Seat 5: VKim_V ($3.16 in chips) 
Seat 6: yjqian23 ($1.54 in chips) 
Seat 7: easymoneyguy ($2.15 in chips) 
Seat 8: POLLO ISRA75 ($2.84 in chips) 
Seat 9: tntooni ($5.48 in chips) 
POLLO ISRA75: posts small blind $0.01
tntooni: posts big blind $0.02
nnatatiKA: sits out 
*** HOLE CARDS ***
Dealt to Dorex2007 [Ah 8d]
BARBURIA: folds 
Dorex2007: folds 
Victor151886: folds 
VKim_V: folds 
yjqian23: folds 
easymoneyguy: calls $0.02
POLLO ISRA75: folds 
tntooni: checks 
*** FLOP *** [7h 2c 2h]
tntooni: checks 
easymoneyguy: checks 
*** TURN *** [7h 2c 2h] [Kc]
tntooni: checks 
easymoneyguy: checks 
*** RIVER *** [7h 2c 2h Kc] [2d]
tntooni: bets $0.03
easymoneyguy: folds 
Uncalled bet ($0.03) returned to tntooni
tntooni collected $0.05 from pot
tntooni: doesn't show hand 
*** SUMMARY ***
Total pot $0.05 | Rake $0 
Board [7h 2c 2h Kc 2d]
Seat 1: BARBURIA folded before Flop (didn't bet)
Seat 2: Dorex2007 folded before Flop (didn't bet)
Seat 4: Victor151886 folded before Flop (didn't bet)
Seat 5: VKim_V folded before Flop (didn't bet)
Seat 6: yjqian23 folded before Flop (didn't bet)
Seat 7: easymoneyguy (button) folded on the River
Seat 8: POLLO ISRA75 (small blind) folded before Flop
Seat 9: tntooni (big blind) collected ($0.05)



PokerStars Hand #227637428908:  Hold'em No Limit ($0.01/$0.02 USD) - 2021/06/16 19:38:21 PT [2021/06/16 22:38:21 ET]
Table 'Griseldis III' 9-max Seat #8 is the button
Seat 1: BARBURIA ($0.59 in chips) 
Seat 2: Dorex2007 ($2.38 in chips) 
Seat 4: Victor151886 ($2.50 in chips) 
Seat 5: VKim_V ($3.16 in chips) 
Seat 6: yjqian23 ($1.54 in chips) 
Seat 7: easymoneyguy ($2.13 in chips) 
Seat 8: POLLO ISRA75 ($2.83 in chips) 
Seat 9: tntooni ($5.51 in chips) 
tntooni: posts small blind $0.01
BARBURIA: posts big blind $0.02
nnatatiKA: sits out 
*** HOLE CARDS ***
Dealt to Dorex2007 [5d Qh]
Dorex2007: folds 
Victor151886: raises $0.04 to $0.06
VKim_V: folds 
yjqian23: calls $0.06
easymoneyguy: folds 
POLLO ISRA75: folds 
tntooni: folds 
BARBURIA: folds 
*** FLOP *** [Jh Qc 3d]
Victor151886: checks 
yjqian23: bets $0.02
Victor151886: calls $0.02
*** TURN *** [Jh Qc 3d] [9s]
Victor151886: bets $0.09
yjqian23: folds 
Uncalled bet ($0.09) returned to Victor151886
Victor151886 collected $0.18 from pot
Victor151886: doesn't show hand 
*** SUMMARY ***
Total pot $0.19 | Rake $0.01 
Board [Jh Qc 3d 9s]
Seat 1: BARBURIA (big blind) folded before Flop
Seat 2: Dorex2007 folded before Flop (didn't bet)
Seat 4: Victor151886 collected ($0.18)
Seat 5: VKim_V folded before Flop (didn't bet)
Seat 6: yjqian23 folded on the Turn
Seat 7: easymoneyguy folded before Flop (didn't bet)
Seat 8: POLLO ISRA75 (button) folded before Flop (didn't bet)
Seat 9: tntooni (small blind) folded before Flop



PokerStars Hand #227637437895:  Hold'em No Limit ($0.01/$0.02 USD) - 2021/06/16 19:39:05 PT [2021/06/16 22:39:05 ET]
Table 'Griseldis III' 9-max Seat #9 is the button
Seat 1: BARBURIA ($0.57 in chips) 
Seat 2: Dorex2007 ($2.38 in chips) 
Seat 4: Victor151886 ($2.60 in chips) 
Seat 6: yjqian23 ($1.46 in chips) 
Seat 7: easymoneyguy ($2.13 in chips) 
Seat 8: POLLO ISRA75 ($2.83 in chips) 
Seat 9: tntooni ($5.50 in chips) 
BARBURIA: posts small blind $0.01
Dorex2007: posts big blind $0.02
nnatatiKA: sits out 
*** HOLE CARDS ***
Dealt to Dorex2007 [6d 4h]
Victor151886: folds 
yjqian23: calls $0.02
easymoneyguy: folds 
POLLO ISRA75: folds 
tntooni: folds 
BARBURIA: folds 
Dorex2007: checks 
*** FLOP *** [7s 8c 3s]
Dorex2007: bets $0.03
yjqian23: calls $0.03
*** TURN *** [7s 8c 3s] [9s]
Dorex2007: checks 
yjqian23: checks 
*** RIVER *** [7s 8c 3s 9s] [5h]
Dorex2007: bets $0.11
yjqian23: folds 
Uncalled bet ($0.11) returned to Dorex2007
Dorex2007 collected $0.11 from pot
Dorex2007: doesn't show hand 
*** SUMMARY ***
Total pot $0.11 | Rake $0 
Board [7s 8c 3s 9s 5h]
Seat 1: BARBURIA (small blind) folded before Flop
Seat 2: Dorex2007 (big blind) collected ($0.11)
Seat 4: Victor151886 folded before Flop (didn't bet)
Seat 6: yjqian23 folded on the River
Seat 7: easymoneyguy folded before Flop (didn't bet)
Seat 8: POLLO ISRA75 folded before Flop (didn't bet)
Seat 9: tntooni (button) folded before Flop (didn't bet)



PokerStars Hand #227637447876:  Hold'em No Limit ($0.01/$0.02 USD) - 2021/06/16 19:39:54 PT [2021/06/16 22:39:54 ET]
Table 'Griseldis III' 9-max Seat #1 is the button
Seat 1: BARBURIA ($0.56 in chips) 
Seat 2: Dorex2007 ($2.44 in chips) 
Seat 3: nnatatiKA ($0.80 in chips) 
Seat 4: Victor151886 ($2.60 in chips) 
Seat 6: yjqian23 ($1.41 in chips) 
Seat 7: easymoneyguy ($2.13 in chips) 
Seat 8: POLLO ISRA75 ($2.83 in chips) 
Seat 9: tntooni ($5.50 in chips) 
Dorex2007: posts small blind $0.01
nnatatiKA: posts big blind $0.02
*** HOLE CARDS ***
Dealt to Dorex2007 [8d Jc]
Victor151886: folds 
yjqian23: folds 
easymoneyguy: calls $0.02
POLLO ISRA75: folds 
tntooni: raises $0.05 to $0.07
BARBURIA: folds 
Dorex2007: folds 
nnatatiKA: folds 
easymoneyguy: calls $0.05
*** FLOP *** [Kc 6d 9h]
easymoneyguy: bets $0.10
tntooni: calls $0.10
*** TURN *** [Kc 6d 9h] [Td]
easymoneyguy: bets $0.20
tntooni: calls $0.20
*** RIVER *** [Kc 6d 9h Td] [6c]
easymoneyguy: checks 
tntooni: bets $0.71
easymoneyguy: calls $0.71
*** SHOW DOWN ***
tntooni: shows [Tc Ts] (a full house, Tens full of Sixes)
easymoneyguy: mucks hand 
tntooni collected $2.11 from pot
*** SUMMARY ***
Total pot $2.19 | Rake $0.08 
Board [Kc 6d 9h Td 6c]
Seat 1: BARBURIA (button) folded before Flop (didn't bet)
Seat 2: Dorex2007 (small blind) folded before Flop
Seat 3: nnatatiKA (big blind) folded before Flop
Seat 4: Victor151886 folded before Flop (didn't bet)
Seat 6: yjqian23 folded before Flop (didn't bet)
Seat 7: easymoneyguy mucked [Kh 3h]
Seat 8: POLLO ISRA75 folded before Flop (didn't bet)
Seat 9: tntooni showed [Tc Ts] and won ($2.11) with a full house, Tens full of Sixes



PokerStars Hand #227637461664:  Hold'em No Limit ($0.01/$0.02 USD) - 2021/06/16 19:41:02 PT [2021/06/16 22:41:02 ET]
Table 'Griseldis III' 9-max Seat #2 is the button
Seat 1: BARBURIA ($0.56 in chips) 
Seat 2: Dorex2007 ($2.43 in chips) 
Seat 3: nnatatiKA ($0.78 in chips) 
Seat 4: Victor151886 ($2.60 in chips) 
Seat 6: yjqian23 ($1.41 in chips) 
Seat 7: easymoneyguy ($1.05 in chips) 
Seat 8: POLLO ISRA75 ($2.83 in chips) 
Seat 9: tntooni ($6.53 in chips) 
nnatatiKA: posts small blind $0.01
Victor151886: posts big blind $0.02
*** HOLE CARDS ***
Dealt to Dorex2007 [5h Ad]
yjqian23: folds 
easymoneyguy: calls $0.02
POLLO ISRA75: calls $0.02
tntooni: raises $0.09 to $0.11
BARBURIA: folds 
Dorex2007: folds 
nnatatiKA: folds 
Victor151886: folds 
easymoneyguy: calls $0.09
POLLO ISRA75: calls $0.09
*** FLOP *** [Td As 2d]
easymoneyguy: checks 
POLLO ISRA75: checks 
tntooni: bets $0.18
easymoneyguy: folds 
POLLO ISRA75: folds 
Uncalled bet ($0.18) returned to tntooni
tntooni collected $0.35 from pot
tntooni: doesn't show hand 
*** SUMMARY ***
Total pot $0.36 | Rake $0.01 
Board [Td As 2d]
Seat 1: BARBURIA folded before Flop (didn't bet)
Seat 2: Dorex2007 (button) folded before Flop (didn't bet)
Seat 3: nnatatiKA (small blind) folded before Flop
Seat 4: Victor151886 (big blind) folded before Flop
Seat 6: yjqian23 folded before Flop (didn't bet)
Seat 7: easymoneyguy folded on the Flop
Seat 8: POLLO ISRA75 folded on the Flop
Seat 9: tntooni collected ($0.35)



PokerStars Hand #227637476143:  Hold'em No Limit ($0.01/$0.02 USD) - 2021/06/16 19:42:13 PT [2021/06/16 22:42:13 ET]
Table 'Griseldis III' 9-max Seat #3 is the button
Seat 1: BARBURIA ($0.56 in chips) 
Seat 2: Dorex2007 ($2.43 in chips) 
Seat 3: nnatatiKA ($0.77 in chips) 
Seat 4: Victor151886 ($2.58 in chips) 
Seat 6: yjqian23 ($1.61 in chips) 
Seat 7: easymoneyguy ($2 in chips) 
Seat 8: POLLO ISRA75 ($2.72 in chips) 
Seat 9: tntooni ($6.77 in chips) 
Victor151886: posts small blind $0.01
yjqian23: posts big blind $0.02
*** HOLE CARDS ***
Dealt to Dorex2007 [6d Kd]
easymoneyguy: folds 
POLLO ISRA75: folds 
tntooni: folds 
tntooni leaves the table
BARBURIA: folds 
Dorex2007: folds 
nnatatiKA: raises $0.04 to $0.06
Victor151886: folds 
yjqian23: folds 
Uncalled bet ($0.04) returned to nnatatiKA
nnatatiKA collected $0.05 from pot
nnatatiKA: doesn't show hand 
*** SUMMARY ***
Total pot $0.05 | Rake $0 
Seat 1: BARBURIA folded before Flop (didn't bet)
Seat 2: Dorex2007 folded before Flop (didn't bet)
Seat 3: nnatatiKA (button) collected ($0.05)
Seat 4: Victor151886 (small blind) folded before Flop
Seat 6: yjqian23 (big blind) folded before Flop
Seat 7: easymoneyguy folded before Flop (didn't bet)
Seat 8: POLLO ISRA75 folded before Flop (didn't bet)
Seat 9: tntooni folded before Flop (didn't bet)



PokerStars Hand #227637484652:  Hold'em No Limit ($0.01/$0.02 USD) - 2021/06/16 19:42:45 PT [2021/06/16 22:42:45 ET]
Table 'Griseldis III' 9-max Seat #4 is the button
Seat 1: BARBURIA ($0.56 in chips) 
Seat 2: Dorex2007 ($2.43 in chips) 
Seat 3: nnatatiKA ($0.80 in chips) 
Seat 4: Victor151886 ($2.57 in chips) 
Seat 6: yjqian23 ($1.59 in chips) 
Seat 7: easymoneyguy ($2 in chips) 
Seat 8: POLLO ISRA75 ($2.72 in chips) 
yjqian23: posts small blind $0.01
easymoneyguy: posts big blind $0.02
*** HOLE CARDS ***
Dealt to Dorex2007 [Jd 2c]
carlyletorres joins the table at seat #9 
POLLO ISRA75: calls $0.02
BARBURIA: raises $0.02 to $0.04
Dorex2007: folds 
nnatatiKA: folds 
Victor151886: calls $0.04
yjqian23: folds 
easymoneyguy: calls $0.02
POLLO ISRA75: calls $0.02
*** FLOP *** [Ad Jc 5h]
easymoneyguy: checks 
POLLO ISRA75: checks 
BARBURIA: bets $0.08
Victor151886: calls $0.08
easymoneyguy: folds 
POLLO ISRA75: raises $0.20 to $0.28
BARBURIA: calls $0.20
Victor151886: calls $0.20
*** TURN *** [Ad Jc 5h] [Jh]
POLLO ISRA75: bets $0.49
BARBURIA: calls $0.24 and is all-in
Victor151886: folds 
Uncalled bet ($0.25) returned to POLLO ISRA75
*** RIVER *** [Ad Jc 5h Jh] [7d]
*** SHOW DOWN ***
POLLO ISRA75: shows [Ac Js] (a full house, Jacks full of Aces)
BARBURIA: shows [Ah 4h] (two pair, Aces and Jacks)
POLLO ISRA75 cashed out the hand for $1.42 | Cash Out Fee $0.01
*** SUMMARY ***
Total pot $1.49 | Rake $0.05 
Board [Ad Jc 5h Jh 7d]
Seat 1: BARBURIA showed [Ah 4h] and lost with two pair, Aces and Jacks
Seat 2: Dorex2007 folded before Flop (didn't bet)
Seat 3: nnatatiKA folded before Flop (didn't bet)
Seat 4: Victor151886 (button) folded on the Turn
Seat 6: yjqian23 (small blind) folded before Flop
Seat 7: easymoneyguy (big blind) folded on the Flop
Seat 8: POLLO ISRA75 showed [Ac Js] and won ($1.44) with a full house, Jacks full of Aces (pot not awarded as player cashed out)



PokerStars Hand #227637504383:  Hold'em No Limit ($0.01/$0.02 USD) - 2021/06/16 19:44:24 PT [2021/06/16 22:44:24 ET]
Table 'Griseldis III' 9-max Seat #6 is the button
Seat 2: Dorex2007 ($2.43 in chips) 
Seat 3: nnatatiKA ($0.80 in chips) 
Seat 4: Victor151886 ($2.25 in chips) 
Seat 5: VKim_V ($3.16 in chips) 
Seat 6: yjqian23 ($2 in chips) 
Seat 7: easymoneyguy ($1.96 in chips) 
Seat 8: POLLO ISRA75 ($3.58 in chips) 
Seat 9: carlyletorres ($2 in chips) 
easymoneyguy: posts small blind $0.01
POLLO ISRA75: posts big blind $0.02
carlyletorres: posts big blind $0.02
VKim_V: posts small & big blinds $0.03
*** HOLE CARDS ***
Dealt to Dorex2007 [Ks 3h]
carlyletorres: checks 
Dorex2007: folds 
nnatatiKA: folds 
Victor151886: folds 
VKim_V: raises $0.04 to $0.06
yjqian23: folds 
easymoneyguy: folds 
POLLO ISRA75: calls $0.04
earlzb456 joins the table at seat #1 
carlyletorres: folds 
*** FLOP *** [Td Kd 2s]
POLLO ISRA75: checks 
VKim_V: bets $0.10
POLLO ISRA75: folds 
Uncalled bet ($0.10) returned to VKim_V
VKim_V collected $0.15 from pot
VKim_V: doesn't show hand 
*** SUMMARY ***
Total pot $0.16 | Rake $0.01 
Board [Td Kd 2s]
Seat 2: Dorex2007 folded before Flop (didn't bet)
Seat 3: nnatatiKA folded before Flop (didn't bet)
Seat 4: Victor151886 folded before Flop (didn't bet)
Seat 5: VKim_V collected ($0.15)
Seat 6: yjqian23 (button) folded before Flop (didn't bet)
Seat 7: easymoneyguy (small blind) folded before Flop
Seat 8: POLLO ISRA75 (big blind) folded on the Flop
Seat 9: carlyletorres folded before Flop (didn't bet)



PokerStars Hand #227637514806:  Hold'em No Limit ($0.01/$0.02 USD) - 2021/06/16 19:45:17 PT [2021/06/16 22:45:17 ET]
Table 'Griseldis III' 9-max Seat #7 is the button
Seat 2: Dorex2007 ($2.43 in chips) 
Seat 3: nnatatiKA ($0.80 in chips) 
Seat 4: Victor151886 ($2.25 in chips) 
Seat 5: VKim_V ($3.24 in chips) 
Seat 6: yjqian23 ($2 in chips) 
Seat 7: easymoneyguy ($1.95 in chips) 
Seat 8: POLLO ISRA75 ($3.52 in chips) 
Seat 9: carlyletorres ($1.98 in chips) 
POLLO ISRA75: posts small blind $0.01
carlyletorres: posts big blind $0.02
earlzb456: sits out 
*** HOLE CARDS ***
Dealt to Dorex2007 [Kd 9d]
Dorex2007: folds 
nnatatiKA: folds 
Victor151886: raises $0.03 to $0.05
VKim_V: folds 
yjqian23: raises $0.13 to $0.18
easymoneyguy: folds 
POLLO ISRA75: folds 
carlyletorres: folds 
Victor151886: folds 
Uncalled bet ($0.13) returned to yjqian23
yjqian23 collected $0.13 from pot
*** SUMMARY ***
Total pot $0.13 | Rake $0 
Seat 2: Dorex2007 folded before Flop (didn't bet)
Seat 3: nnatatiKA folded before Flop (didn't bet)
Seat 4: Victor151886 folded before Flop
Seat 5: VKim_V folded before Flop (didn't bet)
Seat 6: yjqian23 collected ($0.13)
Seat 7: easymoneyguy (button) folded before Flop (didn't bet)
Seat 8: POLLO ISRA75 (small blind) folded before Flop
Seat 9: carlyletorres (big blind) folded before Flop



PokerStars Hand #227637520343:  Hold'em No Limit ($0.01/$0.02 USD) - 2021/06/16 19:45:45 PT [2021/06/16 22:45:45 ET]
Table 'Griseldis III' 9-max Seat #8 is the button
Seat 1: earlzb456 ($1.82 in chips) 
Seat 2: Dorex2007 ($2.43 in chips) 
Seat 3: nnatatiKA ($0.80 in chips) 
Seat 4: Victor151886 ($2.20 in chips) 
Seat 5: VKim_V ($3.24 in chips) 
Seat 6: yjqian23 ($2.08 in chips) 
Seat 7: easymoneyguy ($1.95 in chips) 
Seat 8: POLLO ISRA75 ($3.51 in chips) 
Seat 9: carlyletorres ($1.96 in chips) 
carlyletorres: posts small blind $0.01
earlzb456: posts big blind $0.02
*** HOLE CARDS ***
Dealt to Dorex2007 [5d 7d]
Dorex2007: folds 
nnatatiKA has timed out
nnatatiKA: folds 
Victor151886: raises $0.04 to $0.06
VKim_V: calls $0.06
yjqian23: folds 
yjqian23 leaves the table
easymoneyguy: calls $0.06
POLLO ISRA75: folds 
carlyletorres: folds 
earlzb456: calls $0.04
*** FLOP *** [6c 2h 6d]
earlzb456: checks 
Victor151886: bets $0.12
VKim_V: folds 
easymoneyguy: folds 
earlzb456: folds 
Uncalled bet ($0.12) returned to Victor151886
Victor151886 collected $0.24 from pot
Victor151886: doesn't show hand 
*** SUMMARY ***
Total pot $0.25 | Rake $0.01 
Board [6c 2h 6d]
Seat 1: earlzb456 (big blind) folded on the Flop
Seat 2: Dorex2007 folded before Flop (didn't bet)
Seat 3: nnatatiKA folded before Flop (didn't bet)
Seat 4: Victor151886 collected ($0.24)
Seat 5: VKim_V folded on the Flop
Seat 6: yjqian23 folded before Flop (didn't bet)
Seat 7: easymoneyguy folded on the Flop
Seat 8: POLLO ISRA75 (button) folded before Flop (didn't bet)
Seat 9: carlyletorres (small blind) folded before Flop



PokerStars Hand #227637529271:  Hold'em No Limit ($0.01/$0.02 USD) - 2021/06/16 19:46:30 PT [2021/06/16 22:46:30 ET]
Table 'Griseldis III' 9-max Seat #9 is the button
Seat 1: earlzb456 ($1.76 in chips) 
Seat 2: Dorex2007 ($2.43 in chips) 
Seat 3: nnatatiKA ($0.80 in chips) 
Seat 4: Victor151886 ($2.38 in chips) 
Seat 5: VKim_V ($3.18 in chips) 
Seat 7: easymoneyguy ($1.89 in chips) 
Seat 8: POLLO ISRA75 ($3.51 in chips) 
Seat 9: carlyletorres ($1.95 in chips) 
earlzb456: posts small blind $0.01
Dorex2007: posts big blind $0.02
*** HOLE CARDS ***
Dealt to Dorex2007 [Td Qs]
nnatatiKA: folds 
Victor151886: folds 
VKim_V: raises $0.04 to $0.06
easymoneyguy: calls $0.06
POLLO ISRA75: calls $0.06
carlyletorres: folds 
Gitec350 joins the table at seat #6 
earlzb456: raises $0.26 to $0.32
Dorex2007: folds 
VKim_V: folds 
easymoneyguy: calls $0.26
POLLO ISRA75: folds 
*** FLOP *** [9d Jd 3c]
earlzb456: bets $0.06
easymoneyguy: raises $0.87 to $0.93
earlzb456: raises $0.51 to $1.44 and is all-in
easymoneyguy: calls $0.51
*** TURN *** [9d Jd 3c] [4s]
*** RIVER *** [9d Jd 3c 4s] [Kc]
*** SHOW DOWN ***
earlzb456: shows [Kh As] (a pair of Kings)
easymoneyguy: shows [Ah 4h] (a pair of Fours)
earlzb456 collected $3.53 from pot
*** SUMMARY ***
Total pot $3.66 | Rake $0.13 
Board [9d Jd 3c 4s Kc]
Seat 1: earlzb456 (small blind) showed [Kh As] and won ($3.53) with a pair of Kings
Seat 2: Dorex2007 (big blind) folded before Flop
Seat 3: nnatatiKA folded before Flop (didn't bet)
Seat 4: Victor151886 folded before Flop (didn't bet)
Seat 5: VKim_V folded before Flop
Seat 7: easymoneyguy showed [Ah 4h] and lost with a pair of Fours
Seat 8: POLLO ISRA75 folded before Flop
Seat 9: carlyletorres (button) folded before Flop (didn't bet)



PokerStars Hand #227637548881:  Hold'em No Limit ($0.01/$0.02 USD) - 2021/06/16 19:48:09 PT [2021/06/16 22:48:09 ET]
Table 'Griseldis III' 9-max Seat #1 is the button
Seat 1: earlzb456 ($3.53 in chips) 
Seat 2: Dorex2007 ($2.41 in chips) 
Seat 3: nnatatiKA ($0.80 in chips) 
Seat 4: Victor151886 ($2.38 in chips) 
Seat 5: VKim_V ($3.12 in chips) 
Seat 7: easymoneyguy ($0.13 in chips) 
Seat 8: POLLO ISRA75 ($3.45 in chips) 
Seat 9: carlyletorres ($1.95 in chips) 
Dorex2007: posts small blind $0.01
nnatatiKA: posts big blind $0.02
Gitec350: sits out 
*** HOLE CARDS ***
Dealt to Dorex2007 [9d Jc]
Victor151886: folds 
VKim_V: folds 
easymoneyguy: raises $0.11 to $0.13 and is all-in
POLLO ISRA75: folds 
carlyletorres: folds 
earlzb456: calls $0.13
Dorex2007: folds 
nnatatiKA: folds 
*** FLOP *** [6s Ts Ks]
*** TURN *** [6s Ts Ks] [5s]
*** RIVER *** [6s Ts Ks 5s] [5d]
*** SHOW DOWN ***
easymoneyguy: shows [6c Kc] (two pair, Kings and Sixes)
earlzb456: shows [Qc 3c] (a pair of Fives)
easymoneyguy collected $0.28 from pot
*** SUMMARY ***
Total pot $0.29 | Rake $0.01 
Board [6s Ts Ks 5s 5d]
Seat 1: earlzb456 (button) showed [Qc 3c] and lost with a pair of Fives
Seat 2: Dorex2007 (small blind) folded before Flop
Seat 3: nnatatiKA (big blind) folded before Flop
Seat 4: Victor151886 folded before Flop (didn't bet)
Seat 5: VKim_V folded before Flop (didn't bet)
Seat 7: easymoneyguy showed [6c Kc] and won ($0.28) with two pair, Kings and Sixes
Seat 8: POLLO ISRA75 folded before Flop (didn't bet)
Seat 9: carlyletorres folded before Flop (didn't bet)



PokerStars Hand #227637558292:  Hold'em No Limit ($0.01/$0.02 USD) - 2021/06/16 19:48:57 PT [2021/06/16 22:48:57 ET]
Table 'Griseldis III' 9-max Seat #2 is the button
Seat 1: earlzb456 ($3.40 in chips) 
Seat 2: Dorex2007 ($2.40 in chips) 
Seat 3: nnatatiKA ($0.78 in chips) 
Seat 4: Victor151886 ($2.38 in chips) 
Seat 5: VKim_V ($3.12 in chips) 
Seat 7: easymoneyguy ($0.28 in chips) 
Seat 8: POLLO ISRA75 ($3.45 in chips) 
Seat 9: carlyletorres ($1.95 in chips) 
nnatatiKA: posts small blind $0.01
Victor151886: posts big blind $0.02
Gitec350: sits out 
*** HOLE CARDS ***
Dealt to Dorex2007 [8h 6h]
VKim_V: raises $0.04 to $0.06
easymoneyguy: folds 
POLLO ISRA75: calls $0.06
carlyletorres: folds 
earlzb456: folds 
Dorex2007: folds 
earlzb456 said, "Hahahhahahah"
nnatatiKA: folds 
Victor151886: folds 
*** FLOP *** [4h Ad Ac]
VKim_V: checks 
POLLO ISRA75: checks 
*** TURN *** [4h Ad Ac] [Qd]
VKim_V: checks 
POLLO ISRA75: checks 
*** RIVER *** [4h Ad Ac Qd] [8s]
VKim_V: checks 
POLLO ISRA75: checks 
*** SHOW DOWN ***
VKim_V: shows [3d 3h] (two pair, Aces and Threes)
POLLO ISRA75: mucks hand 
VKim_V collected $0.14 from pot
*** SUMMARY ***
Total pot $0.15 | Rake $0.01 
Board [4h Ad Ac Qd 8s]
Seat 1: earlzb456 folded before Flop (didn't bet)
Seat 2: Dorex2007 (button) folded before Flop (didn't bet)
Seat 3: nnatatiKA (small blind) folded before Flop
Seat 4: Victor151886 (big blind) folded before Flop
Seat 5: VKim_V showed [3d 3h] and won ($0.14) with two pair, Aces and Threes
Seat 7: easymoneyguy folded before Flop (didn't bet)
Seat 8: POLLO ISRA75 mucked [Js 9c]
Seat 9: carlyletorres folded before Flop (didn't bet)



PokerStars Hand #227637566664:  Hold'em No Limit ($0.01/$0.02 USD) - 2021/06/16 19:49:39 PT [2021/06/16 22:49:39 ET]
Table 'Griseldis III' 9-max Seat #3 is the button
Seat 1: earlzb456 ($3.40 in chips) 
Seat 2: Dorex2007 ($2.40 in chips) 
Seat 3: nnatatiKA ($0.77 in chips) 
Seat 4: Victor151886 ($2.36 in chips) 
Seat 5: VKim_V ($3.20 in chips) 
Seat 7: easymoneyguy ($2 in chips) 
Seat 8: POLLO ISRA75 ($3.39 in chips) 
Seat 9: carlyletorres ($1.95 in chips) 
Victor151886: posts small blind $0.01
VKim_V: posts big blind $0.02
Gitec350: sits out 
*** HOLE CARDS ***
Dealt to Dorex2007 [9h 2s]
easymoneyguy: raises $0.04 to $0.06
POLLO ISRA75: folds 
carlyletorres: folds 
earlzb456: folds 
Dorex2007: folds 
nnatatiKA: folds 
Victor151886: folds 
VKim_V: calls $0.04
*** FLOP *** [Kc Td Jc]
VKim_V: checks 
easymoneyguy: checks 
*** TURN *** [Kc Td Jc] [3c]
VKim_V: bets $0.13
easymoneyguy: folds 
Uncalled bet ($0.13) returned to VKim_V
VKim_V collected $0.13 from pot
VKim_V: doesn't show hand 
*** SUMMARY ***
Total pot $0.13 | Rake $0 
Board [Kc Td Jc 3c]
Seat 1: earlzb456 folded before Flop (didn't bet)
Seat 2: Dorex2007 folded before Flop (didn't bet)
Seat 3: nnatatiKA (button) folded before Flop (didn't bet)
Seat 4: Victor151886 (small blind) folded before Flop
Seat 5: VKim_V (big blind) collected ($0.13)
Seat 7: easymoneyguy folded on the Turn
Seat 8: POLLO ISRA75 folded before Flop (didn't bet)
Seat 9: carlyletorres folded before Flop (didn't bet)



PokerStars Hand #227637582404:  Hold'em No Limit ($0.01/$0.02 USD) - 2021/06/16 19:50:16 PT [2021/06/16 22:50:16 ET]
Table 'Griseldis III' 9-max Seat #4 is the button
Seat 1: earlzb456 ($3.40 in chips) 
Seat 2: Dorex2007 ($2.40 in chips) 
Seat 3: nnatatiKA ($0.77 in chips) 
Seat 4: Victor151886 ($2.35 in chips) 
Seat 5: VKim_V ($3.27 in chips) 
Seat 6: Gitec350 ($2 in chips) 
Seat 7: easymoneyguy ($1.94 in chips) 
Seat 8: POLLO ISRA75 ($3.39 in chips) 
Seat 9: carlyletorres ($1.95 in chips) 
VKim_V: posts small blind $0.01
Gitec350: posts big blind $0.02
*** HOLE CARDS ***
Dealt to Dorex2007 [5c Ac]
easymoneyguy has timed out
easymoneyguy: folds 
POLLO ISRA75: folds 
carlyletorres: folds 
earlzb456: calls $0.02
Dorex2007: calls $0.02
nnatatiKA: folds 
Victor151886: folds 
VKim_V: folds 
Gitec350: checks 
*** FLOP *** [6h Tc Js]
Gitec350: checks 
earlzb456: checks 
Dorex2007: checks 
*** TURN *** [6h Tc Js] [9s]
Gitec350: checks 
earlzb456: bets $0.03
Dorex2007: calls $0.03
Gitec350: folds 
*** RIVER *** [6h Tc Js 9s] [6c]
earlzb456: checks 
Dorex2007: bets $0.13
earlzb456: folds 
Uncalled bet ($0.13) returned to Dorex2007
Dorex2007 collected $0.13 from pot
Dorex2007: doesn't show hand 
*** SUMMARY ***
Total pot $0.13 | Rake $0 
Board [6h Tc Js 9s 6c]
Seat 1: earlzb456 folded on the River
Seat 2: Dorex2007 collected ($0.13)
Seat 3: nnatatiKA folded before Flop (didn't bet)
Seat 4: Victor151886 (button) folded before Flop (didn't bet)
Seat 5: VKim_V (small blind) folded before Flop
Seat 6: Gitec350 (big blind) folded on the Turn
Seat 7: easymoneyguy folded before Flop (didn't bet)
Seat 8: POLLO ISRA75 folded before Flop (didn't bet)
Seat 9: carlyletorres folded before Flop (didn't bet)



PokerStars Hand #227637602517:  Hold'em No Limit ($0.01/$0.02 USD) - 2021/06/16 19:52:00 PT [2021/06/16 22:52:00 ET]
Table 'Griseldis III' 9-max Seat #5 is the button
Seat 1: earlzb456 ($3.35 in chips) 
Seat 2: Dorex2007 ($2.48 in chips) 
Seat 3: nnatatiKA ($0.77 in chips) 
Seat 4: Victor151886 ($2.35 in chips) 
Seat 5: VKim_V ($3.26 in chips) 
Seat 6: Gitec350 ($1.98 in chips) 
Seat 7: easymoneyguy ($1.94 in chips) 
Seat 8: POLLO ISRA75 ($3.39 in chips) 
Seat 9: carlyletorres ($1.95 in chips) 
Gitec350: posts small blind $0.01
easymoneyguy: posts big blind $0.02
*** HOLE CARDS ***
Dealt to Dorex2007 [Td Qs]
POLLO ISRA75: folds 
carlyletorres: calls $0.02
earlzb456 has timed out
earlzb456: folds 
Dorex2007: folds 
nnatatiKA: folds 
Victor151886: folds 
VKim_V: folds 
Gitec350: folds 
easymoneyguy: checks 
*** FLOP *** [Kd 4s 7d]
easymoneyguy: bets $0.05
carlyletorres: folds 
Uncalled bet ($0.05) returned to easymoneyguy
easymoneyguy collected $0.05 from pot
*** SUMMARY ***
Total pot $0.05 | Rake $0 
Board [Kd 4s 7d]
Seat 1: earlzb456 folded before Flop (didn't bet)
Seat 2: Dorex2007 folded before Flop (didn't bet)
Seat 3: nnatatiKA folded before Flop (didn't bet)
Seat 4: Victor151886 folded before Flop (didn't bet)
Seat 5: VKim_V (button) folded before Flop (didn't bet)
Seat 6: Gitec350 (small blind) folded before Flop
Seat 7: easymoneyguy (big blind) collected ($0.05)
Seat 8: POLLO ISRA75 folded before Flop (didn't bet)
Seat 9: carlyletorres folded on the Flop



PokerStars Hand #227637618701:  Hold'em No Limit ($0.01/$0.02 USD) - 2021/06/16 19:52:46 PT [2021/06/16 22:52:46 ET]
Table 'Griseldis III' 9-max Seat #6 is the button
Seat 1: earlzb456 ($3.35 in chips) 
Seat 2: Dorex2007 ($2.48 in chips) 
Seat 3: nnatatiKA ($0.77 in chips) 
Seat 4: Victor151886 ($2.35 in chips) 
Seat 5: VKim_V ($3.26 in chips) 
Seat 6: Gitec350 ($1.97 in chips) 
Seat 7: easymoneyguy ($1.97 in chips) 
Seat 8: POLLO ISRA75 ($3.39 in chips) 
Seat 9: carlyletorres ($1.93 in chips) 
easymoneyguy: posts small blind $0.01
POLLO ISRA75: posts big blind $0.02
*** HOLE CARDS ***
Dealt to Dorex2007 [9d 8s]
carlyletorres: folds 
earlzb456: calls $0.02
Dorex2007: folds 
nnatatiKA: raises $0.04 to $0.06
Victor151886: folds 
VKim_V: calls $0.06
Gitec350: calls $0.06
easymoneyguy: calls $0.05
POLLO ISRA75: calls $0.04
earlzb456: calls $0.04
*** FLOP *** [Th Qc 5s]
easymoneyguy: checks 
POLLO ISRA75: checks 
earlzb456: bets $0.03
nnatatiKA: raises $0.68 to $0.71 and is all-in
VKim_V: folds 
Gitec350: folds 
easymoneyguy: folds 
POLLO ISRA75: folds 
easymoneyguy leaves the table
earlzb456: folds 
Uncalled bet ($0.68) returned to nnatatiKA
nnatatiKA collected $0.41 from pot
nnatatiKA: doesn't show hand 
*** SUMMARY ***
Total pot $0.42 | Rake $0.01 
Board [Th Qc 5s]
Seat 1: earlzb456 folded on the Flop
Seat 2: Dorex2007 folded before Flop (didn't bet)
Seat 3: nnatatiKA collected ($0.41)
Seat 4: Victor151886 folded before Flop (didn't bet)
Seat 5: VKim_V folded on the Flop
Seat 6: Gitec350 (button) folded on the Flop
Seat 7: easymoneyguy (small blind) folded on the Flop
Seat 8: POLLO ISRA75 (big blind) folded on the Flop
Seat 9: carlyletorres folded before Flop (didn't bet)



PokerStars Hand #227637640296:  Hold'em No Limit ($0.01/$0.02 USD) - 2021/06/16 19:54:12 PT [2021/06/16 22:54:12 ET]
Table 'Griseldis III' 9-max Seat #8 is the button
Seat 1: earlzb456 ($3.26 in chips) 
Seat 2: Dorex2007 ($2.48 in chips) 
Seat 3: nnatatiKA ($1.09 in chips) 
Seat 4: Victor151886 ($2.35 in chips) 
Seat 5: VKim_V ($3.20 in chips) 
Seat 6: Gitec350 ($1.91 in chips) 
Seat 8: POLLO ISRA75 ($3.33 in chips) 
Seat 9: carlyletorres ($1.93 in chips) 
carlyletorres: posts small blind $0.01
earlzb456: posts big blind $0.02
*** HOLE CARDS ***
Dealt to Dorex2007 [Qc Qd]
1Asthma1 joins the table at seat #7 
Dorex2007: raises $0.04 to $0.06
nnatatiKA: folds 
Victor151886: calls $0.06
VKim_V: folds 
Gitec350: calls $0.06
POLLO ISRA75: folds 
carlyletorres: folds 
earlzb456: folds 
*** FLOP *** [Kd 3c 9s]
Dorex2007: bets $0.10
Victor151886: folds 
Gitec350: calls $0.10
*** TURN *** [Kd 3c 9s] [2h]
Dorex2007: checks 
Gitec350: bets $0.08
Dorex2007: calls $0.08
*** RIVER *** [Kd 3c 9s 2h] [Ah]
Dorex2007: bets $0.28
Gitec350: folds 
Uncalled bet ($0.28) returned to Dorex2007
Dorex2007 collected $0.55 from pot
Dorex2007: doesn't show hand 
*** SUMMARY ***
Total pot $0.57 | Rake $0.02 
Board [Kd 3c 9s 2h Ah]
Seat 1: earlzb456 (big blind) folded before Flop
Seat 2: Dorex2007 collected ($0.55)
Seat 3: nnatatiKA folded before Flop (didn't bet)
Seat 4: Victor151886 folded on the Flop
Seat 5: VKim_V folded before Flop (didn't bet)
Seat 6: Gitec350 folded on the River
Seat 8: POLLO ISRA75 (button) folded before Flop (didn't bet)
Seat 9: carlyletorres (small blind) folded before Flop



