PokerStars Hand #227230567355:  Hold'em No Limit ($0.01/$0.02 USD) - 2021/05/31 17:38:44 PT [2021/05/31 20:38:44 ET]
Table 'Naantali III' 9-max Seat #3 is the button
Seat 1: silas1997 ($0.80 in chips) 
Seat 2: Dorex2007 ($2 in chips) 
Seat 3: ageorge2500 ($4.13 in chips) 
Seat 4: 4opl1a ($2 in chips) 
Seat 5: tchase14 ($3.83 in chips) 
Seat 6: VARLENMONGE ($1.48 in chips) 
Seat 7: brasquard ($1.55 in chips) 
Seat 8: LulzSecRu ($2.03 in chips) 
Seat 9: doubled8ck ($2.66 in chips) 
4opl1a: posts small blind $0.01
tchase14: posts big blind $0.02
Dorex2007: posts big blind $0.02
*** HOLE CARDS ***
Dealt to Dorex2007 [9s 4s]
VARLENMONGE: folds 
brasquard: raises $0.02 to $0.04
LulzSecRu: folds 
doubled8ck: folds 
silas1997: folds 
Dorex2007: folds 
ageorge2500: folds 
4opl1a: calls $0.03
tchase14: folds 
*** FLOP *** [7c 9c 2d]
4opl1a: checks 
brasquard: checks 
*** TURN *** [7c 9c 2d] [7h]
4opl1a: bets $0.06
brasquard: folds 
Uncalled bet ($0.06) returned to 4opl1a
4opl1a collected $0.12 from pot
4opl1a: doesn't show hand 
*** SUMMARY ***
Total pot $0.12 | Rake $0 
Board [7c 9c 2d 7h]
Seat 1: silas1997 folded before Flop (didn't bet)
Seat 2: Dorex2007 folded before Flop (didn't bet)
Seat 3: ageorge2500 (button) folded before Flop (didn't bet)
Seat 4: 4opl1a (small blind) collected ($0.12)
Seat 5: tchase14 (big blind) folded before Flop
Seat 6: VARLENMONGE folded before Flop (didn't bet)
Seat 7: brasquard folded on the Turn
Seat 8: LulzSecRu folded before Flop (didn't bet)
Seat 9: doubled8ck folded before Flop (didn't bet)



PokerStars Hand #227230579424:  Hold'em No Limit ($0.01/$0.02 USD) - 2021/05/31 17:39:29 PT [2021/05/31 20:39:29 ET]
Table 'Naantali III' 9-max Seat #4 is the button
Seat 1: silas1997 ($0.80 in chips) 
Seat 2: Dorex2007 ($1.98 in chips) 
Seat 3: ageorge2500 ($4.13 in chips) 
Seat 4: 4opl1a ($2.08 in chips) 
Seat 5: tchase14 ($3.81 in chips) 
Seat 6: VARLENMONGE ($1.48 in chips) 
Seat 7: brasquard ($1.51 in chips) 
Seat 8: LulzSecRu ($2.03 in chips) 
Seat 9: doubled8ck ($2.66 in chips) 
tchase14: posts small blind $0.01
VARLENMONGE: posts big blind $0.02
*** HOLE CARDS ***
Dealt to Dorex2007 [Ah 4s]
brasquard: folds 
LulzSecRu: folds 
doubled8ck: folds 
silas1997: folds 
Dorex2007: folds 
ageorge2500: raises $0.02 to $0.04
4opl1a: folds 
tchase14: folds 
VARLENMONGE: folds 
Uncalled bet ($0.02) returned to ageorge2500
ageorge2500 collected $0.05 from pot
*** SUMMARY ***
Total pot $0.05 | Rake $0 
Seat 1: silas1997 folded before Flop (didn't bet)
Seat 2: Dorex2007 folded before Flop (didn't bet)
Seat 3: ageorge2500 collected ($0.05)
Seat 4: 4opl1a (button) folded before Flop (didn't bet)
Seat 5: tchase14 (small blind) folded before Flop
Seat 6: VARLENMONGE (big blind) folded before Flop
Seat 7: brasquard folded before Flop (didn't bet)
Seat 8: LulzSecRu folded before Flop (didn't bet)
Seat 9: doubled8ck folded before Flop (didn't bet)



PokerStars Hand #227230642198:  Hold'em No Limit ($0.01/$0.02 USD) - 2021/05/31 17:43:30 PT [2021/05/31 20:43:30 ET]
Table 'Naantali III' 9-max Seat #9 is the button
Seat 1: silas1997 ($0.78 in chips) 
Seat 2: Dorex2007 ($1.98 in chips) 
Seat 3: ageorge2500 ($5.03 in chips) 
Seat 4: 4opl1a ($2.05 in chips) 
Seat 8: LulzSecRu ($2 in chips) 
Seat 9: doubled8ck ($2 in chips) 
silas1997: posts small blind $0.01
Dorex2007: posts big blind $0.02
*** HOLE CARDS ***
Dealt to Dorex2007 [6s Qc]
ageorge2500: folds 
4opl1a: folds 
LulzSecRu: folds 
doubled8ck: folds 
silas1997: calls $0.01
Dorex2007: checks 
*** FLOP *** [4c 4d 8h]
silas1997: checks 
Dorex2007: checks 
*** TURN *** [4c 4d 8h] [4s]
silas1997: bets $0.02
fevs8ball joins the table at seat #7 
Dorex2007: folds 
Uncalled bet ($0.02) returned to silas1997
silas1997 collected $0.04 from pot
silas1997: doesn't show hand 
*** SUMMARY ***
Total pot $0.04 | Rake $0 
Board [4c 4d 8h 4s]
Seat 1: silas1997 (small blind) collected ($0.04)
Seat 2: Dorex2007 (big blind) folded on the Turn
Seat 3: ageorge2500 folded before Flop (didn't bet)
Seat 4: 4opl1a folded before Flop (didn't bet)
Seat 8: LulzSecRu folded before Flop (didn't bet)
Seat 9: doubled8ck (button) folded before Flop (didn't bet)



PokerStars Hand #227230665192:  Hold'em No Limit ($0.01/$0.02 USD) - 2021/05/31 17:44:21 PT [2021/05/31 20:44:21 ET]
Table 'Naantali III' 9-max Seat #1 is the button
Seat 1: silas1997 ($0.80 in chips) 
Seat 2: Dorex2007 ($1.96 in chips) 
Seat 3: ageorge2500 ($5.03 in chips) 
Seat 4: 4opl1a ($2.05 in chips) 
Seat 6: VARLENMONGE ($2 in chips) 
Seat 8: LulzSecRu ($2 in chips) 
Seat 9: doubled8ck ($2 in chips) 
Dorex2007: posts small blind $0.01
ageorge2500: posts big blind $0.02
fevs8ball: sits out 
*** HOLE CARDS ***
Dealt to Dorex2007 [4s Ks]
4opl1a: folds 
VARLENMONGE: calls $0.02
LulzSecRu: folds 
doubled8ck: folds 
silas1997: folds 
silas1997 leaves the table
Dorex2007: calls $0.01
ageorge2500: checks 
*** FLOP *** [9s 6c Jh]
Dorex2007: checks 
ageorge2500: checks 
100ssir82 joins the table at seat #1 
VARLENMONGE: checks 
*** TURN *** [9s 6c Jh] [Tc]
Dorex2007: checks 
ageorge2500: checks 
VARLENMONGE: checks 
*** RIVER *** [9s 6c Jh Tc] [5h]
Dorex2007: checks 
ageorge2500: checks 
VARLENMONGE: checks 
*** SHOW DOWN ***
Dorex2007: shows [4s Ks] (high card King)
ageorge2500: shows [Kc 5s] (a pair of Fives)
VARLENMONGE: mucks hand 
ageorge2500 collected $0.06 from pot
*** SUMMARY ***
Total pot $0.06 | Rake $0 
Board [9s 6c Jh Tc 5h]
Seat 1: silas1997 (button) folded before Flop (didn't bet)
Seat 2: Dorex2007 (small blind) showed [4s Ks] and lost with high card King
Seat 3: ageorge2500 (big blind) showed [Kc 5s] and won ($0.06) with a pair of Fives
Seat 4: 4opl1a folded before Flop (didn't bet)
Seat 6: VARLENMONGE mucked [Kd 8d]
Seat 8: LulzSecRu folded before Flop (didn't bet)
Seat 9: doubled8ck folded before Flop (didn't bet)



PokerStars Hand #227230681179:  Hold'em No Limit ($0.01/$0.02 USD) - 2021/05/31 17:45:11 PT [2021/05/31 20:45:11 ET]
Table 'Naantali III' 9-max Seat #2 is the button
Seat 2: Dorex2007 ($1.94 in chips) 
Seat 3: ageorge2500 ($5.07 in chips) 
Seat 4: 4opl1a ($2.05 in chips) 
Seat 6: VARLENMONGE ($1.98 in chips) 
Seat 7: fevs8ball ($0.80 in chips) 
Seat 8: LulzSecRu ($2 in chips) 
Seat 9: doubled8ck ($2 in chips) 
ageorge2500: posts small blind $0.01
4opl1a: posts big blind $0.02
fevs8ball: posts big blind $0.02
100ssir82: sits out 
*** HOLE CARDS ***
Dealt to Dorex2007 [Ah Ad]
VARLENMONGE: folds 
fevs8ball: checks 
LulzSecRu: folds 
doubled8ck: folds 
Dorex2007: raises $0.04 to $0.06
ageorge2500: folds 
4opl1a: folds 
fevs8ball: folds 
Uncalled bet ($0.04) returned to Dorex2007
Dorex2007 collected $0.07 from pot
Dorex2007: doesn't show hand 
*** SUMMARY ***
Total pot $0.07 | Rake $0 
Seat 2: Dorex2007 (button) collected ($0.07)
Seat 3: ageorge2500 (small blind) folded before Flop
Seat 4: 4opl1a (big blind) folded before Flop
Seat 6: VARLENMONGE folded before Flop (didn't bet)
Seat 7: fevs8ball folded before Flop (didn't bet)
Seat 8: LulzSecRu folded before Flop (didn't bet)
Seat 9: doubled8ck folded before Flop (didn't bet)



PokerStars Hand #227230695284:  Hold'em No Limit ($0.01/$0.02 USD) - 2021/05/31 17:45:35 PT [2021/05/31 20:45:35 ET]
Table 'Naantali III' 9-max Seat #3 is the button
Seat 2: Dorex2007 ($1.99 in chips) 
Seat 3: ageorge2500 ($5.06 in chips) 
Seat 4: 4opl1a ($2.03 in chips) 
Seat 6: VARLENMONGE ($1.98 in chips) 
Seat 7: fevs8ball ($0.78 in chips) 
Seat 8: LulzSecRu ($2 in chips) 
Seat 9: doubled8ck ($2 in chips) 
4opl1a: posts small blind $0.01
VARLENMONGE: posts big blind $0.02
100ssir82: sits out 
*** HOLE CARDS ***
Dealt to Dorex2007 [9d Ts]
fevs8ball: calls $0.02
LulzSecRu: folds 
doubled8ck: folds 
Dorex2007: folds 
ageorge2500: folds 
4opl1a: folds 
VARLENMONGE: checks 
*** FLOP *** [7h Qh As]
VARLENMONGE: bets $0.03
fevs8ball: raises $0.03 to $0.06
VARLENMONGE: calls $0.03
*** TURN *** [7h Qh As] [Js]
VARLENMONGE: checks 
fevs8ball: checks 
*** RIVER *** [7h Qh As Js] [Th]
VARLENMONGE: bets $0.02
fevs8ball: raises $0.68 to $0.70 and is all-in
VARLENMONGE: folds 
Uncalled bet ($0.68) returned to fevs8ball
fevs8ball collected $0.20 from pot
fevs8ball: doesn't show hand 
*** SUMMARY ***
Total pot $0.21 | Rake $0.01 
Board [7h Qh As Js Th]
Seat 2: Dorex2007 folded before Flop (didn't bet)
Seat 3: ageorge2500 (button) folded before Flop (didn't bet)
Seat 4: 4opl1a (small blind) folded before Flop
Seat 6: VARLENMONGE (big blind) folded on the River
Seat 7: fevs8ball collected ($0.20)
Seat 8: LulzSecRu folded before Flop (didn't bet)
Seat 9: doubled8ck folded before Flop (didn't bet)



PokerStars Hand #227230712068:  Hold'em No Limit ($0.01/$0.02 USD) - 2021/05/31 17:46:41 PT [2021/05/31 20:46:41 ET]
Table 'Naantali III' 9-max Seat #4 is the button
Seat 2: Dorex2007 ($1.99 in chips) 
Seat 3: ageorge2500 ($5.06 in chips) 
Seat 4: 4opl1a ($2.02 in chips) 
Seat 6: VARLENMONGE ($1.88 in chips) 
Seat 7: fevs8ball ($0.88 in chips) 
Seat 8: LulzSecRu ($2 in chips) 
Seat 9: doubled8ck ($2 in chips) 
VARLENMONGE: posts small blind $0.01
fevs8ball: posts big blind $0.02
100ssir82: sits out 
*** HOLE CARDS ***
Dealt to Dorex2007 [Tc 5d]
LulzSecRu: folds 
doubled8ck: folds 
Dorex2007: folds 
ageorge2500: folds 
4opl1a: folds 
VARLENMONGE: raises $0.02 to $0.04
fevs8ball: folds 
Uncalled bet ($0.02) returned to VARLENMONGE
VARLENMONGE collected $0.04 from pot
VARLENMONGE: doesn't show hand 
*** SUMMARY ***
Total pot $0.04 | Rake $0 
Seat 2: Dorex2007 folded before Flop (didn't bet)
Seat 3: ageorge2500 folded before Flop (didn't bet)
Seat 4: 4opl1a (button) folded before Flop (didn't bet)
Seat 6: VARLENMONGE (small blind) collected ($0.04)
Seat 7: fevs8ball (big blind) folded before Flop
Seat 8: LulzSecRu folded before Flop (didn't bet)
Seat 9: doubled8ck folded before Flop (didn't bet)



PokerStars Hand #227230715473:  Hold'em No Limit ($0.01/$0.02 USD) - 2021/05/31 17:46:55 PT [2021/05/31 20:46:55 ET]
Table 'Naantali III' 9-max Seat #6 is the button
Seat 2: Dorex2007 ($1.99 in chips) 
Seat 3: ageorge2500 ($5.06 in chips) 
Seat 4: 4opl1a ($2.02 in chips) 
Seat 6: VARLENMONGE ($1.90 in chips) 
Seat 7: fevs8ball ($0.86 in chips) 
Seat 8: LulzSecRu ($2 in chips) 
Seat 9: doubled8ck ($2 in chips) 
fevs8ball: posts small blind $0.01
LulzSecRu: posts big blind $0.02
100ssir82: sits out 
*** HOLE CARDS ***
Dealt to Dorex2007 [2h 5s]
doubled8ck: folds 
Dorex2007: calls $0.02
ageorge2500: folds 
4opl1a: folds 
VARLENMONGE: calls $0.02
fevs8ball: calls $0.01
LulzSecRu: checks 
*** FLOP *** [8h 4s 4d]
fevs8ball: bets $0.02
LulzSecRu: calls $0.02
Dorex2007: folds 
VARLENMONGE: calls $0.02
*** TURN *** [8h 4s 4d] [6d]
fevs8ball: bets $0.04
LulzSecRu: calls $0.04
VARLENMONGE: folds 
*** RIVER *** [8h 4s 4d 6d] [As]
fevs8ball: bets $0.78 and is all-in
LulzSecRu: calls $0.78
*** SHOW DOWN ***
fevs8ball: shows [Jc 8s] (two pair, Eights and Fours)
LulzSecRu: shows [4h Kd] (three of a kind, Fours)
LulzSecRu collected $1.72 from pot
*** SUMMARY ***
Total pot $1.78 | Rake $0.06 
Board [8h 4s 4d 6d As]
Seat 2: Dorex2007 folded on the Flop
Seat 3: ageorge2500 folded before Flop (didn't bet)
Seat 4: 4opl1a folded before Flop (didn't bet)
Seat 6: VARLENMONGE (button) folded on the Turn
Seat 7: fevs8ball (small blind) showed [Jc 8s] and lost with two pair, Eights and Fours
Seat 8: LulzSecRu (big blind) showed [4h Kd] and won ($1.72) with three of a kind, Fours
Seat 9: doubled8ck folded before Flop (didn't bet)



PokerStars Hand #227230730636:  Hold'em No Limit ($0.01/$0.02 USD) - 2021/05/31 17:47:54 PT [2021/05/31 20:47:54 ET]
Table 'Naantali III' 9-max Seat #8 is the button
Seat 1: 100ssir82 ($2 in chips) 
Seat 2: Dorex2007 ($1.97 in chips) 
Seat 3: ageorge2500 ($5.06 in chips) 
Seat 4: 4opl1a ($2.02 in chips) 
Seat 6: VARLENMONGE ($1.86 in chips) 
Seat 8: LulzSecRu ($2.86 in chips) 
Seat 9: doubled8ck ($2 in chips) 
doubled8ck: posts small blind $0.01
100ssir82: posts big blind $0.02
*** HOLE CARDS ***
Dealt to Dorex2007 [9h Qh]
Dorex2007: folds 
ageorge2500: folds 
4opl1a: folds 
VARLENMONGE: folds 
fevs8ball is disconnected 
LulzSecRu: raises $0.03 to $0.05
doubled8ck: folds 
100ssir82: calls $0.03
*** FLOP *** [4c 8h 7s]
100ssir82: checks 
LulzSecRu: bets $0.07
100ssir82: calls $0.07
*** TURN *** [4c 8h 7s] [5c]
100ssir82: bets $0.17
LulzSecRu: folds 
Uncalled bet ($0.17) returned to 100ssir82
100ssir82 collected $0.24 from pot
100ssir82: doesn't show hand 
*** SUMMARY ***
Total pot $0.25 | Rake $0.01 
Board [4c 8h 7s 5c]
Seat 1: 100ssir82 (big blind) collected ($0.24)
Seat 2: Dorex2007 folded before Flop (didn't bet)
Seat 3: ageorge2500 folded before Flop (didn't bet)
Seat 4: 4opl1a folded before Flop (didn't bet)
Seat 6: VARLENMONGE folded before Flop (didn't bet)
Seat 8: LulzSecRu (button) folded on the Turn
Seat 9: doubled8ck (small blind) folded before Flop



PokerStars Hand #227230742079:  Hold'em No Limit ($0.01/$0.02 USD) - 2021/05/31 17:48:38 PT [2021/05/31 20:48:38 ET]
Table 'Naantali III' 9-max Seat #9 is the button
Seat 1: 100ssir82 ($2.12 in chips) 
Seat 2: Dorex2007 ($1.97 in chips) 
Seat 3: ageorge2500 ($5.06 in chips) 
Seat 4: 4opl1a ($2.02 in chips) 
Seat 6: VARLENMONGE ($1.86 in chips) 
Seat 8: LulzSecRu ($2.74 in chips) 
Seat 9: doubled8ck ($2 in chips) 
100ssir82: posts small blind $0.01
Dorex2007: posts big blind $0.02
*** HOLE CARDS ***
Dealt to Dorex2007 [8d 5c]
ageorge2500: folds 
4opl1a: folds 
VARLENMONGE: folds 
LulzSecRu: folds 
doubled8ck: raises $0.03 to $0.05
100ssir82: folds 
Dorex2007: folds 
Uncalled bet ($0.03) returned to doubled8ck
doubled8ck collected $0.05 from pot
*** SUMMARY ***
Total pot $0.05 | Rake $0 
Seat 1: 100ssir82 (small blind) folded before Flop
Seat 2: Dorex2007 (big blind) folded before Flop
Seat 3: ageorge2500 folded before Flop (didn't bet)
Seat 4: 4opl1a folded before Flop (didn't bet)
Seat 6: VARLENMONGE folded before Flop (didn't bet)
Seat 8: LulzSecRu folded before Flop (didn't bet)
Seat 9: doubled8ck (button) collected ($0.05)



PokerStars Hand #227230747919:  Hold'em No Limit ($0.01/$0.02 USD) - 2021/05/31 17:49:02 PT [2021/05/31 20:49:02 ET]
Table 'Naantali III' 9-max Seat #1 is the button
Seat 1: 100ssir82 ($2.11 in chips) 
Seat 2: Dorex2007 ($1.95 in chips) 
Seat 3: ageorge2500 ($5.06 in chips) 
Seat 4: 4opl1a ($2.02 in chips) 
Seat 6: VARLENMONGE ($1.86 in chips) 
Seat 8: LulzSecRu ($2.74 in chips) 
Seat 9: doubled8ck ($2.03 in chips) 
Dorex2007: posts small blind $0.01
ageorge2500: posts big blind $0.02
*** HOLE CARDS ***
Dealt to Dorex2007 [9h Js]
4opl1a: folds 
VARLENMONGE: folds 
LulzSecRu: folds 
doubled8ck: folds 
100ssir82: raises $0.03 to $0.05
Dorex2007: folds 
ageorge2500: folds 
Uncalled bet ($0.03) returned to 100ssir82
100ssir82 collected $0.05 from pot
100ssir82: doesn't show hand 
*** SUMMARY ***
Total pot $0.05 | Rake $0 
Seat 1: 100ssir82 (button) collected ($0.05)
Seat 2: Dorex2007 (small blind) folded before Flop
Seat 3: ageorge2500 (big blind) folded before Flop
Seat 4: 4opl1a folded before Flop (didn't bet)
Seat 6: VARLENMONGE folded before Flop (didn't bet)
Seat 8: LulzSecRu folded before Flop (didn't bet)
Seat 9: doubled8ck folded before Flop (didn't bet)



PokerStars Hand #227230753924:  Hold'em No Limit ($0.01/$0.02 USD) - 2021/05/31 17:49:25 PT [2021/05/31 20:49:25 ET]
Table 'Naantali III' 9-max Seat #2 is the button
Seat 1: 100ssir82 ($2.14 in chips) 
Seat 2: Dorex2007 ($1.94 in chips) 
Seat 3: ageorge2500 ($5.04 in chips) 
Seat 4: 4opl1a ($2.02 in chips) 
Seat 6: VARLENMONGE ($1.86 in chips) 
Seat 8: LulzSecRu ($2.74 in chips) 
Seat 9: doubled8ck ($2.03 in chips) 
ageorge2500: posts small blind $0.01
4opl1a: posts big blind $0.02
*** HOLE CARDS ***
Dealt to Dorex2007 [9h 6d]
VARLENMONGE: calls $0.02
LulzSecRu: raises $0.06 to $0.08
doubled8ck: folds 
100ssir82: folds 
Dorex2007: folds 
ageorge2500: folds 
4opl1a: folds 
VARLENMONGE: folds 
Uncalled bet ($0.06) returned to LulzSecRu
LulzSecRu collected $0.07 from pot
LulzSecRu: doesn't show hand 
*** SUMMARY ***
Total pot $0.07 | Rake $0 
Seat 1: 100ssir82 folded before Flop (didn't bet)
Seat 2: Dorex2007 (button) folded before Flop (didn't bet)
Seat 3: ageorge2500 (small blind) folded before Flop
Seat 4: 4opl1a (big blind) folded before Flop
Seat 6: VARLENMONGE folded before Flop
Seat 8: LulzSecRu collected ($0.07)
Seat 9: doubled8ck folded before Flop (didn't bet)



PokerStars Hand #227230760242:  Hold'em No Limit ($0.01/$0.02 USD) - 2021/05/31 17:49:51 PT [2021/05/31 20:49:51 ET]
Table 'Naantali III' 9-max Seat #3 is the button
Seat 1: 100ssir82 ($2.14 in chips) 
Seat 2: Dorex2007 ($1.94 in chips) 
Seat 3: ageorge2500 ($5.03 in chips) 
Seat 4: 4opl1a ($2 in chips) 
Seat 6: VARLENMONGE ($1.84 in chips) 
Seat 8: LulzSecRu ($2.79 in chips) 
Seat 9: doubled8ck ($2.03 in chips) 
4opl1a: posts small blind $0.01
VARLENMONGE: posts big blind $0.02
*** HOLE CARDS ***
Dealt to Dorex2007 [8d Ac]
LulzSecRu: folds 
doubled8ck: folds 
100ssir82: folds 
Dorex2007: folds 
ageorge2500: raises $0.02 to $0.04
4opl1a: folds 
VARLENMONGE: calls $0.02
*** FLOP *** [Tc 5d Th]
VARLENMONGE: bets $0.02
ageorge2500: folds 
Uncalled bet ($0.02) returned to VARLENMONGE
VARLENMONGE collected $0.09 from pot
VARLENMONGE: doesn't show hand 
*** SUMMARY ***
Total pot $0.09 | Rake $0 
Board [Tc 5d Th]
Seat 1: 100ssir82 folded before Flop (didn't bet)
Seat 2: Dorex2007 folded before Flop (didn't bet)
Seat 3: ageorge2500 (button) folded on the Flop
Seat 4: 4opl1a (small blind) folded before Flop
Seat 6: VARLENMONGE (big blind) collected ($0.09)
Seat 8: LulzSecRu folded before Flop (didn't bet)
Seat 9: doubled8ck folded before Flop (didn't bet)



PokerStars Hand #227230769581:  Hold'em No Limit ($0.01/$0.02 USD) - 2021/05/31 17:50:28 PT [2021/05/31 20:50:28 ET]
Table 'Naantali III' 9-max Seat #4 is the button
Seat 1: 100ssir82 ($2.14 in chips) 
Seat 2: Dorex2007 ($1.94 in chips) 
Seat 3: ageorge2500 ($4.99 in chips) 
Seat 4: 4opl1a ($2 in chips) 
Seat 6: VARLENMONGE ($1.89 in chips) 
Seat 8: LulzSecRu ($2.79 in chips) 
Seat 9: doubled8ck ($2.03 in chips) 
VARLENMONGE: posts small blind $0.01
LulzSecRu: posts big blind $0.02
*** HOLE CARDS ***
Dealt to Dorex2007 [8d Ah]
doubled8ck: folds 
100ssir82 has timed out
100ssir82: folds 
Dorex2007: folds 
ageorge2500: folds 
4opl1a: folds 
VARLENMONGE: folds 
Uncalled bet ($0.01) returned to LulzSecRu
LulzSecRu collected $0.02 from pot
LulzSecRu: doesn't show hand 
*** SUMMARY ***
Total pot $0.02 | Rake $0 
Seat 1: 100ssir82 folded before Flop (didn't bet)
Seat 2: Dorex2007 folded before Flop (didn't bet)
Seat 3: ageorge2500 folded before Flop (didn't bet)
Seat 4: 4opl1a (button) folded before Flop (didn't bet)
Seat 6: VARLENMONGE (small blind) folded before Flop
Seat 8: LulzSecRu (big blind) collected ($0.02)
Seat 9: doubled8ck folded before Flop (didn't bet)



PokerStars Hand #227230782867:  Hold'em No Limit ($0.01/$0.02 USD) - 2021/05/31 17:50:58 PT [2021/05/31 20:50:58 ET]
Table 'Naantali III' 9-max Seat #6 is the button
Seat 2: Dorex2007 ($1.94 in chips) 
Seat 3: ageorge2500 ($4.99 in chips) 
Seat 4: 4opl1a ($2 in chips) 
Seat 6: VARLENMONGE ($1.88 in chips) 
Seat 8: LulzSecRu ($2.80 in chips) 
Seat 9: doubled8ck ($2.03 in chips) 
LulzSecRu: posts small blind $0.01
doubled8ck: posts big blind $0.02
*** HOLE CARDS ***
Dealt to Dorex2007 [4c Ts]
Dorex2007: folds 
ageorge2500: folds 
4opl1a: folds 
VARLENMONGE: folds 
LulzSecRu: raises $0.03 to $0.05
doubled8ck: folds 
Uncalled bet ($0.03) returned to LulzSecRu
LulzSecRu collected $0.04 from pot
LulzSecRu: doesn't show hand 
*** SUMMARY ***
Total pot $0.04 | Rake $0 
Seat 2: Dorex2007 folded before Flop (didn't bet)
Seat 3: ageorge2500 folded before Flop (didn't bet)
Seat 4: 4opl1a folded before Flop (didn't bet)
Seat 6: VARLENMONGE (button) folded before Flop (didn't bet)
Seat 8: LulzSecRu (small blind) collected ($0.04)
Seat 9: doubled8ck (big blind) folded before Flop



PokerStars Hand #227230790492:  Hold'em No Limit ($0.01/$0.02 USD) - 2021/05/31 17:51:29 PT [2021/05/31 20:51:29 ET]
Table 'Naantali III' 9-max Seat #8 is the button
Seat 1: 100ssir82 ($2.14 in chips) 
Seat 2: Dorex2007 ($1.94 in chips) 
Seat 3: ageorge2500 ($4.99 in chips) 
Seat 4: 4opl1a ($2 in chips) 
Seat 6: VARLENMONGE ($1.88 in chips) 
Seat 8: LulzSecRu ($2.82 in chips) 
Seat 9: doubled8ck ($2.01 in chips) 
doubled8ck: posts small blind $0.01
100ssir82: posts big blind $0.02
*** HOLE CARDS ***
Dealt to Dorex2007 [Qh Jc]
Dorex2007: calls $0.02
ageorge2500: folds 
4opl1a: raises $0.06 to $0.08
VARLENMONGE: folds 
LulzSecRu: folds 
doubled8ck: folds 
100ssir82: calls $0.06
Dorex2007: folds 
*** FLOP *** [5d 2d 9d]
doubled8ck leaves the table
100ssir82: checks 
4opl1a: bets $0.12
gcesinha_RJ joins the table at seat #9 
100ssir82: folds 
Uncalled bet ($0.12) returned to 4opl1a
4opl1a collected $0.18 from pot
4opl1a: doesn't show hand 
*** SUMMARY ***
Total pot $0.19 | Rake $0.01 
Board [5d 2d 9d]
Seat 1: 100ssir82 (big blind) folded on the Flop
Seat 2: Dorex2007 folded before Flop
Seat 3: ageorge2500 folded before Flop (didn't bet)
Seat 4: 4opl1a collected ($0.18)
Seat 6: VARLENMONGE folded before Flop (didn't bet)
Seat 8: LulzSecRu (button) folded before Flop (didn't bet)
Seat 9: doubled8ck (small blind) folded before Flop



PokerStars Hand #227230800416:  Hold'em No Limit ($0.01/$0.02 USD) - 2021/05/31 17:52:08 PT [2021/05/31 20:52:08 ET]
Table 'Naantali III' 9-max Seat #1 is the button
Seat 1: 100ssir82 ($2.06 in chips) 
Seat 2: Dorex2007 ($1.92 in chips) 
Seat 3: ageorge2500 ($4.99 in chips) 
Seat 4: 4opl1a ($2.10 in chips) 
Seat 6: VARLENMONGE ($1.88 in chips) 
Seat 8: LulzSecRu ($2.82 in chips) 
Seat 9: gcesinha_RJ ($1.60 in chips) 
Dorex2007: posts small blind $0.01
ageorge2500: posts big blind $0.02
gcesinha_RJ: posts big blind $0.02
*** HOLE CARDS ***
Dealt to Dorex2007 [8s 7h]
4opl1a: folds 
VARLENMONGE: folds 
LulzSecRu: folds 
gcesinha_RJ: checks 
100ssir82: folds 
Dorex2007: calls $0.01
ageorge2500: checks 
*** FLOP *** [Ad 5s Qc]
Dorex2007: checks 
ageorge2500: checks 
gcesinha_RJ: checks 
*** TURN *** [Ad 5s Qc] [5d]
Dorex2007: checks 
ageorge2500: checks 
gcesinha_RJ: bets $0.02
Dorex2007: folds 
ageorge2500: folds 
Uncalled bet ($0.02) returned to gcesinha_RJ
gcesinha_RJ collected $0.06 from pot
gcesinha_RJ: doesn't show hand 
*** SUMMARY ***
Total pot $0.06 | Rake $0 
Board [Ad 5s Qc 5d]
Seat 1: 100ssir82 (button) folded before Flop (didn't bet)
Seat 2: Dorex2007 (small blind) folded on the Turn
Seat 3: ageorge2500 (big blind) folded on the Turn
Seat 4: 4opl1a folded before Flop (didn't bet)
Seat 6: VARLENMONGE folded before Flop (didn't bet)
Seat 8: LulzSecRu folded before Flop (didn't bet)
Seat 9: gcesinha_RJ collected ($0.06)



PokerStars Hand #227230812241:  Hold'em No Limit ($0.01/$0.02 USD) - 2021/05/31 17:52:56 PT [2021/05/31 20:52:56 ET]
Table 'Naantali III' 9-max Seat #2 is the button
Seat 1: 100ssir82 ($2.06 in chips) 
Seat 2: Dorex2007 ($1.90 in chips) 
Seat 3: ageorge2500 ($4.97 in chips) 
Seat 4: 4opl1a ($2.10 in chips) 
Seat 6: VARLENMONGE ($1.88 in chips) 
Seat 8: LulzSecRu ($2.82 in chips) 
Seat 9: gcesinha_RJ ($1.64 in chips) 
ageorge2500: posts small blind $0.01
4opl1a: posts big blind $0.02
tchase14: sits out 
*** HOLE CARDS ***
Dealt to Dorex2007 [5s 2s]
VARLENMONGE: folds 
LulzSecRu: folds 
gcesinha_RJ: folds 
100ssir82: folds 
Dorex2007: folds 
ageorge2500: raises $0.02 to $0.04
4opl1a: folds 
Uncalled bet ($0.02) returned to ageorge2500
ageorge2500 collected $0.04 from pot
*** SUMMARY ***
Total pot $0.04 | Rake $0 
Seat 1: 100ssir82 folded before Flop (didn't bet)
Seat 2: Dorex2007 (button) folded before Flop (didn't bet)
Seat 3: ageorge2500 (small blind) collected ($0.04)
Seat 4: 4opl1a (big blind) folded before Flop
Seat 6: VARLENMONGE folded before Flop (didn't bet)
Seat 8: LulzSecRu folded before Flop (didn't bet)
Seat 9: gcesinha_RJ folded before Flop (didn't bet)



PokerStars Hand #227230816374:  Hold'em No Limit ($0.01/$0.02 USD) - 2021/05/31 17:53:12 PT [2021/05/31 20:53:12 ET]
Table 'Naantali III' 9-max Seat #3 is the button
Seat 1: 100ssir82 ($2.06 in chips) 
Seat 2: Dorex2007 ($1.90 in chips) 
Seat 3: ageorge2500 ($4.99 in chips) 
Seat 4: 4opl1a ($2.08 in chips) 
Seat 5: tchase14 ($3.80 in chips) 
Seat 6: VARLENMONGE ($1.88 in chips) 
Seat 8: LulzSecRu ($2.82 in chips) 
Seat 9: gcesinha_RJ ($1.64 in chips) 
4opl1a: posts small blind $0.01
tchase14: posts big blind $0.02
*** HOLE CARDS ***
Dealt to Dorex2007 [5s Jc]
VARLENMONGE: folds 
LulzSecRu: folds 
gcesinha_RJ: folds 
100ssir82: folds 
Dorex2007: folds 
ageorge2500: folds 
4opl1a: folds 
Uncalled bet ($0.01) returned to tchase14
tchase14 collected $0.02 from pot
tchase14: doesn't show hand 
*** SUMMARY ***
Total pot $0.02 | Rake $0 
Seat 1: 100ssir82 folded before Flop (didn't bet)
Seat 2: Dorex2007 folded before Flop (didn't bet)
Seat 3: ageorge2500 (button) folded before Flop (didn't bet)
Seat 4: 4opl1a (small blind) folded before Flop
Seat 5: tchase14 (big blind) collected ($0.02)
Seat 6: VARLENMONGE folded before Flop (didn't bet)
Seat 8: LulzSecRu folded before Flop (didn't bet)
Seat 9: gcesinha_RJ folded before Flop (didn't bet)



PokerStars Hand #227230819780:  Hold'em No Limit ($0.01/$0.02 USD) - 2021/05/31 17:53:26 PT [2021/05/31 20:53:26 ET]
Table 'Naantali III' 9-max Seat #4 is the button
Seat 1: 100ssir82 ($2.06 in chips) 
Seat 2: Dorex2007 ($1.90 in chips) 
Seat 3: ageorge2500 ($4.99 in chips) 
Seat 4: 4opl1a ($2.07 in chips) 
Seat 5: tchase14 ($3.81 in chips) 
Seat 6: VARLENMONGE ($1.88 in chips) 
Seat 8: LulzSecRu ($2.82 in chips) 
Seat 9: gcesinha_RJ ($1.64 in chips) 
tchase14: posts small blind $0.01
VARLENMONGE: posts big blind $0.02
*** HOLE CARDS ***
Dealt to Dorex2007 [Qd Jd]
LulzSecRu: folds 
gcesinha_RJ: folds 
100ssir82: folds 
Dorex2007: raises $0.04 to $0.06
ageorge2500: calls $0.06
4opl1a: folds 
tchase14: folds 
VARLENMONGE: folds 
*** FLOP *** [4h 8h Th]
Dorex2007: checks 
ageorge2500: bets $0.07
Dorex2007: raises $0.07 to $0.14
ageorge2500: calls $0.07
*** TURN *** [4h 8h Th] [Qh]
Dorex2007: checks 
ageorge2500: checks 
*** RIVER *** [4h 8h Th Qh] [7s]
Dorex2007: bets $0.21
ageorge2500: folds 
Uncalled bet ($0.21) returned to Dorex2007
Dorex2007 collected $0.41 from pot
Dorex2007: doesn't show hand 
*** SUMMARY ***
Total pot $0.43 | Rake $0.02 
Board [4h 8h Th Qh 7s]
Seat 1: 100ssir82 folded before Flop (didn't bet)
Seat 2: Dorex2007 collected ($0.41)
Seat 3: ageorge2500 folded on the River
Seat 4: 4opl1a (button) folded before Flop (didn't bet)
Seat 5: tchase14 (small blind) folded before Flop
Seat 6: VARLENMONGE (big blind) folded before Flop
Seat 8: LulzSecRu folded before Flop (didn't bet)
Seat 9: gcesinha_RJ folded before Flop (didn't bet)



PokerStars Hand #227230838709:  Hold'em No Limit ($0.01/$0.02 USD) - 2021/05/31 17:54:41 PT [2021/05/31 20:54:41 ET]
Table 'Naantali III' 9-max Seat #5 is the button
Seat 1: 100ssir82 ($2.06 in chips) 
Seat 2: Dorex2007 ($2.11 in chips) 
Seat 3: ageorge2500 ($4.79 in chips) 
Seat 4: 4opl1a ($2.07 in chips) 
Seat 5: tchase14 ($3.80 in chips) 
Seat 6: VARLENMONGE ($1.86 in chips) 
Seat 8: LulzSecRu ($2.82 in chips) 
Seat 9: gcesinha_RJ ($1.64 in chips) 
VARLENMONGE: posts small blind $0.01
LulzSecRu: posts big blind $0.02
*** HOLE CARDS ***
Dealt to Dorex2007 [7d 5h]
gcesinha_RJ: calls $0.02
100ssir82: folds 
Dorex2007: folds 
ageorge2500: folds 
4opl1a: raises $0.05 to $0.07
tchase14 has timed out
tchase14: folds 
VARLENMONGE: folds 
LulzSecRu: folds 
gcesinha_RJ: calls $0.05
*** FLOP *** [4d Qs Ah]
gcesinha_RJ: bets $0.08
4opl1a: folds 
Uncalled bet ($0.08) returned to gcesinha_RJ
gcesinha_RJ collected $0.16 from pot
gcesinha_RJ: doesn't show hand 
*** SUMMARY ***
Total pot $0.17 | Rake $0.01 
Board [4d Qs Ah]
Seat 1: 100ssir82 folded before Flop (didn't bet)
Seat 2: Dorex2007 folded before Flop (didn't bet)
Seat 3: ageorge2500 folded before Flop (didn't bet)
Seat 4: 4opl1a folded on the Flop
Seat 5: tchase14 (button) folded before Flop (didn't bet)
Seat 6: VARLENMONGE (small blind) folded before Flop
Seat 8: LulzSecRu (big blind) folded before Flop
Seat 9: gcesinha_RJ collected ($0.16)



PokerStars Hand #227230849380:  Hold'em No Limit ($0.01/$0.02 USD) - 2021/05/31 17:55:28 PT [2021/05/31 20:55:28 ET]
Table 'Naantali III' 9-max Seat #6 is the button
Seat 1: 100ssir82 ($2.06 in chips) 
Seat 2: Dorex2007 ($2.11 in chips) 
Seat 3: ageorge2500 ($4.79 in chips) 
Seat 6: VARLENMONGE ($1.85 in chips) 
Seat 8: LulzSecRu ($2.80 in chips) 
Seat 9: gcesinha_RJ ($1.73 in chips) 
LulzSecRu: posts small blind $0.01
gcesinha_RJ: posts big blind $0.02
*** HOLE CARDS ***
Dealt to Dorex2007 [Jh Tc]
100ssir82: folds 
Dorex2007: folds 
4opl1a leaves the table
ageorge2500: folds 
VARLENMONGE: folds 
LulzSecRu: folds 
Uncalled bet ($0.01) returned to gcesinha_RJ
gcesinha_RJ collected $0.02 from pot
*** SUMMARY ***
Total pot $0.02 | Rake $0 
Seat 1: 100ssir82 folded before Flop (didn't bet)
Seat 2: Dorex2007 folded before Flop (didn't bet)
Seat 3: ageorge2500 folded before Flop (didn't bet)
Seat 6: VARLENMONGE (button) folded before Flop (didn't bet)
Seat 8: LulzSecRu (small blind) folded before Flop
Seat 9: gcesinha_RJ (big blind) collected ($0.02)



PokerStars Hand #227230853483:  Hold'em No Limit ($0.01/$0.02 USD) - 2021/05/31 17:55:48 PT [2021/05/31 20:55:48 ET]
Table 'Naantali III' 9-max Seat #8 is the button
Seat 1: 100ssir82 ($2.06 in chips) 
Seat 2: Dorex2007 ($2.11 in chips) 
Seat 3: ageorge2500 ($4.79 in chips) 
Seat 6: VARLENMONGE ($1.85 in chips) 
Seat 8: LulzSecRu ($2.79 in chips) 
100ssir82: posts small blind $0.01
Dorex2007: posts big blind $0.02
*** HOLE CARDS ***
Dealt to Dorex2007 [7s 5c]
ageorge2500: folds 
VARLENMONGE: folds 
LulzSecRu: folds 
AizhanMash joins the table at seat #4 
100ssir82: folds 
Uncalled bet ($0.01) returned to Dorex2007
Dorex2007 collected $0.02 from pot
Dorex2007: doesn't show hand 
*** SUMMARY ***
Total pot $0.02 | Rake $0 
Seat 1: 100ssir82 (small blind) folded before Flop
Seat 2: Dorex2007 (big blind) collected ($0.02)
Seat 3: ageorge2500 folded before Flop (didn't bet)
Seat 6: VARLENMONGE folded before Flop (didn't bet)
Seat 8: LulzSecRu (button) folded before Flop (didn't bet)



PokerStars Hand #227230859265:  Hold'em No Limit ($0.01/$0.02 USD) - 2021/05/31 17:56:17 PT [2021/05/31 20:56:17 ET]
Table 'Naantali III' 9-max Seat #1 is the button
Seat 1: 100ssir82 ($2.05 in chips) 
Seat 2: Dorex2007 ($2.12 in chips) 
Seat 3: ageorge2500 ($4.79 in chips) 
Seat 5: tchase14 ($3.80 in chips) 
Seat 6: VARLENMONGE ($1.85 in chips) 
Seat 8: LulzSecRu ($2.79 in chips) 
Dorex2007: posts small blind $0.01
ageorge2500: posts big blind $0.02
AizhanMash: sits out 
*** HOLE CARDS ***
Dealt to Dorex2007 [8h Jc]
tchase14 has timed out
tchase14: folds 
VARLENMONGE: folds 
LulzSecRu: folds 
100ssir82: folds 
Dorex2007: calls $0.01
ageorge2500: checks 
*** FLOP *** [4d Qc 2d]
Dorex2007: checks 
ageorge2500: checks 
*** TURN *** [4d Qc 2d] [Qs]
Dorex2007: checks 
ageorge2500: checks 
*** RIVER *** [4d Qc 2d Qs] [8c]
Dorex2007: checks 
ageorge2500: checks 
*** SHOW DOWN ***
Dorex2007: shows [8h Jc] (two pair, Queens and Eights)
ageorge2500: mucks hand 
Dorex2007 collected $0.04 from pot
*** SUMMARY ***
Total pot $0.04 | Rake $0 
Board [4d Qc 2d Qs 8c]
Seat 1: 100ssir82 (button) folded before Flop (didn't bet)
Seat 2: Dorex2007 (small blind) showed [8h Jc] and won ($0.04) with two pair, Queens and Eights
Seat 3: ageorge2500 (big blind) mucked [5d Tc]
Seat 5: tchase14 folded before Flop (didn't bet)
Seat 6: VARLENMONGE folded before Flop (didn't bet)
Seat 8: LulzSecRu folded before Flop (didn't bet)



PokerStars Hand #227230868170:  Hold'em No Limit ($0.01/$0.02 USD) - 2021/05/31 17:56:59 PT [2021/05/31 20:56:59 ET]
Table 'Naantali III' 9-max Seat #2 is the button
Seat 1: 100ssir82 ($2.05 in chips) 
Seat 2: Dorex2007 ($2.14 in chips) 
Seat 3: ageorge2500 ($4.77 in chips) 
Seat 4: AizhanMash ($1.60 in chips) 
Seat 5: tchase14 ($3.80 in chips) 
Seat 6: VARLENMONGE ($1.85 in chips) 
Seat 8: LulzSecRu ($2.79 in chips) 
ageorge2500: posts small blind $0.01
AizhanMash: posts big blind $0.02
*** HOLE CARDS ***
Dealt to Dorex2007 [Tc 4s]
tchase14: folds 
VARLENMONGE: folds 
LulzSecRu: folds 
100ssir82: folds 
Dorex2007: folds 
ageorge2500: raises $0.02 to $0.04
AizhanMash: folds 
Uncalled bet ($0.02) returned to ageorge2500
ageorge2500 collected $0.04 from pot
*** SUMMARY ***
Total pot $0.04 | Rake $0 
Seat 1: 100ssir82 folded before Flop (didn't bet)
Seat 2: Dorex2007 (button) folded before Flop (didn't bet)
Seat 3: ageorge2500 (small blind) collected ($0.04)
Seat 4: AizhanMash (big blind) folded before Flop
Seat 5: tchase14 folded before Flop (didn't bet)
Seat 6: VARLENMONGE folded before Flop (didn't bet)
Seat 8: LulzSecRu folded before Flop (didn't bet)



PokerStars Hand #227230872212:  Hold'em No Limit ($0.01/$0.02 USD) - 2021/05/31 17:57:19 PT [2021/05/31 20:57:19 ET]
Table 'Naantali III' 9-max Seat #3 is the button
Seat 1: 100ssir82 ($2.05 in chips) 
Seat 2: Dorex2007 ($2.14 in chips) 
Seat 3: ageorge2500 ($4.79 in chips) 
Seat 4: AizhanMash ($1.58 in chips) 
Seat 5: tchase14 ($3.80 in chips) 
Seat 6: VARLENMONGE ($1.85 in chips) 
Seat 8: LulzSecRu ($2.79 in chips) 
AizhanMash: posts small blind $0.01
tchase14: posts big blind $0.02
*** HOLE CARDS ***
Dealt to Dorex2007 [5d Js]
VARLENMONGE: folds 
LulzSecRu: folds 
100ssir82: folds 
Dorex2007: folds 
ageorge2500: raises $0.02 to $0.04
AizhanMash: folds 
tchase14: calls $0.02
*** FLOP *** [4d Qs Ks]
tchase14: checks 
ageorge2500: bets $0.05
tchase14: folds 
Uncalled bet ($0.05) returned to ageorge2500
ageorge2500 collected $0.09 from pot
*** SUMMARY ***
Total pot $0.09 | Rake $0 
Board [4d Qs Ks]
Seat 1: 100ssir82 folded before Flop (didn't bet)
Seat 2: Dorex2007 folded before Flop (didn't bet)
Seat 3: ageorge2500 (button) collected ($0.09)
Seat 4: AizhanMash (small blind) folded before Flop
Seat 5: tchase14 (big blind) folded on the Flop
Seat 6: VARLENMONGE folded before Flop (didn't bet)
Seat 8: LulzSecRu folded before Flop (didn't bet)



PokerStars Hand #227230879049:  Hold'em No Limit ($0.01/$0.02 USD) - 2021/05/31 17:57:52 PT [2021/05/31 20:57:52 ET]
Table 'Naantali III' 9-max Seat #4 is the button
Seat 1: 100ssir82 ($2.05 in chips) 
Seat 2: Dorex2007 ($2.14 in chips) 
Seat 3: ageorge2500 ($4.84 in chips) 
Seat 4: AizhanMash ($1.57 in chips) 
Seat 5: tchase14 ($3.76 in chips) 
Seat 6: VARLENMONGE ($1.85 in chips) 
Seat 8: LulzSecRu ($2.79 in chips) 
tchase14: posts small blind $0.01
VARLENMONGE: posts big blind $0.02
*** HOLE CARDS ***
Dealt to Dorex2007 [Jc 5s]
LulzSecRu: folds 
100ssir82: raises $0.04 to $0.06
Dorex2007: folds 
fevs8ball leaves the table
Adnromeda joins the table at seat #7 
ageorge2500: folds 
AizhanMash: folds 
tchase14: folds 
VARLENMONGE: folds 
Uncalled bet ($0.04) returned to 100ssir82
100ssir82 collected $0.05 from pot
100ssir82: doesn't show hand 
*** SUMMARY ***
Total pot $0.05 | Rake $0 
Seat 1: 100ssir82 collected ($0.05)
Seat 2: Dorex2007 folded before Flop (didn't bet)
Seat 3: ageorge2500 folded before Flop (didn't bet)
Seat 4: AizhanMash (button) folded before Flop (didn't bet)
Seat 5: tchase14 (small blind) folded before Flop
Seat 6: VARLENMONGE (big blind) folded before Flop
Seat 8: LulzSecRu folded before Flop (didn't bet)



PokerStars Hand #227230884977:  Hold'em No Limit ($0.01/$0.02 USD) - 2021/05/31 17:58:21 PT [2021/05/31 20:58:21 ET]
Table 'Naantali III' 9-max Seat #5 is the button
Seat 1: 100ssir82 ($2.08 in chips) 
Seat 2: Dorex2007 ($2.14 in chips) 
Seat 3: ageorge2500 ($4.84 in chips) 
Seat 4: AizhanMash ($1.57 in chips) 
Seat 5: tchase14 ($3.75 in chips) 
Seat 6: VARLENMONGE ($1.83 in chips) 
Seat 7: Adnromeda ($2 in chips) 
Seat 8: LulzSecRu ($2.79 in chips) 
Seat 9: gcesinha_RJ ($1.74 in chips) 
VARLENMONGE: posts small blind $0.01
Adnromeda: posts big blind $0.02
gcesinha_RJ: posts small blind $0.01
*** HOLE CARDS ***
Dealt to Dorex2007 [6c 8d]
LulzSecRu: folds 
gcesinha_RJ: folds 
100ssir82: folds 
Dorex2007: folds 
ageorge2500: folds 
AizhanMash: raises $0.03 to $0.05
tchase14: folds 
VARLENMONGE: folds 
Adnromeda: folds 
Uncalled bet ($0.03) returned to AizhanMash
AizhanMash collected $0.06 from pot
AizhanMash: doesn't show hand 
*** SUMMARY ***
Total pot $0.06 | Rake $0 
Seat 1: 100ssir82 folded before Flop (didn't bet)
Seat 2: Dorex2007 folded before Flop (didn't bet)
Seat 3: ageorge2500 folded before Flop (didn't bet)
Seat 4: AizhanMash collected ($0.06)
Seat 5: tchase14 (button) folded before Flop (didn't bet)
Seat 6: VARLENMONGE (small blind) folded before Flop
Seat 7: Adnromeda (big blind) folded before Flop
Seat 8: LulzSecRu folded before Flop (didn't bet)
Seat 9: gcesinha_RJ folded before Flop (didn't bet)



PokerStars Hand #227230889335:  Hold'em No Limit ($0.01/$0.02 USD) - 2021/05/31 17:58:42 PT [2021/05/31 20:58:42 ET]
Table 'Naantali III' 9-max Seat #6 is the button
Seat 1: 100ssir82 ($2.08 in chips) 
Seat 2: Dorex2007 ($2.14 in chips) 
Seat 3: ageorge2500 ($4.84 in chips) 
Seat 4: AizhanMash ($1.61 in chips) 
Seat 5: tchase14 ($3.75 in chips) 
Seat 6: VARLENMONGE ($1.82 in chips) 
Seat 7: Adnromeda ($2 in chips) 
Seat 8: LulzSecRu ($2.79 in chips) 
Seat 9: gcesinha_RJ ($1.73 in chips) 
Adnromeda: posts small blind $0.01
LulzSecRu: posts big blind $0.02
*** HOLE CARDS ***
Dealt to Dorex2007 [Ad 9c]
gcesinha_RJ: folds 
100ssir82: folds 
Dorex2007: folds 
ageorge2500: raises $0.03 to $0.05
AizhanMash: raises $0.07 to $0.12
tchase14: folds 
VARLENMONGE: folds 
Adnromeda: folds 
LulzSecRu: folds 
ageorge2500: calls $0.07
*** FLOP *** [7d 3s 6c]
ageorge2500: checks 
AizhanMash: bets $0.21
ageorge2500: calls $0.21
*** TURN *** [7d 3s 6c] [Qd]
ageorge2500: checks 
AizhanMash: checks 
*** RIVER *** [7d 3s 6c Qd] [Ks]
ageorge2500: checks 
AizhanMash: checks 
*** SHOW DOWN ***
ageorge2500: shows [Ah 6h] (a pair of Sixes)
AizhanMash: mucks hand 
ageorge2500 collected $0.67 from pot
*** SUMMARY ***
Total pot $0.69 | Rake $0.02 
Board [7d 3s 6c Qd Ks]
Seat 1: 100ssir82 folded before Flop (didn't bet)
Seat 2: Dorex2007 folded before Flop (didn't bet)
Seat 3: ageorge2500 showed [Ah 6h] and won ($0.67) with a pair of Sixes
Seat 4: AizhanMash mucked [As Jd]
Seat 5: tchase14 folded before Flop (didn't bet)
Seat 6: VARLENMONGE (button) folded before Flop (didn't bet)
Seat 7: Adnromeda (small blind) folded before Flop
Seat 8: LulzSecRu (big blind) folded before Flop
Seat 9: gcesinha_RJ folded before Flop (didn't bet)



PokerStars Hand #227230908066:  Hold'em No Limit ($0.01/$0.02 USD) - 2021/05/31 17:59:45 PT [2021/05/31 20:59:45 ET]
Table 'Naantali III' 9-max Seat #7 is the button
Seat 1: 100ssir82 ($2.08 in chips) 
Seat 2: Dorex2007 ($2.14 in chips) 
Seat 3: ageorge2500 ($5.18 in chips) 
Seat 4: AizhanMash ($1.28 in chips) 
Seat 5: tchase14 ($3.75 in chips) 
Seat 6: VARLENMONGE ($1.82 in chips) 
Seat 7: Adnromeda ($2 in chips) 
Seat 8: LulzSecRu ($2.77 in chips) 
Seat 9: gcesinha_RJ ($1.73 in chips) 
LulzSecRu: posts small blind $0.01
gcesinha_RJ: posts big blind $0.02
*** HOLE CARDS ***
Dealt to Dorex2007 [Td As]
100ssir82: folds 
Dorex2007: folds 
ageorge2500: folds 
AizhanMash: folds 
tchase14: folds 
VARLENMONGE: folds 
Adnromeda: raises $0.03 to $0.05
LulzSecRu: folds 
gcesinha_RJ: calls $0.03
*** FLOP *** [6h 8s 5h]
gcesinha_RJ: bets $0.06
Adnromeda: raises $0.13 to $0.19
gcesinha_RJ: folds [5s]
Uncalled bet ($0.13) returned to Adnromeda
Adnromeda collected $0.22 from pot
Adnromeda: doesn't show hand 
*** SUMMARY ***
Total pot $0.23 | Rake $0.01 
Board [6h 8s 5h]
Seat 1: 100ssir82 folded before Flop (didn't bet)
Seat 2: Dorex2007 folded before Flop (didn't bet)
Seat 3: ageorge2500 folded before Flop (didn't bet)
Seat 4: AizhanMash folded before Flop (didn't bet)
Seat 5: tchase14 folded before Flop (didn't bet)
Seat 6: VARLENMONGE folded before Flop (didn't bet)
Seat 7: Adnromeda (button) collected ($0.22)
Seat 8: LulzSecRu (small blind) folded before Flop
Seat 9: gcesinha_RJ (big blind) folded on the Flop



PokerStars Hand #227230921650:  Hold'em No Limit ($0.01/$0.02 USD) - 2021/05/31 18:00:47 PT [2021/05/31 21:00:47 ET]
Table 'Naantali III' 9-max Seat #8 is the button
Seat 1: 100ssir82 ($2.08 in chips) 
Seat 2: Dorex2007 ($2.14 in chips) 
Seat 3: ageorge2500 ($5.18 in chips) 
Seat 4: AizhanMash ($1.28 in chips) 
Seat 5: tchase14 ($3.75 in chips) 
Seat 7: Adnromeda ($2.11 in chips) 
Seat 8: LulzSecRu ($2.76 in chips) 
Seat 9: gcesinha_RJ ($1.62 in chips) 
gcesinha_RJ: posts small blind $0.01
100ssir82: posts big blind $0.02
*** HOLE CARDS ***
Dealt to Dorex2007 [7s Jc]
Dorex2007: folds 
ageorge2500: folds 
AizhanMash: folds 
tchase14: folds 
Adnromeda: raises $0.04 to $0.06
LulzSecRu: folds 
gcesinha_RJ: folds 
100ssir82: folds 
Uncalled bet ($0.04) returned to Adnromeda
Adnromeda collected $0.05 from pot
Adnromeda: doesn't show hand 
*** SUMMARY ***
Total pot $0.05 | Rake $0 
Seat 1: 100ssir82 (big blind) folded before Flop
Seat 2: Dorex2007 folded before Flop (didn't bet)
Seat 3: ageorge2500 folded before Flop (didn't bet)
Seat 4: AizhanMash folded before Flop (didn't bet)
Seat 5: tchase14 folded before Flop (didn't bet)
Seat 7: Adnromeda collected ($0.05)
Seat 8: LulzSecRu (button) folded before Flop (didn't bet)
Seat 9: gcesinha_RJ (small blind) folded before Flop



PokerStars Hand #227230929154:  Hold'em No Limit ($0.01/$0.02 USD) - 2021/05/31 18:01:19 PT [2021/05/31 21:01:19 ET]
Table 'Naantali III' 9-max Seat #9 is the button
Seat 1: 100ssir82 ($2.06 in chips) 
Seat 2: Dorex2007 ($2.14 in chips) 
Seat 3: ageorge2500 ($5.18 in chips) 
Seat 4: AizhanMash ($1.28 in chips) 
Seat 5: tchase14 ($3.75 in chips) 
Seat 7: Adnromeda ($2.14 in chips) 
Seat 8: LulzSecRu ($2.76 in chips) 
Seat 9: gcesinha_RJ ($1.61 in chips) 
100ssir82: posts small blind $0.01
Dorex2007: posts big blind $0.02
*** HOLE CARDS ***
Dealt to Dorex2007 [Ah Jc]
ageorge2500: folds 
AizhanMash: folds 
tchase14: raises $0.04 to $0.06
Adnromeda: folds 
LulzSecRu: folds 
gcesinha_RJ: folds 
100ssir82: folds 
Dorex2007: calls $0.04
*** FLOP *** [3h 4s 3d]
Dorex2007: checks 
tchase14: checks 
*** TURN *** [3h 4s 3d] [Qd]
VARLENMONGE leaves the table
Dorex2007: bets $0.09
tchase14: calls $0.09
*** RIVER *** [3h 4s 3d Qd] [7s]
Dorex2007: checks 
tchase14: bets $0.20
Dorex2007: folds 
Uncalled bet ($0.20) returned to tchase14
tchase14 collected $0.30 from pot
tchase14: doesn't show hand 
Evgecha554 joins the table at seat #6 
*** SUMMARY ***
Total pot $0.31 | Rake $0.01 
Board [3h 4s 3d Qd 7s]
Seat 1: 100ssir82 (small blind) folded before Flop
Seat 2: Dorex2007 (big blind) folded on the River
Seat 3: ageorge2500 folded before Flop (didn't bet)
Seat 4: AizhanMash folded before Flop (didn't bet)
Seat 5: tchase14 collected ($0.30)
Seat 7: Adnromeda folded before Flop (didn't bet)
Seat 8: LulzSecRu folded before Flop (didn't bet)
Seat 9: gcesinha_RJ (button) folded before Flop (didn't bet)



PokerStars Hand #227230942808:  Hold'em No Limit ($0.01/$0.02 USD) - 2021/05/31 18:02:15 PT [2021/05/31 21:02:15 ET]
Table 'Naantali III' 9-max Seat #1 is the button
Seat 1: 100ssir82 ($2.05 in chips) 
Seat 2: Dorex2007 ($1.99 in chips) 
Seat 3: ageorge2500 ($5.18 in chips) 
Seat 4: AizhanMash ($1.28 in chips) 
Seat 5: tchase14 ($3.90 in chips) 
Seat 6: Evgecha554 ($0.80 in chips) 
Seat 7: Adnromeda ($2.14 in chips) 
Seat 8: LulzSecRu ($2.76 in chips) 
Seat 9: gcesinha_RJ ($1.61 in chips) 
Dorex2007: posts small blind $0.01
ageorge2500: posts big blind $0.02
Evgecha554 is connected 
Evgecha554: posts big blind $0.02
*** HOLE CARDS ***
Dealt to Dorex2007 [As 5h]
AizhanMash: folds 
tchase14: raises $0.06 to $0.08
Evgecha554: folds 
Adnromeda: raises $0.11 to $0.19
LulzSecRu: folds 
gcesinha_RJ: folds 
100ssir82: folds 
Dorex2007: folds 
ageorge2500: folds 
tchase14: calls $0.11
*** FLOP *** [3s Ac Ts]
tchase14: checks 
Adnromeda: checks 
*** TURN *** [3s Ac Ts] [2h]
tchase14: bets $0.18
Adnromeda: calls $0.18
*** RIVER *** [3s Ac Ts 2h] [5d]
tchase14: bets $0.38
Adnromeda: calls $0.38
*** SHOW DOWN ***
tchase14: shows [Kh 9h] (high card Ace)
Adnromeda: shows [Ad Kd] (a pair of Aces)
Adnromeda collected $1.50 from pot
*** SUMMARY ***
Total pot $1.55 | Rake $0.05 
Board [3s Ac Ts 2h 5d]
Seat 1: 100ssir82 (button) folded before Flop (didn't bet)
Seat 2: Dorex2007 (small blind) folded before Flop
Seat 3: ageorge2500 (big blind) folded before Flop
Seat 4: AizhanMash folded before Flop (didn't bet)
Seat 5: tchase14 showed [Kh 9h] and lost with high card Ace
Seat 6: Evgecha554 folded before Flop (didn't bet)
Seat 7: Adnromeda showed [Ad Kd] and won ($1.50) with a pair of Aces
Seat 8: LulzSecRu folded before Flop (didn't bet)
Seat 9: gcesinha_RJ folded before Flop (didn't bet)



PokerStars Hand #227230962876:  Hold'em No Limit ($0.01/$0.02 USD) - 2021/05/31 18:03:32 PT [2021/05/31 21:03:32 ET]
Table 'Naantali III' 9-max Seat #2 is the button
Seat 1: 100ssir82 ($2.05 in chips) 
Seat 2: Dorex2007 ($1.98 in chips) 
Seat 3: ageorge2500 ($5.16 in chips) 
Seat 4: AizhanMash ($1.28 in chips) 
Seat 5: tchase14 ($3.15 in chips) 
Seat 6: Evgecha554 ($0.78 in chips) 
Seat 7: Adnromeda ($2.89 in chips) 
Seat 8: LulzSecRu ($2.76 in chips) 
Seat 9: gcesinha_RJ ($1.61 in chips) 
ageorge2500: posts small blind $0.01
AizhanMash: posts big blind $0.02
*** HOLE CARDS ***
Dealt to Dorex2007 [5s Tc]
tchase14: folds 
Evgecha554: folds 
Adnromeda: folds 
LulzSecRu: folds 
gcesinha_RJ has timed out
gcesinha_RJ: folds 
100ssir82: raises $0.04 to $0.06
Dorex2007: folds 
ageorge2500: calls $0.05
AizhanMash: folds 
*** FLOP *** [7s Ah Jh]
ageorge2500: checks 
100ssir82: bets $0.07
ageorge2500: calls $0.07
*** TURN *** [7s Ah Jh] [6d]
ageorge2500: checks 
100ssir82: checks 
*** RIVER *** [7s Ah Jh 6d] [Js]
ageorge2500: bets $0.14
100ssir82: raises $0.28 to $0.42
ageorge2500: calls $0.28
*** SHOW DOWN ***
100ssir82: shows [Jc Ts] (three of a kind, Jacks)
ageorge2500: mucks hand 
100ssir82 collected $1.08 from pot
*** SUMMARY ***
Total pot $1.12 | Rake $0.04 
Board [7s Ah Jh 6d Js]
Seat 1: 100ssir82 showed [Jc Ts] and won ($1.08) with three of a kind, Jacks
Seat 2: Dorex2007 (button) folded before Flop (didn't bet)
Seat 3: ageorge2500 (small blind) mucked [Qs As]
Seat 4: AizhanMash (big blind) folded before Flop
Seat 5: tchase14 folded before Flop (didn't bet)
Seat 6: Evgecha554 folded before Flop (didn't bet)
Seat 7: Adnromeda folded before Flop (didn't bet)
Seat 8: LulzSecRu folded before Flop (didn't bet)
Seat 9: gcesinha_RJ folded before Flop (didn't bet)



PokerStars Hand #227230983521:  Hold'em No Limit ($0.01/$0.02 USD) - 2021/05/31 18:04:57 PT [2021/05/31 21:04:57 ET]
Table 'Naantali III' 9-max Seat #3 is the button
Seat 1: 100ssir82 ($2.58 in chips) 
Seat 2: Dorex2007 ($1.98 in chips) 
Seat 3: ageorge2500 ($4.61 in chips) 
Seat 4: AizhanMash ($1.26 in chips) 
Seat 5: tchase14 ($3.15 in chips) 
Seat 6: Evgecha554 ($0.78 in chips) 
Seat 7: Adnromeda ($2.89 in chips) 
Seat 8: LulzSecRu ($2.76 in chips) 
Seat 9: gcesinha_RJ ($1.61 in chips) 
AizhanMash: posts small blind $0.01
tchase14: posts big blind $0.02
*** HOLE CARDS ***
Dealt to Dorex2007 [7c 3c]
Evgecha554: calls $0.02
Adnromeda: folds 
LulzSecRu: folds 
gcesinha_RJ: calls $0.02
100ssir82: folds 
Dorex2007: folds 
ageorge2500: folds 
AizhanMash: calls $0.01
tchase14: raises $0.10 to $0.12
Evgecha554: folds 
gcesinha_RJ: calls $0.10
AizhanMash: calls $0.10
*** FLOP *** [4d 5h 8c]
AizhanMash: checks 
tchase14: bets $0.19
gcesinha_RJ: calls $0.19
AizhanMash: folds 
*** TURN *** [4d 5h 8c] [6c]
tchase14: bets $0.48
gcesinha_RJ: raises $0.82 to $1.30 and is all-in
tchase14: folds 
Uncalled bet ($0.82) returned to gcesinha_RJ
gcesinha_RJ collected $1.66 from pot
gcesinha_RJ: doesn't show hand 
*** SUMMARY ***
Total pot $1.72 | Rake $0.06 
Board [4d 5h 8c 6c]
Seat 1: 100ssir82 folded before Flop (didn't bet)
Seat 2: Dorex2007 folded before Flop (didn't bet)
Seat 3: ageorge2500 (button) folded before Flop (didn't bet)
Seat 4: AizhanMash (small blind) folded on the Flop
Seat 5: tchase14 (big blind) folded on the Turn
Seat 6: Evgecha554 folded before Flop
Seat 7: Adnromeda folded before Flop (didn't bet)
Seat 8: LulzSecRu folded before Flop (didn't bet)
Seat 9: gcesinha_RJ collected ($1.66)



PokerStars Hand #227231018877:  Hold'em No Limit ($0.01/$0.02 USD) - 2021/05/31 18:06:50 PT [2021/05/31 21:06:50 ET]
Table 'Naantali III' 9-max Seat #4 is the button
Seat 1: 100ssir82 ($2.58 in chips) 
Seat 2: Dorex2007 ($1.98 in chips) 
Seat 3: ageorge2500 ($4.61 in chips) 
Seat 4: AizhanMash ($1.14 in chips) 
Seat 5: tchase14 ($2.36 in chips) 
Seat 6: Evgecha554 ($0.76 in chips) 
Seat 7: Adnromeda ($2.89 in chips) 
Seat 8: LulzSecRu ($2.76 in chips) 
Seat 9: gcesinha_RJ ($2.48 in chips) 
tchase14: posts small blind $0.01
Evgecha554: posts big blind $0.02
*** HOLE CARDS ***
Dealt to Dorex2007 [Qs Kh]
Adnromeda: folds 
LulzSecRu: folds 
gcesinha_RJ: calls $0.02
100ssir82: folds 
Dorex2007: raises $0.02 to $0.04
ageorge2500: folds 
AizhanMash: folds 
tchase14: calls $0.03
Evgecha554: folds 
gcesinha_RJ: calls $0.02
*** FLOP *** [5c 4d Ks]
tchase14: checks 
gcesinha_RJ: checks 
Dorex2007: bets $0.14
tchase14: calls $0.14
gcesinha_RJ: folds 
*** TURN *** [5c 4d Ks] [Ac]
tchase14: checks 
Dorex2007: bets $0.41
tchase14: folds 
Uncalled bet ($0.41) returned to Dorex2007
Dorex2007 collected $0.41 from pot
Dorex2007: doesn't show hand 
*** SUMMARY ***
Total pot $0.42 | Rake $0.01 
Board [5c 4d Ks Ac]
Seat 1: 100ssir82 folded before Flop (didn't bet)
Seat 2: Dorex2007 collected ($0.41)
Seat 3: ageorge2500 folded before Flop (didn't bet)
Seat 4: AizhanMash (button) folded before Flop (didn't bet)
Seat 5: tchase14 (small blind) folded on the Turn
Seat 6: Evgecha554 (big blind) folded before Flop
Seat 7: Adnromeda folded before Flop (didn't bet)
Seat 8: LulzSecRu folded before Flop (didn't bet)
Seat 9: gcesinha_RJ folded on the Flop



PokerStars Hand #227231034342:  Hold'em No Limit ($0.01/$0.02 USD) - 2021/05/31 18:07:53 PT [2021/05/31 21:07:53 ET]
Table 'Naantali III' 9-max Seat #5 is the button
Seat 1: 100ssir82 ($2.58 in chips) 
Seat 2: Dorex2007 ($2.21 in chips) 
Seat 3: ageorge2500 ($4.61 in chips) 
Seat 4: AizhanMash ($1.14 in chips) 
Seat 5: tchase14 ($2.18 in chips) 
Seat 6: Evgecha554 ($0.74 in chips) 
Seat 8: LulzSecRu ($2.76 in chips) 
Seat 9: gcesinha_RJ ($2.44 in chips) 
Evgecha554: posts small blind $0.01
Adnromeda: is sitting out 
LulzSecRu: posts big blind $0.02
*** HOLE CARDS ***
Dealt to Dorex2007 [8s 7s]
gcesinha_RJ: calls $0.02
100ssir82: folds 
Dorex2007: calls $0.02
Adnromeda leaves the table
ageorge2500: folds 
AizhanMash: folds 
tchase14: folds 
wetmoose 613 joins the table at seat #7 
Evgecha554: raises $0.02 to $0.04
LulzSecRu: calls $0.02
gcesinha_RJ: calls $0.02
Dorex2007: calls $0.02
*** FLOP *** [7c 3h 5d]
Evgecha554: bets $0.05
LulzSecRu: folds 
gcesinha_RJ: raises $0.05 to $0.10
Dorex2007: folds 
Evgecha554: raises $0.05 to $0.15
gcesinha_RJ: calls $0.05
*** TURN *** [7c 3h 5d] [4h]
Evgecha554: bets $0.30
gcesinha_RJ: folds 
Uncalled bet ($0.30) returned to Evgecha554
Evgecha554 collected $0.44 from pot
Evgecha554: doesn't show hand 
*** SUMMARY ***
Total pot $0.46 | Rake $0.02 
Board [7c 3h 5d 4h]
Seat 1: 100ssir82 folded before Flop (didn't bet)
Seat 2: Dorex2007 folded on the Flop
Seat 3: ageorge2500 folded before Flop (didn't bet)
Seat 4: AizhanMash folded before Flop (didn't bet)
Seat 5: tchase14 (button) folded before Flop (didn't bet)
Seat 6: Evgecha554 (small blind) collected ($0.44)
Seat 8: LulzSecRu (big blind) folded on the Flop
Seat 9: gcesinha_RJ folded on the Turn



PokerStars Hand #227231055187:  Hold'em No Limit ($0.01/$0.02 USD) - 2021/05/31 18:09:05 PT [2021/05/31 21:09:05 ET]
Table 'Naantali III' 9-max Seat #6 is the button
Seat 1: 100ssir82 ($2.58 in chips) 
Seat 2: Dorex2007 ($2.17 in chips) 
Seat 3: ageorge2500 ($4.61 in chips) 
Seat 4: AizhanMash ($1.14 in chips) 
Seat 5: tchase14 ($2.18 in chips) 
Seat 6: Evgecha554 ($0.99 in chips) 
Seat 8: LulzSecRu ($2.72 in chips) 
Seat 9: gcesinha_RJ ($2.25 in chips) 
LulzSecRu: posts small blind $0.01
gcesinha_RJ: posts big blind $0.02
*** HOLE CARDS ***
Dealt to Dorex2007 [9h Th]
100ssir82: folds 
Dorex2007: calls $0.02
ageorge2500: folds 
AizhanMash: folds 
tchase14: folds 
Evgecha554: folds 
LulzSecRu: folds 
gcesinha_RJ: checks 
*** FLOP *** [6c Tc Ts]
gcesinha_RJ: bets $0.03
Dorex2007: raises $0.07 to $0.10
gcesinha_RJ: folds 
Uncalled bet ($0.07) returned to Dorex2007
Dorex2007 collected $0.11 from pot
Dorex2007: doesn't show hand 
*** SUMMARY ***
Total pot $0.11 | Rake $0 
Board [6c Tc Ts]
Seat 1: 100ssir82 folded before Flop (didn't bet)
Seat 2: Dorex2007 collected ($0.11)
Seat 3: ageorge2500 folded before Flop (didn't bet)
Seat 4: AizhanMash folded before Flop (didn't bet)
Seat 5: tchase14 folded before Flop (didn't bet)
Seat 6: Evgecha554 (button) folded before Flop (didn't bet)
Seat 8: LulzSecRu (small blind) folded before Flop
Seat 9: gcesinha_RJ (big blind) folded on the Flop



PokerStars Hand #227231075339:  Hold'em No Limit ($0.01/$0.02 USD) - 2021/05/31 18:10:27 PT [2021/05/31 21:10:27 ET]
Table 'Naantali III' 9-max Seat #8 is the button
Seat 1: 100ssir82 ($2.58 in chips) 
Seat 2: Dorex2007 ($2.23 in chips) 
Seat 3: ageorge2500 ($4.61 in chips) 
Seat 4: AizhanMash ($1.14 in chips) 
Seat 5: tchase14 ($2.18 in chips) 
Seat 6: Evgecha554 ($0.99 in chips) 
Seat 7: wetmoose 613 ($2 in chips) 
Seat 8: LulzSecRu ($2.71 in chips) 
Seat 9: gcesinha_RJ ($2.20 in chips) 
gcesinha_RJ: posts small blind $0.01
100ssir82: posts big blind $0.02
wetmoose 613: posts big blind $0.02
*** HOLE CARDS ***
Dealt to Dorex2007 [3d 4c]
Dorex2007: folds 
ageorge2500: folds 
AizhanMash: folds 
tchase14: raises $0.06 to $0.08
Evgecha554 has timed out
Evgecha554: folds 
wetmoose 613: folds 
LulzSecRu: folds 
gcesinha_RJ: folds 
100ssir82: folds 
Uncalled bet ($0.06) returned to tchase14
tchase14 collected $0.07 from pot
tchase14: doesn't show hand 
*** SUMMARY ***
Total pot $0.07 | Rake $0 
Seat 1: 100ssir82 (big blind) folded before Flop
Seat 2: Dorex2007 folded before Flop (didn't bet)
Seat 3: ageorge2500 folded before Flop (didn't bet)
Seat 4: AizhanMash folded before Flop (didn't bet)
Seat 5: tchase14 collected ($0.07)
Seat 6: Evgecha554 folded before Flop (didn't bet)
Seat 7: wetmoose 613 folded before Flop (didn't bet)
Seat 8: LulzSecRu (button) folded before Flop (didn't bet)
Seat 9: gcesinha_RJ (small blind) folded before Flop



PokerStars Hand #227231085736:  Hold'em No Limit ($0.01/$0.02 USD) - 2021/05/31 18:11:10 PT [2021/05/31 21:11:10 ET]
Table 'Naantali III' 9-max Seat #9 is the button
Seat 1: 100ssir82 ($2.56 in chips) 
Seat 2: Dorex2007 ($2.23 in chips) 
Seat 3: ageorge2500 ($4.61 in chips) 
Seat 4: AizhanMash ($1.14 in chips) 
Seat 5: tchase14 ($2.23 in chips) 
Seat 6: Evgecha554 ($0.99 in chips) 
Seat 7: wetmoose 613 ($1.98 in chips) 
Seat 8: LulzSecRu ($2.71 in chips) 
Seat 9: gcesinha_RJ ($2.19 in chips) 
100ssir82: posts small blind $0.01
Dorex2007: posts big blind $0.02
*** HOLE CARDS ***
Dealt to Dorex2007 [6h Ah]
ageorge2500: raises $0.03 to $0.05
AizhanMash: folds 
tchase14: folds 
Evgecha554 has timed out
Evgecha554: folds 
wetmoose 613: raises $0.05 to $0.10
LulzSecRu: folds 
gcesinha_RJ: folds 
100ssir82: calls $0.09
Dorex2007: folds 
ageorge2500: calls $0.05
*** FLOP *** [Td 7h 4c]
100ssir82: checks 
ageorge2500: checks 
wetmoose 613: bets $0.12
100ssir82: calls $0.12
ageorge2500: folds 
*** TURN *** [Td 7h 4c] [Qs]
100ssir82: checks 
wetmoose 613: bets $0.27
100ssir82: folds 
Uncalled bet ($0.27) returned to wetmoose 613
wetmoose 613 collected $0.54 from pot
wetmoose 613: doesn't show hand 
*** SUMMARY ***
Total pot $0.56 | Rake $0.02 
Board [Td 7h 4c Qs]
Seat 1: 100ssir82 (small blind) folded on the Turn
Seat 2: Dorex2007 (big blind) folded before Flop
Seat 3: ageorge2500 folded on the Flop
Seat 4: AizhanMash folded before Flop (didn't bet)
Seat 5: tchase14 folded before Flop (didn't bet)
Seat 6: Evgecha554 folded before Flop (didn't bet)
Seat 7: wetmoose 613 collected ($0.54)
Seat 8: LulzSecRu folded before Flop (didn't bet)
Seat 9: gcesinha_RJ (button) folded before Flop (didn't bet)



PokerStars Hand #227231109681:  Hold'em No Limit ($0.01/$0.02 USD) - 2021/05/31 18:12:49 PT [2021/05/31 21:12:49 ET]
Table 'Naantali III' 9-max Seat #1 is the button
Seat 1: 100ssir82 ($2.34 in chips) 
Seat 2: Dorex2007 ($2.21 in chips) 
Seat 3: ageorge2500 ($4.51 in chips) 
Seat 4: AizhanMash ($1.14 in chips) 
Seat 5: tchase14 ($2.23 in chips) 
Seat 7: wetmoose 613 ($2.30 in chips) 
Seat 8: LulzSecRu ($2.71 in chips) 
Seat 9: gcesinha_RJ ($2.19 in chips) 
Dorex2007: posts small blind $0.01
ageorge2500: posts big blind $0.02
*** HOLE CARDS ***
Dealt to Dorex2007 [Td 3h]
AizhanMash: folds 
tchase14: raises $0.04 to $0.06
wetmoose 613: folds 
LulzSecRu: folds 
gcesinha_RJ: calls $0.06
100ssir82: folds 
Dorex2007: folds 
ageorge2500: folds 
*** FLOP *** [Kh 2h 3s]
tchase14: bets $0.06
gcesinha_RJ: folds 
Uncalled bet ($0.06) returned to tchase14
tchase14 collected $0.14 from pot
tchase14: doesn't show hand 
*** SUMMARY ***
Total pot $0.15 | Rake $0.01 
Board [Kh 2h 3s]
Seat 1: 100ssir82 (button) folded before Flop (didn't bet)
Seat 2: Dorex2007 (small blind) folded before Flop
Seat 3: ageorge2500 (big blind) folded before Flop
Seat 4: AizhanMash folded before Flop (didn't bet)
Seat 5: tchase14 collected ($0.14)
Seat 7: wetmoose 613 folded before Flop (didn't bet)
Seat 8: LulzSecRu folded before Flop (didn't bet)
Seat 9: gcesinha_RJ folded on the Flop



PokerStars Hand #227231119081:  Hold'em No Limit ($0.01/$0.02 USD) - 2021/05/31 18:13:27 PT [2021/05/31 21:13:27 ET]
Table 'Naantali III' 9-max Seat #2 is the button
Seat 1: 100ssir82 ($2.34 in chips) 
Seat 2: Dorex2007 ($2.20 in chips) 
Seat 3: ageorge2500 ($4.49 in chips) 
Seat 4: AizhanMash ($1.14 in chips) 
Seat 5: tchase14 ($2.31 in chips) 
Seat 7: wetmoose 613 ($2.30 in chips) 
Seat 8: LulzSecRu ($2.71 in chips) 
Seat 9: gcesinha_RJ ($2.13 in chips) 
ageorge2500: posts small blind $0.01
AizhanMash: posts big blind $0.02
*** HOLE CARDS ***
Dealt to Dorex2007 [2d Ts]
tchase14: folds 
wetmoose 613: folds 
LulzSecRu: folds 
gcesinha_RJ has timed out
gcesinha_RJ: folds 
100ssir82: raises $0.04 to $0.06
Dorex2007: folds 
ageorge2500: calls $0.05
AizhanMash: folds 
*** FLOP *** [Ah 4h 7c]
ageorge2500: checks 
100ssir82: checks 
*** TURN *** [Ah 4h 7c] [Th]
ageorge2500: bets $0.07
100ssir82: folds 
Uncalled bet ($0.07) returned to ageorge2500
ageorge2500 collected $0.14 from pot
*** SUMMARY ***
Total pot $0.14 | Rake $0 
Board [Ah 4h 7c Th]
Seat 1: 100ssir82 folded on the Turn
Seat 2: Dorex2007 (button) folded before Flop (didn't bet)
Seat 3: ageorge2500 (small blind) collected ($0.14)
Seat 4: AizhanMash (big blind) folded before Flop
Seat 5: tchase14 folded before Flop (didn't bet)
Seat 7: wetmoose 613 folded before Flop (didn't bet)
Seat 8: LulzSecRu folded before Flop (didn't bet)
Seat 9: gcesinha_RJ folded before Flop (didn't bet)



PokerStars Hand #227231136440:  Hold'em No Limit ($0.01/$0.02 USD) - 2021/05/31 18:14:28 PT [2021/05/31 21:14:28 ET]
Table 'Naantali III' 9-max Seat #3 is the button
Seat 1: 100ssir82 ($2.28 in chips) 
Seat 2: Dorex2007 ($2.20 in chips) 
Seat 3: ageorge2500 ($4.57 in chips) 
Seat 4: AizhanMash ($1.12 in chips) 
Seat 5: tchase14 ($2.31 in chips) 
Seat 6: Evgecha554 ($0.99 in chips) 
Seat 7: wetmoose 613 ($2.30 in chips) 
Seat 8: LulzSecRu ($2.71 in chips) 
Seat 9: gcesinha_RJ ($2.13 in chips) 
AizhanMash: posts small blind $0.01
tchase14: posts big blind $0.02
*** HOLE CARDS ***
Dealt to Dorex2007 [2d 8c]
Evgecha554: folds 
wetmoose 613: folds 
LulzSecRu: folds 
gcesinha_RJ: folds 
100ssir82: folds 
Dorex2007: folds 
ageorge2500: folds 
AizhanMash: folds 
Uncalled bet ($0.01) returned to tchase14
tchase14 collected $0.02 from pot
tchase14: doesn't show hand 
*** SUMMARY ***
Total pot $0.02 | Rake $0 
Seat 1: 100ssir82 folded before Flop (didn't bet)
Seat 2: Dorex2007 folded before Flop (didn't bet)
Seat 3: ageorge2500 (button) folded before Flop (didn't bet)
Seat 4: AizhanMash (small blind) folded before Flop
Seat 5: tchase14 (big blind) collected ($0.02)
Seat 6: Evgecha554 folded before Flop (didn't bet)
Seat 7: wetmoose 613 folded before Flop (didn't bet)
Seat 8: LulzSecRu folded before Flop (didn't bet)
Seat 9: gcesinha_RJ folded before Flop (didn't bet)



PokerStars Hand #227231146572:  Hold'em No Limit ($0.01/$0.02 USD) - 2021/05/31 18:15:10 PT [2021/05/31 21:15:10 ET]
Table 'Naantali III' 9-max Seat #4 is the button
Seat 1: 100ssir82 ($2.28 in chips) 
Seat 2: Dorex2007 ($2.20 in chips) 
Seat 3: ageorge2500 ($4.57 in chips) 
Seat 4: AizhanMash ($1.11 in chips) 
Seat 5: tchase14 ($2.32 in chips) 
Seat 6: Evgecha554 ($0.99 in chips) 
Seat 7: wetmoose 613 ($2.30 in chips) 
Seat 8: LulzSecRu ($2.71 in chips) 
Seat 9: gcesinha_RJ ($2.13 in chips) 
tchase14: posts small blind $0.01
Evgecha554: posts big blind $0.02
*** HOLE CARDS ***
Dealt to Dorex2007 [2s 4h]
wetmoose 613: folds 
LulzSecRu: folds 
gcesinha_RJ: calls $0.02
100ssir82: raises $0.03 to $0.05
Dorex2007: folds 
ageorge2500: folds 
AizhanMash: folds 
tchase14: calls $0.04
Evgecha554: calls $0.03
gcesinha_RJ: calls $0.03
*** FLOP *** [3h Qc 8d]
tchase14: checks 
Evgecha554: bets $0.05
gcesinha_RJ: calls $0.05
100ssir82: folds 
tchase14: calls $0.05
*** TURN *** [3h Qc 8d] [Ac]
tchase14: checks 
Evgecha554: bets $0.05
gcesinha_RJ: folds 
tchase14: calls $0.05
*** RIVER *** [3h Qc 8d Ac] [As]
tchase14: checks 
Evgecha554: bets $0.25
tchase14: folds 
Uncalled bet ($0.25) returned to Evgecha554
Evgecha554 collected $0.43 from pot
Evgecha554: doesn't show hand 
*** SUMMARY ***
Total pot $0.45 | Rake $0.02 
Board [3h Qc 8d Ac As]
Seat 1: 100ssir82 folded on the Flop
Seat 2: Dorex2007 folded before Flop (didn't bet)
Seat 3: ageorge2500 folded before Flop (didn't bet)
Seat 4: AizhanMash (button) folded before Flop (didn't bet)
Seat 5: tchase14 (small blind) folded on the River
Seat 6: Evgecha554 (big blind) collected ($0.43)
Seat 7: wetmoose 613 folded before Flop (didn't bet)
Seat 8: LulzSecRu folded before Flop (didn't bet)
Seat 9: gcesinha_RJ folded on the Turn



PokerStars Hand #227231174349:  Hold'em No Limit ($0.01/$0.02 USD) - 2021/05/31 18:17:05 PT [2021/05/31 21:17:05 ET]
Table 'Naantali III' 9-max Seat #5 is the button
Seat 1: 100ssir82 ($2.23 in chips) 
Seat 2: Dorex2007 ($2.20 in chips) 
Seat 3: ageorge2500 ($4.57 in chips) 
Seat 4: AizhanMash ($1.11 in chips) 
Seat 5: tchase14 ($2.17 in chips) 
Seat 6: Evgecha554 ($1.27 in chips) 
Seat 7: wetmoose 613 ($2.30 in chips) 
Seat 8: LulzSecRu ($2.71 in chips) 
Seat 9: gcesinha_RJ ($2.03 in chips) 
Evgecha554: posts small blind $0.01
wetmoose 613: posts big blind $0.02
*** HOLE CARDS ***
Dealt to Dorex2007 [7h 6c]
LulzSecRu: folds 
gcesinha_RJ: folds 
100ssir82: folds 
Dorex2007: folds 
ageorge2500: raises $0.03 to $0.05
AizhanMash: folds 
tchase14: folds 
Evgecha554: folds 
wetmoose 613: folds 
Uncalled bet ($0.03) returned to ageorge2500
ageorge2500 collected $0.05 from pot
*** SUMMARY ***
Total pot $0.05 | Rake $0 
Seat 1: 100ssir82 folded before Flop (didn't bet)
Seat 2: Dorex2007 folded before Flop (didn't bet)
Seat 3: ageorge2500 collected ($0.05)
Seat 4: AizhanMash folded before Flop (didn't bet)
Seat 5: tchase14 (button) folded before Flop (didn't bet)
Seat 6: Evgecha554 (small blind) folded before Flop
Seat 7: wetmoose 613 (big blind) folded before Flop
Seat 8: LulzSecRu folded before Flop (didn't bet)
Seat 9: gcesinha_RJ folded before Flop (didn't bet)



PokerStars Hand #227231181189:  Hold'em No Limit ($0.01/$0.02 USD) - 2021/05/31 18:17:33 PT [2021/05/31 21:17:33 ET]
Table 'Naantali III' 9-max Seat #6 is the button
Seat 1: 100ssir82 ($2.23 in chips) 
Seat 2: Dorex2007 ($2.20 in chips) 
Seat 3: ageorge2500 ($4.60 in chips) 
Seat 4: AizhanMash ($1.11 in chips) 
Seat 5: tchase14 ($2.17 in chips) 
Seat 6: Evgecha554 ($1.26 in chips) 
Seat 7: wetmoose 613 ($2.28 in chips) 
Seat 8: LulzSecRu ($2.71 in chips) 
Seat 9: gcesinha_RJ ($2.03 in chips) 
wetmoose 613: posts small blind $0.01
LulzSecRu: posts big blind $0.02
*** HOLE CARDS ***
Dealt to Dorex2007 [6d 7s]
gcesinha_RJ has timed out
gcesinha_RJ: folds 
100ssir82: folds 
Dorex2007: folds 
ageorge2500: folds 
AizhanMash: folds 
tchase14: folds 
Evgecha554: calls $0.02
wetmoose 613: raises $0.04 to $0.06
LulzSecRu: folds 
Evgecha554: calls $0.04
*** FLOP *** [6c 3d Js]
wetmoose 613: checks 
Evgecha554: checks 
*** TURN *** [6c 3d Js] [8d]
wetmoose 613: checks 
Evgecha554: bets $0.02
wetmoose 613: calls $0.02
*** RIVER *** [6c 3d Js 8d] [Qs]
wetmoose 613: bets $0.17
Evgecha554: folds 
Uncalled bet ($0.17) returned to wetmoose 613
wetmoose 613 collected $0.17 from pot
wetmoose 613: doesn't show hand 
*** SUMMARY ***
Total pot $0.18 | Rake $0.01 
Board [6c 3d Js 8d Qs]
Seat 1: 100ssir82 folded before Flop (didn't bet)
Seat 2: Dorex2007 folded before Flop (didn't bet)
Seat 3: ageorge2500 folded before Flop (didn't bet)
Seat 4: AizhanMash folded before Flop (didn't bet)
Seat 5: tchase14 folded before Flop (didn't bet)
Seat 6: Evgecha554 (button) folded on the River
Seat 7: wetmoose 613 (small blind) collected ($0.17)
Seat 8: LulzSecRu (big blind) folded before Flop
Seat 9: gcesinha_RJ folded before Flop (didn't bet)



PokerStars Hand #227231208626:  Hold'em No Limit ($0.01/$0.02 USD) - 2021/05/31 18:18:49 PT [2021/05/31 21:18:49 ET]
Table 'Naantali III' 9-max Seat #7 is the button
Seat 1: 100ssir82 ($2.23 in chips) 
Seat 2: Dorex2007 ($2.20 in chips) 
Seat 3: ageorge2500 ($4.60 in chips) 
Seat 4: AizhanMash ($1.11 in chips) 
Seat 5: tchase14 ($2.17 in chips) 
Seat 6: Evgecha554 ($1.18 in chips) 
Seat 7: wetmoose 613 ($2.37 in chips) 
Seat 8: LulzSecRu ($2.69 in chips) 
Seat 9: gcesinha_RJ ($2.03 in chips) 
LulzSecRu: posts small blind $0.01
gcesinha_RJ: posts big blind $0.02
*** HOLE CARDS ***
Dealt to Dorex2007 [Kd 4h]
100ssir82: folds 
Dorex2007: folds 
ageorge2500: folds 
AizhanMash: folds 
tchase14: folds 
Evgecha554: folds 
wetmoose 613: folds 
LulzSecRu: folds 
Uncalled bet ($0.01) returned to gcesinha_RJ
gcesinha_RJ collected $0.02 from pot
*** SUMMARY ***
Total pot $0.02 | Rake $0 
Seat 1: 100ssir82 folded before Flop (didn't bet)
Seat 2: Dorex2007 folded before Flop (didn't bet)
Seat 3: ageorge2500 folded before Flop (didn't bet)
Seat 4: AizhanMash folded before Flop (didn't bet)
Seat 5: tchase14 folded before Flop (didn't bet)
Seat 6: Evgecha554 folded before Flop (didn't bet)
Seat 7: wetmoose 613 (button) folded before Flop (didn't bet)
Seat 8: LulzSecRu (small blind) folded before Flop
Seat 9: gcesinha_RJ (big blind) collected ($0.02)



PokerStars Hand #227231214630:  Hold'em No Limit ($0.01/$0.02 USD) - 2021/05/31 18:19:14 PT [2021/05/31 21:19:14 ET]
Table 'Naantali III' 9-max Seat #8 is the button
Seat 1: 100ssir82 ($2.23 in chips) 
Seat 2: Dorex2007 ($2.20 in chips) 
Seat 3: ageorge2500 ($4.60 in chips) 
Seat 4: AizhanMash ($1.11 in chips) 
Seat 5: tchase14 ($2.17 in chips) 
Seat 6: Evgecha554 ($1.18 in chips) 
Seat 7: wetmoose 613 ($2.37 in chips) 
Seat 8: LulzSecRu ($2.68 in chips) 
Seat 9: gcesinha_RJ ($2.04 in chips) 
gcesinha_RJ: posts small blind $0.01
100ssir82: posts big blind $0.02
*** HOLE CARDS ***
Dealt to Dorex2007 [2c Ks]
Dorex2007: folds 
ageorge2500: folds 
AizhanMash: folds 
tchase14: raises $0.04 to $0.06
Evgecha554: calls $0.06
wetmoose 613: folds 
LulzSecRu: folds 
LulzSecRu leaves the table
gcesinha_RJ: folds 
100ssir82: calls $0.04
*** FLOP *** [Qh 9c Jh]
MXMR83 joins the table at seat #8 
100ssir82: checks 
tchase14: checks 
Evgecha554: checks 
*** TURN *** [Qh 9c Jh] [3d]
100ssir82: bets $0.13
tchase14: folds 
Evgecha554: folds 
Uncalled bet ($0.13) returned to 100ssir82
100ssir82 collected $0.18 from pot
100ssir82: doesn't show hand 
*** SUMMARY ***
Total pot $0.19 | Rake $0.01 
Board [Qh 9c Jh 3d]
Seat 1: 100ssir82 (big blind) collected ($0.18)
Seat 2: Dorex2007 folded before Flop (didn't bet)
Seat 3: ageorge2500 folded before Flop (didn't bet)
Seat 4: AizhanMash folded before Flop (didn't bet)
Seat 5: tchase14 folded on the Turn
Seat 6: Evgecha554 folded on the Turn
Seat 7: wetmoose 613 folded before Flop (didn't bet)
Seat 8: LulzSecRu (button) folded before Flop (didn't bet)
Seat 9: gcesinha_RJ (small blind) folded before Flop



PokerStars Hand #227231232844:  Hold'em No Limit ($0.01/$0.02 USD) - 2021/05/31 18:20:30 PT [2021/05/31 21:20:30 ET]
Table 'Naantali III' 9-max Seat #9 is the button
Seat 1: 100ssir82 ($2.35 in chips) 
Seat 2: Dorex2007 ($2.20 in chips) 
Seat 3: ageorge2500 ($4.60 in chips) 
Seat 4: AizhanMash ($1.11 in chips) 
Seat 5: tchase14 ($2.11 in chips) 
Seat 6: Evgecha554 ($1.12 in chips) 
Seat 7: wetmoose 613 ($2.37 in chips) 
Seat 9: gcesinha_RJ ($2.03 in chips) 
100ssir82: posts small blind $0.01
Dorex2007: posts big blind $0.02
MXMR83: sits out 
*** HOLE CARDS ***
Dealt to Dorex2007 [Ad 8s]
ageorge2500: raises $0.03 to $0.05
AizhanMash: folds 
tchase14: folds 
Evgecha554: folds 
wetmoose 613: folds 
gcesinha_RJ: folds 
100ssir82: folds 
Dorex2007: folds 
Uncalled bet ($0.03) returned to ageorge2500
100ssir82 leaves the table
ageorge2500 collected $0.05 from pot
*** SUMMARY ***
Total pot $0.05 | Rake $0 
Seat 1: 100ssir82 (small blind) folded before Flop
Seat 2: Dorex2007 (big blind) folded before Flop
Seat 3: ageorge2500 collected ($0.05)
Seat 4: AizhanMash folded before Flop (didn't bet)
Seat 5: tchase14 folded before Flop (didn't bet)
Seat 6: Evgecha554 folded before Flop (didn't bet)
Seat 7: wetmoose 613 folded before Flop (didn't bet)
Seat 9: gcesinha_RJ (button) folded before Flop (didn't bet)



PokerStars Hand #227231237374:  Hold'em No Limit ($0.01/$0.02 USD) - 2021/05/31 18:20:49 PT [2021/05/31 21:20:49 ET]
Table 'Naantali III' 9-max Seat #2 is the button
Seat 2: Dorex2007 ($2.18 in chips) 
Seat 3: ageorge2500 ($4.63 in chips) 
Seat 4: AizhanMash ($1.11 in chips) 
Seat 5: tchase14 ($2.11 in chips) 
Seat 6: Evgecha554 ($1.12 in chips) 
Seat 7: wetmoose 613 ($2.37 in chips) 
Seat 9: gcesinha_RJ ($2.03 in chips) 
ageorge2500: posts small blind $0.01
AizhanMash: posts big blind $0.02
MXMR83: sits out 
*** HOLE CARDS ***
Dealt to Dorex2007 [As Qc]
etienne16671 joins the table at seat #1 
tchase14: folds 
Evgecha554: calls $0.02
wetmoose 613: folds 
gcesinha_RJ: calls $0.02
Dorex2007: raises $0.08 to $0.10
ageorge2500: folds 
AizhanMash: folds 
Evgecha554: folds 
gcesinha_RJ: folds 
Uncalled bet ($0.08) returned to Dorex2007
Dorex2007 collected $0.09 from pot
Dorex2007: doesn't show hand 
*** SUMMARY ***
Total pot $0.09 | Rake $0 
Seat 2: Dorex2007 (button) collected ($0.09)
Seat 3: ageorge2500 (small blind) folded before Flop
Seat 4: AizhanMash (big blind) folded before Flop
Seat 5: tchase14 folded before Flop (didn't bet)
Seat 6: Evgecha554 folded before Flop
Seat 7: wetmoose 613 folded before Flop (didn't bet)
Seat 9: gcesinha_RJ folded before Flop



PokerStars Hand #227231257442:  Hold'em No Limit ($0.01/$0.02 USD) - 2021/05/31 18:21:38 PT [2021/05/31 21:21:38 ET]
Table 'Naantali III' 9-max Seat #3 is the button
Seat 1: etienne16671 ($2 in chips) 
Seat 2: Dorex2007 ($2.25 in chips) 
Seat 3: ageorge2500 ($4.62 in chips) 
Seat 4: AizhanMash ($1.09 in chips) 
Seat 5: tchase14 ($2.11 in chips) 
Seat 6: Evgecha554 ($1.10 in chips) 
Seat 7: wetmoose 613 ($2.37 in chips) 
Seat 9: gcesinha_RJ ($2.01 in chips) 
AizhanMash: posts small blind $0.01
tchase14: posts big blind $0.02
MXMR83: sits out 
etienne16671: posts big blind $0.02
*** HOLE CARDS ***
Dealt to Dorex2007 [9d 2d]
Evgecha554: folds 
wetmoose 613: folds 
gcesinha_RJ: folds 
etienne16671: checks 
Dorex2007: folds 
ageorge2500: calls $0.02
AizhanMash: calls $0.01
tchase14: checks 
*** FLOP *** [3h Kh 9h]
AizhanMash: checks 
tchase14: checks 
etienne16671: checks 
ageorge2500: checks 
*** TURN *** [3h Kh 9h] [Ah]
AizhanMash: checks 
tchase14: bets $0.04
etienne16671: folds 
ageorge2500: calls $0.04
AizhanMash: folds 
*** RIVER *** [3h Kh 9h Ah] [As]
tchase14: checks 
ageorge2500: checks 
*** SHOW DOWN ***
tchase14: shows [6h 9c] (a flush, Ace high)
ageorge2500: shows [Tc 8h] (a flush, Ace high - Eight higher)
ageorge2500 collected $0.15 from pot
*** SUMMARY ***
Total pot $0.16 | Rake $0.01 
Board [3h Kh 9h Ah As]
Seat 1: etienne16671 folded on the Turn (didn't bet)
Seat 2: Dorex2007 folded before Flop (didn't bet)
Seat 3: ageorge2500 (button) showed [Tc 8h] and won ($0.15) with a flush, Ace high
Seat 4: AizhanMash (small blind) folded on the Turn
Seat 5: tchase14 (big blind) showed [6h 9c] and lost with a flush, Ace high
Seat 6: Evgecha554 folded before Flop (didn't bet)
Seat 7: wetmoose 613 folded before Flop (didn't bet)
Seat 9: gcesinha_RJ folded before Flop (didn't bet)



PokerStars Hand #227231271112:  Hold'em No Limit ($0.01/$0.02 USD) - 2021/05/31 18:22:35 PT [2021/05/31 21:22:35 ET]
Table 'Naantali III' 9-max Seat #4 is the button
Seat 1: etienne16671 ($1.98 in chips) 
Seat 2: Dorex2007 ($2.25 in chips) 
Seat 3: ageorge2500 ($4.71 in chips) 
Seat 4: AizhanMash ($1.07 in chips) 
Seat 5: tchase14 ($2.05 in chips) 
Seat 6: Evgecha554 ($1.10 in chips) 
Seat 7: wetmoose 613 ($2.37 in chips) 
Seat 9: gcesinha_RJ ($2.01 in chips) 
tchase14: posts small blind $0.01
Evgecha554: posts big blind $0.02
MXMR83: sits out 
*** HOLE CARDS ***
Dealt to Dorex2007 [Qc Ks]
wetmoose 613: folds 
gcesinha_RJ has timed out
gcesinha_RJ: folds 
etienne16671: calls $0.02
Dorex2007: raises $0.04 to $0.06
ageorge2500: folds 
AizhanMash: folds 
tchase14: folds 
Evgecha554: folds 
etienne16671: folds 
Uncalled bet ($0.04) returned to Dorex2007
Dorex2007 collected $0.07 from pot
Dorex2007: doesn't show hand 
*** SUMMARY ***
Total pot $0.07 | Rake $0 
Seat 1: etienne16671 folded before Flop
Seat 2: Dorex2007 collected ($0.07)
Seat 3: ageorge2500 folded before Flop (didn't bet)
Seat 4: AizhanMash (button) folded before Flop (didn't bet)
Seat 5: tchase14 (small blind) folded before Flop
Seat 6: Evgecha554 (big blind) folded before Flop
Seat 7: wetmoose 613 folded before Flop (didn't bet)
Seat 9: gcesinha_RJ folded before Flop (didn't bet)



PokerStars Hand #227231278947:  Hold'em No Limit ($0.01/$0.02 USD) - 2021/05/31 18:23:08 PT [2021/05/31 21:23:08 ET]
Table 'Naantali III' 9-max Seat #5 is the button
Seat 1: etienne16671 ($1.96 in chips) 
Seat 2: Dorex2007 ($2.30 in chips) 
Seat 3: ageorge2500 ($4.71 in chips) 
Seat 4: AizhanMash ($1.07 in chips) 
Seat 5: tchase14 ($2.04 in chips) 
Seat 6: Evgecha554 ($1.08 in chips) 
Seat 7: wetmoose 613 ($2.37 in chips) 
Seat 9: gcesinha_RJ ($2.01 in chips) 
Evgecha554: posts small blind $0.01
wetmoose 613: posts big blind $0.02
MXMR83: sits out 
*** HOLE CARDS ***
Dealt to Dorex2007 [6d 7c]
gcesinha_RJ has timed out
gcesinha_RJ: folds 
etienne16671: raises $0.04 to $0.06
Dorex2007: folds 
ageorge2500: folds 
AizhanMash: raises $0.12 to $0.18
tchase14: calls $0.18
Evgecha554: folds 
wetmoose 613: folds 
etienne16671: calls $0.12
*** FLOP *** [5s 7h 6c]
etienne16671: checks 
AizhanMash: bets $0.44
tchase14: raises $0.62 to $1.06
etienne16671: folds 
AizhanMash: calls $0.45 and is all-in
Uncalled bet ($0.17) returned to tchase14
*** TURN *** [5s 7h 6c] [Td]
*** RIVER *** [5s 7h 6c Td] [6s]
*** SHOW DOWN ***
AizhanMash: shows [Qs Qh] (two pair, Queens and Sixes)
tchase14: shows [Qd Qc] (two pair, Queens and Sixes)
AizhanMash collected $1.14 from pot
tchase14 collected $1.13 from pot
*** SUMMARY ***
Total pot $2.35 | Rake $0.08 
Board [5s 7h 6c Td 6s]
Seat 1: etienne16671 folded on the Flop
Seat 2: Dorex2007 folded before Flop (didn't bet)
Seat 3: ageorge2500 folded before Flop (didn't bet)
Seat 4: AizhanMash showed [Qs Qh] and won ($1.14) with two pair, Queens and Sixes
Seat 5: tchase14 (button) showed [Qd Qc] and won ($1.13) with two pair, Queens and Sixes
Seat 6: Evgecha554 (small blind) folded before Flop
Seat 7: wetmoose 613 (big blind) folded before Flop
Seat 9: gcesinha_RJ folded before Flop (didn't bet)



PokerStars Hand #227231302493:  Hold'em No Limit ($0.01/$0.02 USD) - 2021/05/31 18:24:48 PT [2021/05/31 21:24:48 ET]
Table 'Naantali III' 9-max Seat #6 is the button
Seat 1: etienne16671 ($1.78 in chips) 
Seat 2: Dorex2007 ($2.30 in chips) 
Seat 3: ageorge2500 ($4.71 in chips) 
Seat 4: AizhanMash ($1.14 in chips) 
Seat 5: tchase14 ($2.10 in chips) 
Seat 6: Evgecha554 ($1.07 in chips) 
Seat 7: wetmoose 613 ($2.35 in chips) 
Seat 8: MXMR83 ($1 in chips) 
Seat 9: gcesinha_RJ ($2.01 in chips) 
wetmoose 613: posts small blind $0.01
MXMR83: posts big blind $0.02
*** HOLE CARDS ***
Dealt to Dorex2007 [9c Js]
gcesinha_RJ: folds 
etienne16671: folds 
Dorex2007: folds 
ageorge2500: folds 
AizhanMash has timed out
AizhanMash: folds 
tchase14: folds 
Evgecha554: calls $0.02
wetmoose 613: folds 
MXMR83: checks 
*** FLOP *** [As Qh 8d]
MXMR83: checks 
Evgecha554: bets $0.05
MXMR83: folds 
Uncalled bet ($0.05) returned to Evgecha554
Evgecha554 collected $0.05 from pot
Evgecha554: doesn't show hand 
*** SUMMARY ***
Total pot $0.05 | Rake $0 
Board [As Qh 8d]
Seat 1: etienne16671 folded before Flop (didn't bet)
Seat 2: Dorex2007 folded before Flop (didn't bet)
Seat 3: ageorge2500 folded before Flop (didn't bet)
Seat 4: AizhanMash folded before Flop (didn't bet)
Seat 5: tchase14 folded before Flop (didn't bet)
Seat 6: Evgecha554 (button) collected ($0.05)
Seat 7: wetmoose 613 (small blind) folded before Flop
Seat 8: MXMR83 (big blind) folded on the Flop
Seat 9: gcesinha_RJ folded before Flop (didn't bet)



PokerStars Hand #227231313870:  Hold'em No Limit ($0.01/$0.02 USD) - 2021/05/31 18:25:36 PT [2021/05/31 21:25:36 ET]
Table 'Naantali III' 9-max Seat #7 is the button
Seat 1: etienne16671 ($1.78 in chips) 
Seat 2: Dorex2007 ($2.30 in chips) 
Seat 3: ageorge2500 ($4.71 in chips) 
Seat 4: AizhanMash ($1.14 in chips) 
Seat 5: tchase14 ($2.10 in chips) 
Seat 6: Evgecha554 ($1.10 in chips) 
Seat 7: wetmoose 613 ($2.34 in chips) 
Seat 8: MXMR83 ($0.98 in chips) 
Seat 9: gcesinha_RJ ($2.01 in chips) 
MXMR83: posts small blind $0.01
gcesinha_RJ: posts big blind $0.02
*** HOLE CARDS ***
Dealt to Dorex2007 [Jd Ad]
etienne16671: calls $0.02
Dorex2007: raises $0.04 to $0.06
ageorge2500: folds 
AizhanMash: folds 
tchase14: folds 
Evgecha554: folds 
wetmoose 613: folds 
MXMR83: folds 
gcesinha_RJ: raises $0.15 to $0.21
etienne16671: calls $0.19
Dorex2007: folds 
*** FLOP *** [9c 5h Ts]
gcesinha_RJ: bets $0.47
etienne16671: folds 
Uncalled bet ($0.47) returned to gcesinha_RJ
gcesinha_RJ collected $0.47 from pot
gcesinha_RJ: doesn't show hand 
*** SUMMARY ***
Total pot $0.49 | Rake $0.02 
Board [9c 5h Ts]
Seat 1: etienne16671 folded on the Flop
Seat 2: Dorex2007 folded before Flop
Seat 3: ageorge2500 folded before Flop (didn't bet)
Seat 4: AizhanMash folded before Flop (didn't bet)
Seat 5: tchase14 folded before Flop (didn't bet)
Seat 6: Evgecha554 folded before Flop (didn't bet)
Seat 7: wetmoose 613 (button) folded before Flop (didn't bet)
Seat 8: MXMR83 (small blind) folded before Flop
Seat 9: gcesinha_RJ (big blind) collected ($0.47)



PokerStars Hand #227231325025:  Hold'em No Limit ($0.01/$0.02 USD) - 2021/05/31 18:26:23 PT [2021/05/31 21:26:23 ET]
Table 'Naantali III' 9-max Seat #8 is the button
Seat 1: etienne16671 ($1.57 in chips) 
Seat 2: Dorex2007 ($2.24 in chips) 
Seat 3: ageorge2500 ($4.71 in chips) 
Seat 4: AizhanMash ($1.14 in chips) 
Seat 5: tchase14 ($2.10 in chips) 
Seat 6: Evgecha554 ($1.10 in chips) 
Seat 7: wetmoose 613 ($2.34 in chips) 
Seat 8: MXMR83 ($0.97 in chips) 
Seat 9: gcesinha_RJ ($2.27 in chips) 
gcesinha_RJ: posts small blind $0.01
etienne16671: posts big blind $0.02
*** HOLE CARDS ***
Dealt to Dorex2007 [7d Tc]
Dorex2007: folds 
ageorge2500: folds 
AizhanMash: folds 
tchase14: folds 
Evgecha554: calls $0.02
wetmoose 613: folds 
MXMR83: calls $0.02
gcesinha_RJ: calls $0.01
etienne16671: raises $0.08 to $0.10
Evgecha554: folds 
MXMR83: folds 
gcesinha_RJ: folds 
Uncalled bet ($0.08) returned to etienne16671
etienne16671 collected $0.08 from pot
etienne16671: doesn't show hand 
*** SUMMARY ***
Total pot $0.08 | Rake $0 
Seat 1: etienne16671 (big blind) collected ($0.08)
Seat 2: Dorex2007 folded before Flop (didn't bet)
Seat 3: ageorge2500 folded before Flop (didn't bet)
Seat 4: AizhanMash folded before Flop (didn't bet)
Seat 5: tchase14 folded before Flop (didn't bet)
Seat 6: Evgecha554 folded before Flop
Seat 7: wetmoose 613 folded before Flop (didn't bet)
Seat 8: MXMR83 (button) folded before Flop
Seat 9: gcesinha_RJ (small blind) folded before Flop



PokerStars Hand #227231335211:  Hold'em No Limit ($0.01/$0.02 USD) - 2021/05/31 18:27:07 PT [2021/05/31 21:27:07 ET]
Table 'Naantali III' 9-max Seat #9 is the button
Seat 1: etienne16671 ($1.63 in chips) 
Seat 2: Dorex2007 ($2.24 in chips) 
Seat 3: ageorge2500 ($4.71 in chips) 
Seat 4: AizhanMash ($1.14 in chips) 
Seat 5: tchase14 ($2.10 in chips) 
Seat 6: Evgecha554 ($1.08 in chips) 
Seat 7: wetmoose 613 ($2.34 in chips) 
Seat 8: MXMR83 ($0.95 in chips) 
Seat 9: gcesinha_RJ ($2.25 in chips) 
etienne16671: posts small blind $0.01
Dorex2007: posts big blind $0.02
*** HOLE CARDS ***
Dealt to Dorex2007 [Qh Ah]
ageorge2500: folds 
AizhanMash: folds 
tchase14: folds 
Evgecha554: folds 
wetmoose 613: folds 
MXMR83: folds 
gcesinha_RJ: folds 
etienne16671: folds 
Uncalled bet ($0.01) returned to Dorex2007
Dorex2007 collected $0.02 from pot
Dorex2007: doesn't show hand 
*** SUMMARY ***
Total pot $0.02 | Rake $0 
Seat 1: etienne16671 (small blind) folded before Flop
Seat 2: Dorex2007 (big blind) collected ($0.02)
Seat 3: ageorge2500 folded before Flop (didn't bet)
Seat 4: AizhanMash folded before Flop (didn't bet)
Seat 5: tchase14 folded before Flop (didn't bet)
Seat 6: Evgecha554 folded before Flop (didn't bet)
Seat 7: wetmoose 613 folded before Flop (didn't bet)
Seat 8: MXMR83 folded before Flop (didn't bet)
Seat 9: gcesinha_RJ (button) folded before Flop (didn't bet)



PokerStars Hand #227231339847:  Hold'em No Limit ($0.01/$0.02 USD) - 2021/05/31 18:27:26 PT [2021/05/31 21:27:26 ET]
Table 'Naantali III' 9-max Seat #1 is the button
Seat 1: etienne16671 ($1.62 in chips) 
Seat 2: Dorex2007 ($2.25 in chips) 
Seat 3: ageorge2500 ($4.71 in chips) 
Seat 4: AizhanMash ($1.14 in chips) 
Seat 5: tchase14 ($2.10 in chips) 
Seat 6: Evgecha554 ($1.08 in chips) 
Seat 7: wetmoose 613 ($2.34 in chips) 
Seat 8: MXMR83 ($0.95 in chips) 
Seat 9: gcesinha_RJ ($2.25 in chips) 
Dorex2007: posts small blind $0.01
ageorge2500: posts big blind $0.02
*** HOLE CARDS ***
Dealt to Dorex2007 [9c 2c]
AizhanMash: calls $0.02
tchase14: folds 
Evgecha554: calls $0.02
wetmoose 613: folds 
MXMR83: calls $0.02
gcesinha_RJ: folds 
etienne16671: raises $0.05 to $0.07
Dorex2007: folds 
ageorge2500: folds 
AizhanMash: calls $0.05
Evgecha554: calls $0.05
MXMR83: calls $0.05
*** FLOP *** [Kd 8c 4h]
AizhanMash: checks 
Evgecha554: checks 
MXMR83: checks 
etienne16671: bets $0.14
AizhanMash: folds 
Evgecha554: folds 
MXMR83: folds 
Uncalled bet ($0.14) returned to etienne16671
etienne16671 collected $0.30 from pot
etienne16671: doesn't show hand 
*** SUMMARY ***
Total pot $0.31 | Rake $0.01 
Board [Kd 8c 4h]
Seat 1: etienne16671 (button) collected ($0.30)
Seat 2: Dorex2007 (small blind) folded before Flop
Seat 3: ageorge2500 (big blind) folded before Flop
Seat 4: AizhanMash folded on the Flop
Seat 5: tchase14 folded before Flop (didn't bet)
Seat 6: Evgecha554 folded on the Flop
Seat 7: wetmoose 613 folded before Flop (didn't bet)
Seat 8: MXMR83 folded on the Flop
Seat 9: gcesinha_RJ folded before Flop (didn't bet)



PokerStars Hand #227231352479:  Hold'em No Limit ($0.01/$0.02 USD) - 2021/05/31 18:28:22 PT [2021/05/31 21:28:22 ET]
Table 'Naantali III' 9-max Seat #2 is the button
Seat 1: etienne16671 ($1.85 in chips) 
Seat 2: Dorex2007 ($2.24 in chips) 
Seat 3: ageorge2500 ($4.69 in chips) 
Seat 4: AizhanMash ($1.07 in chips) 
Seat 5: tchase14 ($2.10 in chips) 
Seat 6: Evgecha554 ($1.01 in chips) 
Seat 7: wetmoose 613 ($2.34 in chips) 
Seat 8: MXMR83 ($0.88 in chips) 
Seat 9: gcesinha_RJ ($2.25 in chips) 
ageorge2500: posts small blind $0.01
AizhanMash: posts big blind $0.02
*** HOLE CARDS ***
Dealt to Dorex2007 [5h Kh]
tchase14: folds 
Evgecha554: calls $0.02
wetmoose 613: raises $0.04 to $0.06
MXMR83: folds 
gcesinha_RJ: folds 
etienne16671: folds 
Dorex2007: folds 
ageorge2500: folds 
AizhanMash: folds 
Evgecha554: calls $0.04
*** FLOP *** [3s 9h 8c]
Evgecha554: checks 
wetmoose 613: bets $0.08
Evgecha554: calls $0.08
*** TURN *** [3s 9h 8c] [Kc]
Evgecha554: checks 
wetmoose 613: bets $0.10
Evgecha554: folds 
Uncalled bet ($0.10) returned to wetmoose 613
wetmoose 613 collected $0.30 from pot
wetmoose 613: doesn't show hand 
*** SUMMARY ***
Total pot $0.31 | Rake $0.01 
Board [3s 9h 8c Kc]
Seat 1: etienne16671 folded before Flop (didn't bet)
Seat 2: Dorex2007 (button) folded before Flop (didn't bet)
Seat 3: ageorge2500 (small blind) folded before Flop
Seat 4: AizhanMash (big blind) folded before Flop
Seat 5: tchase14 folded before Flop (didn't bet)
Seat 6: Evgecha554 folded on the Turn
Seat 7: wetmoose 613 collected ($0.30)
Seat 8: MXMR83 folded before Flop (didn't bet)
Seat 9: gcesinha_RJ folded before Flop (didn't bet)



PokerStars Hand #227231365905:  Hold'em No Limit ($0.01/$0.02 USD) - 2021/05/31 18:29:20 PT [2021/05/31 21:29:20 ET]
Table 'Naantali III' 9-max Seat #3 is the button
Seat 1: etienne16671 ($1.85 in chips) 
Seat 2: Dorex2007 ($2.24 in chips) 
Seat 3: ageorge2500 ($4.68 in chips) 
Seat 4: AizhanMash ($1.05 in chips) 
Seat 5: tchase14 ($2.10 in chips) 
Seat 6: Evgecha554 ($0.87 in chips) 
Seat 7: wetmoose 613 ($2.50 in chips) 
Seat 8: MXMR83 ($0.88 in chips) 
Seat 9: gcesinha_RJ ($2.25 in chips) 
AizhanMash: posts small blind $0.01
tchase14: posts big blind $0.02
*** HOLE CARDS ***
Dealt to Dorex2007 [7h 9c]
Evgecha554: folds 
wetmoose 613: folds 
MXMR83: folds 
gcesinha_RJ: folds 
etienne16671: raises $0.06 to $0.08
Dorex2007: folds 
ageorge2500: raises $0.16 to $0.24
AizhanMash: folds 
tchase14: folds 
etienne16671: calls $0.16
*** FLOP *** [Js 4s 4h]
etienne16671: checks 
ageorge2500: bets $0.30
etienne16671: folds 
Uncalled bet ($0.30) returned to ageorge2500
ageorge2500 collected $0.49 from pot
*** SUMMARY ***
Total pot $0.51 | Rake $0.02 
Board [Js 4s 4h]
Seat 1: etienne16671 folded on the Flop
Seat 2: Dorex2007 folded before Flop (didn't bet)
Seat 3: ageorge2500 (button) collected ($0.49)
Seat 4: AizhanMash (small blind) folded before Flop
Seat 5: tchase14 (big blind) folded before Flop
Seat 6: Evgecha554 folded before Flop (didn't bet)
Seat 7: wetmoose 613 folded before Flop (didn't bet)
Seat 8: MXMR83 folded before Flop (didn't bet)
Seat 9: gcesinha_RJ folded before Flop (didn't bet)



PokerStars Hand #227231381411:  Hold'em No Limit ($0.01/$0.02 USD) - 2021/05/31 18:30:27 PT [2021/05/31 21:30:27 ET]
Table 'Naantali III' 9-max Seat #4 is the button
Seat 1: etienne16671 ($1.61 in chips) 
Seat 2: Dorex2007 ($2.24 in chips) 
Seat 3: ageorge2500 ($4.93 in chips) 
Seat 4: AizhanMash ($1.04 in chips) 
Seat 5: tchase14 ($2.08 in chips) 
Seat 6: Evgecha554 ($0.87 in chips) 
Seat 7: wetmoose 613 ($2.50 in chips) 
Seat 8: MXMR83 ($0.88 in chips) 
Seat 9: gcesinha_RJ ($2.25 in chips) 
tchase14: posts small blind $0.01
Evgecha554: posts big blind $0.02
*** HOLE CARDS ***
Dealt to Dorex2007 [5s Qs]
wetmoose 613: folds 
MXMR83: folds 
gcesinha_RJ: folds 
etienne16671: folds 
Dorex2007: folds 
ageorge2500: folds 
AizhanMash: folds 
tchase14: folds 
Uncalled bet ($0.01) returned to Evgecha554
Evgecha554 collected $0.02 from pot
Evgecha554: doesn't show hand 
*** SUMMARY ***
Total pot $0.02 | Rake $0 
Seat 1: etienne16671 folded before Flop (didn't bet)
Seat 2: Dorex2007 folded before Flop (didn't bet)
Seat 3: ageorge2500 folded before Flop (didn't bet)
Seat 4: AizhanMash (button) folded before Flop (didn't bet)
Seat 5: tchase14 (small blind) folded before Flop
Seat 6: Evgecha554 (big blind) collected ($0.02)
Seat 7: wetmoose 613 folded before Flop (didn't bet)
Seat 8: MXMR83 folded before Flop (didn't bet)
Seat 9: gcesinha_RJ folded before Flop (didn't bet)



PokerStars Hand #227231386770:  Hold'em No Limit ($0.01/$0.02 USD) - 2021/05/31 18:30:50 PT [2021/05/31 21:30:50 ET]
Table 'Naantali III' 9-max Seat #5 is the button
Seat 1: etienne16671 ($1.61 in chips) 
Seat 2: Dorex2007 ($2.24 in chips) 
Seat 3: ageorge2500 ($4.93 in chips) 
Seat 4: AizhanMash ($1.04 in chips) 
Seat 5: tchase14 ($2.07 in chips) 
Seat 6: Evgecha554 ($0.88 in chips) 
Seat 7: wetmoose 613 ($2.50 in chips) 
Seat 8: MXMR83 ($0.88 in chips) 
Seat 9: gcesinha_RJ ($2.25 in chips) 
Evgecha554: posts small blind $0.01
wetmoose 613: posts big blind $0.02
*** HOLE CARDS ***
Dealt to Dorex2007 [Kh 7s]
MXMR83: folds 
gcesinha_RJ: folds 
etienne16671: calls $0.02
Dorex2007: folds 
ageorge2500: folds 
AizhanMash: folds 
tchase14: folds 
Evgecha554: calls $0.01
wetmoose 613: checks 
*** FLOP *** [Ac Kd 5s]
Evgecha554: checks 
wetmoose 613: checks 
etienne16671: bets $0.06
MXMR83 leaves the table
Evgecha554: calls $0.06
faherzl joins the table at seat #8 
wetmoose 613: folds 
*** TURN *** [Ac Kd 5s] [Kc]
Evgecha554: checks 
etienne16671: bets $0.09
Evgecha554: calls $0.09
*** RIVER *** [Ac Kd 5s Kc] [6s]
Evgecha554: checks 
etienne16671: checks 
*** SHOW DOWN ***
Evgecha554: shows [Ad 2c] (two pair, Aces and Kings)
etienne16671: shows [Jc As] (two pair, Aces and Kings - Jack kicker)
etienne16671 collected $0.35 from pot
*** SUMMARY ***
Total pot $0.36 | Rake $0.01 
Board [Ac Kd 5s Kc 6s]
Seat 1: etienne16671 showed [Jc As] and won ($0.35) with two pair, Aces and Kings
Seat 2: Dorex2007 folded before Flop (didn't bet)
Seat 3: ageorge2500 folded before Flop (didn't bet)
Seat 4: AizhanMash folded before Flop (didn't bet)
Seat 5: tchase14 (button) folded before Flop (didn't bet)
Seat 6: Evgecha554 (small blind) showed [Ad 2c] and lost with two pair, Aces and Kings
Seat 7: wetmoose 613 (big blind) folded on the Flop
Seat 8: MXMR83 folded before Flop (didn't bet)
Seat 9: gcesinha_RJ folded before Flop (didn't bet)



PokerStars Hand #227231406729:  Hold'em No Limit ($0.01/$0.02 USD) - 2021/05/31 18:32:17 PT [2021/05/31 21:32:17 ET]
Table 'Naantali III' 9-max Seat #6 is the button
Seat 1: etienne16671 ($1.79 in chips) 
Seat 2: Dorex2007 ($2.24 in chips) 
Seat 3: ageorge2500 ($4.93 in chips) 
Seat 4: AizhanMash ($1.04 in chips) 
Seat 5: tchase14 ($2.07 in chips) 
Seat 6: Evgecha554 ($0.71 in chips) 
Seat 7: wetmoose 613 ($2.48 in chips) 
Seat 8: faherzl ($1.60 in chips) 
Seat 9: gcesinha_RJ ($2.25 in chips) 
wetmoose 613: posts small blind $0.01
faherzl: posts big blind $0.02
*** HOLE CARDS ***
Dealt to Dorex2007 [Tc 6s]
gcesinha_RJ: folds 
etienne16671: folds 
Dorex2007: folds 
ageorge2500: raises $0.03 to $0.05
AizhanMash: folds 
tchase14: folds 
Evgecha554: folds 
wetmoose 613: folds 
faherzl: folds 
Uncalled bet ($0.03) returned to ageorge2500
ageorge2500 collected $0.05 from pot
*** SUMMARY ***
Total pot $0.05 | Rake $0 
Seat 1: etienne16671 folded before Flop (didn't bet)
Seat 2: Dorex2007 folded before Flop (didn't bet)
Seat 3: ageorge2500 collected ($0.05)
Seat 4: AizhanMash folded before Flop (didn't bet)
Seat 5: tchase14 folded before Flop (didn't bet)
Seat 6: Evgecha554 (button) folded before Flop (didn't bet)
Seat 7: wetmoose 613 (small blind) folded before Flop
Seat 8: faherzl (big blind) folded before Flop
Seat 9: gcesinha_RJ folded before Flop (didn't bet)



PokerStars Hand #227231423670:  Hold'em No Limit ($0.01/$0.02 USD) - 2021/05/31 18:32:53 PT [2021/05/31 21:32:53 ET]
Table 'Naantali III' 9-max Seat #7 is the button
Seat 1: etienne16671 ($1.79 in chips) 
Seat 2: Dorex2007 ($2.24 in chips) 
Seat 3: ageorge2500 ($4.96 in chips) 
Seat 4: AizhanMash ($1.04 in chips) 
Seat 5: tchase14 ($2.07 in chips) 
Seat 6: Evgecha554 ($0.71 in chips) 
Seat 7: wetmoose 613 ($2.47 in chips) 
Seat 8: faherzl ($1.58 in chips) 
faherzl: posts small blind $0.01
etienne16671: posts big blind $0.02
*** HOLE CARDS ***
Dealt to Dorex2007 [Kc Jc]
Dorex2007: raises $0.04 to $0.06
ageorge2500: folds 
AizhanMash: folds 
tchase14: folds 
Evgecha554: folds 
wetmoose 613: folds 
faherzl: folds 
etienne16671: calls $0.04
*** FLOP *** [Tc Qd Qs]
etienne16671: checks 
Dorex2007: bets $0.13
etienne16671: folds 
Uncalled bet ($0.13) returned to Dorex2007
Dorex2007 collected $0.13 from pot
Dorex2007: doesn't show hand 
*** SUMMARY ***
Total pot $0.13 | Rake $0 
Board [Tc Qd Qs]
Seat 1: etienne16671 (big blind) folded on the Flop
Seat 2: Dorex2007 collected ($0.13)
Seat 3: ageorge2500 folded before Flop (didn't bet)
Seat 4: AizhanMash folded before Flop (didn't bet)
Seat 5: tchase14 folded before Flop (didn't bet)
Seat 6: Evgecha554 folded before Flop (didn't bet)
Seat 7: wetmoose 613 (button) folded before Flop (didn't bet)
Seat 8: faherzl (small blind) folded before Flop



PokerStars Hand #227231437539:  Hold'em No Limit ($0.01/$0.02 USD) - 2021/05/31 18:33:53 PT [2021/05/31 21:33:53 ET]
Table 'Naantali III' 9-max Seat #8 is the button
Seat 1: etienne16671 ($1.73 in chips) 
Seat 2: Dorex2007 ($2.31 in chips) 
Seat 3: ageorge2500 ($4.96 in chips) 
Seat 4: AizhanMash ($1.04 in chips) 
Seat 5: tchase14 ($2.07 in chips) 
Seat 6: Evgecha554 ($0.71 in chips) 
Seat 7: wetmoose 613 ($2.47 in chips) 
Seat 8: faherzl ($1.57 in chips) 
etienne16671: posts small blind $0.01
Dorex2007: posts big blind $0.02
*** HOLE CARDS ***
Dealt to Dorex2007 [Kc 6h]
ageorge2500: folds 
AizhanMash: folds 
tchase14: folds 
Evgecha554: calls $0.02
wetmoose 613: raises $0.04 to $0.06
faherzl: folds 
etienne16671: calls $0.05
Dorex2007: folds 
Evgecha554: calls $0.04
*** FLOP *** [7s 7d Kh]
etienne16671: checks 
Evgecha554: checks 
wetmoose 613: checks 
*** TURN *** [7s 7d Kh] [Qs]
etienne16671: bets $0.12
Evgecha554: calls $0.12
wetmoose 613: folds 
*** RIVER *** [7s 7d Kh Qs] [5d]
etienne16671: bets $0.12
Evgecha554: raises $0.12 to $0.24
etienne16671: calls $0.12
*** SHOW DOWN ***
Evgecha554: shows [Ah Ks] (two pair, Kings and Sevens)
etienne16671: mucks hand 
Evgecha554 collected $0.89 from pot
*** SUMMARY ***
Total pot $0.92 | Rake $0.03 
Board [7s 7d Kh Qs 5d]
Seat 1: etienne16671 (small blind) mucked [9c Kd]
Seat 2: Dorex2007 (big blind) folded before Flop
Seat 3: ageorge2500 folded before Flop (didn't bet)
Seat 4: AizhanMash folded before Flop (didn't bet)
Seat 5: tchase14 folded before Flop (didn't bet)
Seat 6: Evgecha554 showed [Ah Ks] and won ($0.89) with two pair, Kings and Sevens
Seat 7: wetmoose 613 folded on the Turn
Seat 8: faherzl (button) folded before Flop (didn't bet)



PokerStars Hand #227231453124:  Hold'em No Limit ($0.01/$0.02 USD) - 2021/05/31 18:35:02 PT [2021/05/31 21:35:02 ET]
Table 'Naantali III' 9-max Seat #1 is the button
Seat 1: etienne16671 ($1.31 in chips) 
Seat 2: Dorex2007 ($2.29 in chips) 
Seat 3: ageorge2500 ($4.96 in chips) 
Seat 4: AizhanMash ($1.04 in chips) 
Seat 5: tchase14 ($2.07 in chips) 
Seat 6: Evgecha554 ($1.18 in chips) 
Seat 7: wetmoose 613 ($2.41 in chips) 
Seat 8: faherzl ($1.57 in chips) 
Dorex2007: posts small blind $0.01
ageorge2500: posts big blind $0.02
gcesinha_RJ: sits out 
*** HOLE CARDS ***
Dealt to Dorex2007 [5c Kh]
AizhanMash: raises $0.03 to $0.05
tchase14: folds 
Evgecha554: folds 
wetmoose 613: folds 
faherzl: calls $0.05
etienne16671: calls $0.05
Dorex2007: folds 
ageorge2500: folds 
*** FLOP *** [8h 6s 5d]
AizhanMash: checks 
faherzl: bets $0.04
etienne16671: raises $0.10 to $0.14
AizhanMash: folds 
faherzl: folds 
Uncalled bet ($0.10) returned to etienne16671
etienne16671 collected $0.25 from pot
etienne16671: doesn't show hand 
*** SUMMARY ***
Total pot $0.26 | Rake $0.01 
Board [8h 6s 5d]
Seat 1: etienne16671 (button) collected ($0.25)
Seat 2: Dorex2007 (small blind) folded before Flop
Seat 3: ageorge2500 (big blind) folded before Flop
Seat 4: AizhanMash folded on the Flop
Seat 5: tchase14 folded before Flop (didn't bet)
Seat 6: Evgecha554 folded before Flop (didn't bet)
Seat 7: wetmoose 613 folded before Flop (didn't bet)
Seat 8: faherzl folded on the Flop



PokerStars Hand #227231467005:  Hold'em No Limit ($0.01/$0.02 USD) - 2021/05/31 18:36:00 PT [2021/05/31 21:36:00 ET]
Table 'Naantali III' 9-max Seat #2 is the button
Seat 1: etienne16671 ($1.47 in chips) 
Seat 2: Dorex2007 ($2.28 in chips) 
Seat 3: ageorge2500 ($4.94 in chips) 
Seat 4: AizhanMash ($0.99 in chips) 
Seat 5: tchase14 ($2.07 in chips) 
Seat 6: Evgecha554 ($1.18 in chips) 
Seat 7: wetmoose 613 ($2.41 in chips) 
Seat 8: faherzl ($1.48 in chips) 
Seat 9: gcesinha_RJ ($2.25 in chips) 
ageorge2500: posts small blind $0.01
AizhanMash: posts big blind $0.02
gcesinha_RJ: posts small & big blinds $0.03
*** HOLE CARDS ***
Dealt to Dorex2007 [Kh Ad]
tchase14: folds 
Evgecha554 has timed out
Evgecha554: folds 
wetmoose 613: folds 
faherzl: calls $0.02
gcesinha_RJ: checks 
etienne16671: raises $0.06 to $0.08
Dorex2007: calls $0.08
ageorge2500: calls $0.07
AizhanMash: folds 
faherzl: folds 
gcesinha_RJ: calls $0.06
*** FLOP *** [6c Tc Kd]
ageorge2500: checks 
gcesinha_RJ: checks 
etienne16671: checks 
Dorex2007: bets $0.18
ageorge2500: folds 
gcesinha_RJ: calls $0.18
etienne16671: calls $0.18
*** TURN *** [6c Tc Kd] [2c]
gcesinha_RJ: checks 
etienne16671: checks 
Dorex2007: bets $0.88
gcesinha_RJ: raises $0.88 to $1.76
etienne16671: folds 
Dorex2007: folds 
Uncalled bet ($0.88) returned to gcesinha_RJ
gcesinha_RJ collected $2.58 from pot
*** SUMMARY ***
Total pot $2.67 | Rake $0.09 
Board [6c Tc Kd 2c]
Seat 1: etienne16671 folded on the Turn
Seat 2: Dorex2007 (button) folded on the Turn
Seat 3: ageorge2500 (small blind) folded on the Flop
Seat 4: AizhanMash (big blind) folded before Flop
Seat 5: tchase14 folded before Flop (didn't bet)
Seat 6: Evgecha554 folded before Flop (didn't bet)
Seat 7: wetmoose 613 folded before Flop (didn't bet)
Seat 8: faherzl folded before Flop
Seat 9: gcesinha_RJ collected ($2.58)



PokerStars Hand #227231500011:  Hold'em No Limit ($0.01/$0.02 USD) - 2021/05/31 18:38:09 PT [2021/05/31 21:38:09 ET]
Table 'Naantali III' 9-max Seat #3 is the button
Seat 1: etienne16671 ($1.21 in chips) 
Seat 2: Dorex2007 ($1.14 in chips) 
Seat 3: ageorge2500 ($4.86 in chips) 
Seat 4: AizhanMash ($0.97 in chips) 
Seat 5: tchase14 ($2.07 in chips) 
Seat 6: Evgecha554 ($1.18 in chips) 
Seat 7: wetmoose 613 ($2.41 in chips) 
Seat 8: faherzl ($1.46 in chips) 
Seat 9: gcesinha_RJ ($3.68 in chips) 
AizhanMash: posts small blind $0.01
tchase14: posts big blind $0.02
*** HOLE CARDS ***
Dealt to Dorex2007 [Kc 3s]
Evgecha554: calls $0.02
wetmoose 613: folds 
faherzl: calls $0.02
gcesinha_RJ: calls $0.02
etienne16671: calls $0.02
Dorex2007: folds 
ageorge2500: folds 
AizhanMash: calls $0.01
tchase14: raises $0.14 to $0.16
Evgecha554 is disconnected 
Evgecha554 is connected 
Evgecha554: folds 
faherzl: folds 
gcesinha_RJ: folds 
etienne16671: folds 
AizhanMash: calls $0.14
*** FLOP *** [5h 8h Qh]
AizhanMash: checks 
tchase14: bets $0.20
AizhanMash: folds 
Uncalled bet ($0.20) returned to tchase14
tchase14 collected $0.39 from pot
tchase14: doesn't show hand 
*** SUMMARY ***
Total pot $0.40 | Rake $0.01 
Board [5h 8h Qh]
Seat 1: etienne16671 folded before Flop
Seat 2: Dorex2007 folded before Flop (didn't bet)
Seat 3: ageorge2500 (button) folded before Flop (didn't bet)
Seat 4: AizhanMash (small blind) folded on the Flop
Seat 5: tchase14 (big blind) collected ($0.39)
Seat 6: Evgecha554 folded before Flop
Seat 7: wetmoose 613 folded before Flop (didn't bet)
Seat 8: faherzl folded before Flop
Seat 9: gcesinha_RJ folded before Flop



PokerStars Hand #227231532477:  Hold'em No Limit ($0.01/$0.02 USD) - 2021/05/31 18:39:43 PT [2021/05/31 21:39:43 ET]
Table 'Naantali III' 9-max Seat #4 is the button
Seat 1: etienne16671 ($1.19 in chips) 
Seat 2: Dorex2007 ($1.14 in chips) 
Seat 3: ageorge2500 ($4.86 in chips) 
Seat 4: AizhanMash ($0.81 in chips) 
Seat 5: tchase14 ($2.30 in chips) 
Seat 6: Evgecha554 ($1.16 in chips) 
Seat 7: wetmoose 613 ($2.41 in chips) 
Seat 8: faherzl ($1.44 in chips) 
Seat 9: gcesinha_RJ ($3.66 in chips) 
tchase14: posts small blind $0.01
Evgecha554: posts big blind $0.02
*** HOLE CARDS ***
Dealt to Dorex2007 [2c 9d]
wetmoose 613: folds 
faherzl: calls $0.02
gcesinha_RJ: folds 
etienne16671: calls $0.02
Dorex2007: folds 
ageorge2500: folds 
AizhanMash: folds 
tchase14: folds 
Evgecha554: checks 
*** FLOP *** [Ac 4c 4d]
tchase14 leaves the table
Evgecha554: checks 
faherzl: checks 
WSOPchamp020 joins the table at seat #5 
etienne16671: checks 
*** TURN *** [Ac 4c 4d] [2d]
Evgecha554: checks 
faherzl: bets $0.02
etienne16671: calls $0.02
Evgecha554: folds 
*** RIVER *** [Ac 4c 4d 2d] [Tc]
faherzl: checks 
etienne16671: bets $0.06
faherzl: folds 
Uncalled bet ($0.06) returned to etienne16671
etienne16671 collected $0.11 from pot
etienne16671: doesn't show hand 
*** SUMMARY ***
Total pot $0.11 | Rake $0 
Board [Ac 4c 4d 2d Tc]
Seat 1: etienne16671 collected ($0.11)
Seat 2: Dorex2007 folded before Flop (didn't bet)
Seat 3: ageorge2500 folded before Flop (didn't bet)
Seat 4: AizhanMash (button) folded before Flop (didn't bet)
Seat 5: tchase14 (small blind) folded before Flop
Seat 6: Evgecha554 (big blind) folded on the Turn
Seat 7: wetmoose 613 folded before Flop (didn't bet)
Seat 8: faherzl folded on the River
Seat 9: gcesinha_RJ folded before Flop (didn't bet)



PokerStars Hand #227231546196:  Hold'em No Limit ($0.01/$0.02 USD) - 2021/05/31 18:40:41 PT [2021/05/31 21:40:41 ET]
Table 'Naantali III' 9-max Seat #6 is the button
Seat 1: etienne16671 ($1.26 in chips) 
Seat 2: Dorex2007 ($2 in chips) 
Seat 3: ageorge2500 ($4.86 in chips) 
Seat 4: AizhanMash ($0.81 in chips) 
Seat 6: Evgecha554 ($1.14 in chips) 
Seat 7: wetmoose 613 ($2.41 in chips) 
Seat 8: faherzl ($1.40 in chips) 
Seat 9: gcesinha_RJ ($3.66 in chips) 
wetmoose 613: posts small blind $0.01
faherzl: posts big blind $0.02
WSOPchamp020: sits out 
*** HOLE CARDS ***
Dealt to Dorex2007 [9c 5d]
gcesinha_RJ: calls $0.02
etienne16671: folds 
Dorex2007: folds 
ageorge2500: folds 
AizhanMash: calls $0.02
Evgecha554: folds 
wetmoose 613: calls $0.01
faherzl: checks 
*** FLOP *** [2c 5h 4s]
wetmoose 613: checks 
faherzl: checks 
gcesinha_RJ: bets $0.04
AizhanMash: folds 
wetmoose 613: calls $0.04
faherzl: folds 
*** TURN *** [2c 5h 4s] [6h]
wetmoose 613: checks 
gcesinha_RJ: checks 
*** RIVER *** [2c 5h 4s 6h] [5s]
wetmoose 613: bets $0.08
gcesinha_RJ: folds 
Uncalled bet ($0.08) returned to wetmoose 613
wetmoose 613 collected $0.15 from pot
wetmoose 613: doesn't show hand 
*** SUMMARY ***
Total pot $0.16 | Rake $0.01 
Board [2c 5h 4s 6h 5s]
Seat 1: etienne16671 folded before Flop (didn't bet)
Seat 2: Dorex2007 folded before Flop (didn't bet)
Seat 3: ageorge2500 folded before Flop (didn't bet)
Seat 4: AizhanMash folded on the Flop
Seat 6: Evgecha554 (button) folded before Flop (didn't bet)
Seat 7: wetmoose 613 (small blind) collected ($0.15)
Seat 8: faherzl (big blind) folded on the Flop
Seat 9: gcesinha_RJ folded on the River



PokerStars Hand #227231567184:  Hold'em No Limit ($0.01/$0.02 USD) - 2021/05/31 18:42:08 PT [2021/05/31 21:42:08 ET]
Table 'Naantali III' 9-max Seat #7 is the button
Seat 1: etienne16671 ($1.26 in chips) 
Seat 2: Dorex2007 ($2 in chips) 
Seat 3: ageorge2500 ($4.86 in chips) 
Seat 4: AizhanMash ($0.79 in chips) 
Seat 5: WSOPchamp020 ($2 in chips) 
Seat 6: Evgecha554 ($1.14 in chips) 
Seat 7: wetmoose 613 ($2.50 in chips) 
Seat 8: faherzl ($1.38 in chips) 
Seat 9: gcesinha_RJ ($3.60 in chips) 
faherzl: posts small blind $0.01
gcesinha_RJ: posts big blind $0.02
WSOPchamp020: posts big blind $0.02
*** HOLE CARDS ***
Dealt to Dorex2007 [7s 8d]
etienne16671: folds 
Dorex2007: folds 
ageorge2500: folds 
AizhanMash: folds 
WSOPchamp020: raises $0.04 to $0.06
Evgecha554: calls $0.06
wetmoose 613: folds 
faherzl: folds 
gcesinha_RJ: folds 
*** FLOP *** [5c Ts Ah]
WSOPchamp020: checks 
Evgecha554: bets $0.02
WSOPchamp020: calls $0.02
*** TURN *** [5c Ts Ah] [5h]
WSOPchamp020: checks 
Evgecha554: bets $0.05
WSOPchamp020: calls $0.05
*** RIVER *** [5c Ts Ah 5h] [4s]
WSOPchamp020: checks 
Evgecha554: checks 
*** SHOW DOWN ***
WSOPchamp020: shows [Jh Jd] (two pair, Jacks and Fives)
Evgecha554: mucks hand 
WSOPchamp020 collected $0.28 from pot
*** SUMMARY ***
Total pot $0.29 | Rake $0.01 
Board [5c Ts Ah 5h 4s]
Seat 1: etienne16671 folded before Flop (didn't bet)
Seat 2: Dorex2007 folded before Flop (didn't bet)
Seat 3: ageorge2500 folded before Flop (didn't bet)
Seat 4: AizhanMash folded before Flop (didn't bet)
Seat 5: WSOPchamp020 showed [Jh Jd] and won ($0.28) with two pair, Jacks and Fives
Seat 6: Evgecha554 mucked [Tc 9s]
Seat 7: wetmoose 613 (button) folded before Flop (didn't bet)
Seat 8: faherzl (small blind) folded before Flop
Seat 9: gcesinha_RJ (big blind) folded before Flop



PokerStars Hand #227231578321:  Hold'em No Limit ($0.01/$0.02 USD) - 2021/05/31 18:42:55 PT [2021/05/31 21:42:55 ET]
Table 'Naantali III' 9-max Seat #8 is the button
Seat 1: etienne16671 ($1.26 in chips) 
Seat 2: Dorex2007 ($2 in chips) 
Seat 3: ageorge2500 ($4.86 in chips) 
Seat 4: AizhanMash ($0.79 in chips) 
Seat 5: WSOPchamp020 ($2.15 in chips) 
Seat 6: Evgecha554 ($1.01 in chips) 
Seat 7: wetmoose 613 ($2.50 in chips) 
Seat 8: faherzl ($1.37 in chips) 
Seat 9: gcesinha_RJ ($3.58 in chips) 
gcesinha_RJ: posts small blind $0.01
etienne16671: posts big blind $0.02
*** HOLE CARDS ***
Dealt to Dorex2007 [Tc 8d]
Dorex2007: folds 
ageorge2500: folds 
AizhanMash: folds 
WSOPchamp020: raises $0.04 to $0.06
Evgecha554: calls $0.06
wetmoose 613: folds 
faherzl: folds 
gcesinha_RJ: folds 
etienne16671: calls $0.04
*** FLOP *** [Kh 9c 7h]
etienne16671: checks 
WSOPchamp020: bets $0.09
Evgecha554: folds 
etienne16671: folds 
Uncalled bet ($0.09) returned to WSOPchamp020
WSOPchamp020 collected $0.18 from pot
WSOPchamp020: doesn't show hand 
*** SUMMARY ***
Total pot $0.19 | Rake $0.01 
Board [Kh 9c 7h]
Seat 1: etienne16671 (big blind) folded on the Flop
Seat 2: Dorex2007 folded before Flop (didn't bet)
Seat 3: ageorge2500 folded before Flop (didn't bet)
Seat 4: AizhanMash folded before Flop (didn't bet)
Seat 5: WSOPchamp020 collected ($0.18)
Seat 6: Evgecha554 folded on the Flop
Seat 7: wetmoose 613 folded before Flop (didn't bet)
Seat 8: faherzl (button) folded before Flop (didn't bet)
Seat 9: gcesinha_RJ (small blind) folded before Flop



PokerStars Hand #227231588266:  Hold'em No Limit ($0.01/$0.02 USD) - 2021/05/31 18:43:36 PT [2021/05/31 21:43:36 ET]
Table 'Naantali III' 9-max Seat #9 is the button
Seat 1: etienne16671 ($1.20 in chips) 
Seat 2: Dorex2007 ($2 in chips) 
Seat 3: ageorge2500 ($4.86 in chips) 
Seat 4: AizhanMash ($0.79 in chips) 
Seat 5: WSOPchamp020 ($2.27 in chips) 
Seat 6: Evgecha554 ($0.95 in chips) 
Seat 7: wetmoose 613 ($2.50 in chips) 
Seat 8: faherzl ($1.37 in chips) 
Seat 9: gcesinha_RJ ($3.57 in chips) 
etienne16671: posts small blind $0.01
Dorex2007: posts big blind $0.02
*** HOLE CARDS ***
Dealt to Dorex2007 [9c Kc]
ageorge2500: raises $0.03 to $0.05
AizhanMash: folds 
WSOPchamp020: folds 
Evgecha554: calls $0.05
wetmoose 613: folds 
faherzl: folds 
gcesinha_RJ: folds 
etienne16671: calls $0.04
Dorex2007: calls $0.03
*** FLOP *** [Th 9h Jh]
etienne16671: checks 
Dorex2007: checks 
ageorge2500: bets $0.10
Evgecha554: folds 
etienne16671: calls $0.10
Dorex2007: folds 
*** TURN *** [Th 9h Jh] [8h]
etienne16671: checks 
ageorge2500: bets $0.20
etienne16671: folds 
Uncalled bet ($0.20) returned to ageorge2500
ageorge2500 collected $0.39 from pot
*** SUMMARY ***
Total pot $0.40 | Rake $0.01 
Board [Th 9h Jh 8h]
Seat 1: etienne16671 (small blind) folded on the Turn
Seat 2: Dorex2007 (big blind) folded on the Flop
Seat 3: ageorge2500 collected ($0.39)
Seat 4: AizhanMash folded before Flop (didn't bet)
Seat 5: WSOPchamp020 folded before Flop (didn't bet)
Seat 6: Evgecha554 folded on the Flop
Seat 7: wetmoose 613 folded before Flop (didn't bet)
Seat 8: faherzl folded before Flop (didn't bet)
Seat 9: gcesinha_RJ (button) folded before Flop (didn't bet)



PokerStars Hand #227231599147:  Hold'em No Limit ($0.01/$0.02 USD) - 2021/05/31 18:44:22 PT [2021/05/31 21:44:22 ET]
Table 'Naantali III' 9-max Seat #1 is the button
Seat 1: etienne16671 ($1.05 in chips) 
Seat 2: Dorex2007 ($1.95 in chips) 
Seat 4: AizhanMash ($0.79 in chips) 
Seat 5: WSOPchamp020 ($2.27 in chips) 
Seat 6: Evgecha554 ($0.90 in chips) 
Seat 7: wetmoose 613 ($2.50 in chips) 
Seat 8: faherzl ($1.37 in chips) 
Seat 9: gcesinha_RJ ($3.57 in chips) 
Dorex2007: posts small blind $0.01
ageorge2500: is sitting out 
AizhanMash: posts big blind $0.02
*** HOLE CARDS ***
Dealt to Dorex2007 [6s Qd]
WSOPchamp020: calls $0.02
Evgecha554: folds 
ageorge2500 leaves the table
wetmoose 613: raises $0.04 to $0.06
faherzl: folds 
gcesinha_RJ: calls $0.06
etienne16671: raises $0.04 to $0.10
Dorex2007: folds 
AizhanMash: folds 
WSOPchamp020: calls $0.08
wetmoose 613: calls $0.04
gcesinha_RJ: calls $0.04
*** FLOP *** [2d 9d Kc]
WSOPchamp020: checks 
wetmoose 613: checks 
pokermax82 joins the table at seat #3 
gcesinha_RJ: checks 
etienne16671: bets $0.95 and is all-in
WSOPchamp020: folds 
wetmoose 613: calls $0.95
gcesinha_RJ: folds 
etienne16671 has timed out
*** TURN *** [2d 9d Kc] [8s]
*** RIVER *** [2d 9d Kc 8s] [Jc]
*** SHOW DOWN ***
wetmoose 613: shows [6d Ad] (high card Ace)
etienne16671: shows [Td Ts] (a pair of Tens)
etienne16671 collected $2.25 from pot
*** SUMMARY ***
Total pot $2.33 | Rake $0.08 
Board [2d 9d Kc 8s Jc]
Seat 1: etienne16671 (button) showed [Td Ts] and won ($2.25) with a pair of Tens
Seat 2: Dorex2007 (small blind) folded before Flop
Seat 4: AizhanMash (big blind) folded before Flop
Seat 5: WSOPchamp020 folded on the Flop
Seat 6: Evgecha554 folded before Flop (didn't bet)
Seat 7: wetmoose 613 showed [6d Ad] and lost with high card Ace
Seat 8: faherzl folded before Flop (didn't bet)
Seat 9: gcesinha_RJ folded on the Flop



PokerStars Hand #227231621089:  Hold'em No Limit ($0.01/$0.02 USD) - 2021/05/31 18:45:47 PT [2021/05/31 21:45:47 ET]
Table 'Naantali III' 9-max Seat #2 is the button
Seat 1: etienne16671 ($2.25 in chips) 
Seat 2: Dorex2007 ($1.94 in chips) 
Seat 4: AizhanMash ($0.77 in chips) 
Seat 5: WSOPchamp020 ($2.17 in chips) 
Seat 6: Evgecha554 ($0.90 in chips) 
Seat 7: wetmoose 613 ($1.45 in chips) 
Seat 8: faherzl ($1.37 in chips) 
Seat 9: gcesinha_RJ ($3.47 in chips) 
AizhanMash: posts small blind $0.01
WSOPchamp020: posts big blind $0.02
*** HOLE CARDS ***
Dealt to Dorex2007 [Kc 7d]
Evgecha554: calls $0.02
wetmoose 613: folds 
faherzl: folds 
gcesinha_RJ: calls $0.02
etienne16671: folds 
Dorex2007: folds 
AizhanMash: folds 
WSOPchamp020: checks 
*** FLOP *** [Qs Ah Qc]
WSOPchamp020: checks 
Evgecha554: checks 
gcesinha_RJ: checks 
*** TURN *** [Qs Ah Qc] [9h]
WSOPchamp020: checks 
Evgecha554: checks 
gcesinha_RJ: bets $0.07
WSOPchamp020: folds 
Evgecha554: folds 
Uncalled bet ($0.07) returned to gcesinha_RJ
gcesinha_RJ collected $0.07 from pot
gcesinha_RJ: doesn't show hand 
*** SUMMARY ***
Total pot $0.07 | Rake $0 
Board [Qs Ah Qc 9h]
Seat 1: etienne16671 folded before Flop (didn't bet)
Seat 2: Dorex2007 (button) folded before Flop (didn't bet)
Seat 4: AizhanMash (small blind) folded before Flop
Seat 5: WSOPchamp020 (big blind) folded on the Turn
Seat 6: Evgecha554 folded on the Turn
Seat 7: wetmoose 613 folded before Flop (didn't bet)
Seat 8: faherzl folded before Flop (didn't bet)
Seat 9: gcesinha_RJ collected ($0.07)



PokerStars Hand #227231631899:  Hold'em No Limit ($0.01/$0.02 USD) - 2021/05/31 18:46:33 PT [2021/05/31 21:46:33 ET]
Table 'Naantali III' 9-max Seat #4 is the button
Seat 1: etienne16671 ($2.25 in chips) 
Seat 2: Dorex2007 ($1.94 in chips) 
Seat 3: pokermax82 ($1.60 in chips) 
Seat 4: AizhanMash ($0.76 in chips) 
Seat 5: WSOPchamp020 ($2.15 in chips) 
Seat 6: Evgecha554 ($0.88 in chips) 
Seat 7: wetmoose 613 ($1.45 in chips) 
Seat 8: faherzl ($1.37 in chips) 
Seat 9: gcesinha_RJ ($3.52 in chips) 
WSOPchamp020: posts small blind $0.01
Evgecha554: posts big blind $0.02
pokermax82: posts big blind $0.02
*** HOLE CARDS ***
Dealt to Dorex2007 [Js 4c]
wetmoose 613: calls $0.02
faherzl: raises $0.06 to $0.08
gcesinha_RJ: calls $0.08
etienne16671: folds 
Dorex2007: folds 
pokermax82: calls $0.06
AizhanMash: folds 
WSOPchamp020: folds 
Evgecha554: folds 
wetmoose 613: calls $0.06
*** FLOP *** [4d 2s 8s]
wetmoose 613: checks 
faherzl: bets $1.29 and is all-in
gcesinha_RJ: folds 
pokermax82: folds 
wetmoose 613: folds 
Uncalled bet ($1.29) returned to faherzl
faherzl collected $0.34 from pot
faherzl: doesn't show hand 
*** SUMMARY ***
Total pot $0.35 | Rake $0.01 
Board [4d 2s 8s]
Seat 1: etienne16671 folded before Flop (didn't bet)
Seat 2: Dorex2007 folded before Flop (didn't bet)
Seat 3: pokermax82 folded on the Flop
Seat 4: AizhanMash (button) folded before Flop (didn't bet)
Seat 5: WSOPchamp020 (small blind) folded before Flop
Seat 6: Evgecha554 (big blind) folded before Flop
Seat 7: wetmoose 613 folded on the Flop
Seat 8: faherzl collected ($0.34)
Seat 9: gcesinha_RJ folded on the Flop



PokerStars Hand #227231643762:  Hold'em No Limit ($0.01/$0.02 USD) - 2021/05/31 18:47:23 PT [2021/05/31 21:47:23 ET]
Table 'Naantali III' 9-max Seat #5 is the button
Seat 1: etienne16671 ($2.25 in chips) 
Seat 2: Dorex2007 ($1.94 in chips) 
Seat 3: pokermax82 ($1.52 in chips) 
Seat 4: AizhanMash ($0.76 in chips) 
Seat 5: WSOPchamp020 ($2.14 in chips) 
Seat 6: Evgecha554 ($0.86 in chips) 
Seat 8: faherzl ($1.63 in chips) 
Seat 9: gcesinha_RJ ($3.44 in chips) 
Evgecha554: posts small blind $0.01
faherzl: posts big blind $0.02
*** HOLE CARDS ***
Dealt to Dorex2007 [5c 9s]
gcesinha_RJ said, "kkk"
wetmoose 613 leaves the table
gcesinha_RJ said, "nice move"
gcesinha_RJ: folds 
etienne16671: calls $0.02
Dorex2007: folds 
pokermax82: folds 
AizhanMash: folds 
WSOPchamp020: calls $0.02
Evgecha554: folds 
faherzl: checks 
*** FLOP *** [Kh Kd 3h]
CarlosECRuiz joins the table at seat #7 
faherzl: checks 
etienne16671: checks 
WSOPchamp020: bets $0.07
faherzl: calls $0.07
etienne16671: calls $0.07
*** TURN *** [Kh Kd 3h] [2h]
faherzl: checks 
etienne16671: checks 
WSOPchamp020: checks 
*** RIVER *** [Kh Kd 3h 2h] [Td]
faherzl: bets $0.08
etienne16671: calls $0.08
WSOPchamp020: calls $0.08
*** SHOW DOWN ***
faherzl: shows [Kc 4d] (three of a kind, Kings)
etienne16671: shows [Ks 6s] (three of a kind, Kings - Ten+Six kicker)
WSOPchamp020: mucks hand 
etienne16671 collected $0.50 from pot
*** SUMMARY ***
Total pot $0.52 | Rake $0.02 
Board [Kh Kd 3h 2h Td]
Seat 1: etienne16671 showed [Ks 6s] and won ($0.50) with three of a kind, Kings
Seat 2: Dorex2007 folded before Flop (didn't bet)
Seat 3: pokermax82 folded before Flop (didn't bet)
Seat 4: AizhanMash folded before Flop (didn't bet)
Seat 5: WSOPchamp020 (button) mucked [3s Ac]
Seat 6: Evgecha554 (small blind) folded before Flop
Seat 8: faherzl (big blind) showed [Kc 4d] and lost with three of a kind, Kings
Seat 9: gcesinha_RJ folded before Flop (didn't bet)



PokerStars Hand #227231656167:  Hold'em No Limit ($0.01/$0.02 USD) - 2021/05/31 18:48:16 PT [2021/05/31 21:48:16 ET]
Table 'Naantali III' 9-max Seat #6 is the button
Seat 1: etienne16671 ($2.58 in chips) 
Seat 2: Dorex2007 ($1.94 in chips) 
Seat 3: pokermax82 ($1.52 in chips) 
Seat 4: AizhanMash ($0.76 in chips) 
Seat 5: WSOPchamp020 ($1.97 in chips) 
Seat 6: Evgecha554 ($0.85 in chips) 
Seat 8: faherzl ($1.46 in chips) 
Seat 9: gcesinha_RJ ($3.44 in chips) 
faherzl: posts small blind $0.01
gcesinha_RJ: posts big blind $0.02
*** HOLE CARDS ***
Dealt to Dorex2007 [8h 6h]
etienne16671: calls $0.02
Dorex2007: folds 
pokermax82: folds 
AizhanMash: folds 
WSOPchamp020: calls $0.02
Evgecha554: calls $0.02
faherzl: folds 
gcesinha_RJ: checks 
*** FLOP *** [Ad Ah 8s]
gcesinha_RJ: checks 
etienne16671: checks 
WSOPchamp020: checks 
Evgecha554: checks 
*** TURN *** [Ad Ah 8s] [7d]
gcesinha_RJ: checks 
etienne16671: bets $0.04
WSOPchamp020: folds 
Evgecha554: folds 
gcesinha_RJ: raises $0.08 to $0.12
etienne16671: folds 
Uncalled bet ($0.08) returned to gcesinha_RJ
gcesinha_RJ collected $0.16 from pot
*** SUMMARY ***
Total pot $0.17 | Rake $0.01 
Board [Ad Ah 8s 7d]
Seat 1: etienne16671 folded on the Turn
Seat 2: Dorex2007 folded before Flop (didn't bet)
Seat 3: pokermax82 folded before Flop (didn't bet)
Seat 4: AizhanMash folded before Flop (didn't bet)
Seat 5: WSOPchamp020 folded on the Turn
Seat 6: Evgecha554 (button) folded on the Turn
Seat 8: faherzl (small blind) folded before Flop
Seat 9: gcesinha_RJ (big blind) collected ($0.16)



PokerStars Hand #227231677918:  Hold'em No Limit ($0.01/$0.02 USD) - 2021/05/31 18:49:19 PT [2021/05/31 21:49:19 ET]
Table 'Naantali III' 9-max Seat #8 is the button
Seat 1: etienne16671 ($2.52 in chips) 
Seat 2: Dorex2007 ($1.94 in chips) 
Seat 3: pokermax82 ($1.52 in chips) 
Seat 4: AizhanMash ($0.76 in chips) 
Seat 5: WSOPchamp020 ($1.95 in chips) 
Seat 6: Evgecha554 ($0.83 in chips) 
Seat 7: CarlosECRuiz ($0.80 in chips) 
Seat 8: faherzl ($1.45 in chips) 
Seat 9: gcesinha_RJ ($3.54 in chips) 
gcesinha_RJ: posts small blind $0.01
etienne16671: posts big blind $0.02
CarlosECRuiz: posts big blind $0.02
*** HOLE CARDS ***
Dealt to Dorex2007 [Ts 7h]
Dorex2007: folds 
pokermax82: folds 
AizhanMash: calls $0.02
WSOPchamp020: folds 
Evgecha554: folds 
CarlosECRuiz: raises $0.04 to $0.06
faherzl: folds 
gcesinha_RJ: calls $0.05
etienne16671: calls $0.04
AizhanMash: calls $0.04
*** FLOP *** [7d Td 4s]
gcesinha_RJ: checks 
etienne16671: checks 
AizhanMash: checks 
CarlosECRuiz: bets $0.11
gcesinha_RJ: folds 
etienne16671: folds 
AizhanMash: folds 
Uncalled bet ($0.11) returned to CarlosECRuiz
CarlosECRuiz collected $0.23 from pot
CarlosECRuiz: doesn't show hand 
*** SUMMARY ***
Total pot $0.24 | Rake $0.01 
Board [7d Td 4s]
Seat 1: etienne16671 (big blind) folded on the Flop
Seat 2: Dorex2007 folded before Flop (didn't bet)
Seat 3: pokermax82 folded before Flop (didn't bet)
Seat 4: AizhanMash folded on the Flop
Seat 5: WSOPchamp020 folded before Flop (didn't bet)
Seat 6: Evgecha554 folded before Flop (didn't bet)
Seat 7: CarlosECRuiz collected ($0.23)
Seat 8: faherzl (button) folded before Flop (didn't bet)
Seat 9: gcesinha_RJ (small blind) folded on the Flop



PokerStars Hand #227231691189:  Hold'em No Limit ($0.01/$0.02 USD) - 2021/05/31 18:50:10 PT [2021/05/31 21:50:10 ET]
Table 'Naantali III' 9-max Seat #9 is the button
Seat 1: etienne16671 ($2.46 in chips) 
Seat 2: Dorex2007 ($1.94 in chips) 
Seat 3: pokermax82 ($1.52 in chips) 
Seat 4: AizhanMash ($0.70 in chips) 
Seat 5: WSOPchamp020 ($1.95 in chips) 
Seat 6: Evgecha554 ($0.83 in chips) 
Seat 7: CarlosECRuiz ($0.97 in chips) 
Seat 8: faherzl ($1.45 in chips) 
Seat 9: gcesinha_RJ ($3.48 in chips) 
etienne16671: posts small blind $0.01
Dorex2007: posts big blind $0.02
*** HOLE CARDS ***
Dealt to Dorex2007 [2d 7d]
pokermax82: folds 
AizhanMash: folds 
WSOPchamp020: folds 
Evgecha554: calls $0.02
CarlosECRuiz: calls $0.02
faherzl: folds 
gcesinha_RJ: calls $0.02
etienne16671: calls $0.01
Dorex2007: checks 
*** FLOP *** [Jc 5c 8c]
etienne16671: checks 
Dorex2007: checks 
Evgecha554: bets $0.05
CarlosECRuiz: calls $0.05
gcesinha_RJ: folds 
etienne16671: folds 
Dorex2007: folds 
*** TURN *** [Jc 5c 8c] [Qc]
Evgecha554: bets $0.05
CarlosECRuiz: folds 
Uncalled bet ($0.05) returned to Evgecha554
Evgecha554 collected $0.19 from pot
Evgecha554: doesn't show hand 
*** SUMMARY ***
Total pot $0.20 | Rake $0.01 
Board [Jc 5c 8c Qc]
Seat 1: etienne16671 (small blind) folded on the Flop
Seat 2: Dorex2007 (big blind) folded on the Flop
Seat 3: pokermax82 folded before Flop (didn't bet)
Seat 4: AizhanMash folded before Flop (didn't bet)
Seat 5: WSOPchamp020 folded before Flop (didn't bet)
Seat 6: Evgecha554 collected ($0.19)
Seat 7: CarlosECRuiz folded on the Turn
Seat 8: faherzl folded before Flop (didn't bet)
Seat 9: gcesinha_RJ (button) folded on the Flop



PokerStars Hand #227231704291:  Hold'em No Limit ($0.01/$0.02 USD) - 2021/05/31 18:51:07 PT [2021/05/31 21:51:07 ET]
Table 'Naantali III' 9-max Seat #1 is the button
Seat 1: etienne16671 ($2.44 in chips) 
Seat 2: Dorex2007 ($1.92 in chips) 
Seat 3: pokermax82 ($1.52 in chips) 
Seat 4: AizhanMash ($0.70 in chips) 
Seat 5: WSOPchamp020 ($1.95 in chips) 
Seat 6: Evgecha554 ($0.95 in chips) 
Seat 7: CarlosECRuiz ($0.90 in chips) 
Seat 8: faherzl ($1.45 in chips) 
Seat 9: gcesinha_RJ ($3.46 in chips) 
Dorex2007: posts small blind $0.01
pokermax82: posts big blind $0.02
*** HOLE CARDS ***
Dealt to Dorex2007 [As Kc]
AizhanMash: folds 
WSOPchamp020: folds 
Evgecha554: folds 
CarlosECRuiz: folds 
faherzl: calls $0.02
gcesinha_RJ: calls $0.02
etienne16671: folds 
Dorex2007: raises $0.04 to $0.06
pokermax82: folds 
faherzl: calls $0.04
gcesinha_RJ: calls $0.04
*** FLOP *** [6s 5s 4d]
Dorex2007: checks 
faherzl: checks 
gcesinha_RJ: checks 
*** TURN *** [6s 5s 4d] [9c]
Dorex2007: bets $0.19
faherzl: folds 
gcesinha_RJ: folds 
Uncalled bet ($0.19) returned to Dorex2007
Dorex2007 collected $0.19 from pot
Dorex2007: doesn't show hand 
*** SUMMARY ***
Total pot $0.20 | Rake $0.01 
Board [6s 5s 4d 9c]
Seat 1: etienne16671 (button) folded before Flop (didn't bet)
Seat 2: Dorex2007 (small blind) collected ($0.19)
Seat 3: pokermax82 (big blind) folded before Flop
Seat 4: AizhanMash folded before Flop (didn't bet)
Seat 5: WSOPchamp020 folded before Flop (didn't bet)
Seat 6: Evgecha554 folded before Flop (didn't bet)
Seat 7: CarlosECRuiz folded before Flop (didn't bet)
Seat 8: faherzl folded on the Turn
Seat 9: gcesinha_RJ folded on the Turn



PokerStars Hand #227231714186:  Hold'em No Limit ($0.01/$0.02 USD) - 2021/05/31 18:51:50 PT [2021/05/31 21:51:50 ET]
Table 'Naantali III' 9-max Seat #2 is the button
Seat 1: etienne16671 ($2.44 in chips) 
Seat 2: Dorex2007 ($2.05 in chips) 
Seat 3: pokermax82 ($1.50 in chips) 
Seat 4: AizhanMash ($0.70 in chips) 
Seat 5: WSOPchamp020 ($1.95 in chips) 
Seat 6: Evgecha554 ($0.95 in chips) 
Seat 7: CarlosECRuiz ($0.90 in chips) 
Seat 8: faherzl ($1.39 in chips) 
Seat 9: gcesinha_RJ ($3.40 in chips) 
pokermax82: posts small blind $0.01
AizhanMash: posts big blind $0.02
*** HOLE CARDS ***
Dealt to Dorex2007 [7c 3c]
WSOPchamp020: folds 
Evgecha554: calls $0.02
CarlosECRuiz: folds 
faherzl: folds 
gcesinha_RJ: calls $0.02
etienne16671: folds 
Dorex2007: folds 
pokermax82: folds 
AizhanMash: checks 
*** FLOP *** [Jc Ac Jd]
AizhanMash: checks 
Evgecha554: checks 
gcesinha_RJ: bets $0.04
AizhanMash: folds 
Evgecha554: folds 
Uncalled bet ($0.04) returned to gcesinha_RJ
gcesinha_RJ collected $0.07 from pot
gcesinha_RJ: doesn't show hand 
*** SUMMARY ***
Total pot $0.07 | Rake $0 
Board [Jc Ac Jd]
Seat 1: etienne16671 folded before Flop (didn't bet)
Seat 2: Dorex2007 (button) folded before Flop (didn't bet)
Seat 3: pokermax82 (small blind) folded before Flop
Seat 4: AizhanMash (big blind) folded on the Flop
Seat 5: WSOPchamp020 folded before Flop (didn't bet)
Seat 6: Evgecha554 folded on the Flop
Seat 7: CarlosECRuiz folded before Flop (didn't bet)
Seat 8: faherzl folded before Flop (didn't bet)
Seat 9: gcesinha_RJ collected ($0.07)



PokerStars Hand #227231723271:  Hold'em No Limit ($0.01/$0.02 USD) - 2021/05/31 18:52:30 PT [2021/05/31 21:52:30 ET]
Table 'Naantali III' 9-max Seat #3 is the button
Seat 1: etienne16671 ($2.44 in chips) 
Seat 2: Dorex2007 ($2.05 in chips) 
Seat 3: pokermax82 ($1.49 in chips) 
Seat 4: AizhanMash ($0.68 in chips) 
Seat 5: WSOPchamp020 ($1.95 in chips) 
Seat 6: Evgecha554 ($0.93 in chips) 
Seat 7: CarlosECRuiz ($0.90 in chips) 
Seat 8: faherzl ($1.39 in chips) 
Seat 9: gcesinha_RJ ($3.45 in chips) 
AizhanMash: posts small blind $0.01
WSOPchamp020: posts big blind $0.02
*** HOLE CARDS ***
Dealt to Dorex2007 [6s 8h]
Evgecha554: calls $0.02
CarlosECRuiz has timed out
CarlosECRuiz: folds 
faherzl: calls $0.02
gcesinha_RJ: calls $0.02
etienne16671: folds 
Dorex2007: folds 
pokermax82: calls $0.02
AizhanMash: calls $0.01
WSOPchamp020: checks 
*** FLOP *** [Jd 3c 8c]
AizhanMash: checks 
WSOPchamp020: checks 
Evgecha554: checks 
faherzl: bets $0.05
gcesinha_RJ: calls $0.05
pokermax82: calls $0.05
AizhanMash: folds 
WSOPchamp020: folds 
Evgecha554: folds 
*** TURN *** [Jd 3c 8c] [Ad]
faherzl: checks 
gcesinha_RJ: bets $0.08
pokermax82: folds 
faherzl: calls $0.08
*** RIVER *** [Jd 3c 8c Ad] [7c]
faherzl: checks 
gcesinha_RJ: checks 
*** SHOW DOWN ***
faherzl: shows [5s Js] (a pair of Jacks)
gcesinha_RJ: mucks hand 
faherzl collected $0.41 from pot
*** SUMMARY ***
Total pot $0.43 | Rake $0.02 
Board [Jd 3c 8c Ad 7c]
Seat 1: etienne16671 folded before Flop (didn't bet)
Seat 2: Dorex2007 folded before Flop (didn't bet)
Seat 3: pokermax82 (button) folded on the Turn
Seat 4: AizhanMash (small blind) folded on the Flop
Seat 5: WSOPchamp020 (big blind) folded on the Flop
Seat 6: Evgecha554 folded on the Flop
Seat 7: CarlosECRuiz folded before Flop (didn't bet)
Seat 8: faherzl showed [5s Js] and won ($0.41) with a pair of Jacks
Seat 9: gcesinha_RJ mucked [8s Kh]



PokerStars Hand #227231749925:  Hold'em No Limit ($0.01/$0.02 USD) - 2021/05/31 18:54:25 PT [2021/05/31 21:54:25 ET]
Table 'Naantali III' 9-max Seat #4 is the button
Seat 1: etienne16671 ($2.44 in chips) 
Seat 2: Dorex2007 ($2.05 in chips) 
Seat 3: pokermax82 ($1.42 in chips) 
Seat 4: AizhanMash ($0.66 in chips) 
Seat 5: WSOPchamp020 ($1.93 in chips) 
Seat 6: Evgecha554 ($0.91 in chips) 
Seat 7: CarlosECRuiz ($0.90 in chips) 
Seat 8: faherzl ($1.65 in chips) 
Seat 9: gcesinha_RJ ($3.30 in chips) 
WSOPchamp020: posts small blind $0.01
Evgecha554: posts big blind $0.02
*** HOLE CARDS ***
Dealt to Dorex2007 [4d Jc]
CarlosECRuiz: calls $0.02
faherzl: calls $0.02
gcesinha_RJ: folds 
etienne16671: calls $0.02
Dorex2007: folds 
faherzl said, "Nice move"
pokermax82: calls $0.02
AizhanMash: folds 
WSOPchamp020: folds 
Evgecha554: checks 
*** FLOP *** [Th Qs 3s]
Evgecha554: checks 
CarlosECRuiz: bets $0.11
faherzl: folds 
gcesinha_RJ said, "tried rs"
etienne16671: calls $0.11
pokermax82: folds 
faherzl said, "Ok"
Evgecha554: folds 
*** TURN *** [Th Qs 3s] [5d]
CarlosECRuiz: checks 
etienne16671: bets $0.16
CarlosECRuiz: calls $0.16
*** RIVER *** [Th Qs 3s 5d] [9c]
CarlosECRuiz: bets $0.61 and is all-in
etienne16671: calls $0.61
*** SHOW DOWN ***
CarlosECRuiz: shows [6h Qh] (a pair of Queens)
etienne16671: shows [Qc 3c] (two pair, Queens and Threes)
etienne16671 collected $1.80 from pot
*** SUMMARY ***
Total pot $1.87 | Rake $0.07 
Board [Th Qs 3s 5d 9c]
Seat 1: etienne16671 showed [Qc 3c] and won ($1.80) with two pair, Queens and Threes
Seat 2: Dorex2007 folded before Flop (didn't bet)
Seat 3: pokermax82 folded on the Flop
Seat 4: AizhanMash (button) folded before Flop (didn't bet)
Seat 5: WSOPchamp020 (small blind) folded before Flop
Seat 6: Evgecha554 (big blind) folded on the Flop
Seat 7: CarlosECRuiz showed [6h Qh] and lost with a pair of Queens
Seat 8: faherzl folded on the Flop
Seat 9: gcesinha_RJ folded before Flop (didn't bet)



PokerStars Hand #227231767177:  Hold'em No Limit ($0.01/$0.02 USD) - 2021/05/31 18:55:51 PT [2021/05/31 21:55:51 ET]
Table 'Naantali III' 9-max Seat #5 is the button
Seat 1: etienne16671 ($3.34 in chips) 
Seat 2: Dorex2007 ($2.05 in chips) 
Seat 3: pokermax82 ($1.40 in chips) 
Seat 4: AizhanMash ($0.66 in chips) 
Seat 5: WSOPchamp020 ($1.92 in chips) 
Seat 6: Evgecha554 ($0.89 in chips) 
Seat 8: faherzl ($1.63 in chips) 
Seat 9: gcesinha_RJ ($3.30 in chips) 
Evgecha554: posts small blind $0.01
faherzl: posts big blind $0.02
*** HOLE CARDS ***
Dealt to Dorex2007 [7h 8d]
gcesinha_RJ: folds 
CarlosECRuiz leaves the table
etienne16671: calls $0.02
Dorex2007: folds 
pokermax82: calls $0.02
AizhanMash: calls $0.02
WSOPchamp020: folds 
Evgecha554: calls $0.01
faherzl: checks 
*** FLOP *** [Js 2d 6d]
Evgecha554: checks 
faherzl: bets $0.05
etienne16671: folds 
pokermax82: folds 
AizhanMash: folds 
Evgecha554: folds 
Uncalled bet ($0.05) returned to faherzl
faherzl collected $0.10 from pot
faherzl: doesn't show hand 
*** SUMMARY ***
Total pot $0.10 | Rake $0 
Board [Js 2d 6d]
Seat 1: etienne16671 folded on the Flop
Seat 2: Dorex2007 folded before Flop (didn't bet)
Seat 3: pokermax82 folded on the Flop
Seat 4: AizhanMash folded on the Flop
Seat 5: WSOPchamp020 (button) folded before Flop (didn't bet)
Seat 6: Evgecha554 (small blind) folded on the Flop
Seat 8: faherzl (big blind) collected ($0.10)
Seat 9: gcesinha_RJ folded before Flop (didn't bet)



PokerStars Hand #227231776164:  Hold'em No Limit ($0.01/$0.02 USD) - 2021/05/31 18:56:40 PT [2021/05/31 21:56:40 ET]
Table 'Naantali III' 9-max Seat #6 is the button
Seat 1: etienne16671 ($3.32 in chips) 
Seat 2: Dorex2007 ($2.05 in chips) 
Seat 3: pokermax82 ($1.38 in chips) 
Seat 5: WSOPchamp020 ($1.92 in chips) 
Seat 6: Evgecha554 ($0.87 in chips) 
Seat 8: faherzl ($1.71 in chips) 
Seat 9: gcesinha_RJ ($3.30 in chips) 
faherzl: posts small blind $0.01
gcesinha_RJ: posts big blind $0.02
*** HOLE CARDS ***
Dealt to Dorex2007 [7c 2d]
etienne16671: folds 
Dorex2007: folds 
pokermax82: folds 
WSOPchamp020: calls $0.02
Evgecha554: calls $0.02
faherzl: calls $0.01
gcesinha_RJ: checks 
*** FLOP *** [6c 4h 2s]
faherzl: bets $0.05
gcesinha_RJ: calls $0.05
Jhony Luci joins the table at seat #7 
WSOPchamp020: calls $0.05
Evgecha554: calls $0.05
*** TURN *** [6c 4h 2s] [Th]
faherzl: bets $0.04
Jhony Luci leaves the table
gcesinha_RJ: calls $0.04
WSOPchamp020: calls $0.04
Evgecha554: calls $0.04
*** RIVER *** [6c 4h 2s Th] [2c]
faherzl: checks 
gcesinha_RJ: checks 
WSOPchamp020: checks 
Evgecha554: checks 
*** SHOW DOWN ***
faherzl: shows [6d Kh] (two pair, Sixes and Deuces)
gcesinha_RJ: mucks hand 
WSOPchamp020: mucks hand 
Evgecha554: mucks hand 
faherzl collected $0.42 from pot
*** SUMMARY ***
Total pot $0.44 | Rake $0.02 
Board [6c 4h 2s Th 2c]
Seat 1: etienne16671 folded before Flop (didn't bet)
Seat 2: Dorex2007 folded before Flop (didn't bet)
Seat 3: pokermax82 folded before Flop (didn't bet)
Seat 5: WSOPchamp020 mucked [Js 7s]
Seat 6: Evgecha554 (button) mucked [7d 8h]
Seat 8: faherzl (small blind) showed [6d Kh] and won ($0.42) with two pair, Sixes and Deuces
Seat 9: gcesinha_RJ (big blind) mucked [5s 6s]



PokerStars Hand #227231788297:  Hold'em No Limit ($0.01/$0.02 USD) - 2021/05/31 18:57:47 PT [2021/05/31 21:57:47 ET]
Table 'Naantali III' 9-max Seat #8 is the button
Seat 1: etienne16671 ($3.32 in chips) 
Seat 2: Dorex2007 ($2.05 in chips) 
Seat 3: pokermax82 ($1.38 in chips) 
Seat 5: WSOPchamp020 ($1.81 in chips) 
Seat 6: Evgecha554 ($0.76 in chips) 
Seat 8: faherzl ($2.02 in chips) 
Seat 9: gcesinha_RJ ($3.19 in chips) 
gcesinha_RJ: posts small blind $0.01
etienne16671: posts big blind $0.02
*** HOLE CARDS ***
Dealt to Dorex2007 [Qd 8h]
Dorex2007: folds 
pokermax82: calls $0.02
WSOPchamp020: folds 
Evgecha554: calls $0.02
faherzl: raises $0.08 to $0.10
gcesinha_RJ: folds 
etienne16671: calls $0.08
Jhony Luci joins the table at seat #7 
pokermax82: calls $0.08
Evgecha554: folds 
*** FLOP *** [7h 5d Ts]
etienne16671: checks 
pokermax82: checks 
faherzl: bets $0.16
etienne16671: folds 
pokermax82: folds 
Uncalled bet ($0.16) returned to faherzl
faherzl collected $0.32 from pot
faherzl: doesn't show hand 
*** SUMMARY ***
Total pot $0.33 | Rake $0.01 
Board [7h 5d Ts]
Seat 1: etienne16671 (big blind) folded on the Flop
Seat 2: Dorex2007 folded before Flop (didn't bet)
Seat 3: pokermax82 folded on the Flop
Seat 5: WSOPchamp020 folded before Flop (didn't bet)
Seat 6: Evgecha554 folded before Flop
Seat 8: faherzl (button) collected ($0.32)
Seat 9: gcesinha_RJ (small blind) folded before Flop



PokerStars Hand #227231797286:  Hold'em No Limit ($0.01/$0.02 USD) - 2021/05/31 18:58:37 PT [2021/05/31 21:58:37 ET]
Table 'Naantali III' 9-max Seat #9 is the button
Seat 1: etienne16671 ($3.22 in chips) 
Seat 2: Dorex2007 ($2.05 in chips) 
Seat 3: pokermax82 ($1.28 in chips) 
Seat 5: WSOPchamp020 ($1.81 in chips) 
Seat 6: Evgecha554 ($0.74 in chips) 
Seat 8: faherzl ($2.24 in chips) 
Seat 9: gcesinha_RJ ($3.18 in chips) 
etienne16671: posts small blind $0.01
Dorex2007: posts big blind $0.02
Jhony Luci: sits out 
*** HOLE CARDS ***
Dealt to Dorex2007 [5s 3s]
pokermax82: calls $0.02
WSOPchamp020: folds 
Evgecha554: folds 
faherzl: calls $0.02
gcesinha_RJ: folds 
etienne16671: calls $0.01
Dorex2007: checks 
*** FLOP *** [Qh 6h Kc]
etienne16671: checks 
Dorex2007: checks 
pokermax82: checks 
faherzl: checks 
*** TURN *** [Qh 6h Kc] [Tc]
etienne16671: checks 
Dorex2007: checks 
pokermax82: checks 
faherzl: checks 
*** RIVER *** [Qh 6h Kc Tc] [Qd]
etienne16671: checks 
Dorex2007: checks 
pokermax82: checks 
faherzl: checks 
*** SHOW DOWN ***
etienne16671: shows [5c 6s] (two pair, Queens and Sixes)
Dorex2007: mucks hand 
pokermax82: mucks hand 
faherzl: mucks hand 
etienne16671 collected $0.08 from pot
*** SUMMARY ***
Total pot $0.08 | Rake $0 
Board [Qh 6h Kc Tc Qd]
Seat 1: etienne16671 (small blind) showed [5c 6s] and won ($0.08) with two pair, Queens and Sixes
Seat 2: Dorex2007 (big blind) mucked [5s 3s]
Seat 3: pokermax82 mucked [4h Ah]
Seat 5: WSOPchamp020 folded before Flop (didn't bet)
Seat 6: Evgecha554 folded before Flop (didn't bet)
Seat 8: faherzl mucked [Ac 2s]
Seat 9: gcesinha_RJ (button) folded before Flop (didn't bet)



PokerStars Hand #227231823495:  Hold'em No Limit ($0.01/$0.02 USD) - 2021/05/31 18:59:46 PT [2021/05/31 21:59:46 ET]
Table 'Naantali III' 9-max Seat #1 is the button
Seat 1: etienne16671 ($3.28 in chips) 
Seat 2: Dorex2007 ($2.03 in chips) 
Seat 3: pokermax82 ($1.26 in chips) 
Seat 5: WSOPchamp020 ($1.81 in chips) 
Seat 6: Evgecha554 ($0.74 in chips) 
Seat 8: faherzl ($2.22 in chips) 
Seat 9: gcesinha_RJ ($3.18 in chips) 
Dorex2007: posts small blind $0.01
pokermax82: posts big blind $0.02
Jhony Luci: sits out 
*** HOLE CARDS ***
Dealt to Dorex2007 [8h 2d]
WSOPchamp020: folds 
Evgecha554: folds 
faherzl: calls $0.02
gcesinha_RJ: folds 
etienne16671: raises $0.04 to $0.06
Dorex2007: folds 
pokermax82: folds 
faherzl: folds 
Uncalled bet ($0.04) returned to etienne16671
etienne16671 collected $0.07 from pot
etienne16671: doesn't show hand 
*** SUMMARY ***
Total pot $0.07 | Rake $0 
Seat 1: etienne16671 (button) collected ($0.07)
Seat 2: Dorex2007 (small blind) folded before Flop
Seat 3: pokermax82 (big blind) folded before Flop
Seat 5: WSOPchamp020 folded before Flop (didn't bet)
Seat 6: Evgecha554 folded before Flop (didn't bet)
Seat 8: faherzl folded before Flop
Seat 9: gcesinha_RJ folded before Flop (didn't bet)



PokerStars Hand #227231829669:  Hold'em No Limit ($0.01/$0.02 USD) - 2021/05/31 19:00:19 PT [2021/05/31 22:00:19 ET]
Table 'Naantali III' 9-max Seat #2 is the button
Seat 1: etienne16671 ($3.33 in chips) 
Seat 2: Dorex2007 ($2.02 in chips) 
Seat 3: pokermax82 ($1.24 in chips) 
Seat 5: WSOPchamp020 ($1.81 in chips) 
Seat 6: Evgecha554 ($0.74 in chips) 
Seat 8: faherzl ($2.20 in chips) 
Seat 9: gcesinha_RJ ($3.18 in chips) 
pokermax82: posts small blind $0.01
WSOPchamp020: posts big blind $0.02
Jhony Luci: sits out 
*** HOLE CARDS ***
Dealt to Dorex2007 [Kd 2s]
Evgecha554: calls $0.02
faherzl: calls $0.02
gcesinha_RJ has timed out
gcesinha_RJ: folds 
etienne16671: calls $0.02
Dorex2007: folds 
pokermax82: folds 
WSOPchamp020: checks 
*** FLOP *** [7h Qd 3h]
WSOPchamp020: checks 
Evgecha554: checks 
faherzl: checks 
etienne16671: checks 
*** TURN *** [7h Qd 3h] [7d]
WSOPchamp020: checks 
Evgecha554: bets $0.05
faherzl: folds 
etienne16671: folds 
WSOPchamp020: folds 
Uncalled bet ($0.05) returned to Evgecha554
Evgecha554 collected $0.09 from pot
Evgecha554: doesn't show hand 
*** SUMMARY ***
Total pot $0.09 | Rake $0 
Board [7h Qd 3h 7d]
Seat 1: etienne16671 folded on the Turn
Seat 2: Dorex2007 (button) folded before Flop (didn't bet)
Seat 3: pokermax82 (small blind) folded before Flop
Seat 5: WSOPchamp020 (big blind) folded on the Turn
Seat 6: Evgecha554 collected ($0.09)
Seat 8: faherzl folded on the Turn
Seat 9: gcesinha_RJ folded before Flop (didn't bet)



PokerStars Hand #227231847396:  Hold'em No Limit ($0.01/$0.02 USD) - 2021/05/31 19:01:10 PT [2021/05/31 22:01:10 ET]
Table 'Naantali III' 9-max Seat #3 is the button
Seat 1: etienne16671 ($3.31 in chips) 
Seat 2: Dorex2007 ($2.02 in chips) 
Seat 3: pokermax82 ($1.23 in chips) 
Seat 6: Evgecha554 ($0.81 in chips) 
Seat 7: Jhony Luci ($0.80 in chips) 
Seat 8: faherzl ($2.18 in chips) 
Seat 9: gcesinha_RJ ($3.18 in chips) 
WSOPchamp020 leaves the table
Evgecha554: posts small blind $0.01
Jhony Luci: posts big blind $0.02
*** HOLE CARDS ***
Dealt to Dorex2007 [3h 7c]
faherzl: folds 
gcesinha_RJ: folds 
etienne16671: folds 
Dorex2007: folds 
pokermax82: calls $0.02
Evgecha554: folds 
Jhony Luci: checks 
*** FLOP *** [Qd 2c 8c]
Evgecha554 leaves the table
Jhony Luci: checks 
pokermax82: checks 
*** TURN *** [Qd 2c 8c] [9d]
Jhony Luci: checks 
pokermax82: bets $0.02
Jhony Luci: folds 
Uncalled bet ($0.02) returned to pokermax82
pokermax82 collected $0.05 from pot
pokermax82: doesn't show hand 
*** SUMMARY ***
Total pot $0.05 | Rake $0 
Board [Qd 2c 8c 9d]
Seat 1: etienne16671 folded before Flop (didn't bet)
Seat 2: Dorex2007 folded before Flop (didn't bet)
Seat 3: pokermax82 (button) collected ($0.05)
Seat 6: Evgecha554 (small blind) folded before Flop
Seat 7: Jhony Luci (big blind) folded on the Turn
Seat 8: faherzl folded before Flop (didn't bet)
Seat 9: gcesinha_RJ folded before Flop (didn't bet)



PokerStars Hand #227231857623:  Hold'em No Limit ($0.01/$0.02 USD) - 2021/05/31 19:01:56 PT [2021/05/31 22:01:56 ET]
Table 'Naantali III' 9-max Seat #7 is the button
Seat 1: etienne16671 ($3.31 in chips) 
Seat 2: Dorex2007 ($2.02 in chips) 
Seat 3: pokermax82 ($1.26 in chips) 
Seat 7: Jhony Luci ($0.78 in chips) 
Seat 8: faherzl ($2.18 in chips) 
Seat 9: gcesinha_RJ ($3.18 in chips) 
faherzl: posts small blind $0.01
gcesinha_RJ: posts big blind $0.02
AizhanMash: sits out 
*** HOLE CARDS ***
Dealt to Dorex2007 [Jd As]
etienne16671: folds 
Dorex2007: raises $0.04 to $0.06
pokermax82: folds 
Jhony Luci: folds 
faherzl: folds 
gcesinha_RJ: folds 
Uncalled bet ($0.04) returned to Dorex2007
Dorex2007 collected $0.05 from pot
Dorex2007: doesn't show hand 
*** SUMMARY ***
Total pot $0.05 | Rake $0 
Seat 1: etienne16671 folded before Flop (didn't bet)
Seat 2: Dorex2007 collected ($0.05)
Seat 3: pokermax82 folded before Flop (didn't bet)
Seat 7: Jhony Luci (button) folded before Flop (didn't bet)
Seat 8: faherzl (small blind) folded before Flop
Seat 9: gcesinha_RJ (big blind) folded before Flop



PokerStars Hand #227231863317:  Hold'em No Limit ($0.01/$0.02 USD) - 2021/05/31 19:02:21 PT [2021/05/31 22:02:21 ET]
Table 'Naantali III' 9-max Seat #8 is the button
Seat 1: etienne16671 ($3.31 in chips) 
Seat 2: Dorex2007 ($2.05 in chips) 
Seat 3: pokermax82 ($1.26 in chips) 
Seat 7: Jhony Luci ($0.78 in chips) 
Seat 8: faherzl ($2.17 in chips) 
Seat 9: gcesinha_RJ ($3.16 in chips) 
gcesinha_RJ: posts small blind $0.01
etienne16671: posts big blind $0.02
AizhanMash: sits out 
*** HOLE CARDS ***
Dealt to Dorex2007 [5c 3c]
Dorex2007: folds 
pokermax82: folds 
Jhony Luci: folds 
faherzl: calls $0.02
gcesinha_RJ: calls $0.01
etienne16671: raises $0.04 to $0.06
faherzl: calls $0.04
gcesinha_RJ: calls $0.04
*** FLOP *** [Ad Th Qc]
gcesinha_RJ: checks 
etienne16671: bets $0.08
faherzl: folds 
gcesinha_RJ: folds 
Uncalled bet ($0.08) returned to etienne16671
etienne16671 collected $0.17 from pot
etienne16671: doesn't show hand 
*** SUMMARY ***
Total pot $0.18 | Rake $0.01 
Board [Ad Th Qc]
Seat 1: etienne16671 (big blind) collected ($0.17)
Seat 2: Dorex2007 folded before Flop (didn't bet)
Seat 3: pokermax82 folded before Flop (didn't bet)
Seat 7: Jhony Luci folded before Flop (didn't bet)
Seat 8: faherzl (button) folded on the Flop
Seat 9: gcesinha_RJ (small blind) folded on the Flop



PokerStars Hand #227231879971:  Hold'em No Limit ($0.01/$0.02 USD) - 2021/05/31 19:03:34 PT [2021/05/31 22:03:34 ET]
Table 'Naantali III' 9-max Seat #9 is the button
Seat 1: etienne16671 ($3.42 in chips) 
Seat 2: Dorex2007 ($2.05 in chips) 
Seat 3: pokermax82 ($1.26 in chips) 
Seat 7: Jhony Luci ($0.78 in chips) 
Seat 8: faherzl ($2.11 in chips) 
Seat 9: gcesinha_RJ ($3.10 in chips) 
etienne16671: posts small blind $0.01
Dorex2007: posts big blind $0.02
AizhanMash: sits out 
*** HOLE CARDS ***
Dealt to Dorex2007 [7h 9c]
pokermax82: calls $0.02
Jhony Luci: folds 
faherzl: calls $0.02
gcesinha_RJ: calls $0.02
etienne16671: calls $0.01
Dorex2007: checks 
*** FLOP *** [7s 3c 6d]
etienne16671: checks 
Dorex2007: checks 
pokermax82: bets $0.02
faherzl: calls $0.02
gcesinha_RJ: calls $0.02
etienne16671: raises $0.06 to $0.08
Dorex2007: folds 
pokermax82: calls $0.06
faherzl: folds 
gcesinha_RJ: folds 
*** TURN *** [7s 3c 6d] [5c]
etienne16671: checks 
pokermax82: bets $0.10
etienne16671: calls $0.10
*** RIVER *** [7s 3c 6d 5c] [Ad]
etienne16671: checks 
pokermax82: checks 
*** SHOW DOWN ***
etienne16671: shows [6s Jd] (a pair of Sixes)
pokermax82: shows [Qc Qs] (a pair of Queens)
pokermax82 collected $0.48 from pot
*** SUMMARY ***
Total pot $0.50 | Rake $0.02 
Board [7s 3c 6d 5c Ad]
Seat 1: etienne16671 (small blind) showed [6s Jd] and lost with a pair of Sixes
Seat 2: Dorex2007 (big blind) folded on the Flop
Seat 3: pokermax82 showed [Qc Qs] and won ($0.48) with a pair of Queens
Seat 7: Jhony Luci folded before Flop (didn't bet)
Seat 8: faherzl folded on the Flop
Seat 9: gcesinha_RJ (button) folded on the Flop



PokerStars Hand #227231897086:  Hold'em No Limit ($0.01/$0.02 USD) - 2021/05/31 19:04:49 PT [2021/05/31 22:04:49 ET]
Table 'Naantali III' 9-max Seat #1 is the button
Seat 1: etienne16671 ($3.22 in chips) 
Seat 2: Dorex2007 ($2.03 in chips) 
Seat 3: pokermax82 ($1.54 in chips) 
Seat 7: Jhony Luci ($0.78 in chips) 
Seat 8: faherzl ($2.07 in chips) 
Seat 9: gcesinha_RJ ($3.06 in chips) 
Dorex2007: posts small blind $0.01
pokermax82: posts big blind $0.02
AizhanMash: sits out 
*** HOLE CARDS ***
Dealt to Dorex2007 [6d Qh]
Jhony Luci: folds 
12AJV9 joins the table at seat #5 
faherzl: calls $0.02
LuckyGold2201 joins the table at seat #6 
gcesinha_RJ: folds 
etienne16671: raises $0.04 to $0.06
Dorex2007: folds 
pokermax82: folds 
faherzl: folds 
Uncalled bet ($0.04) returned to etienne16671
etienne16671 collected $0.07 from pot
etienne16671: doesn't show hand 
*** SUMMARY ***
Total pot $0.07 | Rake $0 
Seat 1: etienne16671 (button) collected ($0.07)
Seat 2: Dorex2007 (small blind) folded before Flop
Seat 3: pokermax82 (big blind) folded before Flop
Seat 7: Jhony Luci folded before Flop (didn't bet)
Seat 8: faherzl folded before Flop
Seat 9: gcesinha_RJ folded before Flop (didn't bet)



PokerStars Hand #227231901895:  Hold'em No Limit ($0.01/$0.02 USD) - 2021/05/31 19:05:10 PT [2021/05/31 22:05:10 ET]
Table 'Naantali III' 9-max Seat #2 is the button
Seat 1: etienne16671 ($3.27 in chips) 
Seat 2: Dorex2007 ($2.02 in chips) 
Seat 3: pokermax82 ($1.52 in chips) 
Seat 4: AizhanMash ($0.64 in chips) 
Seat 7: Jhony Luci ($0.78 in chips) 
Seat 8: faherzl ($2.05 in chips) 
Seat 9: gcesinha_RJ ($3.06 in chips) 
pokermax82: posts small blind $0.01
AizhanMash: posts big blind $0.02
12AJV9: sits out 
LuckyGold2201: sits out 
*** HOLE CARDS ***
Dealt to Dorex2007 [7s 9d]
Jhony Luci: folds 
faherzl: folds 
gcesinha_RJ: folds 
etienne16671: folds 
Dorex2007: folds 
pokermax82: folds 
Uncalled bet ($0.01) returned to AizhanMash
AizhanMash collected $0.02 from pot
AizhanMash: doesn't show hand 
*** SUMMARY ***
Total pot $0.02 | Rake $0 
Seat 1: etienne16671 folded before Flop (didn't bet)
Seat 2: Dorex2007 (button) folded before Flop (didn't bet)
Seat 3: pokermax82 (small blind) folded before Flop
Seat 4: AizhanMash (big blind) collected ($0.02)
Seat 7: Jhony Luci folded before Flop (didn't bet)
Seat 8: faherzl folded before Flop (didn't bet)
Seat 9: gcesinha_RJ folded before Flop (didn't bet)



PokerStars Hand #227231906028:  Hold'em No Limit ($0.01/$0.02 USD) - 2021/05/31 19:05:29 PT [2021/05/31 22:05:29 ET]
Table 'Naantali III' 9-max Seat #3 is the button
Seat 2: Dorex2007 ($2.02 in chips) 
Seat 3: pokermax82 ($1.51 in chips) 
Seat 4: AizhanMash ($0.65 in chips) 
Seat 5: 12AJV9 ($2 in chips) 
Seat 7: Jhony Luci ($0.78 in chips) 
Seat 8: faherzl ($2.05 in chips) 
Seat 9: gcesinha_RJ ($3.06 in chips) 
AizhanMash: posts small blind $0.01
12AJV9: posts big blind $0.02
LuckyGold2201: sits out 
*** HOLE CARDS ***
Dealt to Dorex2007 [2s 9c]
Jhony Luci has timed out
Jhony Luci: folds 
faherzl: raises $0.07 to $0.09
gcesinha_RJ: folds 
Dorex2007: folds 
pokermax82: folds 
AizhanMash: calls $0.08
12AJV9: folds 
*** FLOP *** [Qh 9d 3h]
AizhanMash: checks 
faherzl: bets $0.10
AizhanMash: folds 
Uncalled bet ($0.10) returned to faherzl
faherzl collected $0.19 from pot
faherzl: doesn't show hand 
*** SUMMARY ***
Total pot $0.20 | Rake $0.01 
Board [Qh 9d 3h]
Seat 2: Dorex2007 folded before Flop (didn't bet)
Seat 3: pokermax82 (button) folded before Flop (didn't bet)
Seat 4: AizhanMash (small blind) folded on the Flop
Seat 5: 12AJV9 (big blind) folded before Flop
Seat 7: Jhony Luci folded before Flop (didn't bet)
Seat 8: faherzl collected ($0.19)
Seat 9: gcesinha_RJ folded before Flop (didn't bet)



PokerStars Hand #227231917815:  Hold'em No Limit ($0.01/$0.02 USD) - 2021/05/31 19:06:21 PT [2021/05/31 22:06:21 ET]
Table 'Naantali III' 9-max Seat #4 is the button
Seat 2: Dorex2007 ($2.02 in chips) 
Seat 3: pokermax82 ($1.51 in chips) 
Seat 4: AizhanMash ($0.56 in chips) 
Seat 5: 12AJV9 ($1.98 in chips) 
Seat 6: LuckyGold2201 ($2 in chips) 
Seat 7: Jhony Luci ($0.78 in chips) 
Seat 8: faherzl ($2.15 in chips) 
Seat 9: gcesinha_RJ ($3.06 in chips) 
12AJV9: posts small blind $0.01
LuckyGold2201: posts big blind $0.02
*** HOLE CARDS ***
Dealt to Dorex2007 [5s Qd]
Jhony Luci: calls $0.02
faherzl: folds 
gcesinha_RJ: calls $0.02
Dorex2007: folds 
pokermax82: folds 
AizhanMash: calls $0.02
12AJV9: folds 
LuckyGold2201: checks 
*** FLOP *** [4h Ah 3s]
LuckyGold2201: checks 
Jhony Luci: checks 
gcesinha_RJ: checks 
AizhanMash: checks 
*** TURN *** [4h Ah 3s] [9c]
LuckyGold2201: checks 
Jhony Luci: bets $0.05
gcesinha_RJ: calls $0.05
AizhanMash: folds 
LuckyGold2201: folds 
*** RIVER *** [4h Ah 3s 9c] [7h]
Jhony Luci: checks 
gcesinha_RJ: bets $0.18
Jhony Luci: folds 
Uncalled bet ($0.18) returned to gcesinha_RJ
gcesinha_RJ collected $0.18 from pot
*** SUMMARY ***
Total pot $0.19 | Rake $0.01 
Board [4h Ah 3s 9c 7h]
Seat 2: Dorex2007 folded before Flop (didn't bet)
Seat 3: pokermax82 folded before Flop (didn't bet)
Seat 4: AizhanMash (button) folded on the Turn
Seat 5: 12AJV9 (small blind) folded before Flop
Seat 6: LuckyGold2201 (big blind) folded on the Turn
Seat 7: Jhony Luci folded on the River
Seat 8: faherzl folded before Flop (didn't bet)
Seat 9: gcesinha_RJ collected ($0.18)



PokerStars Hand #227231939370:  Hold'em No Limit ($0.01/$0.02 USD) - 2021/05/31 19:07:57 PT [2021/05/31 22:07:57 ET]
Table 'Naantali III' 9-max Seat #5 is the button
Seat 1: etienne16671 ($3.27 in chips) 
Seat 2: Dorex2007 ($2.02 in chips) 
Seat 3: pokermax82 ($1.51 in chips) 
Seat 4: AizhanMash ($0.54 in chips) 
Seat 5: 12AJV9 ($1.97 in chips) 
Seat 6: LuckyGold2201 ($1.98 in chips) 
Seat 7: Jhony Luci ($0.71 in chips) 
Seat 8: faherzl ($2.15 in chips) 
Seat 9: gcesinha_RJ ($3.17 in chips) 
LuckyGold2201: posts small blind $0.01
Jhony Luci: posts big blind $0.02
*** HOLE CARDS ***
Dealt to Dorex2007 [As 6s]
faherzl: folds 
gcesinha_RJ has timed out
gcesinha_RJ: folds 
etienne16671: raises $0.06 to $0.08
Dorex2007: folds 
pokermax82: folds 
AizhanMash: folds 
12AJV9: folds 
LuckyGold2201: folds 
Jhony Luci: folds 
Uncalled bet ($0.06) returned to etienne16671
etienne16671 collected $0.05 from pot
etienne16671: doesn't show hand 
*** SUMMARY ***
Total pot $0.05 | Rake $0 
Seat 1: etienne16671 collected ($0.05)
Seat 2: Dorex2007 folded before Flop (didn't bet)
Seat 3: pokermax82 folded before Flop (didn't bet)
Seat 4: AizhanMash folded before Flop (didn't bet)
Seat 5: 12AJV9 (button) folded before Flop (didn't bet)
Seat 6: LuckyGold2201 (small blind) folded before Flop
Seat 7: Jhony Luci (big blind) folded before Flop
Seat 8: faherzl folded before Flop (didn't bet)
Seat 9: gcesinha_RJ folded before Flop (didn't bet)



PokerStars Hand #227231949212:  Hold'em No Limit ($0.01/$0.02 USD) - 2021/05/31 19:08:42 PT [2021/05/31 22:08:42 ET]
Table 'Naantali III' 9-max Seat #6 is the button
Seat 1: etienne16671 ($3.30 in chips) 
Seat 2: Dorex2007 ($2.02 in chips) 
Seat 3: pokermax82 ($1.51 in chips) 
Seat 4: AizhanMash ($0.54 in chips) 
Seat 5: 12AJV9 ($1.97 in chips) 
Seat 6: LuckyGold2201 ($1.97 in chips) 
Seat 7: Jhony Luci ($0.69 in chips) 
Seat 8: faherzl ($2.15 in chips) 
Seat 9: gcesinha_RJ ($3.17 in chips) 
Jhony Luci: posts small blind $0.01
faherzl: posts big blind $0.02
*** HOLE CARDS ***
Dealt to Dorex2007 [Th 6h]
gcesinha_RJ: folds 
etienne16671: calls $0.02
Dorex2007: folds 
pokermax82: calls $0.02
AizhanMash: folds 
12AJV9: raises $0.08 to $0.10
LuckyGold2201: folds 
Jhony Luci: folds 
faherzl: folds 
etienne16671: calls $0.08
pokermax82: folds 
*** FLOP *** [7s 9s 5c]
etienne16671: checks 
12AJV9: checks 
*** TURN *** [7s 9s 5c] [Qs]
etienne16671: checks 
12AJV9: checks 
*** RIVER *** [7s 9s 5c Qs] [Kd]
etienne16671: checks 
12AJV9: bets $0.08
etienne16671: folds 
Uncalled bet ($0.08) returned to 12AJV9
12AJV9 collected $0.24 from pot
*** SUMMARY ***
Total pot $0.25 | Rake $0.01 
Board [7s 9s 5c Qs Kd]
Seat 1: etienne16671 folded on the River
Seat 2: Dorex2007 folded before Flop (didn't bet)
Seat 3: pokermax82 folded before Flop
Seat 4: AizhanMash folded before Flop (didn't bet)
Seat 5: 12AJV9 collected ($0.24)
Seat 6: LuckyGold2201 (button) folded before Flop (didn't bet)
Seat 7: Jhony Luci (small blind) folded before Flop
Seat 8: faherzl (big blind) folded before Flop
Seat 9: gcesinha_RJ folded before Flop (didn't bet)



PokerStars Hand #227231967249:  Hold'em No Limit ($0.01/$0.02 USD) - 2021/05/31 19:10:04 PT [2021/05/31 22:10:04 ET]
Table 'Naantali III' 9-max Seat #7 is the button
Seat 1: etienne16671 ($3.20 in chips) 
Seat 2: Dorex2007 ($2.02 in chips) 
Seat 3: pokermax82 ($1.49 in chips) 
Seat 4: AizhanMash ($0.54 in chips) 
Seat 5: 12AJV9 ($2.11 in chips) 
Seat 6: LuckyGold2201 ($1.97 in chips) 
Seat 7: Jhony Luci ($0.68 in chips) 
Seat 8: faherzl ($2.13 in chips) 
Seat 9: gcesinha_RJ ($3.17 in chips) 
faherzl: posts small blind $0.01
gcesinha_RJ: posts big blind $0.02
*** HOLE CARDS ***
Dealt to Dorex2007 [Kd 2h]
etienne16671: calls $0.02
Dorex2007: calls $0.02
pokermax82: folds 
AizhanMash has timed out
AizhanMash: folds 
12AJV9: folds 
LuckyGold2201: calls $0.02
Jhony Luci: calls $0.02
faherzl: calls $0.01
gcesinha_RJ: checks 
*** FLOP *** [8h 6s Ts]
faherzl: checks 
gcesinha_RJ: checks 
etienne16671: checks 
Dorex2007: checks 
LuckyGold2201: checks 
Jhony Luci: bets $0.12
faherzl: folds 
gcesinha_RJ: folds 
etienne16671: folds 
Dorex2007: folds 
LuckyGold2201: calls $0.12
*** TURN *** [8h 6s Ts] [9h]
LuckyGold2201: checks 
Jhony Luci: bets $0.54 and is all-in
LuckyGold2201: folds 
Uncalled bet ($0.54) returned to Jhony Luci
Jhony Luci collected $0.35 from pot
Jhony Luci: doesn't show hand 
*** SUMMARY ***
Total pot $0.36 | Rake $0.01 
Board [8h 6s Ts 9h]
Seat 1: etienne16671 folded on the Flop
Seat 2: Dorex2007 folded on the Flop
Seat 3: pokermax82 folded before Flop (didn't bet)
Seat 4: AizhanMash folded before Flop (didn't bet)
Seat 5: 12AJV9 folded before Flop (didn't bet)
Seat 6: LuckyGold2201 folded on the Turn
Seat 7: Jhony Luci (button) collected ($0.35)
Seat 8: faherzl (small blind) folded on the Flop
Seat 9: gcesinha_RJ (big blind) folded on the Flop



PokerStars Hand #227231996835:  Hold'em No Limit ($0.01/$0.02 USD) - 2021/05/31 19:11:33 PT [2021/05/31 22:11:33 ET]
Table 'Naantali III' 9-max Seat #8 is the button
Seat 1: etienne16671 ($3.18 in chips) 
Seat 2: Dorex2007 ($2 in chips) 
Seat 3: pokermax82 ($1.49 in chips) 
Seat 4: AizhanMash ($0.54 in chips) 
Seat 5: 12AJV9 ($2.11 in chips) 
Seat 6: LuckyGold2201 ($1.83 in chips) 
Seat 7: Jhony Luci ($0.89 in chips) 
Seat 8: faherzl ($2.11 in chips) 
Seat 9: gcesinha_RJ ($3.15 in chips) 
gcesinha_RJ: posts small blind $0.01
etienne16671: posts big blind $0.02
*** HOLE CARDS ***
Dealt to Dorex2007 [9h 7s]
Dorex2007: calls $0.02
pokermax82: folds 
AizhanMash: folds 
12AJV9: folds 
LuckyGold2201: raises $0.06 to $0.08
Jhony Luci: folds 
faherzl: folds 
gcesinha_RJ: calls $0.07
etienne16671: folds 
Dorex2007: folds 
*** FLOP *** [Qc 5d 4h]
gcesinha_RJ: bets $0.10
LuckyGold2201: raises $0.10 to $0.20
gcesinha_RJ: folds 
Uncalled bet ($0.10) returned to LuckyGold2201
LuckyGold2201 collected $0.39 from pot
*** SUMMARY ***
Total pot $0.40 | Rake $0.01 
Board [Qc 5d 4h]
Seat 1: etienne16671 (big blind) folded before Flop
Seat 2: Dorex2007 folded before Flop
Seat 3: pokermax82 folded before Flop (didn't bet)
Seat 4: AizhanMash folded before Flop (didn't bet)
Seat 5: 12AJV9 folded before Flop (didn't bet)
Seat 6: LuckyGold2201 collected ($0.39)
Seat 7: Jhony Luci folded before Flop (didn't bet)
Seat 8: faherzl (button) folded before Flop (didn't bet)
Seat 9: gcesinha_RJ (small blind) folded on the Flop



PokerStars Hand #227232008904:  Hold'em No Limit ($0.01/$0.02 USD) - 2021/05/31 19:12:27 PT [2021/05/31 22:12:27 ET]
Table 'Naantali III' 9-max Seat #9 is the button
Seat 1: etienne16671 ($3.16 in chips) 
Seat 2: Dorex2007 ($1.98 in chips) 
Seat 3: pokermax82 ($1.49 in chips) 
Seat 4: AizhanMash ($0.54 in chips) 
Seat 5: 12AJV9 ($2.11 in chips) 
Seat 6: LuckyGold2201 ($2.04 in chips) 
Seat 7: Jhony Luci ($0.89 in chips) 
Seat 8: faherzl ($2.11 in chips) 
Seat 9: gcesinha_RJ ($2.97 in chips) 
etienne16671: posts small blind $0.01
Dorex2007: posts big blind $0.02
*** HOLE CARDS ***
Dealt to Dorex2007 [8s Ks]
pokermax82 has timed out
pokermax82: folds 
AizhanMash: raises $0.03 to $0.05
12AJV9: folds 
LuckyGold2201: folds 
Jhony Luci: folds 
faherzl: folds 
gcesinha_RJ: folds 
gcesinha_RJ leaves the table
etienne16671: calls $0.04
fabri74 joins the table at seat #9 
Dorex2007: calls $0.03
*** FLOP *** [Ad 8c 9d]
etienne16671: checks 
Dorex2007: checks 
AizhanMash: checks 
*** TURN *** [Ad 8c 9d] [3c]
etienne16671: bets $0.08
Dorex2007: folds 
AizhanMash: calls $0.08
*** RIVER *** [Ad 8c 9d 3c] [Qc]
etienne16671: bets $0.15
AizhanMash: raises $0.26 to $0.41 and is all-in
etienne16671: calls $0.26
*** SHOW DOWN ***
AizhanMash: shows [Kc Jc] (a flush, King high)
etienne16671: shows [8d 9h] (two pair, Nines and Eights)
AizhanMash collected $1.09 from pot
*** SUMMARY ***
Total pot $1.13 | Rake $0.04 
Board [Ad 8c 9d 3c Qc]
Seat 1: etienne16671 (small blind) showed [8d 9h] and lost with two pair, Nines and Eights
Seat 2: Dorex2007 (big blind) folded on the Turn
Seat 3: pokermax82 folded before Flop (didn't bet)
Seat 4: AizhanMash showed [Kc Jc] and won ($1.09) with a flush, King high
Seat 5: 12AJV9 folded before Flop (didn't bet)
Seat 6: LuckyGold2201 folded before Flop (didn't bet)
Seat 7: Jhony Luci folded before Flop (didn't bet)
Seat 8: faherzl folded before Flop (didn't bet)
Seat 9: gcesinha_RJ (button) folded before Flop (didn't bet)



