PokerStars Hand #227738136261:  Hold'em No Limit ($0.01/$0.02 USD) - 2021/06/21 1:51:31 PT [2021/06/21 4:51:31 ET]
Table 'Kapaneus II' 9-max Seat #7 is the button
Seat 1: Egormsk884 ($0.79 in chips) 
Seat 2: n2405n ($3.30 in chips) 
Seat 3: Kupec Danila ($1.99 in chips) 
Seat 4: VanyaVanyaVa ($2.22 in chips) 
Seat 5: tweetyteewt ($3.48 in chips) 
Seat 6: Dorex2007 ($2 in chips) 
Seat 7: filimon330 ($0.53 in chips) 
Seat 8: dcorlatescu ($2 in chips) 
Seat 9: maxxeern ($2.47 in chips) 
dcorlatescu: posts small blind $0.01
maxxeern: posts big blind $0.02
Dorex2007: posts big blind $0.02
*** HOLE CARDS ***
Dealt to Dorex2007 [Kc Ks]
Egormsk884: folds 
n2405n: folds 
Kupec Danila: folds 
VanyaVanyaVa: raises $0.04 to $0.06
tweetyteewt: folds 
Dorex2007: calls $0.04
filimon330: folds 
dcorlatescu: folds 
maxxeern: folds 
*** FLOP *** [9s Jd 6s]
VanyaVanyaVa: bets $0.06
Dorex2007: raises $0.12 to $0.18
VanyaVanyaVa: calls $0.12
*** TURN *** [9s Jd 6s] [5s]
VanyaVanyaVa: checks 
Dorex2007: bets $0.49
VanyaVanyaVa: folds 
Uncalled bet ($0.49) returned to Dorex2007
Dorex2007 collected $0.49 from pot
Dorex2007: doesn't show hand 
*** SUMMARY ***
Total pot $0.51 | Rake $0.02 
Board [9s Jd 6s 5s]
Seat 1: Egormsk884 folded before Flop (didn't bet)
Seat 2: n2405n folded before Flop (didn't bet)
Seat 3: Kupec Danila folded before Flop (didn't bet)
Seat 4: VanyaVanyaVa folded on the Turn
Seat 5: tweetyteewt folded before Flop (didn't bet)
Seat 6: Dorex2007 collected ($0.49)
Seat 7: filimon330 (button) folded before Flop (didn't bet)
Seat 8: dcorlatescu (small blind) folded before Flop
Seat 9: maxxeern (big blind) folded before Flop



PokerStars Hand #227738144329:  Hold'em No Limit ($0.01/$0.02 USD) - 2021/06/21 1:52:20 PT [2021/06/21 4:52:20 ET]
Table 'Kapaneus II' 9-max Seat #8 is the button
Seat 1: Egormsk884 ($0.79 in chips) 
Seat 2: n2405n ($3.30 in chips) 
Seat 3: Kupec Danila ($1.99 in chips) 
Seat 4: VanyaVanyaVa ($1.98 in chips) 
Seat 5: tweetyteewt ($3.48 in chips) 
Seat 6: Dorex2007 ($2.25 in chips) 
Seat 7: filimon330 ($0.53 in chips) 
Seat 8: dcorlatescu ($2 in chips) 
Seat 9: maxxeern ($2.45 in chips) 
maxxeern: posts small blind $0.01
Egormsk884: posts big blind $0.02
*** HOLE CARDS ***
Dealt to Dorex2007 [Qc 5d]
n2405n: folds 
Kupec Danila: folds 
VanyaVanyaVa: folds 
tweetyteewt: folds 
Dorex2007: folds 
filimon330: folds 
dcorlatescu: raises $0.03 to $0.05
maxxeern: folds 
Egormsk884: calls $0.03
*** FLOP *** [Ks 3s As]
Egormsk884: checks 
dcorlatescu: bets $0.04
Egormsk884: folds 
Uncalled bet ($0.04) returned to dcorlatescu
dcorlatescu collected $0.11 from pot
*** SUMMARY ***
Total pot $0.11 | Rake $0 
Board [Ks 3s As]
Seat 1: Egormsk884 (big blind) folded on the Flop
Seat 2: n2405n folded before Flop (didn't bet)
Seat 3: Kupec Danila folded before Flop (didn't bet)
Seat 4: VanyaVanyaVa folded before Flop (didn't bet)
Seat 5: tweetyteewt folded before Flop (didn't bet)
Seat 6: Dorex2007 folded before Flop (didn't bet)
Seat 7: filimon330 folded before Flop (didn't bet)
Seat 8: dcorlatescu (button) collected ($0.11)
Seat 9: maxxeern (small blind) folded before Flop



PokerStars Hand #227738149597:  Hold'em No Limit ($0.01/$0.02 USD) - 2021/06/21 1:52:52 PT [2021/06/21 4:52:52 ET]
Table 'Kapaneus II' 9-max Seat #9 is the button
Seat 1: Egormsk884 ($0.74 in chips) 
Seat 2: n2405n ($3.30 in chips) 
Seat 3: Kupec Danila ($1.99 in chips) 
Seat 4: VanyaVanyaVa ($1.98 in chips) 
Seat 5: tweetyteewt ($3.48 in chips) 
Seat 6: Dorex2007 ($2.25 in chips) 
Seat 7: filimon330 ($0.53 in chips) 
Seat 8: dcorlatescu ($2.06 in chips) 
Seat 9: maxxeern ($2.44 in chips) 
Egormsk884: posts small blind $0.01
n2405n: posts big blind $0.02
*** HOLE CARDS ***
Dealt to Dorex2007 [9c 4h]
Kupec Danila: raises $0.04 to $0.06
VanyaVanyaVa: folds 
tweetyteewt: folds 
Dorex2007: folds 
filimon330: folds 
dcorlatescu: folds 
maxxeern: folds 
Egormsk884: folds 
n2405n: calls $0.04
*** FLOP *** [Td Jd As]
n2405n: checks 
Kupec Danila: checks 
*** TURN *** [Td Jd As] [Qd]
n2405n: bets $0.02
Kupec Danila: folds 
Uncalled bet ($0.02) returned to n2405n
n2405n collected $0.13 from pot
n2405n: doesn't show hand 
*** SUMMARY ***
Total pot $0.13 | Rake $0 
Board [Td Jd As Qd]
Seat 1: Egormsk884 (small blind) folded before Flop
Seat 2: n2405n (big blind) collected ($0.13)
Seat 3: Kupec Danila folded on the Turn
Seat 4: VanyaVanyaVa folded before Flop (didn't bet)
Seat 5: tweetyteewt folded before Flop (didn't bet)
Seat 6: Dorex2007 folded before Flop (didn't bet)
Seat 7: filimon330 folded before Flop (didn't bet)
Seat 8: dcorlatescu folded before Flop (didn't bet)
Seat 9: maxxeern (button) folded before Flop (didn't bet)



PokerStars Hand #227738155319:  Hold'em No Limit ($0.01/$0.02 USD) - 2021/06/21 1:53:27 PT [2021/06/21 4:53:27 ET]
Table 'Kapaneus II' 9-max Seat #1 is the button
Seat 1: Egormsk884 ($0.73 in chips) 
Seat 2: n2405n ($3.37 in chips) 
Seat 3: Kupec Danila ($1.93 in chips) 
Seat 4: VanyaVanyaVa ($1.98 in chips) 
Seat 5: tweetyteewt ($3.48 in chips) 
Seat 6: Dorex2007 ($2.25 in chips) 
Seat 7: filimon330 ($0.53 in chips) 
Seat 8: dcorlatescu ($2.06 in chips) 
Seat 9: maxxeern ($2.44 in chips) 
n2405n: posts small blind $0.01
Kupec Danila: posts big blind $0.02
*** HOLE CARDS ***
Dealt to Dorex2007 [7c 4c]
VanyaVanyaVa: folds 
tweetyteewt: folds 
Dorex2007: folds 
filimon330: folds 
dcorlatescu: folds 
maxxeern: folds 
Egormsk884: folds 
n2405n: raises $0.08 to $0.10
Kupec Danila: folds 
Uncalled bet ($0.08) returned to n2405n
n2405n collected $0.04 from pot
n2405n: doesn't show hand 
*** SUMMARY ***
Total pot $0.04 | Rake $0 
Seat 1: Egormsk884 (button) folded before Flop (didn't bet)
Seat 2: n2405n (small blind) collected ($0.04)
Seat 3: Kupec Danila (big blind) folded before Flop
Seat 4: VanyaVanyaVa folded before Flop (didn't bet)
Seat 5: tweetyteewt folded before Flop (didn't bet)
Seat 6: Dorex2007 folded before Flop (didn't bet)
Seat 7: filimon330 folded before Flop (didn't bet)
Seat 8: dcorlatescu folded before Flop (didn't bet)
Seat 9: maxxeern folded before Flop (didn't bet)



PokerStars Hand #227738159484:  Hold'em No Limit ($0.01/$0.02 USD) - 2021/06/21 1:53:52 PT [2021/06/21 4:53:52 ET]
Table 'Kapaneus II' 9-max Seat #2 is the button
Seat 1: Egormsk884 ($0.73 in chips) 
Seat 2: n2405n ($3.39 in chips) 
Seat 3: Kupec Danila ($1.91 in chips) 
Seat 4: VanyaVanyaVa ($1.98 in chips) 
Seat 5: tweetyteewt ($3.48 in chips) 
Seat 6: Dorex2007 ($2.25 in chips) 
Seat 7: filimon330 ($0.53 in chips) 
Seat 8: dcorlatescu ($2.06 in chips) 
Seat 9: maxxeern ($2.44 in chips) 
Kupec Danila: posts small blind $0.01
VanyaVanyaVa: posts big blind $0.02
*** HOLE CARDS ***
Dealt to Dorex2007 [2d Ad]
tweetyteewt: folds 
Dorex2007: folds 
filimon330 has timed out
filimon330: folds 
dcorlatescu: folds 
maxxeern: folds 
Egormsk884: calls $0.02
n2405n: raises $0.08 to $0.10
Kupec Danila: folds 
VanyaVanyaVa: calls $0.08
Egormsk884: folds 
*** FLOP *** [Qd As 7h]
VanyaVanyaVa: checks 
n2405n: bets $0.14
VanyaVanyaVa: folds 
Uncalled bet ($0.14) returned to n2405n
n2405n collected $0.22 from pot
n2405n: doesn't show hand 
*** SUMMARY ***
Total pot $0.23 | Rake $0.01 
Board [Qd As 7h]
Seat 1: Egormsk884 folded before Flop
Seat 2: n2405n (button) collected ($0.22)
Seat 3: Kupec Danila (small blind) folded before Flop
Seat 4: VanyaVanyaVa (big blind) folded on the Flop
Seat 5: tweetyteewt folded before Flop (didn't bet)
Seat 6: Dorex2007 folded before Flop (didn't bet)
Seat 7: filimon330 folded before Flop (didn't bet)
Seat 8: dcorlatescu folded before Flop (didn't bet)
Seat 9: maxxeern folded before Flop (didn't bet)



PokerStars Hand #227738167055:  Hold'em No Limit ($0.01/$0.02 USD) - 2021/06/21 1:54:38 PT [2021/06/21 4:54:38 ET]
Table 'Kapaneus II' 9-max Seat #3 is the button
Seat 1: Egormsk884 ($0.71 in chips) 
Seat 2: n2405n ($3.51 in chips) 
Seat 3: Kupec Danila ($1.90 in chips) 
Seat 4: VanyaVanyaVa ($1.88 in chips) 
Seat 5: tweetyteewt ($3.48 in chips) 
Seat 6: Dorex2007 ($2.25 in chips) 
Seat 7: filimon330 ($0.53 in chips) 
Seat 8: dcorlatescu ($2.06 in chips) 
Seat 9: maxxeern ($2.44 in chips) 
VanyaVanyaVa: posts small blind $0.01
tweetyteewt: posts big blind $0.02
*** HOLE CARDS ***
Dealt to Dorex2007 [3c Qd]
Dorex2007: folds 
filimon330: folds 
dcorlatescu: folds 
maxxeern: folds 
Egormsk884: folds 
n2405n: raises $0.08 to $0.10
Kupec Danila: folds 
VanyaVanyaVa: folds 
tweetyteewt: folds 
Uncalled bet ($0.08) returned to n2405n
n2405n collected $0.05 from pot
n2405n: doesn't show hand 
*** SUMMARY ***
Total pot $0.05 | Rake $0 
Seat 1: Egormsk884 folded before Flop (didn't bet)
Seat 2: n2405n collected ($0.05)
Seat 3: Kupec Danila (button) folded before Flop (didn't bet)
Seat 4: VanyaVanyaVa (small blind) folded before Flop
Seat 5: tweetyteewt (big blind) folded before Flop
Seat 6: Dorex2007 folded before Flop (didn't bet)
Seat 7: filimon330 folded before Flop (didn't bet)
Seat 8: dcorlatescu folded before Flop (didn't bet)
Seat 9: maxxeern folded before Flop (didn't bet)



PokerStars Hand #227738171484:  Hold'em No Limit ($0.01/$0.02 USD) - 2021/06/21 1:55:06 PT [2021/06/21 4:55:06 ET]
Table 'Kapaneus II' 9-max Seat #4 is the button
Seat 1: Egormsk884 ($0.71 in chips) 
Seat 2: n2405n ($3.54 in chips) 
Seat 3: Kupec Danila ($1.90 in chips) 
Seat 4: VanyaVanyaVa ($1.87 in chips) 
Seat 5: tweetyteewt ($3.46 in chips) 
Seat 6: Dorex2007 ($2.25 in chips) 
Seat 7: filimon330 ($0.53 in chips) 
Seat 8: dcorlatescu ($2.06 in chips) 
Seat 9: maxxeern ($2.44 in chips) 
tweetyteewt: posts small blind $0.01
Dorex2007: posts big blind $0.02
*** HOLE CARDS ***
Dealt to Dorex2007 [Kc Jc]
filimon330: folds 
dcorlatescu: folds 
maxxeern: folds 
Egormsk884: calls $0.02
n2405n: raises $0.02 to $0.04
Kupec Danila: folds 
VanyaVanyaVa: folds 
tweetyteewt: folds 
filimon330 leaves the table
Dorex2007: calls $0.02
Egormsk884: calls $0.02
*** FLOP *** [Qs 7s 6c]
Dorex2007: checks 
Egormsk884: checks 
n2405n: checks 
*** TURN *** [Qs 7s 6c] [Jh]
Dorex2007: bets $0.07
Egormsk884: calls $0.07
n2405n: folds 
*** RIVER *** [Qs 7s 6c Jh] [2d]
Dorex2007: bets $0.17
Egormsk884: folds 
Uncalled bet ($0.17) returned to Dorex2007
Dorex2007 collected $0.26 from pot
Dorex2007: doesn't show hand 
*** SUMMARY ***
Total pot $0.27 | Rake $0.01 
Board [Qs 7s 6c Jh 2d]
Seat 1: Egormsk884 folded on the River
Seat 2: n2405n folded on the Turn
Seat 3: Kupec Danila folded before Flop (didn't bet)
Seat 4: VanyaVanyaVa (button) folded before Flop (didn't bet)
Seat 5: tweetyteewt (small blind) folded before Flop
Seat 6: Dorex2007 (big blind) collected ($0.26)
Seat 7: filimon330 folded before Flop (didn't bet)
Seat 8: dcorlatescu folded before Flop (didn't bet)
Seat 9: maxxeern folded before Flop (didn't bet)



PokerStars Hand #227738183370:  Hold'em No Limit ($0.01/$0.02 USD) - 2021/06/21 1:56:32 PT [2021/06/21 4:56:32 ET]
Table 'Kapaneus II' 9-max Seat #5 is the button
Seat 1: Egormsk884 ($0.60 in chips) 
Seat 2: n2405n ($3.50 in chips) 
Seat 3: Kupec Danila ($1.90 in chips) 
Seat 4: VanyaVanyaVa ($1.87 in chips) 
Seat 5: tweetyteewt ($3.45 in chips) 
Seat 6: Dorex2007 ($2.40 in chips) 
Seat 8: dcorlatescu ($2.06 in chips) 
Seat 9: maxxeern ($2.44 in chips) 
Dorex2007: posts small blind $0.01
dcorlatescu: posts big blind $0.02
*** HOLE CARDS ***
Dealt to Dorex2007 [8s 2c]
maxxeern: folds 
koroto2 joins the table at seat #7 
Egormsk884: folds 
n2405n: folds 
Kupec Danila: folds 
VanyaVanyaVa: folds 
tweetyteewt: folds 
Dorex2007: folds 
Uncalled bet ($0.01) returned to dcorlatescu
dcorlatescu collected $0.02 from pot
*** SUMMARY ***
Total pot $0.02 | Rake $0 
Seat 1: Egormsk884 folded before Flop (didn't bet)
Seat 2: n2405n folded before Flop (didn't bet)
Seat 3: Kupec Danila folded before Flop (didn't bet)
Seat 4: VanyaVanyaVa folded before Flop (didn't bet)
Seat 5: tweetyteewt (button) folded before Flop (didn't bet)
Seat 6: Dorex2007 (small blind) folded before Flop
Seat 8: dcorlatescu (big blind) collected ($0.02)
Seat 9: maxxeern folded before Flop (didn't bet)



PokerStars Hand #227738185681:  Hold'em No Limit ($0.01/$0.02 USD) - 2021/06/21 1:56:49 PT [2021/06/21 4:56:49 ET]
Table 'Kapaneus II' 9-max Seat #6 is the button
Seat 1: Egormsk884 ($0.60 in chips) 
Seat 2: n2405n ($3.50 in chips) 
Seat 3: Kupec Danila ($1.90 in chips) 
Seat 4: VanyaVanyaVa ($1.87 in chips) 
Seat 5: tweetyteewt ($3.45 in chips) 
Seat 6: Dorex2007 ($2.39 in chips) 
Seat 8: dcorlatescu ($2.07 in chips) 
Seat 9: maxxeern ($2.44 in chips) 
dcorlatescu: posts small blind $0.01
maxxeern: posts big blind $0.02
*** HOLE CARDS ***
Dealt to Dorex2007 [7c Qs]
Egormsk884: folds 
n2405n: folds 
Kupec Danila: folds 
VanyaVanyaVa: folds 
tweetyteewt: folds 
Dorex2007: folds 
dcorlatescu: calls $0.01
maxxeern: raises $0.04 to $0.06
dcorlatescu: calls $0.04
*** FLOP *** [Tc 4h 5h]
dcorlatescu: checks 
maxxeern: bets $0.09
dcorlatescu: folds 
Uncalled bet ($0.09) returned to maxxeern
maxxeern collected $0.12 from pot
maxxeern: doesn't show hand 
*** SUMMARY ***
Total pot $0.12 | Rake $0 
Board [Tc 4h 5h]
Seat 1: Egormsk884 folded before Flop (didn't bet)
Seat 2: n2405n folded before Flop (didn't bet)
Seat 3: Kupec Danila folded before Flop (didn't bet)
Seat 4: VanyaVanyaVa folded before Flop (didn't bet)
Seat 5: tweetyteewt folded before Flop (didn't bet)
Seat 6: Dorex2007 (button) folded before Flop (didn't bet)
Seat 8: dcorlatescu (small blind) folded on the Flop
Seat 9: maxxeern (big blind) collected ($0.12)



PokerStars Hand #227738189388:  Hold'em No Limit ($0.01/$0.02 USD) - 2021/06/21 1:57:16 PT [2021/06/21 4:57:16 ET]
Table 'Kapaneus II' 9-max Seat #8 is the button
Seat 1: Egormsk884 ($0.60 in chips) 
Seat 2: n2405n ($3.50 in chips) 
Seat 3: Kupec Danila ($1.90 in chips) 
Seat 4: VanyaVanyaVa ($1.87 in chips) 
Seat 5: tweetyteewt ($3.45 in chips) 
Seat 6: Dorex2007 ($2.39 in chips) 
Seat 7: koroto2 ($1.78 in chips) 
Seat 8: dcorlatescu ($2.01 in chips) 
Seat 9: maxxeern ($2.50 in chips) 
maxxeern: posts small blind $0.01
Egormsk884: posts big blind $0.02
koroto2: posts big blind $0.02
*** HOLE CARDS ***
Dealt to Dorex2007 [Qd 6d]
n2405n: folds 
Kupec Danila: folds 
VanyaVanyaVa: raises $0.06 to $0.08
tweetyteewt: folds 
Dorex2007: folds 
koroto2: folds 
dcorlatescu: folds 
maxxeern: folds 
Egormsk884: folds 
Uncalled bet ($0.06) returned to VanyaVanyaVa
VanyaVanyaVa collected $0.07 from pot
*** SUMMARY ***
Total pot $0.07 | Rake $0 
Seat 1: Egormsk884 (big blind) folded before Flop
Seat 2: n2405n folded before Flop (didn't bet)
Seat 3: Kupec Danila folded before Flop (didn't bet)
Seat 4: VanyaVanyaVa collected ($0.07)
Seat 5: tweetyteewt folded before Flop (didn't bet)
Seat 6: Dorex2007 folded before Flop (didn't bet)
Seat 7: koroto2 folded before Flop (didn't bet)
Seat 8: dcorlatescu (button) folded before Flop (didn't bet)
Seat 9: maxxeern (small blind) folded before Flop



PokerStars Hand #227738191919:  Hold'em No Limit ($0.01/$0.02 USD) - 2021/06/21 1:57:34 PT [2021/06/21 4:57:34 ET]
Table 'Kapaneus II' 9-max Seat #9 is the button
Seat 1: Egormsk884 ($0.58 in chips) 
Seat 3: Kupec Danila ($1.90 in chips) 
Seat 4: VanyaVanyaVa ($1.92 in chips) 
Seat 5: tweetyteewt ($3.45 in chips) 
Seat 6: Dorex2007 ($2.39 in chips) 
Seat 7: koroto2 ($1.76 in chips) 
Seat 8: dcorlatescu ($2.01 in chips) 
Seat 9: maxxeern ($2.49 in chips) 
Egormsk884: posts small blind $0.01
Kupec Danila: posts big blind $0.02
*** HOLE CARDS ***
Dealt to Dorex2007 [9d Ad]
VanyaVanyaVa: folds 
tweetyteewt: folds 
Dorex2007: raises $0.02 to $0.04
koroto2: folds 
dcorlatescu: folds 
maxxeern: folds 
Egormsk884: folds 
Kupec Danila: calls $0.02
*** FLOP *** [Ac Jc Th]
Kupec Danila: checks 
Dorex2007: bets $0.05
Kupec Danila: folds 
Uncalled bet ($0.05) returned to Dorex2007
Dorex2007 collected $0.09 from pot
Dorex2007: doesn't show hand 
*** SUMMARY ***
Total pot $0.09 | Rake $0 
Board [Ac Jc Th]
Seat 1: Egormsk884 (small blind) folded before Flop
Seat 3: Kupec Danila (big blind) folded on the Flop
Seat 4: VanyaVanyaVa folded before Flop (didn't bet)
Seat 5: tweetyteewt folded before Flop (didn't bet)
Seat 6: Dorex2007 collected ($0.09)
Seat 7: koroto2 folded before Flop (didn't bet)
Seat 8: dcorlatescu folded before Flop (didn't bet)
Seat 9: maxxeern (button) folded before Flop (didn't bet)



PokerStars Hand #227738198300:  Hold'em No Limit ($0.01/$0.02 USD) - 2021/06/21 1:58:19 PT [2021/06/21 4:58:19 ET]
Table 'Kapaneus II' 9-max Seat #1 is the button
Seat 1: Egormsk884 ($0.57 in chips) 
Seat 3: Kupec Danila ($1.86 in chips) 
Seat 4: VanyaVanyaVa ($1.92 in chips) 
Seat 5: tweetyteewt ($3.45 in chips) 
Seat 6: Dorex2007 ($2.44 in chips) 
Seat 7: koroto2 ($1.76 in chips) 
Seat 8: dcorlatescu ($2.01 in chips) 
Seat 9: maxxeern ($2.49 in chips) 
Kupec Danila: posts small blind $0.01
VanyaVanyaVa: posts big blind $0.02
*** HOLE CARDS ***
Dealt to Dorex2007 [Ad 8s]
tweetyteewt: folds 
Dorex2007: folds 
koroto2: folds 
dcorlatescu: folds 
maxxeern: folds 
Egormsk884: folds 
Kupec Danila: raises $0.04 to $0.06
VanyaVanyaVa: calls $0.04
*** FLOP *** [9c Kc 2c]
Kupec Danila: checks 
VanyaVanyaVa: bets $0.06
Kupec Danila: folds 
Uncalled bet ($0.06) returned to VanyaVanyaVa
VanyaVanyaVa collected $0.12 from pot
*** SUMMARY ***
Total pot $0.12 | Rake $0 
Board [9c Kc 2c]
Seat 1: Egormsk884 (button) folded before Flop (didn't bet)
Seat 3: Kupec Danila (small blind) folded on the Flop
Seat 4: VanyaVanyaVa (big blind) collected ($0.12)
Seat 5: tweetyteewt folded before Flop (didn't bet)
Seat 6: Dorex2007 folded before Flop (didn't bet)
Seat 7: koroto2 folded before Flop (didn't bet)
Seat 8: dcorlatescu folded before Flop (didn't bet)
Seat 9: maxxeern folded before Flop (didn't bet)



PokerStars Hand #227738201892:  Hold'em No Limit ($0.01/$0.02 USD) - 2021/06/21 1:58:45 PT [2021/06/21 4:58:45 ET]
Table 'Kapaneus II' 9-max Seat #3 is the button
Seat 1: Egormsk884 ($0.57 in chips) 
Seat 3: Kupec Danila ($1.80 in chips) 
Seat 4: VanyaVanyaVa ($1.98 in chips) 
Seat 6: Dorex2007 ($2.44 in chips) 
Seat 7: koroto2 ($1.76 in chips) 
Seat 8: dcorlatescu ($2.01 in chips) 
Seat 9: maxxeern ($2.49 in chips) 
VanyaVanyaVa: posts small blind $0.01
tweetyteewt: is sitting out 
Dorex2007: posts big blind $0.02
*** HOLE CARDS ***
Dealt to Dorex2007 [Ac 5c]
koroto2: folds 
dcorlatescu: folds 
tweetyteewt leaves the table
maxxeern: folds 
Egormsk884: calls $0.02
Tweedy620 joins the table at seat #5 
Kupec Danila: folds 
VanyaVanyaVa: folds 
Dorex2007: checks 
*** FLOP *** [Th 9c 7c]
Dorex2007: checks 
Egormsk884: bets $0.02
Dorex2007: calls $0.02
*** TURN *** [Th 9c 7c] [Ad]
Dorex2007: checks 
Egormsk884: bets $0.02
Dorex2007: calls $0.02
*** RIVER *** [Th 9c 7c Ad] [4h]
Dorex2007: checks 
Egormsk884: checks 
*** SHOW DOWN ***
Dorex2007: shows [Ac 5c] (a pair of Aces)
Egormsk884: mucks hand 
Dorex2007 collected $0.13 from pot
*** SUMMARY ***
Total pot $0.13 | Rake $0 
Board [Th 9c 7c Ad 4h]
Seat 1: Egormsk884 mucked [2h 9h]
Seat 3: Kupec Danila (button) folded before Flop (didn't bet)
Seat 4: VanyaVanyaVa (small blind) folded before Flop
Seat 6: Dorex2007 (big blind) showed [Ac 5c] and won ($0.13) with a pair of Aces
Seat 7: koroto2 folded before Flop (didn't bet)
Seat 8: dcorlatescu folded before Flop (didn't bet)
Seat 9: maxxeern folded before Flop (didn't bet)



PokerStars Hand #227738207958:  Hold'em No Limit ($0.01/$0.02 USD) - 2021/06/21 1:59:28 PT [2021/06/21 4:59:28 ET]
Table 'Kapaneus II' 9-max Seat #4 is the button
Seat 1: Egormsk884 ($0.51 in chips) 
Seat 3: Kupec Danila ($1.80 in chips) 
Seat 4: VanyaVanyaVa ($1.97 in chips) 
Seat 6: Dorex2007 ($2.51 in chips) 
Seat 7: koroto2 ($1.76 in chips) 
Seat 8: dcorlatescu ($2.01 in chips) 
Seat 9: maxxeern ($2.49 in chips) 
Dorex2007: posts small blind $0.01
koroto2: posts big blind $0.02
*** HOLE CARDS ***
Dealt to Dorex2007 [Th Qd]
dcorlatescu: folds 
maxxeern: folds 
Egormsk884: folds 
Kupec Danila: folds 
VanyaVanyaVa: folds 
Dorex2007: raises $0.02 to $0.04
koroto2: folds 
Uncalled bet ($0.02) returned to Dorex2007
Dorex2007 collected $0.04 from pot
Dorex2007: doesn't show hand 
*** SUMMARY ***
Total pot $0.04 | Rake $0 
Seat 1: Egormsk884 folded before Flop (didn't bet)
Seat 3: Kupec Danila folded before Flop (didn't bet)
Seat 4: VanyaVanyaVa (button) folded before Flop (didn't bet)
Seat 6: Dorex2007 (small blind) collected ($0.04)
Seat 7: koroto2 (big blind) folded before Flop
Seat 8: dcorlatescu folded before Flop (didn't bet)
Seat 9: maxxeern folded before Flop (didn't bet)



PokerStars Hand #227738210239:  Hold'em No Limit ($0.01/$0.02 USD) - 2021/06/21 1:59:45 PT [2021/06/21 4:59:45 ET]
Table 'Kapaneus II' 9-max Seat #6 is the button
Seat 1: Egormsk884 ($0.51 in chips) 
Seat 3: Kupec Danila ($1.80 in chips) 
Seat 4: VanyaVanyaVa ($1.97 in chips) 
Seat 6: Dorex2007 ($2.53 in chips) 
Seat 7: koroto2 ($1.74 in chips) 
Seat 8: dcorlatescu ($2.01 in chips) 
Seat 9: maxxeern ($2.49 in chips) 
koroto2: posts small blind $0.01
dcorlatescu: posts big blind $0.02
Tweedy620: sits out 
*** HOLE CARDS ***
Dealt to Dorex2007 [6c Qh]
maxxeern: folds 
Egormsk884: folds 
Kupec Danila: folds 
VanyaVanyaVa: raises $0.04 to $0.06
Dorex2007: folds 
koroto2: folds 
dcorlatescu: folds 
Uncalled bet ($0.04) returned to VanyaVanyaVa
VanyaVanyaVa collected $0.05 from pot
*** SUMMARY ***
Total pot $0.05 | Rake $0 
Seat 1: Egormsk884 folded before Flop (didn't bet)
Seat 3: Kupec Danila folded before Flop (didn't bet)
Seat 4: VanyaVanyaVa collected ($0.05)
Seat 6: Dorex2007 (button) folded before Flop (didn't bet)
Seat 7: koroto2 (small blind) folded before Flop
Seat 8: dcorlatescu (big blind) folded before Flop
Seat 9: maxxeern folded before Flop (didn't bet)



PokerStars Hand #227738213168:  Hold'em No Limit ($0.01/$0.02 USD) - 2021/06/21 2:00:05 PT [2021/06/21 5:00:05 ET]
Table 'Kapaneus II' 9-max Seat #7 is the button
Seat 1: Egormsk884 ($0.51 in chips) 
Seat 3: Kupec Danila ($1.80 in chips) 
Seat 4: VanyaVanyaVa ($2 in chips) 
Seat 5: Tweedy620 ($2 in chips) 
Seat 6: Dorex2007 ($2.53 in chips) 
Seat 7: koroto2 ($1.73 in chips) 
Seat 8: dcorlatescu ($2 in chips) 
Seat 9: maxxeern ($2.49 in chips) 
dcorlatescu: posts small blind $0.01
maxxeern: posts big blind $0.02
Tweedy620: posts big blind $0.02
*** HOLE CARDS ***
Dealt to Dorex2007 [7s 9d]
Egormsk884: calls $0.02
Kupec Danila: folds 
VanyaVanyaVa: folds 
Tweedy620: checks 
Dorex2007: folds 
koroto2: folds 
dcorlatescu: folds 
maxxeern: checks 
*** FLOP *** [9s Kd 5h]
maxxeern: bets $0.05
Egormsk884: raises $0.05 to $0.10
Tweedy620: folds 
maxxeern: folds 
Uncalled bet ($0.05) returned to Egormsk884
Egormsk884 collected $0.16 from pot
Egormsk884: doesn't show hand 
*** SUMMARY ***
Total pot $0.17 | Rake $0.01 
Board [9s Kd 5h]
Seat 1: Egormsk884 collected ($0.16)
Seat 3: Kupec Danila folded before Flop (didn't bet)
Seat 4: VanyaVanyaVa folded before Flop (didn't bet)
Seat 5: Tweedy620 folded on the Flop (didn't bet)
Seat 6: Dorex2007 folded before Flop (didn't bet)
Seat 7: koroto2 (button) folded before Flop (didn't bet)
Seat 8: dcorlatescu (small blind) folded before Flop
Seat 9: maxxeern (big blind) folded on the Flop



PokerStars Hand #227738218396:  Hold'em No Limit ($0.01/$0.02 USD) - 2021/06/21 2:00:41 PT [2021/06/21 5:00:41 ET]
Table 'Kapaneus II' 9-max Seat #8 is the button
Seat 1: Egormsk884 ($0.60 in chips) 
Seat 3: Kupec Danila ($1.80 in chips) 
Seat 4: VanyaVanyaVa ($2 in chips) 
Seat 5: Tweedy620 ($1.98 in chips) 
Seat 6: Dorex2007 ($2.53 in chips) 
Seat 7: koroto2 ($1.73 in chips) 
Seat 8: dcorlatescu ($2 in chips) 
Seat 9: maxxeern ($2.42 in chips) 
maxxeern: posts small blind $0.01
Egormsk884: posts big blind $0.02
*** HOLE CARDS ***
Dealt to Dorex2007 [6s 9d]
Kupec Danila: folds 
VanyaVanyaVa: folds 
Tweedy620: folds 
Dorex2007: folds 
koroto2: folds 
dcorlatescu: raises $0.03 to $0.05
maxxeern: folds 
Egormsk884: folds 
Uncalled bet ($0.03) returned to dcorlatescu
dcorlatescu collected $0.05 from pot
*** SUMMARY ***
Total pot $0.05 | Rake $0 
Seat 1: Egormsk884 (big blind) folded before Flop
Seat 3: Kupec Danila folded before Flop (didn't bet)
Seat 4: VanyaVanyaVa folded before Flop (didn't bet)
Seat 5: Tweedy620 folded before Flop (didn't bet)
Seat 6: Dorex2007 folded before Flop (didn't bet)
Seat 7: koroto2 folded before Flop (didn't bet)
Seat 8: dcorlatescu (button) collected ($0.05)
Seat 9: maxxeern (small blind) folded before Flop



PokerStars Hand #227738222786:  Hold'em No Limit ($0.01/$0.02 USD) - 2021/06/21 2:01:08 PT [2021/06/21 5:01:08 ET]
Table 'Kapaneus II' 9-max Seat #9 is the button
Seat 1: Egormsk884 ($0.58 in chips) 
Seat 3: Kupec Danila ($1.80 in chips) 
Seat 4: VanyaVanyaVa ($2 in chips) 
Seat 5: Tweedy620 ($1.98 in chips) 
Seat 6: Dorex2007 ($2.53 in chips) 
Seat 7: koroto2 ($1.73 in chips) 
Seat 8: dcorlatescu ($2.03 in chips) 
Seat 9: maxxeern ($2.41 in chips) 
Egormsk884: posts small blind $0.01
Kupec Danila: posts big blind $0.02
*** HOLE CARDS ***
Dealt to Dorex2007 [2c 4h]
VanyaVanyaVa: folds 
Tweedy620: calls $0.02
Dorex2007: folds 
koroto2: folds 
dcorlatescu: folds 
maxxeern: raises $0.04 to $0.06
Egormsk884: folds 
Kupec Danila: folds 
Tweedy620: calls $0.04
*** FLOP *** [Ac 9d 3s]
Tweedy620: bets $0.10
maxxeern: folds 
Uncalled bet ($0.10) returned to Tweedy620
Tweedy620 collected $0.14 from pot
Tweedy620: doesn't show hand 
*** SUMMARY ***
Total pot $0.15 | Rake $0.01 
Board [Ac 9d 3s]
Seat 1: Egormsk884 (small blind) folded before Flop
Seat 3: Kupec Danila (big blind) folded before Flop
Seat 4: VanyaVanyaVa folded before Flop (didn't bet)
Seat 5: Tweedy620 collected ($0.14)
Seat 6: Dorex2007 folded before Flop (didn't bet)
Seat 7: koroto2 folded before Flop (didn't bet)
Seat 8: dcorlatescu folded before Flop (didn't bet)
Seat 9: maxxeern (button) folded on the Flop



PokerStars Hand #227738226946:  Hold'em No Limit ($0.01/$0.02 USD) - 2021/06/21 2:01:34 PT [2021/06/21 5:01:34 ET]
Table 'Kapaneus II' 9-max Seat #1 is the button
Seat 1: Egormsk884 ($0.57 in chips) 
Seat 3: Kupec Danila ($1.78 in chips) 
Seat 4: VanyaVanyaVa ($2 in chips) 
Seat 5: Tweedy620 ($2.06 in chips) 
Seat 6: Dorex2007 ($2.53 in chips) 
Seat 7: koroto2 ($1.73 in chips) 
Seat 8: dcorlatescu ($2.03 in chips) 
Seat 9: maxxeern ($2.35 in chips) 
Kupec Danila: posts small blind $0.01
VanyaVanyaVa: posts big blind $0.02
*** HOLE CARDS ***
Dealt to Dorex2007 [Td Kh]
Tweedy620: calls $0.02
Dorex2007: folds 
koroto2: folds 
dcorlatescu: folds 
maxxeern: folds 
Egormsk884: calls $0.02
Kupec Danila: calls $0.01
VanyaVanyaVa: checks 
*** FLOP *** [Kc 4h Ks]
Kupec Danila: checks 
VanyaVanyaVa: checks 
Tweedy620: checks 
Egormsk884: bets $0.04
Kupec Danila: folds 
VanyaVanyaVa: folds 
Tweedy620: folds 
Uncalled bet ($0.04) returned to Egormsk884
Egormsk884 collected $0.08 from pot
Egormsk884: doesn't show hand 
*** SUMMARY ***
Total pot $0.08 | Rake $0 
Board [Kc 4h Ks]
Seat 1: Egormsk884 (button) collected ($0.08)
Seat 3: Kupec Danila (small blind) folded on the Flop
Seat 4: VanyaVanyaVa (big blind) folded on the Flop
Seat 5: Tweedy620 folded on the Flop
Seat 6: Dorex2007 folded before Flop (didn't bet)
Seat 7: koroto2 folded before Flop (didn't bet)
Seat 8: dcorlatescu folded before Flop (didn't bet)
Seat 9: maxxeern folded before Flop (didn't bet)



PokerStars Hand #227738233612:  Hold'em No Limit ($0.01/$0.02 USD) - 2021/06/21 2:02:14 PT [2021/06/21 5:02:14 ET]
Table 'Kapaneus II' 9-max Seat #3 is the button
Seat 1: Egormsk884 ($0.63 in chips) 
Seat 3: Kupec Danila ($1.76 in chips) 
Seat 4: VanyaVanyaVa ($1.98 in chips) 
Seat 5: Tweedy620 ($2.04 in chips) 
Seat 6: Dorex2007 ($2.53 in chips) 
Seat 7: koroto2 ($1.73 in chips) 
Seat 8: dcorlatescu ($2.03 in chips) 
Seat 9: maxxeern ($2.35 in chips) 
VanyaVanyaVa: posts small blind $0.01
Tweedy620: posts big blind $0.02
*** HOLE CARDS ***
Dealt to Dorex2007 [3s 4c]
Dorex2007: folds 
koroto2: raises $0.03 to $0.05
dcorlatescu: folds 
maxxeern: folds 
Egormsk884: folds 
Kupec Danila: folds 
VanyaVanyaVa: folds 
Tweedy620: folds 
Uncalled bet ($0.03) returned to koroto2
koroto2 collected $0.05 from pot
*** SUMMARY ***
Total pot $0.05 | Rake $0 
Seat 1: Egormsk884 folded before Flop (didn't bet)
Seat 3: Kupec Danila (button) folded before Flop (didn't bet)
Seat 4: VanyaVanyaVa (small blind) folded before Flop
Seat 5: Tweedy620 (big blind) folded before Flop
Seat 6: Dorex2007 folded before Flop (didn't bet)
Seat 7: koroto2 collected ($0.05)
Seat 8: dcorlatescu folded before Flop (didn't bet)
Seat 9: maxxeern folded before Flop (didn't bet)



PokerStars Hand #227738240003:  Hold'em No Limit ($0.01/$0.02 USD) - 2021/06/21 2:02:31 PT [2021/06/21 5:02:31 ET]
Table 'Kapaneus II' 9-max Seat #4 is the button
Seat 1: Egormsk884 ($0.63 in chips) 
Seat 3: Kupec Danila ($1.76 in chips) 
Seat 4: VanyaVanyaVa ($1.97 in chips) 
Seat 5: Tweedy620 ($2.02 in chips) 
Seat 6: Dorex2007 ($2.53 in chips) 
Seat 7: koroto2 ($1.76 in chips) 
Seat 8: dcorlatescu ($2.03 in chips) 
Seat 9: maxxeern ($2.35 in chips) 
Tweedy620: posts small blind $0.01
Dorex2007: posts big blind $0.02
*** HOLE CARDS ***
Dealt to Dorex2007 [Ks 3s]
koroto2: folds 
dcorlatescu: folds 
maxxeern: raises $0.06 to $0.08
Egormsk884: folds 
Kupec Danila: folds 
VanyaVanyaVa: raises $0.16 to $0.24
Tweedy620: folds 
Dorex2007: folds 
maxxeern: raises $2.11 to $2.35 and is all-in
VanyaVanyaVa: calls $1.73 and is all-in
Uncalled bet ($0.38) returned to maxxeern
*** FLOP *** [6h Qc 8h]
*** TURN *** [6h Qc 8h] [5d]
*** RIVER *** [6h Qc 8h 5d] [Jd]
*** SHOW DOWN ***
maxxeern: shows [Kc Kh] (a pair of Kings)
VanyaVanyaVa: shows [Jc Js] (three of a kind, Jacks)
VanyaVanyaVa collected $3.83 from pot
*** SUMMARY ***
Total pot $3.97 | Rake $0.14 
Board [6h Qc 8h 5d Jd]
Seat 1: Egormsk884 folded before Flop (didn't bet)
Seat 3: Kupec Danila folded before Flop (didn't bet)
Seat 4: VanyaVanyaVa (button) showed [Jc Js] and won ($3.83) with three of a kind, Jacks
Seat 5: Tweedy620 (small blind) folded before Flop
Seat 6: Dorex2007 (big blind) folded before Flop
Seat 7: koroto2 folded before Flop (didn't bet)
Seat 8: dcorlatescu folded before Flop (didn't bet)
Seat 9: maxxeern showed [Kc Kh] and lost with a pair of Kings



PokerStars Hand #227738246053:  Hold'em No Limit ($0.01/$0.02 USD) - 2021/06/21 2:03:06 PT [2021/06/21 5:03:06 ET]
Table 'Kapaneus II' 9-max Seat #5 is the button
Seat 1: Egormsk884 ($0.63 in chips) 
Seat 3: Kupec Danila ($1.76 in chips) 
Seat 4: VanyaVanyaVa ($3.83 in chips) 
Seat 5: Tweedy620 ($2.01 in chips) 
Seat 6: Dorex2007 ($2.51 in chips) 
Seat 7: koroto2 ($1.76 in chips) 
Seat 8: dcorlatescu ($2.03 in chips) 
Seat 9: maxxeern ($2 in chips) 
Dorex2007: posts small blind $0.01
koroto2: posts big blind $0.02
*** HOLE CARDS ***
Dealt to Dorex2007 [5h As]
dcorlatescu: folds 
maxxeern: folds 
Egormsk884: folds 
Kupec Danila: folds 
VanyaVanyaVa: folds 
Tweedy620: calls $0.02
Dorex2007: calls $0.01
koroto2: checks 
*** FLOP *** [4s Ad 3h]
Dorex2007: checks 
koroto2: checks 
Tweedy620: bets $0.10
Dorex2007: folds 
koroto2: folds 
Uncalled bet ($0.10) returned to Tweedy620
Tweedy620 collected $0.06 from pot
Tweedy620: doesn't show hand 
*** SUMMARY ***
Total pot $0.06 | Rake $0 
Board [4s Ad 3h]
Seat 1: Egormsk884 folded before Flop (didn't bet)
Seat 3: Kupec Danila folded before Flop (didn't bet)
Seat 4: VanyaVanyaVa folded before Flop (didn't bet)
Seat 5: Tweedy620 (button) collected ($0.06)
Seat 6: Dorex2007 (small blind) folded on the Flop
Seat 7: koroto2 (big blind) folded on the Flop
Seat 8: dcorlatescu folded before Flop (didn't bet)
Seat 9: maxxeern folded before Flop (didn't bet)



PokerStars Hand #227738252635:  Hold'em No Limit ($0.01/$0.02 USD) - 2021/06/21 2:03:46 PT [2021/06/21 5:03:46 ET]
Table 'Kapaneus II' 9-max Seat #6 is the button
Seat 1: Egormsk884 ($0.63 in chips) 
Seat 3: Kupec Danila ($1.76 in chips) 
Seat 4: VanyaVanyaVa ($3.83 in chips) 
Seat 6: Dorex2007 ($2.49 in chips) 
Seat 7: koroto2 ($1.74 in chips) 
Seat 8: dcorlatescu ($2.03 in chips) 
Seat 9: maxxeern ($2 in chips) 
koroto2: posts small blind $0.01
dcorlatescu: posts big blind $0.02
*** HOLE CARDS ***
Dealt to Dorex2007 [3s 6c]
maxxeern: folds 
Egormsk884: folds 
Kupec Danila: folds 
VanyaVanyaVa: folds 
Dorex2007: folds 
koroto2: folds 
Uncalled bet ($0.01) returned to dcorlatescu
dcorlatescu collected $0.02 from pot
*** SUMMARY ***
Total pot $0.02 | Rake $0 
Seat 1: Egormsk884 folded before Flop (didn't bet)
Seat 3: Kupec Danila folded before Flop (didn't bet)
Seat 4: VanyaVanyaVa folded before Flop (didn't bet)
Seat 6: Dorex2007 (button) folded before Flop (didn't bet)
Seat 7: koroto2 (small blind) folded before Flop
Seat 8: dcorlatescu (big blind) collected ($0.02)
Seat 9: maxxeern folded before Flop (didn't bet)



PokerStars Hand #227738255792:  Hold'em No Limit ($0.01/$0.02 USD) - 2021/06/21 2:04:05 PT [2021/06/21 5:04:05 ET]
Table 'Kapaneus II' 9-max Seat #7 is the button
Seat 1: Egormsk884 ($0.63 in chips) 
Seat 3: Kupec Danila ($1.76 in chips) 
Seat 4: VanyaVanyaVa ($3.83 in chips) 
Seat 6: Dorex2007 ($2.49 in chips) 
Seat 7: koroto2 ($1.73 in chips) 
Seat 8: dcorlatescu ($2.04 in chips) 
Seat 9: maxxeern ($2 in chips) 
dcorlatescu: posts small blind $0.01
maxxeern: posts big blind $0.02
*** HOLE CARDS ***
Dealt to Dorex2007 [9s 6d]
Egormsk884: folds 
Kupec Danila: raises $0.04 to $0.06
VanyaVanyaVa: folds 
Dorex2007: folds 
koroto2: folds 
dcorlatescu: raises $0.15 to $0.21
maxxeern: folds 
Kupec Danila: folds 
Uncalled bet ($0.15) returned to dcorlatescu
dcorlatescu collected $0.14 from pot
*** SUMMARY ***
Total pot $0.14 | Rake $0 
Seat 1: Egormsk884 folded before Flop (didn't bet)
Seat 3: Kupec Danila folded before Flop
Seat 4: VanyaVanyaVa folded before Flop (didn't bet)
Seat 6: Dorex2007 folded before Flop (didn't bet)
Seat 7: koroto2 (button) folded before Flop (didn't bet)
Seat 8: dcorlatescu (small blind) collected ($0.14)
Seat 9: maxxeern (big blind) folded before Flop



PokerStars Hand #227738258804:  Hold'em No Limit ($0.01/$0.02 USD) - 2021/06/21 2:04:23 PT [2021/06/21 5:04:23 ET]
Table 'Kapaneus II' 9-max Seat #8 is the button
Seat 1: Egormsk884 ($0.63 in chips) 
Seat 3: Kupec Danila ($1.70 in chips) 
Seat 4: VanyaVanyaVa ($3.83 in chips) 
Seat 6: Dorex2007 ($2.49 in chips) 
Seat 7: koroto2 ($1.73 in chips) 
Seat 8: dcorlatescu ($2.12 in chips) 
Seat 9: maxxeern ($2 in chips) 
maxxeern: posts small blind $0.01
Egormsk884: posts big blind $0.02
*** HOLE CARDS ***
Dealt to Dorex2007 [3h 9h]
Kupec Danila: folds 
VanyaVanyaVa: raises $0.04 to $0.06
Dorex2007: folds 
koroto2: folds 
dcorlatescu: folds 
maxxeern: folds 
Egormsk884: raises $0.04 to $0.10
VanyaVanyaVa: raises $0.20 to $0.30
Egormsk884: folds 
Uncalled bet ($0.20) returned to VanyaVanyaVa
VanyaVanyaVa collected $0.21 from pot
*** SUMMARY ***
Total pot $0.21 | Rake $0 
Seat 1: Egormsk884 (big blind) folded before Flop
Seat 3: Kupec Danila folded before Flop (didn't bet)
Seat 4: VanyaVanyaVa collected ($0.21)
Seat 6: Dorex2007 folded before Flop (didn't bet)
Seat 7: koroto2 folded before Flop (didn't bet)
Seat 8: dcorlatescu (button) folded before Flop (didn't bet)
Seat 9: maxxeern (small blind) folded before Flop



PokerStars Hand #227738263806:  Hold'em No Limit ($0.01/$0.02 USD) - 2021/06/21 2:04:53 PT [2021/06/21 5:04:53 ET]
Table 'Kapaneus II' 9-max Seat #9 is the button
Seat 1: Egormsk884 ($0.53 in chips) 
Seat 3: Kupec Danila ($1.70 in chips) 
Seat 4: VanyaVanyaVa ($3.94 in chips) 
Seat 6: Dorex2007 ($2.49 in chips) 
Seat 7: koroto2 ($1.73 in chips) 
Seat 8: dcorlatescu ($2.12 in chips) 
Seat 9: maxxeern ($2 in chips) 
Egormsk884: posts small blind $0.01
Kupec Danila: posts big blind $0.02
*** HOLE CARDS ***
Dealt to Dorex2007 [2h 9h]
VanyaVanyaVa: folds 
Dorex2007: folds 
koroto2: raises $0.03 to $0.05
dcorlatescu: folds 
maxxeern: folds 
Egormsk884: calls $0.04
Kupec Danila: folds 
*** FLOP *** [7d 8d 5s]
Egormsk884: bets $0.02
koroto2: raises $1.66 to $1.68 and is all-in
Egormsk884: folds 
Uncalled bet ($1.66) returned to koroto2
koroto2 collected $0.15 from pot
koroto2: doesn't show hand 
*** SUMMARY ***
Total pot $0.16 | Rake $0.01 
Board [7d 8d 5s]
Seat 1: Egormsk884 (small blind) folded on the Flop
Seat 3: Kupec Danila (big blind) folded before Flop
Seat 4: VanyaVanyaVa folded before Flop (didn't bet)
Seat 6: Dorex2007 folded before Flop (didn't bet)
Seat 7: koroto2 collected ($0.15)
Seat 8: dcorlatescu folded before Flop (didn't bet)
Seat 9: maxxeern (button) folded before Flop (didn't bet)



PokerStars Hand #227738270079:  Hold'em No Limit ($0.01/$0.02 USD) - 2021/06/21 2:05:30 PT [2021/06/21 5:05:30 ET]
Table 'Kapaneus II' 9-max Seat #1 is the button
Seat 1: Egormsk884 ($0.46 in chips) 
Seat 3: Kupec Danila ($1.68 in chips) 
Seat 4: VanyaVanyaVa ($3.94 in chips) 
Seat 6: Dorex2007 ($2.49 in chips) 
Seat 7: koroto2 ($1.81 in chips) 
Seat 8: dcorlatescu ($2.12 in chips) 
Seat 9: maxxeern ($2 in chips) 
Kupec Danila: posts small blind $0.01
VanyaVanyaVa: posts big blind $0.02
*** HOLE CARDS ***
Dealt to Dorex2007 [6h 8s]
Dorex2007: folds 
koroto2: folds 
dcorlatescu: folds 
maxxeern: folds 
Egormsk884: folds 
Kupec Danila: raises $0.04 to $0.06
VanyaVanyaVa: calls $0.04
*** FLOP *** [Ks Ac Ts]
Kupec Danila: bets $0.04
VanyaVanyaVa: calls $0.04
*** TURN *** [Ks Ac Ts] [6s]
Kupec Danila: checks 
VanyaVanyaVa: bets $0.06
Kupec Danila: raises $0.14 to $0.20
VanyaVanyaVa: folds 
Uncalled bet ($0.14) returned to Kupec Danila
Kupec Danila collected $0.31 from pot
*** SUMMARY ***
Total pot $0.32 | Rake $0.01 
Board [Ks Ac Ts 6s]
Seat 1: Egormsk884 (button) folded before Flop (didn't bet)
Seat 3: Kupec Danila (small blind) collected ($0.31)
Seat 4: VanyaVanyaVa (big blind) folded on the Turn
Seat 6: Dorex2007 folded before Flop (didn't bet)
Seat 7: koroto2 folded before Flop (didn't bet)
Seat 8: dcorlatescu folded before Flop (didn't bet)
Seat 9: maxxeern folded before Flop (didn't bet)



PokerStars Hand #227738276164:  Hold'em No Limit ($0.01/$0.02 USD) - 2021/06/21 2:06:07 PT [2021/06/21 5:06:07 ET]
Table 'Kapaneus II' 9-max Seat #3 is the button
Seat 1: Egormsk884 ($0.46 in chips) 
Seat 3: Kupec Danila ($1.83 in chips) 
Seat 4: VanyaVanyaVa ($3.78 in chips) 
Seat 6: Dorex2007 ($2.49 in chips) 
Seat 7: koroto2 ($1.81 in chips) 
Seat 8: dcorlatescu ($2.12 in chips) 
Seat 9: maxxeern ($2 in chips) 
VanyaVanyaVa: posts small blind $0.01
Dorex2007: posts big blind $0.02
*** HOLE CARDS ***
Dealt to Dorex2007 [4c Qd]
koroto2: folds 
dcorlatescu: folds 
maxxeern has timed out
maxxeern: folds 
Egormsk884: folds 
Kupec Danila: raises $0.04 to $0.06
VanyaVanyaVa: calls $0.05
Dorex2007: folds 
*** FLOP *** [As 3s 3c]
VanyaVanyaVa: checks 
Kupec Danila: checks 
*** TURN *** [As 3s 3c] [Ad]
VanyaVanyaVa: checks 
Kupec Danila: checks 
*** RIVER *** [As 3s 3c Ad] [2h]
VanyaVanyaVa: checks 
Kupec Danila: checks 
*** SHOW DOWN ***
VanyaVanyaVa: shows [8c Kc] (two pair, Aces and Threes)
Kupec Danila: mucks hand 
VanyaVanyaVa collected $0.14 from pot
*** SUMMARY ***
Total pot $0.14 | Rake $0 
Board [As 3s 3c Ad 2h]
Seat 1: Egormsk884 folded before Flop (didn't bet)
Seat 3: Kupec Danila (button) mucked [Qc 9d]
Seat 4: VanyaVanyaVa (small blind) showed [8c Kc] and won ($0.14) with two pair, Aces and Threes
Seat 6: Dorex2007 (big blind) folded before Flop
Seat 7: koroto2 folded before Flop (didn't bet)
Seat 8: dcorlatescu folded before Flop (didn't bet)
Seat 9: maxxeern folded before Flop (didn't bet)



PokerStars Hand #227738284528:  Hold'em No Limit ($0.01/$0.02 USD) - 2021/06/21 2:06:55 PT [2021/06/21 5:06:55 ET]
Table 'Kapaneus II' 9-max Seat #4 is the button
Seat 1: Egormsk884 ($0.46 in chips) 
Seat 3: Kupec Danila ($1.77 in chips) 
Seat 4: VanyaVanyaVa ($3.86 in chips) 
Seat 6: Dorex2007 ($2.47 in chips) 
Seat 7: koroto2 ($1.81 in chips) 
Seat 8: dcorlatescu ($2.12 in chips) 
Dorex2007: posts small blind $0.01
koroto2: posts big blind $0.02
*** HOLE CARDS ***
Dealt to Dorex2007 [2c 2s]
dcorlatescu: folds 
Egormsk884: folds 
Kupec Danila: folds 
VanyaVanyaVa: raises $0.04 to $0.06
Dorex2007: calls $0.05
koroto2: folds 
*** FLOP *** [6h Kc 9c]
Dorex2007: checks 
VanyaVanyaVa: bets $0.06
Dorex2007: raises $0.10 to $0.16
VanyaVanyaVa: raises $0.46 to $0.62
Dorex2007: calls $0.46
*** TURN *** [6h Kc 9c] [Ts]
Dorex2007: checks 
VanyaVanyaVa: bets $0.68
Dorex2007: folds 
Uncalled bet ($0.68) returned to VanyaVanyaVa
VanyaVanyaVa collected $1.33 from pot
*** SUMMARY ***
Total pot $1.38 | Rake $0.05 
Board [6h Kc 9c Ts]
Seat 1: Egormsk884 folded before Flop (didn't bet)
Seat 3: Kupec Danila folded before Flop (didn't bet)
Seat 4: VanyaVanyaVa (button) collected ($1.33)
Seat 6: Dorex2007 (small blind) folded on the Turn
Seat 7: koroto2 (big blind) folded before Flop
Seat 8: dcorlatescu folded before Flop (didn't bet)



PokerStars Hand #227738293202:  Hold'em No Limit ($0.01/$0.02 USD) - 2021/06/21 2:07:46 PT [2021/06/21 5:07:46 ET]
Table 'Kapaneus II' 9-max Seat #6 is the button
Seat 1: Egormsk884 ($0.46 in chips) 
Seat 3: Kupec Danila ($1.77 in chips) 
Seat 4: VanyaVanyaVa ($4.51 in chips) 
Seat 6: Dorex2007 ($1.79 in chips) 
Seat 7: koroto2 ($1.79 in chips) 
Seat 8: dcorlatescu ($2.12 in chips) 
koroto2: posts small blind $0.01
dcorlatescu: posts big blind $0.02
*** HOLE CARDS ***
Dealt to Dorex2007 [4s Jc]
Egormsk884: folds 
Kupec Danila: folds 
VanyaVanyaVa: raises $0.04 to $0.06
Dorex2007: folds 
koroto2: folds 
dcorlatescu: folds 
Uncalled bet ($0.04) returned to VanyaVanyaVa
VanyaVanyaVa collected $0.05 from pot
*** SUMMARY ***
Total pot $0.05 | Rake $0 
Seat 1: Egormsk884 folded before Flop (didn't bet)
Seat 3: Kupec Danila folded before Flop (didn't bet)
Seat 4: VanyaVanyaVa collected ($0.05)
Seat 6: Dorex2007 (button) folded before Flop (didn't bet)
Seat 7: koroto2 (small blind) folded before Flop
Seat 8: dcorlatescu (big blind) folded before Flop



PokerStars Hand #227738296225:  Hold'em No Limit ($0.01/$0.02 USD) - 2021/06/21 2:08:04 PT [2021/06/21 5:08:04 ET]
Table 'Kapaneus II' 9-max Seat #7 is the button
Seat 1: Egormsk884 ($0.46 in chips) 
Seat 3: Kupec Danila ($1.77 in chips) 
Seat 4: VanyaVanyaVa ($4.54 in chips) 
Seat 6: Dorex2007 ($2 in chips) 
Seat 7: koroto2 ($1.78 in chips) 
Seat 8: dcorlatescu ($2.10 in chips) 
dcorlatescu: posts small blind $0.01
Egormsk884: posts big blind $0.02
*** HOLE CARDS ***
Dealt to Dorex2007 [Jc 4s]
Kupec Danila: folds 
VanyaVanyaVa: raises $0.04 to $0.06
Dorex2007: folds 
koroto2: folds 
dcorlatescu: folds 
Egormsk884: folds 
Uncalled bet ($0.04) returned to VanyaVanyaVa
VanyaVanyaVa collected $0.05 from pot
*** SUMMARY ***
Total pot $0.05 | Rake $0 
Seat 1: Egormsk884 (big blind) folded before Flop
Seat 3: Kupec Danila folded before Flop (didn't bet)
Seat 4: VanyaVanyaVa collected ($0.05)
Seat 6: Dorex2007 folded before Flop (didn't bet)
Seat 7: koroto2 (button) folded before Flop (didn't bet)
Seat 8: dcorlatescu (small blind) folded before Flop



PokerStars Hand #227738299474:  Hold'em No Limit ($0.01/$0.02 USD) - 2021/06/21 2:08:24 PT [2021/06/21 5:08:24 ET]
Table 'Kapaneus II' 9-max Seat #8 is the button
Seat 1: Egormsk884 ($0.44 in chips) 
Seat 3: Kupec Danila ($1.77 in chips) 
Seat 4: VanyaVanyaVa ($4.57 in chips) 
Seat 6: Dorex2007 ($2 in chips) 
Seat 7: koroto2 ($1.78 in chips) 
Seat 8: dcorlatescu ($2.09 in chips) 
Egormsk884: posts small blind $0.01
Kupec Danila: posts big blind $0.02
*** HOLE CARDS ***
Dealt to Dorex2007 [Kc 5d]
VanyaVanyaVa: raises $0.04 to $0.06
Dorex2007: folds 
koroto2: folds 
dcorlatescu: folds 
Egormsk884: calls $0.05
Kupec Danila: calls $0.04
*** FLOP *** [9c Qs 6h]
Egormsk884: checks 
Kupec Danila: checks 
VanyaVanyaVa: bets $0.06
Egormsk884: calls $0.06
Kupec Danila: folds 
*** TURN *** [9c Qs 6h] [Ad]
Egormsk884: checks 
VanyaVanyaVa: bets $0.10
Egormsk884: raises $0.10 to $0.20
VanyaVanyaVa: raises $0.35 to $0.55
Egormsk884: calls $0.12 and is all-in
Uncalled bet ($0.23) returned to VanyaVanyaVa
*** RIVER *** [9c Qs 6h Ad] [8c]
*** SHOW DOWN ***
Egormsk884: shows [As 6s] (two pair, Aces and Sixes)
VanyaVanyaVa: shows [Ac Kd] (a pair of Aces)
Egormsk884 collected $0.91 from pot
n2405n leaves the table
*** SUMMARY ***
Total pot $0.94 | Rake $0.03 
Board [9c Qs 6h Ad 8c]
Seat 1: Egormsk884 (small blind) showed [As 6s] and won ($0.91) with two pair, Aces and Sixes
Seat 3: Kupec Danila (big blind) folded on the Flop
Seat 4: VanyaVanyaVa showed [Ac Kd] and lost with a pair of Aces
Seat 6: Dorex2007 folded before Flop (didn't bet)
Seat 7: koroto2 folded before Flop (didn't bet)
Seat 8: dcorlatescu (button) folded before Flop (didn't bet)



PokerStars Hand #227738311042:  Hold'em No Limit ($0.01/$0.02 USD) - 2021/06/21 2:09:32 PT [2021/06/21 5:09:32 ET]
Table 'Kapaneus II' 9-max Seat #1 is the button
Seat 1: Egormsk884 ($0.91 in chips) 
Seat 3: Kupec Danila ($1.71 in chips) 
Seat 4: VanyaVanyaVa ($4.13 in chips) 
Seat 6: Dorex2007 ($2 in chips) 
Seat 7: koroto2 ($1.78 in chips) 
Seat 8: dcorlatescu ($2.09 in chips) 
Kupec Danila: posts small blind $0.01
VanyaVanyaVa: posts big blind $0.02
*** HOLE CARDS ***
Dealt to Dorex2007 [5h Kd]
Dorex2007: folds 
koroto2: folds 
dcorlatescu: folds 
Egormsk884: raises $0.02 to $0.04
Kupec Danila: folds 
VanyaVanyaVa: calls $0.02
*** FLOP *** [7d 4d 8c]
FACCHETADE$ joins the table at seat #2 
VanyaVanyaVa: checks 
Egormsk884: bets $0.02
VanyaVanyaVa: raises $0.06 to $0.08
Egormsk884: calls $0.06
*** TURN *** [7d 4d 8c] [Th]
VanyaVanyaVa: bets $0.18
Egormsk884: folds 
Uncalled bet ($0.18) returned to VanyaVanyaVa
VanyaVanyaVa collected $0.24 from pot
*** SUMMARY ***
Total pot $0.25 | Rake $0.01 
Board [7d 4d 8c Th]
Seat 1: Egormsk884 (button) folded on the Turn
Seat 3: Kupec Danila (small blind) folded before Flop
Seat 4: VanyaVanyaVa (big blind) collected ($0.24)
Seat 6: Dorex2007 folded before Flop (didn't bet)
Seat 7: koroto2 folded before Flop (didn't bet)
Seat 8: dcorlatescu folded before Flop (didn't bet)



PokerStars Hand #227738323161:  Hold'em No Limit ($0.01/$0.02 USD) - 2021/06/21 2:10:43 PT [2021/06/21 5:10:43 ET]
Table 'Kapaneus II' 9-max Seat #3 is the button
Seat 1: Egormsk884 ($0.79 in chips) 
Seat 3: Kupec Danila ($1.70 in chips) 
Seat 4: VanyaVanyaVa ($4.25 in chips) 
Seat 5: Tweedy620 ($2.05 in chips) 
Seat 6: Dorex2007 ($2 in chips) 
Seat 7: koroto2 ($1.78 in chips) 
Seat 8: dcorlatescu ($2.09 in chips) 
VanyaVanyaVa: posts small blind $0.01
Tweedy620: posts big blind $0.02
FACCHETADE$: sits out 
*** HOLE CARDS ***
Dealt to Dorex2007 [8d 6h]
Dorex2007: folds 
koroto2: folds 
dcorlatescu: folds 
Egormsk884: folds 
Kupec Danila: folds 
VanyaVanyaVa: folds 
Uncalled bet ($0.01) returned to Tweedy620
Tweedy620 collected $0.02 from pot
Tweedy620: doesn't show hand 
*** SUMMARY ***
Total pot $0.02 | Rake $0 
Seat 1: Egormsk884 folded before Flop (didn't bet)
Seat 3: Kupec Danila (button) folded before Flop (didn't bet)
Seat 4: VanyaVanyaVa (small blind) folded before Flop
Seat 5: Tweedy620 (big blind) collected ($0.02)
Seat 6: Dorex2007 folded before Flop (didn't bet)
Seat 7: koroto2 folded before Flop (didn't bet)
Seat 8: dcorlatescu folded before Flop (didn't bet)



PokerStars Hand #227738326339:  Hold'em No Limit ($0.01/$0.02 USD) - 2021/06/21 2:11:02 PT [2021/06/21 5:11:02 ET]
Table 'Kapaneus II' 9-max Seat #4 is the button
Seat 1: Egormsk884 ($0.79 in chips) 
Seat 2: FACCHETADE$ ($2 in chips) 
Seat 3: Kupec Danila ($1.70 in chips) 
Seat 4: VanyaVanyaVa ($4.24 in chips) 
Seat 5: Tweedy620 ($2.06 in chips) 
Seat 6: Dorex2007 ($2 in chips) 
Seat 7: koroto2 ($1.78 in chips) 
Seat 8: dcorlatescu ($2.09 in chips) 
Tweedy620: posts small blind $0.01
Dorex2007: posts big blind $0.02
FACCHETADE$: posts big blind $0.02
*** HOLE CARDS ***
Dealt to Dorex2007 [4h 5c]
koroto2: folds 
dcorlatescu: folds 
Egormsk884: calls $0.02
FACCHETADE$: checks 
Kupec Danila: folds 
VanyaVanyaVa: raises $0.08 to $0.10
Tweedy620: folds 
Dorex2007: folds 
Egormsk884: calls $0.08
FACCHETADE$: calls $0.08
*** FLOP *** [5s Qh 2h]
Egormsk884: checks 
FACCHETADE$: checks 
VanyaVanyaVa: checks 
*** TURN *** [5s Qh 2h] [8h]
Egormsk884: bets $0.02
FACCHETADE$: calls $0.02
VanyaVanyaVa: folds 
*** RIVER *** [5s Qh 2h 8h] [9s]
Egormsk884: bets $0.02
FACCHETADE$: calls $0.02
*** SHOW DOWN ***
Egormsk884: shows [Qs Td] (a pair of Queens)
FACCHETADE$: mucks hand 
Egormsk884 collected $0.40 from pot
*** SUMMARY ***
Total pot $0.41 | Rake $0.01 
Board [5s Qh 2h 8h 9s]
Seat 1: Egormsk884 showed [Qs Td] and won ($0.40) with a pair of Queens
Seat 2: FACCHETADE$ mucked [9c Tc]
Seat 3: Kupec Danila folded before Flop (didn't bet)
Seat 4: VanyaVanyaVa (button) folded on the Turn
Seat 5: Tweedy620 (small blind) folded before Flop
Seat 6: Dorex2007 (big blind) folded before Flop
Seat 7: koroto2 folded before Flop (didn't bet)
Seat 8: dcorlatescu folded before Flop (didn't bet)



PokerStars Hand #227738337496:  Hold'em No Limit ($0.01/$0.02 USD) - 2021/06/21 2:12:07 PT [2021/06/21 5:12:07 ET]
Table 'Kapaneus II' 9-max Seat #5 is the button
Seat 1: Egormsk884 ($1.05 in chips) 
Seat 2: FACCHETADE$ ($1.86 in chips) 
Seat 3: Kupec Danila ($1.70 in chips) 
Seat 4: VanyaVanyaVa ($4.14 in chips) 
Seat 5: Tweedy620 ($2.05 in chips) 
Seat 6: Dorex2007 ($1.98 in chips) 
Seat 7: koroto2 ($1.78 in chips) 
Seat 8: dcorlatescu ($2.09 in chips) 
Dorex2007: posts small blind $0.01
koroto2: posts big blind $0.02
*** HOLE CARDS ***
Dealt to Dorex2007 [Kd 3s]
dcorlatescu: folds 
Egormsk884: raises $0.02 to $0.04
FACCHETADE$: calls $0.04
Kupec Danila: folds 
VanyaVanyaVa: folds 
Tweedy620: folds 
Dorex2007: folds 
koroto2: folds 
*** FLOP *** [Kh 4s Tc]
Egormsk884: bets $0.02
FACCHETADE$: calls $0.02
*** TURN *** [Kh 4s Tc] [8h]
Egormsk884: bets $0.02
FACCHETADE$: calls $0.02
*** RIVER *** [Kh 4s Tc 8h] [3c]
Egormsk884: bets $0.02
FACCHETADE$: raises $0.11 to $0.13
Egormsk884: calls $0.11
*** SHOW DOWN ***
FACCHETADE$: shows [Jc 7h] (high card King)
Egormsk884: shows [9c 9h] (a pair of Nines)
Egormsk884 collected $0.43 from pot
*** SUMMARY ***
Total pot $0.45 | Rake $0.02 
Board [Kh 4s Tc 8h 3c]
Seat 1: Egormsk884 showed [9c 9h] and won ($0.43) with a pair of Nines
Seat 2: FACCHETADE$ showed [Jc 7h] and lost with high card King
Seat 3: Kupec Danila folded before Flop (didn't bet)
Seat 4: VanyaVanyaVa folded before Flop (didn't bet)
Seat 5: Tweedy620 (button) folded before Flop (didn't bet)
Seat 6: Dorex2007 (small blind) folded before Flop
Seat 7: koroto2 (big blind) folded before Flop
Seat 8: dcorlatescu folded before Flop (didn't bet)



PokerStars Hand #227738346791:  Hold'em No Limit ($0.01/$0.02 USD) - 2021/06/21 2:13:01 PT [2021/06/21 5:13:01 ET]
Table 'Kapaneus II' 9-max Seat #6 is the button
Seat 1: Egormsk884 ($1.27 in chips) 
Seat 2: FACCHETADE$ ($1.65 in chips) 
Seat 3: Kupec Danila ($1.70 in chips) 
Seat 4: VanyaVanyaVa ($4.14 in chips) 
Seat 5: Tweedy620 ($2.05 in chips) 
Seat 6: Dorex2007 ($1.97 in chips) 
Seat 7: koroto2 ($1.76 in chips) 
Seat 8: dcorlatescu ($2.09 in chips) 
koroto2: posts small blind $0.01
dcorlatescu: posts big blind $0.02
*** HOLE CARDS ***
Dealt to Dorex2007 [Kd Ah]
Egormsk884: calls $0.02
FACCHETADE$: raises $0.30 to $0.32
Kupec Danila: folds 
VanyaVanyaVa: folds 
Tweedy620: folds 
Dorex2007: calls $0.32
koroto2: folds 
dcorlatescu: folds 
Egormsk884: raises $0.30 to $0.62
FACCHETADE$: raises $1.03 to $1.65 and is all-in
Dorex2007: folds 
Egormsk884: calls $0.65 and is all-in
Uncalled bet ($0.38) returned to FACCHETADE$
*** FLOP *** [Kc Ts Qh]
*** TURN *** [Kc Ts Qh] [4c]
*** RIVER *** [Kc Ts Qh 4c] [9c]
*** SHOW DOWN ***
Egormsk884: shows [As Qs] (a pair of Queens)
FACCHETADE$: shows [Qd Qc] (three of a kind, Queens)
FACCHETADE$ collected $2.79 from pot
*** SUMMARY ***
Total pot $2.89 | Rake $0.10 
Board [Kc Ts Qh 4c 9c]
Seat 1: Egormsk884 showed [As Qs] and lost with a pair of Queens
Seat 2: FACCHETADE$ showed [Qd Qc] and won ($2.79) with three of a kind, Queens
Seat 3: Kupec Danila folded before Flop (didn't bet)
Seat 4: VanyaVanyaVa folded before Flop (didn't bet)
Seat 5: Tweedy620 folded before Flop (didn't bet)
Seat 6: Dorex2007 (button) folded before Flop
Seat 7: koroto2 (small blind) folded before Flop
Seat 8: dcorlatescu (big blind) folded before Flop



PokerStars Hand #227738359305:  Hold'em No Limit ($0.01/$0.02 USD) - 2021/06/21 2:14:14 PT [2021/06/21 5:14:14 ET]
Table 'Kapaneus II' 9-max Seat #7 is the button
Seat 2: FACCHETADE$ ($3.17 in chips) 
Seat 3: Kupec Danila ($1.70 in chips) 
Seat 4: VanyaVanyaVa ($4.14 in chips) 
Seat 5: Tweedy620 ($2.05 in chips) 
Seat 6: Dorex2007 ($1.65 in chips) 
Seat 7: koroto2 ($1.75 in chips) 
Seat 8: dcorlatescu ($2.07 in chips) 
dcorlatescu: posts small blind $0.01
FACCHETADE$: posts big blind $0.02
*** HOLE CARDS ***
Dealt to Dorex2007 [Ts 4d]
Kupec Danila has timed out
Kupec Danila: folds 
VanyaVanyaVa: folds 
Tweedy620: folds 
Dorex2007: folds 
koroto2: folds 
dcorlatescu: folds 
Uncalled bet ($0.01) returned to FACCHETADE$
FACCHETADE$ collected $0.02 from pot
FACCHETADE$: doesn't show hand 
*** SUMMARY ***
Total pot $0.02 | Rake $0 
Seat 2: FACCHETADE$ (big blind) collected ($0.02)
Seat 3: Kupec Danila folded before Flop (didn't bet)
Seat 4: VanyaVanyaVa folded before Flop (didn't bet)
Seat 5: Tweedy620 folded before Flop (didn't bet)
Seat 6: Dorex2007 folded before Flop (didn't bet)
Seat 7: koroto2 (button) folded before Flop (didn't bet)
Seat 8: dcorlatescu (small blind) folded before Flop



PokerStars Hand #227738362391:  Hold'em No Limit ($0.01/$0.02 USD) - 2021/06/21 2:14:32 PT [2021/06/21 5:14:32 ET]
Table 'Kapaneus II' 9-max Seat #8 is the button
Seat 2: FACCHETADE$ ($3.18 in chips) 
Seat 3: Kupec Danila ($1.70 in chips) 
Seat 4: VanyaVanyaVa ($4.14 in chips) 
Seat 5: Tweedy620 ($2.05 in chips) 
Seat 6: Dorex2007 ($1.65 in chips) 
Seat 7: koroto2 ($1.75 in chips) 
Seat 8: dcorlatescu ($2.06 in chips) 
FACCHETADE$: posts small blind $0.01
Kupec Danila: posts big blind $0.02
*** HOLE CARDS ***
Dealt to Dorex2007 [6s Td]
VanyaVanyaVa: raises $0.04 to $0.06
Egormsk884 is disconnected 
Tweedy620: folds 
Dorex2007: folds 
koroto2: folds 
dcorlatescu: folds 
FACCHETADE$: calls $0.05
Kupec Danila: calls $0.04
*** FLOP *** [6d 9c 7d]
FACCHETADE$: checks 
Kupec Danila: bets $0.06
VanyaVanyaVa: raises $0.12 to $0.18
FACCHETADE$: folds 
Kupec Danila: calls $0.12
*** TURN *** [6d 9c 7d] [Kd]
Kupec Danila: checks 
VanyaVanyaVa: bets $0.10
Kupec Danila: raises $0.36 to $0.46
VanyaVanyaVa: raises $3.44 to $3.90 and is all-in
Kupec Danila: calls $1 and is all-in
Uncalled bet ($2.44) returned to VanyaVanyaVa
*** RIVER *** [6d 9c 7d Kd] [3s]
*** SHOW DOWN ***
Kupec Danila: shows [3d 5d] (a flush, King high)
VanyaVanyaVa: shows [8s 8c] (a pair of Eights)
Kupec Danila collected $3.34 from pot
*** SUMMARY ***
Total pot $3.46 | Rake $0.12 
Board [6d 9c 7d Kd 3s]
Seat 2: FACCHETADE$ (small blind) folded on the Flop
Seat 3: Kupec Danila (big blind) showed [3d 5d] and won ($3.34) with a flush, King high
Seat 4: VanyaVanyaVa showed [8s 8c] and lost with a pair of Eights
Seat 5: Tweedy620 folded before Flop (didn't bet)
Seat 6: Dorex2007 folded before Flop (didn't bet)
Seat 7: koroto2 folded before Flop (didn't bet)
Seat 8: dcorlatescu (button) folded before Flop (didn't bet)



PokerStars Hand #227738376151:  Hold'em No Limit ($0.01/$0.02 USD) - 2021/06/21 2:15:53 PT [2021/06/21 5:15:53 ET]
Table 'Kapaneus II' 9-max Seat #2 is the button
Seat 2: FACCHETADE$ ($3.12 in chips) 
Seat 3: Kupec Danila ($3.34 in chips) 
Seat 4: VanyaVanyaVa ($2.44 in chips) 
Seat 5: Tweedy620 ($2.05 in chips) 
Seat 6: Dorex2007 ($1.65 in chips) 
Seat 7: koroto2 ($1.75 in chips) 
Seat 8: dcorlatescu ($2.06 in chips) 
Kupec Danila: posts small blind $0.01
VanyaVanyaVa: posts big blind $0.02
*** HOLE CARDS ***
Dealt to Dorex2007 [Qh 7d]
Tweedy620: folds 
Dorex2007: folds 
koroto2: folds 
dcorlatescu: raises $0.04 to $0.06
FACCHETADE$: folds 
Egormsk884 leaves the table
Kupec Danila: folds 
VanyaVanyaVa: folds 
Uncalled bet ($0.04) returned to dcorlatescu
dcorlatescu collected $0.05 from pot
*** SUMMARY ***
Total pot $0.05 | Rake $0 
Seat 2: FACCHETADE$ (button) folded before Flop (didn't bet)
Seat 3: Kupec Danila (small blind) folded before Flop
Seat 4: VanyaVanyaVa (big blind) folded before Flop
Seat 5: Tweedy620 folded before Flop (didn't bet)
Seat 6: Dorex2007 folded before Flop (didn't bet)
Seat 7: koroto2 folded before Flop (didn't bet)
Seat 8: dcorlatescu collected ($0.05)



PokerStars Hand #227738380407:  Hold'em No Limit ($0.01/$0.02 USD) - 2021/06/21 2:16:18 PT [2021/06/21 5:16:18 ET]
Table 'Kapaneus II' 9-max Seat #3 is the button
Seat 2: FACCHETADE$ ($3.12 in chips) 
Seat 3: Kupec Danila ($3.33 in chips) 
Seat 4: VanyaVanyaVa ($2.42 in chips) 
Seat 5: Tweedy620 ($2.05 in chips) 
Seat 6: Dorex2007 ($1.65 in chips) 
Seat 7: koroto2 ($1.75 in chips) 
Seat 8: dcorlatescu ($2.09 in chips) 
VanyaVanyaVa: posts small blind $0.01
Tweedy620: posts big blind $0.02
*** HOLE CARDS ***
Dealt to Dorex2007 [7s Ad]
Dorex2007: folds 
koroto2: folds 
dcorlatescu: folds 
Jupiteeer joins the table at seat #1 
FACCHETADE$: folds 
Kupec Danila: folds 
VanyaVanyaVa: folds 
Uncalled bet ($0.01) returned to Tweedy620
Tweedy620 collected $0.02 from pot
Tweedy620: doesn't show hand 
*** SUMMARY ***
Total pot $0.02 | Rake $0 
Seat 2: FACCHETADE$ folded before Flop (didn't bet)
Seat 3: Kupec Danila (button) folded before Flop (didn't bet)
Seat 4: VanyaVanyaVa (small blind) folded before Flop
Seat 5: Tweedy620 (big blind) collected ($0.02)
Seat 6: Dorex2007 folded before Flop (didn't bet)
Seat 7: koroto2 folded before Flop (didn't bet)
Seat 8: dcorlatescu folded before Flop (didn't bet)



PokerStars Hand #227738384169:  Hold'em No Limit ($0.01/$0.02 USD) - 2021/06/21 2:16:40 PT [2021/06/21 5:16:40 ET]
Table 'Kapaneus II' 9-max Seat #4 is the button
Seat 1: Jupiteeer ($1.60 in chips) 
Seat 2: FACCHETADE$ ($3.12 in chips) 
Seat 3: Kupec Danila ($3.33 in chips) 
Seat 4: VanyaVanyaVa ($2.41 in chips) 
Seat 5: Tweedy620 ($2.06 in chips) 
Seat 6: Dorex2007 ($1.65 in chips) 
Seat 7: koroto2 ($1.75 in chips) 
Seat 8: dcorlatescu ($2.09 in chips) 
Tweedy620: posts small blind $0.01
Dorex2007: posts big blind $0.02
Jupiteeer: posts big blind $0.02
*** HOLE CARDS ***
Dealt to Dorex2007 [Js Jc]
koroto2: raises $0.03 to $0.05
dcorlatescu: folds 
Jupiteeer: folds 
FACCHETADE$: folds 
Kupec Danila: folds 
VanyaVanyaVa: raises $0.15 to $0.20
Tweedy620: folds 
Dorex2007: calls $0.18
koroto2: calls $0.15
*** FLOP *** [2s 4d 4h]
Dorex2007: checks 
koroto2: checks 
VanyaVanyaVa: checks 
*** TURN *** [2s 4d 4h] [9d]
Dorex2007: bets $0.16
koroto2: raises $1.39 to $1.55 and is all-in
VanyaVanyaVa: folds 
Dorex2007: folds 
Uncalled bet ($1.39) returned to koroto2
koroto2 collected $0.92 from pot
*** SUMMARY ***
Total pot $0.95 | Rake $0.03 
Board [2s 4d 4h 9d]
Seat 1: Jupiteeer folded before Flop (didn't bet)
Seat 2: FACCHETADE$ folded before Flop (didn't bet)
Seat 3: Kupec Danila folded before Flop (didn't bet)
Seat 4: VanyaVanyaVa (button) folded on the Turn
Seat 5: Tweedy620 (small blind) folded before Flop
Seat 6: Dorex2007 (big blind) folded on the Turn
Seat 7: koroto2 collected ($0.92)
Seat 8: dcorlatescu folded before Flop (didn't bet)



PokerStars Hand #227738396391:  Hold'em No Limit ($0.01/$0.02 USD) - 2021/06/21 2:17:52 PT [2021/06/21 5:17:52 ET]
Table 'Kapaneus II' 9-max Seat #5 is the button
Seat 1: Jupiteeer ($1.58 in chips) 
Seat 2: FACCHETADE$ ($3.12 in chips) 
Seat 3: Kupec Danila ($3.33 in chips) 
Seat 4: VanyaVanyaVa ($2.21 in chips) 
Seat 5: Tweedy620 ($2.05 in chips) 
Seat 6: Dorex2007 ($1.29 in chips) 
Seat 7: koroto2 ($2.31 in chips) 
Seat 8: dcorlatescu ($2.09 in chips) 
Dorex2007: posts small blind $0.01
koroto2: posts big blind $0.02
*** HOLE CARDS ***
Dealt to Dorex2007 [9d 8c]
dcorlatescu: raises $0.04 to $0.06
Jupiteeer: calls $0.06
FACCHETADE$: folds 
Kupec Danila: folds 
VanyaVanyaVa: folds 
Tweedy620: folds 
Dorex2007: folds 
koroto2: folds 
*** FLOP *** [3d Tc Ts]
dcorlatescu: checks 
Jupiteeer: checks 
*** TURN *** [3d Tc Ts] [Qh]
dcorlatescu: bets $0.11
Jupiteeer: calls $0.11
*** RIVER *** [3d Tc Ts Qh] [Ks]
dcorlatescu: bets $0.20
Jupiteeer: calls $0.20
*** SHOW DOWN ***
dcorlatescu: shows [Ah Kd] (two pair, Kings and Tens)
Jupiteeer: mucks hand 
dcorlatescu collected $0.74 from pot
*** SUMMARY ***
Total pot $0.77 | Rake $0.03 
Board [3d Tc Ts Qh Ks]
Seat 1: Jupiteeer mucked [5h 5c]
Seat 2: FACCHETADE$ folded before Flop (didn't bet)
Seat 3: Kupec Danila folded before Flop (didn't bet)
Seat 4: VanyaVanyaVa folded before Flop (didn't bet)
Seat 5: Tweedy620 (button) folded before Flop (didn't bet)
Seat 6: Dorex2007 (small blind) folded before Flop
Seat 7: koroto2 (big blind) folded before Flop
Seat 8: dcorlatescu showed [Ah Kd] and won ($0.74) with two pair, Kings and Tens



PokerStars Hand #227738406002:  Hold'em No Limit ($0.01/$0.02 USD) - 2021/06/21 2:18:49 PT [2021/06/21 5:18:49 ET]
Table 'Kapaneus II' 9-max Seat #6 is the button
Seat 1: Jupiteeer ($1.21 in chips) 
Seat 2: FACCHETADE$ ($3.12 in chips) 
Seat 3: Kupec Danila ($3.33 in chips) 
Seat 4: VanyaVanyaVa ($2.21 in chips) 
Seat 5: Tweedy620 ($2.05 in chips) 
Seat 6: Dorex2007 ($1.28 in chips) 
Seat 7: koroto2 ($2.29 in chips) 
Seat 8: dcorlatescu ($2.46 in chips) 
koroto2: posts small blind $0.01
dcorlatescu: posts big blind $0.02
*** HOLE CARDS ***
Dealt to Dorex2007 [Td Js]
Jupiteeer: folds 
FACCHETADE$: folds 
Kupec Danila: folds 
VanyaVanyaVa: folds 
Tweedy620: folds 
Dorex2007: folds 
koroto2: folds 
Uncalled bet ($0.01) returned to dcorlatescu
dcorlatescu collected $0.02 from pot
*** SUMMARY ***
Total pot $0.02 | Rake $0 
Seat 1: Jupiteeer folded before Flop (didn't bet)
Seat 2: FACCHETADE$ folded before Flop (didn't bet)
Seat 3: Kupec Danila folded before Flop (didn't bet)
Seat 4: VanyaVanyaVa folded before Flop (didn't bet)
Seat 5: Tweedy620 folded before Flop (didn't bet)
Seat 6: Dorex2007 (button) folded before Flop (didn't bet)
Seat 7: koroto2 (small blind) folded before Flop
Seat 8: dcorlatescu (big blind) collected ($0.02)



PokerStars Hand #227738407993:  Hold'em No Limit ($0.01/$0.02 USD) - 2021/06/21 2:19:00 PT [2021/06/21 5:19:00 ET]
Table 'Kapaneus II' 9-max Seat #7 is the button
Seat 1: Jupiteeer ($1.21 in chips) 
Seat 2: FACCHETADE$ ($3.12 in chips) 
Seat 3: Kupec Danila ($3.33 in chips) 
Seat 4: VanyaVanyaVa ($2.21 in chips) 
Seat 5: Tweedy620 ($2.05 in chips) 
Seat 6: Dorex2007 ($1.28 in chips) 
Seat 7: koroto2 ($2.28 in chips) 
Seat 8: dcorlatescu ($2.47 in chips) 
dcorlatescu: posts small blind $0.01
Jupiteeer: posts big blind $0.02
*** HOLE CARDS ***
Dealt to Dorex2007 [9h 2h]
FACCHETADE$: folds 
Kupec Danila: folds 
VanyaVanyaVa: folds 
Tweedy620: folds 
Dorex2007: folds 
koroto2: folds 
dcorlatescu: folds 
Uncalled bet ($0.01) returned to Jupiteeer
Jupiteeer collected $0.02 from pot
Jupiteeer: doesn't show hand 
*** SUMMARY ***
Total pot $0.02 | Rake $0 
Seat 1: Jupiteeer (big blind) collected ($0.02)
Seat 2: FACCHETADE$ folded before Flop (didn't bet)
Seat 3: Kupec Danila folded before Flop (didn't bet)
Seat 4: VanyaVanyaVa folded before Flop (didn't bet)
Seat 5: Tweedy620 folded before Flop (didn't bet)
Seat 6: Dorex2007 folded before Flop (didn't bet)
Seat 7: koroto2 (button) folded before Flop (didn't bet)
Seat 8: dcorlatescu (small blind) folded before Flop



PokerStars Hand #227738410819:  Hold'em No Limit ($0.01/$0.02 USD) - 2021/06/21 2:19:17 PT [2021/06/21 5:19:17 ET]
Table 'Kapaneus II' 9-max Seat #8 is the button
Seat 1: Jupiteeer ($1.22 in chips) 
Seat 2: FACCHETADE$ ($3.12 in chips) 
Seat 3: Kupec Danila ($3.33 in chips) 
Seat 4: VanyaVanyaVa ($2.21 in chips) 
Seat 5: Tweedy620 ($2.05 in chips) 
Seat 6: Dorex2007 ($1.28 in chips) 
Seat 7: koroto2 ($2.28 in chips) 
Seat 8: dcorlatescu ($2.46 in chips) 
Jupiteeer: posts small blind $0.01
FACCHETADE$: posts big blind $0.02
*** HOLE CARDS ***
Dealt to Dorex2007 [5d Jc]
Kupec Danila: folds 
VanyaVanyaVa: raises $0.04 to $0.06
Tweedy620: folds 
Dorex2007: folds 
koroto2: folds 
dcorlatescu: folds 
Jupiteeer: folds 
FACCHETADE$: calls $0.04
*** FLOP *** [Th 8d Ks]
FACCHETADE$: checks 
VanyaVanyaVa: bets $0.06
FACCHETADE$: calls $0.06
*** TURN *** [Th 8d Ks] [6s]
FACCHETADE$: checks 
VanyaVanyaVa: checks 
*** RIVER *** [Th 8d Ks 6s] [Jd]
FACCHETADE$: bets $0.24
VanyaVanyaVa: folds 
Uncalled bet ($0.24) returned to FACCHETADE$
FACCHETADE$ collected $0.24 from pot
FACCHETADE$: doesn't show hand 
*** SUMMARY ***
Total pot $0.25 | Rake $0.01 
Board [Th 8d Ks 6s Jd]
Seat 1: Jupiteeer (small blind) folded before Flop
Seat 2: FACCHETADE$ (big blind) collected ($0.24)
Seat 3: Kupec Danila folded before Flop (didn't bet)
Seat 4: VanyaVanyaVa folded on the River
Seat 5: Tweedy620 folded before Flop (didn't bet)
Seat 6: Dorex2007 folded before Flop (didn't bet)
Seat 7: koroto2 folded before Flop (didn't bet)
Seat 8: dcorlatescu (button) folded before Flop (didn't bet)



PokerStars Hand #227738420847:  Hold'em No Limit ($0.01/$0.02 USD) - 2021/06/21 2:20:16 PT [2021/06/21 5:20:16 ET]
Table 'Kapaneus II' 9-max Seat #1 is the button
Seat 1: Jupiteeer ($1.21 in chips) 
Seat 2: FACCHETADE$ ($3.24 in chips) 
Seat 3: Kupec Danila ($3.33 in chips) 
Seat 4: VanyaVanyaVa ($2.09 in chips) 
Seat 5: Tweedy620 ($2.05 in chips) 
Seat 6: Dorex2007 ($1.28 in chips) 
Seat 7: koroto2 ($2.28 in chips) 
Seat 8: dcorlatescu ($2.46 in chips) 
FACCHETADE$: posts small blind $0.01
Kupec Danila: posts big blind $0.02
*** HOLE CARDS ***
Dealt to Dorex2007 [7h Qs]
VanyaVanyaVa: folds 
Tweedy620: folds 
Dorex2007: folds 
koroto2: folds 
dcorlatescu: raises $0.03 to $0.05
Jupiteeer: calls $0.05
FACCHETADE$: folds 
Kupec Danila: folds 
*** FLOP *** [As 5s 9h]
dcorlatescu: checks 
Jupiteeer: checks 
*** TURN *** [As 5s 9h] [4d]
dcorlatescu: bets $0.07
Jupiteeer: calls $0.07
*** RIVER *** [As 5s 9h 4d] [6h]
dcorlatescu: bets $0.14
Jupiteeer: raises $0.18 to $0.32
dcorlatescu: folds 
Uncalled bet ($0.18) returned to Jupiteeer
Jupiteeer collected $0.53 from pot
Jupiteeer: doesn't show hand 
*** SUMMARY ***
Total pot $0.55 | Rake $0.02 
Board [As 5s 9h 4d 6h]
Seat 1: Jupiteeer (button) collected ($0.53)
Seat 2: FACCHETADE$ (small blind) folded before Flop
Seat 3: Kupec Danila (big blind) folded before Flop
Seat 4: VanyaVanyaVa folded before Flop (didn't bet)
Seat 5: Tweedy620 folded before Flop (didn't bet)
Seat 6: Dorex2007 folded before Flop (didn't bet)
Seat 7: koroto2 folded before Flop (didn't bet)
Seat 8: dcorlatescu folded on the River



PokerStars Hand #227738428849:  Hold'em No Limit ($0.01/$0.02 USD) - 2021/06/21 2:21:02 PT [2021/06/21 5:21:02 ET]
Table 'Kapaneus II' 9-max Seat #2 is the button
Seat 1: Jupiteeer ($1.48 in chips) 
Seat 2: FACCHETADE$ ($3.23 in chips) 
Seat 3: Kupec Danila ($3.31 in chips) 
Seat 4: VanyaVanyaVa ($2.09 in chips) 
Seat 5: Tweedy620 ($2.05 in chips) 
Seat 6: Dorex2007 ($1.28 in chips) 
Seat 7: koroto2 ($2.28 in chips) 
Seat 8: dcorlatescu ($2.20 in chips) 
Kupec Danila: posts small blind $0.01
VanyaVanyaVa: posts big blind $0.02
*** HOLE CARDS ***
Dealt to Dorex2007 [Jd 8s]
Tweedy620: folds 
Dorex2007: folds 
koroto2: folds 
dcorlatescu: folds 
Jupiteeer: raises $0.04 to $0.06
FACCHETADE$: folds 
Kupec Danila: folds 
VanyaVanyaVa: folds 
Uncalled bet ($0.04) returned to Jupiteeer
Jupiteeer collected $0.05 from pot
Jupiteeer: doesn't show hand 
*** SUMMARY ***
Total pot $0.05 | Rake $0 
Seat 1: Jupiteeer collected ($0.05)
Seat 2: FACCHETADE$ (button) folded before Flop (didn't bet)
Seat 3: Kupec Danila (small blind) folded before Flop
Seat 4: VanyaVanyaVa (big blind) folded before Flop
Seat 5: Tweedy620 folded before Flop (didn't bet)
Seat 6: Dorex2007 folded before Flop (didn't bet)
Seat 7: koroto2 folded before Flop (didn't bet)
Seat 8: dcorlatescu folded before Flop (didn't bet)



PokerStars Hand #227738433776:  Hold'em No Limit ($0.01/$0.02 USD) - 2021/06/21 2:21:31 PT [2021/06/21 5:21:31 ET]
Table 'Kapaneus II' 9-max Seat #3 is the button
Seat 1: Jupiteeer ($1.51 in chips) 
Seat 2: FACCHETADE$ ($3.23 in chips) 
Seat 3: Kupec Danila ($3.30 in chips) 
Seat 4: VanyaVanyaVa ($2.07 in chips) 
Seat 5: Tweedy620 ($2.05 in chips) 
Seat 6: Dorex2007 ($1.28 in chips) 
Seat 7: koroto2 ($2.28 in chips) 
Seat 8: dcorlatescu ($2.20 in chips) 
VanyaVanyaVa: posts small blind $0.01
Tweedy620: posts big blind $0.02
*** HOLE CARDS ***
Dealt to Dorex2007 [Jc Ad]
Dorex2007: folds 
koroto2: folds 
dcorlatescu: folds 
Jupiteeer: folds 
FACCHETADE$: folds 
Kupec Danila: raises $0.04 to $0.06
VanyaVanyaVa: calls $0.05
Tweedy620: calls $0.04
*** FLOP *** [Kh Js 9c]
VanyaVanyaVa: checks 
Tweedy620: checks 
Kupec Danila: bets $0.13
VanyaVanyaVa: folds 
Tweedy620: folds 
Uncalled bet ($0.13) returned to Kupec Danila
Kupec Danila collected $0.17 from pot
*** SUMMARY ***
Total pot $0.18 | Rake $0.01 
Board [Kh Js 9c]
Seat 1: Jupiteeer folded before Flop (didn't bet)
Seat 2: FACCHETADE$ folded before Flop (didn't bet)
Seat 3: Kupec Danila (button) collected ($0.17)
Seat 4: VanyaVanyaVa (small blind) folded on the Flop
Seat 5: Tweedy620 (big blind) folded on the Flop
Seat 6: Dorex2007 folded before Flop (didn't bet)
Seat 7: koroto2 folded before Flop (didn't bet)
Seat 8: dcorlatescu folded before Flop (didn't bet)



PokerStars Hand #227738439650:  Hold'em No Limit ($0.01/$0.02 USD) - 2021/06/21 2:22:04 PT [2021/06/21 5:22:04 ET]
Table 'Kapaneus II' 9-max Seat #4 is the button
Seat 1: Jupiteeer ($1.51 in chips) 
Seat 2: FACCHETADE$ ($3.23 in chips) 
Seat 3: Kupec Danila ($3.41 in chips) 
Seat 4: VanyaVanyaVa ($2.01 in chips) 
Seat 5: Tweedy620 ($1.99 in chips) 
Seat 6: Dorex2007 ($1.28 in chips) 
Seat 7: koroto2 ($2.28 in chips) 
Seat 8: dcorlatescu ($2.20 in chips) 
Tweedy620: posts small blind $0.01
Dorex2007: posts big blind $0.02
*** HOLE CARDS ***
Dealt to Dorex2007 [3c Qh]
koroto2: folds 
dcorlatescu: folds 
Jupiteeer: folds 
FACCHETADE$: folds 
Kupec Danila: folds 
VanyaVanyaVa: folds 
koroto2 leaves the table
Tweedy620: calls $0.01
Dorex2007: checks 
*** FLOP *** [4s Th 4c]
Tweedy620: checks 
Dorex2007: checks 
*** TURN *** [4s Th 4c] [6c]
Tweedy620: checks 
rienpat joins the table at seat #7 
Dorex2007: checks 
*** RIVER *** [4s Th 4c 6c] [Ac]
Tweedy620: checks 
Dorex2007: checks 
*** SHOW DOWN ***
Tweedy620: shows [5h Js] (a pair of Fours)
Dorex2007: shows [3c Qh] (a pair of Fours - Ace+Queen kicker)
Dorex2007 collected $0.04 from pot
*** SUMMARY ***
Total pot $0.04 | Rake $0 
Board [4s Th 4c 6c Ac]
Seat 1: Jupiteeer folded before Flop (didn't bet)
Seat 2: FACCHETADE$ folded before Flop (didn't bet)
Seat 3: Kupec Danila folded before Flop (didn't bet)
Seat 4: VanyaVanyaVa (button) folded before Flop (didn't bet)
Seat 5: Tweedy620 (small blind) showed [5h Js] and lost with a pair of Fours
Seat 6: Dorex2007 (big blind) showed [3c Qh] and won ($0.04) with a pair of Fours
Seat 7: koroto2 folded before Flop (didn't bet)
Seat 8: dcorlatescu folded before Flop (didn't bet)



PokerStars Hand #227738445646:  Hold'em No Limit ($0.01/$0.02 USD) - 2021/06/21 2:22:38 PT [2021/06/21 5:22:38 ET]
Table 'Kapaneus II' 9-max Seat #6 is the button
Seat 1: Jupiteeer ($1.51 in chips) 
Seat 2: FACCHETADE$ ($3.23 in chips) 
Seat 3: Kupec Danila ($3.41 in chips) 
Seat 4: VanyaVanyaVa ($2.01 in chips) 
Seat 6: Dorex2007 ($1.30 in chips) 
Seat 8: dcorlatescu ($2.20 in chips) 
dcorlatescu: posts small blind $0.01
Jupiteeer: posts big blind $0.02
*** HOLE CARDS ***
Dealt to Dorex2007 [2h 8d]
FACCHETADE$: folds 
FACCHETADE$ leaves the table
Kupec Danila: folds 
VanyaVanyaVa: folds 
Dorex2007: folds 
dcorlatescu: folds 
Uncalled bet ($0.01) returned to Jupiteeer
Jupiteeer collected $0.02 from pot
maxxeern leaves the table
Jupiteeer: doesn't show hand 
*** SUMMARY ***
Total pot $0.02 | Rake $0 
Seat 1: Jupiteeer (big blind) collected ($0.02)
Seat 2: FACCHETADE$ folded before Flop (didn't bet)
Seat 3: Kupec Danila folded before Flop (didn't bet)
Seat 4: VanyaVanyaVa folded before Flop (didn't bet)
Seat 6: Dorex2007 (button) folded before Flop (didn't bet)
Seat 8: dcorlatescu (small blind) folded before Flop



PokerStars Hand #227738448239:  Hold'em No Limit ($0.01/$0.02 USD) - 2021/06/21 2:22:53 PT [2021/06/21 5:22:53 ET]
Table 'Kapaneus II' 9-max Seat #8 is the button
Seat 1: Jupiteeer ($1.52 in chips) 
Seat 3: Kupec Danila ($3.41 in chips) 
Seat 4: VanyaVanyaVa ($2.01 in chips) 
Seat 6: Dorex2007 ($1.30 in chips) 
Seat 8: dcorlatescu ($2.19 in chips) 
Jupiteeer: posts small blind $0.01
Kupec Danila: posts big blind $0.02
rienpat: sits out 
*** HOLE CARDS ***
Dealt to Dorex2007 [8h Qd]
VanyaVanyaVa: folds 
Dorex2007: folds 
Rad wings joins the table at seat #2 
dcorlatescu: folds 
Jupiteeer: calls $0.01
Kupec Danila: raises $0.10 to $0.12
Jupiteeer: folds 
Uncalled bet ($0.10) returned to Kupec Danila
Kupec Danila collected $0.04 from pot
*** SUMMARY ***
Total pot $0.04 | Rake $0 
Seat 1: Jupiteeer (small blind) folded before Flop
Seat 3: Kupec Danila (big blind) collected ($0.04)
Seat 4: VanyaVanyaVa folded before Flop (didn't bet)
Seat 6: Dorex2007 folded before Flop (didn't bet)
Seat 8: dcorlatescu (button) folded before Flop (didn't bet)



PokerStars Hand #227738451591:  Hold'em No Limit ($0.01/$0.02 USD) - 2021/06/21 2:23:13 PT [2021/06/21 5:23:13 ET]
Table 'Kapaneus II' 9-max Seat #1 is the button
Seat 1: Jupiteeer ($1.50 in chips) 
Seat 3: Kupec Danila ($3.43 in chips) 
Seat 4: VanyaVanyaVa ($2.01 in chips) 
Seat 6: Dorex2007 ($1.30 in chips) 
Seat 8: dcorlatescu ($2.19 in chips) 
Kupec Danila: posts small blind $0.01
VanyaVanyaVa: posts big blind $0.02
rienpat: sits out 
*** HOLE CARDS ***
Dealt to Dorex2007 [5h Jh]
Dorex2007: folds 
ShelbY.ar joins the table at seat #9 
dcorlatescu: folds 
Jupiteeer: calls $0.02
Kupec Danila: folds 
VanyaVanyaVa: checks 
*** FLOP *** [6h Js 9s]
VanyaVanyaVa: checks 
Jupiteeer: checks 
*** TURN *** [6h Js 9s] [5c]
VanyaVanyaVa: checks 
Jupiteeer: checks 
*** RIVER *** [6h Js 9s 5c] [5d]
VanyaVanyaVa: checks 
Jupiteeer: checks 
*** SHOW DOWN ***
VanyaVanyaVa: shows [8d 9d] (two pair, Nines and Fives)
Jupiteeer: mucks hand 
VanyaVanyaVa collected $0.05 from pot
*** SUMMARY ***
Total pot $0.05 | Rake $0 
Board [6h Js 9s 5c 5d]
Seat 1: Jupiteeer (button) mucked [8s Ad]
Seat 3: Kupec Danila (small blind) folded before Flop
Seat 4: VanyaVanyaVa (big blind) showed [8d 9d] and won ($0.05) with two pair, Nines and Fives
Seat 6: Dorex2007 folded before Flop (didn't bet)
Seat 8: dcorlatescu folded before Flop (didn't bet)



PokerStars Hand #227738457608:  Hold'em No Limit ($0.01/$0.02 USD) - 2021/06/21 2:23:47 PT [2021/06/21 5:23:47 ET]
Table 'Kapaneus II' 9-max Seat #3 is the button
Seat 1: Jupiteeer ($1.48 in chips) 
Seat 3: Kupec Danila ($3.42 in chips) 
Seat 4: VanyaVanyaVa ($2.04 in chips) 
Seat 6: Dorex2007 ($1.30 in chips) 
Seat 8: dcorlatescu ($2.19 in chips) 
Seat 9: ShelbY.ar ($1.21 in chips) 
VanyaVanyaVa: posts small blind $0.01
Dorex2007: posts big blind $0.02
rienpat: sits out 
ShelbY.ar: posts big blind $0.02
Rad wings: sits out 
*** HOLE CARDS ***
Dealt to Dorex2007 [4h 8h]
dcorlatescu: folds 
ShelbY.ar: raises $0.04 to $0.06
Jupiteeer: folds 
Kupec Danila: calls $0.06
VanyaVanyaVa: folds 
Dorex2007: folds 
*** FLOP *** [2s Ad Qc]
ShelbY.ar: bets $0.07
Kupec Danila: folds 
Uncalled bet ($0.07) returned to ShelbY.ar
ShelbY.ar collected $0.14 from pot
ShelbY.ar: doesn't show hand 
*** SUMMARY ***
Total pot $0.15 | Rake $0.01 
Board [2s Ad Qc]
Seat 1: Jupiteeer folded before Flop (didn't bet)
Seat 3: Kupec Danila (button) folded on the Flop
Seat 4: VanyaVanyaVa (small blind) folded before Flop
Seat 6: Dorex2007 (big blind) folded before Flop
Seat 8: dcorlatescu folded before Flop (didn't bet)
Seat 9: ShelbY.ar collected ($0.14)



PokerStars Hand #227738460918:  Hold'em No Limit ($0.01/$0.02 USD) - 2021/06/21 2:24:06 PT [2021/06/21 5:24:06 ET]
Table 'Kapaneus II' 9-max Seat #4 is the button
Seat 1: Jupiteeer ($1.48 in chips) 
Seat 3: Kupec Danila ($3.36 in chips) 
Seat 4: VanyaVanyaVa ($2.03 in chips) 
Seat 6: Dorex2007 ($1.28 in chips) 
Seat 7: rienpat ($1.60 in chips) 
Seat 8: dcorlatescu ($2.19 in chips) 
Seat 9: ShelbY.ar ($1.29 in chips) 
Dorex2007: posts small blind $0.01
rienpat: posts big blind $0.02
Rad wings: sits out 
*** HOLE CARDS ***
Dealt to Dorex2007 [6h Qs]
dcorlatescu: folds 
ShelbY.ar: folds 
Jupiteeer has timed out
Jupiteeer: folds 
Kupec Danila: folds 
VanyaVanyaVa: folds 
Dorex2007: folds 
Uncalled bet ($0.01) returned to rienpat
rienpat collected $0.02 from pot
rienpat: doesn't show hand 
*** SUMMARY ***
Total pot $0.02 | Rake $0 
Seat 1: Jupiteeer folded before Flop (didn't bet)
Seat 3: Kupec Danila folded before Flop (didn't bet)
Seat 4: VanyaVanyaVa (button) folded before Flop (didn't bet)
Seat 6: Dorex2007 (small blind) folded before Flop
Seat 7: rienpat (big blind) collected ($0.02)
Seat 8: dcorlatescu folded before Flop (didn't bet)
Seat 9: ShelbY.ar folded before Flop (didn't bet)



PokerStars Hand #227738465456:  Hold'em No Limit ($0.01/$0.02 USD) - 2021/06/21 2:24:33 PT [2021/06/21 5:24:33 ET]
Table 'Kapaneus II' 9-max Seat #6 is the button
Seat 3: Kupec Danila ($3.36 in chips) 
Seat 4: VanyaVanyaVa ($2.03 in chips) 
Seat 6: Dorex2007 ($1.27 in chips) 
Seat 7: rienpat ($1.61 in chips) 
Seat 8: dcorlatescu ($2.19 in chips) 
Seat 9: ShelbY.ar ($1.29 in chips) 
rienpat: posts small blind $0.01
dcorlatescu: posts big blind $0.02
Rad wings: sits out 
*** HOLE CARDS ***
Dealt to Dorex2007 [8d 3d]
ShelbY.ar: folds 
Kupec Danila: raises $0.04 to $0.06
VanyaVanyaVa: folds 
Dorex2007: folds 
rienpat: folds 
dcorlatescu: folds 
Uncalled bet ($0.04) returned to Kupec Danila
Kupec Danila collected $0.05 from pot
*** SUMMARY ***
Total pot $0.05 | Rake $0 
Seat 3: Kupec Danila collected ($0.05)
Seat 4: VanyaVanyaVa folded before Flop (didn't bet)
Seat 6: Dorex2007 (button) folded before Flop (didn't bet)
Seat 7: rienpat (small blind) folded before Flop
Seat 8: dcorlatescu (big blind) folded before Flop
Seat 9: ShelbY.ar folded before Flop (didn't bet)



PokerStars Hand #227738467711:  Hold'em No Limit ($0.01/$0.02 USD) - 2021/06/21 2:24:46 PT [2021/06/21 5:24:46 ET]
Table 'Kapaneus II' 9-max Seat #7 is the button
Seat 1: Jupiteeer ($1.48 in chips) 
Seat 3: Kupec Danila ($3.39 in chips) 
Seat 4: VanyaVanyaVa ($2.03 in chips) 
Seat 6: Dorex2007 ($1.27 in chips) 
Seat 7: rienpat ($1.60 in chips) 
Seat 8: dcorlatescu ($2.17 in chips) 
Seat 9: ShelbY.ar ($1.29 in chips) 
dcorlatescu: posts small blind $0.01
ShelbY.ar: posts big blind $0.02
Rad wings: sits out 
*** HOLE CARDS ***
Dealt to Dorex2007 [4s Kc]
Jupiteeer: folds 
Kupec Danila: folds 
VanyaVanyaVa: folds 
Dorex2007: folds 
rienpat: folds 
dcorlatescu: raises $0.04 to $0.06
ShelbY.ar: calls $0.04
*** FLOP *** [5s 9s Ks]
dcorlatescu: checks 
ShelbY.ar: checks 
*** TURN *** [5s 9s Ks] [Qc]
dcorlatescu: bets $0.06
ShelbY.ar: calls $0.06
*** RIVER *** [5s 9s Ks Qc] [Qd]
dcorlatescu: bets $0.17
ShelbY.ar: calls $0.17
*** SHOW DOWN ***
dcorlatescu: shows [8h Qh] (three of a kind, Queens)
ShelbY.ar: mucks hand 
dcorlatescu collected $0.56 from pot
*** SUMMARY ***
Total pot $0.58 | Rake $0.02 
Board [5s 9s Ks Qc Qd]
Seat 1: Jupiteeer folded before Flop (didn't bet)
Seat 3: Kupec Danila folded before Flop (didn't bet)
Seat 4: VanyaVanyaVa folded before Flop (didn't bet)
Seat 6: Dorex2007 folded before Flop (didn't bet)
Seat 7: rienpat (button) folded before Flop (didn't bet)
Seat 8: dcorlatescu (small blind) showed [8h Qh] and won ($0.56) with three of a kind, Queens
Seat 9: ShelbY.ar (big blind) mucked [3d Kd]



PokerStars Hand #227738477198:  Hold'em No Limit ($0.01/$0.02 USD) - 2021/06/21 2:25:40 PT [2021/06/21 5:25:40 ET]
Table 'Kapaneus II' 9-max Seat #8 is the button
Seat 1: Jupiteeer ($1.48 in chips) 
Seat 3: Kupec Danila ($3.39 in chips) 
Seat 4: VanyaVanyaVa ($2.03 in chips) 
Seat 6: Dorex2007 ($2 in chips) 
Seat 7: rienpat ($1.60 in chips) 
Seat 8: dcorlatescu ($2.44 in chips) 
Seat 9: ShelbY.ar ($1 in chips) 
ShelbY.ar: posts small blind $0.01
Jupiteeer: posts big blind $0.02
Rad wings: sits out 
*** HOLE CARDS ***
Dealt to Dorex2007 [4c Jc]
Kupec Danila: folds 
VanyaVanyaVa: raises $0.04 to $0.06
Dorex2007: folds 
rienpat: folds 
dcorlatescu: folds 
ShelbY.ar: calls $0.05
Jupiteeer: folds 
*** FLOP *** [6d Ac 5s]
ShelbY.ar: bets $0.02
VanyaVanyaVa: raises $0.10 to $0.12
ShelbY.ar: calls $0.10
*** TURN *** [6d Ac 5s] [5d]
ShelbY.ar: checks 
VanyaVanyaVa: bets $0.14
ShelbY.ar: raises $0.68 to $0.82 and is all-in
VanyaVanyaVa: calls $0.68
*** RIVER *** [6d Ac 5s 5d] [5c]
*** SHOW DOWN ***
ShelbY.ar: shows [6h 8s] (a full house, Fives full of Sixes)
VanyaVanyaVa: shows [Kc Kh] (a full house, Fives full of Kings)
VanyaVanyaVa collected $1.95 from pot
*** SUMMARY ***
Total pot $2.02 | Rake $0.07 
Board [6d Ac 5s 5d 5c]
Seat 1: Jupiteeer (big blind) folded before Flop
Seat 3: Kupec Danila folded before Flop (didn't bet)
Seat 4: VanyaVanyaVa showed [Kc Kh] and won ($1.95) with a full house, Fives full of Kings
Seat 6: Dorex2007 folded before Flop (didn't bet)
Seat 7: rienpat folded before Flop (didn't bet)
Seat 8: dcorlatescu (button) folded before Flop (didn't bet)
Seat 9: ShelbY.ar (small blind) showed [6h 8s] and lost with a full house, Fives full of Sixes



PokerStars Hand #227738485189:  Hold'em No Limit ($0.01/$0.02 USD) - 2021/06/21 2:26:25 PT [2021/06/21 5:26:25 ET]
Table 'Kapaneus II' 9-max Seat #1 is the button
Seat 1: Jupiteeer ($1.46 in chips) 
Seat 3: Kupec Danila ($3.39 in chips) 
Seat 4: VanyaVanyaVa ($2.98 in chips) 
Seat 6: Dorex2007 ($2 in chips) 
Seat 7: rienpat ($1.60 in chips) 
Seat 8: dcorlatescu ($2.44 in chips) 
Kupec Danila: posts small blind $0.01
VanyaVanyaVa: posts big blind $0.02
*** HOLE CARDS ***
Dealt to Dorex2007 [3c 2c]
Dorex2007: folds 
ShelbY.ar leaves the table
rienpat: folds 
dcorlatescu: raises $0.04 to $0.06
Jupiteeer: calls $0.06
Kupec Danila: folds 
VanyaVanyaVa: folds 
*** FLOP *** [4c As 2h]
dcorlatescu: bets $0.06
Jupiteeer: calls $0.06
*** TURN *** [4c As 2h] [Ks]
dcorlatescu: checks 
Jupiteeer: checks 
*** RIVER *** [4c As 2h Ks] [Js]
dcorlatescu: checks 
Jupiteeer: checks 
*** SHOW DOWN ***
dcorlatescu: shows [Qd Qc] (a pair of Queens)
Jupiteeer: mucks hand 
dcorlatescu collected $0.26 from pot
*** SUMMARY ***
Total pot $0.27 | Rake $0.01 
Board [4c As 2h Ks Js]
Seat 1: Jupiteeer (button) mucked [5s 5c]
Seat 3: Kupec Danila (small blind) folded before Flop
Seat 4: VanyaVanyaVa (big blind) folded before Flop
Seat 6: Dorex2007 folded before Flop (didn't bet)
Seat 7: rienpat folded before Flop (didn't bet)
Seat 8: dcorlatescu showed [Qd Qc] and won ($0.26) with a pair of Queens



PokerStars Hand #227738492698:  Hold'em No Limit ($0.01/$0.02 USD) - 2021/06/21 2:27:08 PT [2021/06/21 5:27:08 ET]
Table 'Kapaneus II' 9-max Seat #3 is the button
Seat 1: Jupiteeer ($1.34 in chips) 
Seat 3: Kupec Danila ($3.38 in chips) 
Seat 4: VanyaVanyaVa ($2.96 in chips) 
Seat 5: Tweedy620 ($1.97 in chips) 
Seat 6: Dorex2007 ($2 in chips) 
Seat 7: rienpat ($1.60 in chips) 
Seat 8: dcorlatescu ($2.58 in chips) 
VanyaVanyaVa: posts small blind $0.01
Tweedy620: posts big blind $0.02
Rad wings: sits out 
*** HOLE CARDS ***
Dealt to Dorex2007 [Jh 8h]
Dorex2007: folds 
rienpat: folds 
dcorlatescu: folds 
Jupiteeer: folds 
zolotov919 joins the table at seat #9 
Kupec Danila: raises $0.04 to $0.06
VanyaVanyaVa: folds 
Tweedy620: folds 
Uncalled bet ($0.04) returned to Kupec Danila
Kupec Danila collected $0.05 from pot
*** SUMMARY ***
Total pot $0.05 | Rake $0 
Seat 1: Jupiteeer folded before Flop (didn't bet)
Seat 3: Kupec Danila (button) collected ($0.05)
Seat 4: VanyaVanyaVa (small blind) folded before Flop
Seat 5: Tweedy620 (big blind) folded before Flop
Seat 6: Dorex2007 folded before Flop (didn't bet)
Seat 7: rienpat folded before Flop (didn't bet)
Seat 8: dcorlatescu folded before Flop (didn't bet)



PokerStars Hand #227738496249:  Hold'em No Limit ($0.01/$0.02 USD) - 2021/06/21 2:27:30 PT [2021/06/21 5:27:30 ET]
Table 'Kapaneus II' 9-max Seat #4 is the button
Seat 1: Jupiteeer ($1.34 in chips) 
Seat 3: Kupec Danila ($3.41 in chips) 
Seat 4: VanyaVanyaVa ($2.95 in chips) 
Seat 5: Tweedy620 ($1.95 in chips) 
Seat 6: Dorex2007 ($2 in chips) 
Seat 7: rienpat ($1.60 in chips) 
Seat 8: dcorlatescu ($2.58 in chips) 
Tweedy620: posts small blind $0.01
Dorex2007: posts big blind $0.02
zolotov919: sits out 
Rad wings: sits out 
*** HOLE CARDS ***
Dealt to Dorex2007 [Tc 6h]
rienpat: folds 
dcorlatescu: folds 
Jupiteeer: folds 
Kupec Danila: folds 
VanyaVanyaVa: raises $0.04 to $0.06
Tweedy620: folds 
Dorex2007: folds 
Uncalled bet ($0.04) returned to VanyaVanyaVa
VanyaVanyaVa collected $0.05 from pot
*** SUMMARY ***
Total pot $0.05 | Rake $0 
Seat 1: Jupiteeer folded before Flop (didn't bet)
Seat 3: Kupec Danila folded before Flop (didn't bet)
Seat 4: VanyaVanyaVa (button) collected ($0.05)
Seat 5: Tweedy620 (small blind) folded before Flop
Seat 6: Dorex2007 (big blind) folded before Flop
Seat 7: rienpat folded before Flop (didn't bet)
Seat 8: dcorlatescu folded before Flop (didn't bet)



PokerStars Hand #227738498592:  Hold'em No Limit ($0.01/$0.02 USD) - 2021/06/21 2:27:43 PT [2021/06/21 5:27:43 ET]
Table 'Kapaneus II' 9-max Seat #5 is the button
Seat 1: Jupiteeer ($1.34 in chips) 
Seat 3: Kupec Danila ($3.41 in chips) 
Seat 4: VanyaVanyaVa ($2.98 in chips) 
Seat 5: Tweedy620 ($1.94 in chips) 
Seat 6: Dorex2007 ($1.98 in chips) 
Seat 7: rienpat ($1.60 in chips) 
Seat 8: dcorlatescu ($2.58 in chips) 
Dorex2007: posts small blind $0.01
rienpat: posts big blind $0.02
zolotov919: sits out 
Rad wings: sits out 
*** HOLE CARDS ***
Dealt to Dorex2007 [2d 8c]
dcorlatescu: raises $0.04 to $0.06
Jupiteeer: calls $0.06
Kupec Danila: folds 
VanyaVanyaVa: raises $0.18 to $0.24
Tweedy620: folds 
Dorex2007: folds 
rienpat: folds 
dcorlatescu: calls $0.18
Jupiteeer: folds 
*** FLOP *** [7h 9d 4h]
dcorlatescu: checks 
VanyaVanyaVa: bets $2.74 and is all-in
dcorlatescu: folds 
Uncalled bet ($2.74) returned to VanyaVanyaVa
VanyaVanyaVa collected $0.55 from pot
*** SUMMARY ***
Total pot $0.57 | Rake $0.02 
Board [7h 9d 4h]
Seat 1: Jupiteeer folded before Flop
Seat 3: Kupec Danila folded before Flop (didn't bet)
Seat 4: VanyaVanyaVa collected ($0.55)
Seat 5: Tweedy620 (button) folded before Flop (didn't bet)
Seat 6: Dorex2007 (small blind) folded before Flop
Seat 7: rienpat (big blind) folded before Flop
Seat 8: dcorlatescu folded on the Flop



PokerStars Hand #227738503420:  Hold'em No Limit ($0.01/$0.02 USD) - 2021/06/21 2:28:11 PT [2021/06/21 5:28:11 ET]
Table 'Kapaneus II' 9-max Seat #6 is the button
Seat 1: Jupiteeer ($1.28 in chips) 
Seat 3: Kupec Danila ($3.41 in chips) 
Seat 4: VanyaVanyaVa ($3.29 in chips) 
Seat 5: Tweedy620 ($1.94 in chips) 
Seat 6: Dorex2007 ($1.97 in chips) 
Seat 7: rienpat ($1.58 in chips) 
Seat 9: zolotov919 ($0.80 in chips) 
rienpat: posts small blind $0.01
dcorlatescu: is sitting out 
dcorlatescu leaves the table
zolotov919: posts big blind $0.02
Rad wings: sits out 
*** HOLE CARDS ***
Dealt to Dorex2007 [7s Qs]
Jupiteeer: folds 
Kupec Danila: folds 
VanyaVanyaVa: raises $0.04 to $0.06
Tweedy620: folds 
Dorex2007: folds 
rienpat: folds 
zolotov919: folds 
Uncalled bet ($0.04) returned to VanyaVanyaVa
VanyaVanyaVa collected $0.05 from pot
*** SUMMARY ***
Total pot $0.05 | Rake $0 
Seat 1: Jupiteeer folded before Flop (didn't bet)
Seat 3: Kupec Danila folded before Flop (didn't bet)
Seat 4: VanyaVanyaVa collected ($0.05)
Seat 5: Tweedy620 folded before Flop (didn't bet)
Seat 6: Dorex2007 (button) folded before Flop (didn't bet)
Seat 7: rienpat (small blind) folded before Flop
Seat 9: zolotov919 (big blind) folded before Flop



PokerStars Hand #227738508708:  Hold'em No Limit ($0.01/$0.02 USD) - 2021/06/21 2:28:42 PT [2021/06/21 5:28:42 ET]
Table 'Kapaneus II' 9-max Seat #7 is the button
Seat 1: Jupiteeer ($1.28 in chips) 
Seat 3: Kupec Danila ($3.41 in chips) 
Seat 4: VanyaVanyaVa ($3.32 in chips) 
Seat 5: Tweedy620 ($1.94 in chips) 
Seat 6: Dorex2007 ($1.97 in chips) 
Seat 7: rienpat ($1.57 in chips) 
Seat 9: zolotov919 ($0.78 in chips) 
zolotov919: posts small blind $0.01
Jupiteeer: posts big blind $0.02
Rad wings: sits out 
*** HOLE CARDS ***
Dealt to Dorex2007 [3s 7s]
Kupec Danila: raises $0.04 to $0.06
VanyaVanyaVa: folds 
Tweedy620: folds 
Dorex2007: folds 
rienpat: calls $0.06
zolotov919: folds 
Jupiteeer: folds 
*** FLOP *** [Ac 9s 7d]
Kupec Danila: bets $0.05
rienpat: folds 
Uncalled bet ($0.05) returned to Kupec Danila
Kupec Danila collected $0.14 from pot
*** SUMMARY ***
Total pot $0.15 | Rake $0.01 
Board [Ac 9s 7d]
Seat 1: Jupiteeer (big blind) folded before Flop
Seat 3: Kupec Danila collected ($0.14)
Seat 4: VanyaVanyaVa folded before Flop (didn't bet)
Seat 5: Tweedy620 folded before Flop (didn't bet)
Seat 6: Dorex2007 folded before Flop (didn't bet)
Seat 7: rienpat (button) folded on the Flop
Seat 9: zolotov919 (small blind) folded before Flop



PokerStars Hand #227738514084:  Hold'em No Limit ($0.01/$0.02 USD) - 2021/06/21 2:29:13 PT [2021/06/21 5:29:13 ET]
Table 'Kapaneus II' 9-max Seat #9 is the button
Seat 1: Jupiteeer ($1.26 in chips) 
Seat 2: Rad wings ($1.60 in chips) 
Seat 3: Kupec Danila ($3.49 in chips) 
Seat 4: VanyaVanyaVa ($3.32 in chips) 
Seat 5: Tweedy620 ($1.94 in chips) 
Seat 6: Dorex2007 ($1.97 in chips) 
Seat 7: rienpat ($1.51 in chips) 
Seat 9: zolotov919 ($0.77 in chips) 
Jupiteeer: posts small blind $0.01
Rad wings: posts big blind $0.02
*** HOLE CARDS ***
Dealt to Dorex2007 [5h 2d]
Kupec Danila: folds 
VanyaVanyaVa: folds 
Tweedy620: calls $0.02
Dorex2007: folds 
rienpat: folds 
Fugazi Nemesis joins the table at seat #8 
zolotov919 has timed out
zolotov919: folds 
Jupiteeer: folds 
Rad wings: checks 
*** FLOP *** [Qd 4h 6d]
Rad wings: checks 
Tweedy620: bets $0.06
Rad wings: folds 
Uncalled bet ($0.06) returned to Tweedy620
Tweedy620 collected $0.05 from pot
Tweedy620: doesn't show hand 
*** SUMMARY ***
Total pot $0.05 | Rake $0 
Board [Qd 4h 6d]
Seat 1: Jupiteeer (small blind) folded before Flop
Seat 2: Rad wings (big blind) folded on the Flop
Seat 3: Kupec Danila folded before Flop (didn't bet)
Seat 4: VanyaVanyaVa folded before Flop (didn't bet)
Seat 5: Tweedy620 collected ($0.05)
Seat 6: Dorex2007 folded before Flop (didn't bet)
Seat 7: rienpat folded before Flop (didn't bet)
Seat 9: zolotov919 (button) folded before Flop (didn't bet)



PokerStars Hand #227738522415:  Hold'em No Limit ($0.01/$0.02 USD) - 2021/06/21 2:30:00 PT [2021/06/21 5:30:00 ET]
Table 'Kapaneus II' 9-max Seat #1 is the button
Seat 1: Jupiteeer ($1.25 in chips) 
Seat 2: Rad wings ($1.58 in chips) 
Seat 3: Kupec Danila ($3.49 in chips) 
Seat 4: VanyaVanyaVa ($3.32 in chips) 
Seat 5: Tweedy620 ($1.97 in chips) 
Seat 6: Dorex2007 ($1.97 in chips) 
Seat 7: rienpat ($1.51 in chips) 
Seat 9: zolotov919 ($0.77 in chips) 
Rad wings: posts small blind $0.01
Kupec Danila: posts big blind $0.02
Fugazi Nemesis: sits out 
*** HOLE CARDS ***
Dealt to Dorex2007 [6h 7c]
VanyaVanyaVa: raises $0.04 to $0.06
Tweedy620: folds 
Dorex2007: folds 
rienpat: folds 
zolotov919: folds 
Jupiteeer: folds 
Rad wings: folds 
Kupec Danila: folds 
Uncalled bet ($0.04) returned to VanyaVanyaVa
VanyaVanyaVa collected $0.05 from pot
*** SUMMARY ***
Total pot $0.05 | Rake $0 
Seat 1: Jupiteeer (button) folded before Flop (didn't bet)
Seat 2: Rad wings (small blind) folded before Flop
Seat 3: Kupec Danila (big blind) folded before Flop
Seat 4: VanyaVanyaVa collected ($0.05)
Seat 5: Tweedy620 folded before Flop (didn't bet)
Seat 6: Dorex2007 folded before Flop (didn't bet)
Seat 7: rienpat folded before Flop (didn't bet)
Seat 9: zolotov919 folded before Flop (didn't bet)



PokerStars Hand #227738524647:  Hold'em No Limit ($0.01/$0.02 USD) - 2021/06/21 2:30:13 PT [2021/06/21 5:30:13 ET]
Table 'Kapaneus II' 9-max Seat #2 is the button
Seat 1: Jupiteeer ($1.25 in chips) 
Seat 2: Rad wings ($1.57 in chips) 
Seat 3: Kupec Danila ($3.47 in chips) 
Seat 4: VanyaVanyaVa ($3.35 in chips) 
Seat 5: Tweedy620 ($1.97 in chips) 
Seat 6: Dorex2007 ($1.97 in chips) 
Seat 7: rienpat ($1.51 in chips) 
Seat 9: zolotov919 ($0.77 in chips) 
Kupec Danila: posts small blind $0.01
VanyaVanyaVa: posts big blind $0.02
Fugazi Nemesis: sits out 
*** HOLE CARDS ***
Dealt to Dorex2007 [As Td]
Tweedy620: folds 
Dorex2007: folds 
rienpat: folds 
zolotov919: folds 
Jupiteeer: folds 
Rad wings: folds 
Kupec Danila: folds 
Uncalled bet ($0.01) returned to VanyaVanyaVa
VanyaVanyaVa collected $0.02 from pot
*** SUMMARY ***
Total pot $0.02 | Rake $0 
Seat 1: Jupiteeer folded before Flop (didn't bet)
Seat 2: Rad wings (button) folded before Flop (didn't bet)
Seat 3: Kupec Danila (small blind) folded before Flop
Seat 4: VanyaVanyaVa (big blind) collected ($0.02)
Seat 5: Tweedy620 folded before Flop (didn't bet)
Seat 6: Dorex2007 folded before Flop (didn't bet)
Seat 7: rienpat folded before Flop (didn't bet)
Seat 9: zolotov919 folded before Flop (didn't bet)



PokerStars Hand #227738528180:  Hold'em No Limit ($0.01/$0.02 USD) - 2021/06/21 2:30:33 PT [2021/06/21 5:30:33 ET]
Table 'Kapaneus II' 9-max Seat #3 is the button
Seat 1: Jupiteeer ($1.25 in chips) 
Seat 2: Rad wings ($1.57 in chips) 
Seat 3: Kupec Danila ($3.46 in chips) 
Seat 4: VanyaVanyaVa ($3.36 in chips) 
Seat 5: Tweedy620 ($1.97 in chips) 
Seat 6: Dorex2007 ($1.97 in chips) 
Seat 7: rienpat ($1.51 in chips) 
Seat 9: zolotov919 ($0.77 in chips) 
VanyaVanyaVa: posts small blind $0.01
Tweedy620: posts big blind $0.02
Fugazi Nemesis: sits out 
*** HOLE CARDS ***
Dealt to Dorex2007 [Td 3s]
Dorex2007: folds 
rienpat: folds 
zolotov919: folds 
Jupiteeer: calls $0.02
Rad wings: folds 
Kupec Danila: folds 
VanyaVanyaVa: folds 
Tweedy620: checks 
*** FLOP *** [Qs As Ah]
Tweedy620: checks 
Jupiteeer: checks 
*** TURN *** [Qs As Ah] [9s]
Tweedy620: checks 
Jupiteeer: checks 
*** RIVER *** [Qs As Ah 9s] [Kh]
Tweedy620: checks 
Jupiteeer: bets $0.02
Tweedy620: folds 
Uncalled bet ($0.02) returned to Jupiteeer
Jupiteeer collected $0.05 from pot
Jupiteeer: doesn't show hand 
*** SUMMARY ***
Total pot $0.05 | Rake $0 
Board [Qs As Ah 9s Kh]
Seat 1: Jupiteeer collected ($0.05)
Seat 2: Rad wings folded before Flop (didn't bet)
Seat 3: Kupec Danila (button) folded before Flop (didn't bet)
Seat 4: VanyaVanyaVa (small blind) folded before Flop
Seat 5: Tweedy620 (big blind) folded on the River
Seat 6: Dorex2007 folded before Flop (didn't bet)
Seat 7: rienpat folded before Flop (didn't bet)
Seat 9: zolotov919 folded before Flop (didn't bet)



