PokerStars Hand #223975498932:  Hold'em No Limit ($0.01/$0.02 USD) - 2021/02/18 21:22:15 PT [2021/02/19 0:22:15 ET]
Table 'Helenos V' 9-max Seat #9 is the button
Seat 2: ser447787 ($1.98 in chips) 
Seat 3: Sai_8888 ($2 in chips) 
Seat 4: w3sby ($2.69 in chips) 
Seat 5: Zuban442 ($2.24 in chips) 
Seat 6: croro27 ($2.78 in chips) 
Seat 7: Thetis_39 ($3.20 in chips) 
Seat 8: Dorex2007 ($1.50 in chips) 
Seat 9: popayrus ($2 in chips) 
ser447787: posts small blind $0.01
Sai_8888: posts big blind $0.02
Dorex2007: posts big blind $0.02
*** HOLE CARDS ***
Dealt to Dorex2007 [Kd 5h]
w3sby: folds 
Zuban442: folds 
croro27: raises $0.04 to $0.06
Thetis_39: raises $0.12 to $0.18
Dorex2007: folds 
popayrus: folds 
ser447787: folds 
Sai_8888: folds 
croro27: calls $0.12
*** FLOP *** [9s 5s 9h]
croro27: bets $0.20
Thetis_39: calls $0.20
*** TURN *** [9s 5s 9h] [6c]
croro27: bets $0.39
Thetis_39: folds 
Uncalled bet ($0.39) returned to croro27
croro27 collected $0.78 from pot
croro27: doesn't show hand 
*** SUMMARY ***
Total pot $0.81 | Rake $0.03 
Board [9s 5s 9h 6c]
Seat 2: ser447787 (small blind) folded before Flop
Seat 3: Sai_8888 (big blind) folded before Flop
Seat 4: w3sby folded before Flop (didn't bet)
Seat 5: Zuban442 folded before Flop (didn't bet)
Seat 6: croro27 collected ($0.78)
Seat 7: Thetis_39 folded on the Turn
Seat 8: Dorex2007 folded before Flop (didn't bet)
Seat 9: popayrus (button) folded before Flop (didn't bet)



PokerStars Hand #223975510490:  Hold'em No Limit ($0.01/$0.02 USD) - 2021/02/18 21:23:07 PT [2021/02/19 0:23:07 ET]
Table 'Helenos V' 9-max Seat #2 is the button
Seat 2: ser447787 ($1.97 in chips) 
Seat 3: Sai_8888 ($1.98 in chips) 
Seat 4: w3sby ($2.69 in chips) 
Seat 5: Zuban442 ($2.24 in chips) 
Seat 6: croro27 ($3.18 in chips) 
Seat 7: Thetis_39 ($2.82 in chips) 
Seat 8: Dorex2007 ($1.48 in chips) 
Seat 9: popayrus ($2 in chips) 
Sai_8888: posts small blind $0.01
w3sby: posts big blind $0.02
*** HOLE CARDS ***
Dealt to Dorex2007 [5h 6c]
Zuban442: folds 
croro27: folds 
Thetis_39: folds 
Dorex2007: folds 
popayrus: folds 
ser447787: folds 
Sai_8888: folds 
Uncalled bet ($0.01) returned to w3sby
w3sby collected $0.02 from pot
w3sby: doesn't show hand 
*** SUMMARY ***
Total pot $0.02 | Rake $0 
Seat 2: ser447787 (button) folded before Flop (didn't bet)
Seat 3: Sai_8888 (small blind) folded before Flop
Seat 4: w3sby (big blind) collected ($0.02)
Seat 5: Zuban442 folded before Flop (didn't bet)
Seat 6: croro27 folded before Flop (didn't bet)
Seat 7: Thetis_39 folded before Flop (didn't bet)
Seat 8: Dorex2007 folded before Flop (didn't bet)
Seat 9: popayrus folded before Flop (didn't bet)



PokerStars Hand #223975513013:  Hold'em No Limit ($0.01/$0.02 USD) - 2021/02/18 21:23:19 PT [2021/02/19 0:23:19 ET]
Table 'Helenos V' 9-max Seat #3 is the button
Seat 2: ser447787 ($1.97 in chips) 
Seat 3: Sai_8888 ($1.97 in chips) 
Seat 4: w3sby ($2.70 in chips) 
Seat 5: Zuban442 ($2.24 in chips) 
Seat 6: croro27 ($3.18 in chips) 
Seat 7: Thetis_39 ($2.82 in chips) 
Seat 8: Dorex2007 ($1.48 in chips) 
Seat 9: popayrus ($2 in chips) 
w3sby: posts small blind $0.01
Zuban442: posts big blind $0.02
*** HOLE CARDS ***
Dealt to Dorex2007 [Ah 5d]
croro27 has timed out
croro27: folds 
Thetis_39: folds 
Dorex2007: folds 
popayrus: folds 
ser447787: folds 
Sai_8888: calls $0.02
w3sby: folds 
Zuban442: checks 
*** FLOP *** [Ks Qh 6d]
Zuban442: checks 
Sai_8888: checks 
*** TURN *** [Ks Qh 6d] [9h]
Zuban442: checks 
Sai_8888: bets $0.02
Zuban442: calls $0.02
*** RIVER *** [Ks Qh 6d 9h] [9d]
Zuban442: checks 
Sai_8888: bets $0.05
Zuban442: folds 
Uncalled bet ($0.05) returned to Sai_8888
Sai_8888 collected $0.09 from pot
Sai_8888: doesn't show hand 
*** SUMMARY ***
Total pot $0.09 | Rake $0 
Board [Ks Qh 6d 9h 9d]
Seat 2: ser447787 folded before Flop (didn't bet)
Seat 3: Sai_8888 (button) collected ($0.09)
Seat 4: w3sby (small blind) folded before Flop
Seat 5: Zuban442 (big blind) folded on the River
Seat 6: croro27 folded before Flop (didn't bet)
Seat 7: Thetis_39 folded before Flop (didn't bet)
Seat 8: Dorex2007 folded before Flop (didn't bet)
Seat 9: popayrus folded before Flop (didn't bet)



PokerStars Hand #223975525688:  Hold'em No Limit ($0.01/$0.02 USD) - 2021/02/18 21:24:16 PT [2021/02/19 0:24:16 ET]
Table 'Helenos V' 9-max Seat #4 is the button
Seat 2: ser447787 ($1.97 in chips) 
Seat 3: Sai_8888 ($2.02 in chips) 
Seat 4: w3sby ($2.69 in chips) 
Seat 5: Zuban442 ($2.20 in chips) 
Seat 6: croro27 ($3.18 in chips) 
Seat 7: Thetis_39 ($2.82 in chips) 
Seat 8: Dorex2007 ($1.48 in chips) 
Seat 9: popayrus ($2 in chips) 
Zuban442: posts small blind $0.01
croro27: posts big blind $0.02
*** HOLE CARDS ***
Dealt to Dorex2007 [Qc 4s]
Thetis_39: folds 
Dorex2007: folds 
popayrus: folds 
ser447787: raises $0.04 to $0.06
Sai_8888: folds 
w3sby: folds 
Zuban442: folds 
croro27: folds 
Uncalled bet ($0.04) returned to ser447787
ser447787 collected $0.05 from pot
*** SUMMARY ***
Total pot $0.05 | Rake $0 
Seat 2: ser447787 collected ($0.05)
Seat 3: Sai_8888 folded before Flop (didn't bet)
Seat 4: w3sby (button) folded before Flop (didn't bet)
Seat 5: Zuban442 (small blind) folded before Flop
Seat 6: croro27 (big blind) folded before Flop
Seat 7: Thetis_39 folded before Flop (didn't bet)
Seat 8: Dorex2007 folded before Flop (didn't bet)
Seat 9: popayrus folded before Flop (didn't bet)



PokerStars Hand #223975531214:  Hold'em No Limit ($0.01/$0.02 USD) - 2021/02/18 21:24:42 PT [2021/02/19 0:24:42 ET]
Table 'Helenos V' 9-max Seat #5 is the button
Seat 2: ser447787 ($2 in chips) 
Seat 3: Sai_8888 ($2.02 in chips) 
Seat 4: w3sby ($2.69 in chips) 
Seat 5: Zuban442 ($2.19 in chips) 
Seat 6: croro27 ($3.16 in chips) 
Seat 7: Thetis_39 ($2.82 in chips) 
Seat 8: Dorex2007 ($1.48 in chips) 
Seat 9: popayrus ($2 in chips) 
croro27: posts small blind $0.01
Thetis_39: posts big blind $0.02
*** HOLE CARDS ***
Dealt to Dorex2007 [2s 9d]
Dorex2007: folds 
popayrus: folds 
ser447787: raises $0.04 to $0.06
Sai_8888: folds 
w3sby: folds 
Zuban442: folds 
croro27: folds 
Thetis_39: folds 
Uncalled bet ($0.04) returned to ser447787
ser447787 collected $0.05 from pot
*** SUMMARY ***
Total pot $0.05 | Rake $0 
Seat 2: ser447787 collected ($0.05)
Seat 3: Sai_8888 folded before Flop (didn't bet)
Seat 4: w3sby folded before Flop (didn't bet)
Seat 5: Zuban442 (button) folded before Flop (didn't bet)
Seat 6: croro27 (small blind) folded before Flop
Seat 7: Thetis_39 (big blind) folded before Flop
Seat 8: Dorex2007 folded before Flop (didn't bet)
Seat 9: popayrus folded before Flop (didn't bet)



PokerStars Hand #223975536094:  Hold'em No Limit ($0.01/$0.02 USD) - 2021/02/18 21:25:04 PT [2021/02/19 0:25:04 ET]
Table 'Helenos V' 9-max Seat #6 is the button
Seat 2: ser447787 ($2.03 in chips) 
Seat 3: Sai_8888 ($2.02 in chips) 
Seat 4: w3sby ($2.69 in chips) 
Seat 5: Zuban442 ($2.19 in chips) 
Seat 6: croro27 ($3.15 in chips) 
Seat 7: Thetis_39 ($2.80 in chips) 
Seat 8: Dorex2007 ($1.48 in chips) 
Seat 9: popayrus ($2 in chips) 
Thetis_39: posts small blind $0.01
Dorex2007: posts big blind $0.02
*** HOLE CARDS ***
Dealt to Dorex2007 [4h 7h]
popayrus: raises $0.04 to $0.06
ser447787: folds 
Sai_8888: calls $0.06
w3sby: folds 
Zuban442: folds 
croro27: folds 
Thetis_39: calls $0.05
Dorex2007: folds 
*** FLOP *** [3c 3s Ks]
Thetis_39: checks 
frosa9397 was removed from the table for failing to post
frosa9397 leaves the table
popayrus: bets $0.19
Sai_8888: calls $0.19
Thetis_39: folds 
*** TURN *** [3c 3s Ks] [As]
popayrus: checks 
Sai_8888: checks 
*** RIVER *** [3c 3s Ks As] [4s]
popayrus: bets $0.56
Sai_8888: folds 
Uncalled bet ($0.56) returned to popayrus
popayrus collected $0.56 from pot
popayrus: doesn't show hand 
*** SUMMARY ***
Total pot $0.58 | Rake $0.02 
Board [3c 3s Ks As 4s]
Seat 2: ser447787 folded before Flop (didn't bet)
Seat 3: Sai_8888 folded on the River
Seat 4: w3sby folded before Flop (didn't bet)
Seat 5: Zuban442 folded before Flop (didn't bet)
Seat 6: croro27 (button) folded before Flop (didn't bet)
Seat 7: Thetis_39 (small blind) folded on the Flop
Seat 8: Dorex2007 (big blind) folded before Flop
Seat 9: popayrus collected ($0.56)



PokerStars Hand #223975547039:  Hold'em No Limit ($0.01/$0.02 USD) - 2021/02/18 21:25:54 PT [2021/02/19 0:25:54 ET]
Table 'Helenos V' 9-max Seat #7 is the button
Seat 2: ser447787 ($2.03 in chips) 
Seat 3: Sai_8888 ($1.77 in chips) 
Seat 4: w3sby ($2.69 in chips) 
Seat 5: Zuban442 ($2.19 in chips) 
Seat 6: croro27 ($3.15 in chips) 
Seat 7: Thetis_39 ($2.74 in chips) 
Seat 8: Dorex2007 ($1.46 in chips) 
Seat 9: popayrus ($2.31 in chips) 
Dorex2007: posts small blind $0.01
popayrus: posts big blind $0.02
*** HOLE CARDS ***
Dealt to Dorex2007 [5d 8h]
Urasik1979 joins the table at seat #1 
ser447787: folds 
Sai_8888: calls $0.02
w3sby: folds 
Zuban442: folds 
croro27: folds 
Thetis_39: raises $0.04 to $0.06
Dorex2007: folds 
popayrus: folds 
Sai_8888: calls $0.04
*** FLOP *** [4s Tc 3s]
Sai_8888: bets $0.02
Thetis_39: raises $0.04 to $0.06
Sai_8888: calls $0.04
*** TURN *** [4s Tc 3s] [Qh]
Sai_8888: checks 
Thetis_39: bets $0.13
Sai_8888: calls $0.13
*** RIVER *** [4s Tc 3s Qh] [3h]
Sai_8888: bets $0.30
Thetis_39: folds 
Uncalled bet ($0.30) returned to Sai_8888
Sai_8888 collected $0.51 from pot
Sai_8888: doesn't show hand 
*** SUMMARY ***
Total pot $0.53 | Rake $0.02 
Board [4s Tc 3s Qh 3h]
Seat 2: ser447787 folded before Flop (didn't bet)
Seat 3: Sai_8888 collected ($0.51)
Seat 4: w3sby folded before Flop (didn't bet)
Seat 5: Zuban442 folded before Flop (didn't bet)
Seat 6: croro27 folded before Flop (didn't bet)
Seat 7: Thetis_39 (button) folded on the River
Seat 8: Dorex2007 (small blind) folded before Flop
Seat 9: popayrus (big blind) folded before Flop



PokerStars Hand #223975558944:  Hold'em No Limit ($0.01/$0.02 USD) - 2021/02/18 21:26:45 PT [2021/02/19 0:26:45 ET]
Table 'Helenos V' 9-max Seat #8 is the button
Seat 1: Urasik1979 ($0.84 in chips) 
Seat 2: ser447787 ($2.03 in chips) 
Seat 3: Sai_8888 ($2.03 in chips) 
Seat 4: w3sby ($2.69 in chips) 
Seat 5: Zuban442 ($2.19 in chips) 
Seat 6: croro27 ($3.15 in chips) 
Seat 7: Thetis_39 ($2.49 in chips) 
Seat 8: Dorex2007 ($1.45 in chips) 
Seat 9: popayrus ($2.29 in chips) 
popayrus: posts small blind $0.01
Urasik1979: posts big blind $0.02
*** HOLE CARDS ***
Dealt to Dorex2007 [8h 2s]
ser447787: folds 
Sai_8888: raises $0.05 to $0.07
w3sby: calls $0.07
Zuban442: folds 
croro27: folds 
Thetis_39: folds 
Dorex2007: folds 
popayrus: folds 
Urasik1979: folds 
*** FLOP *** [3c 9d Kc]
Sai_8888: checks 
w3sby: bets $0.11
Sai_8888: calls $0.11
*** TURN *** [3c 9d Kc] [Ad]
Sai_8888: checks 
w3sby: checks 
*** RIVER *** [3c 9d Kc Ad] [8d]
Sai_8888: bets $0.18
w3sby: folds 
Uncalled bet ($0.18) returned to Sai_8888
Sai_8888 collected $0.38 from pot
Sai_8888: doesn't show hand 
*** SUMMARY ***
Total pot $0.39 | Rake $0.01 
Board [3c 9d Kc Ad 8d]
Seat 1: Urasik1979 (big blind) folded before Flop
Seat 2: ser447787 folded before Flop (didn't bet)
Seat 3: Sai_8888 collected ($0.38)
Seat 4: w3sby folded on the River
Seat 5: Zuban442 folded before Flop (didn't bet)
Seat 6: croro27 folded before Flop (didn't bet)
Seat 7: Thetis_39 folded before Flop (didn't bet)
Seat 8: Dorex2007 (button) folded before Flop (didn't bet)
Seat 9: popayrus (small blind) folded before Flop



PokerStars Hand #223975577673:  Hold'em No Limit ($0.01/$0.02 USD) - 2021/02/18 21:27:29 PT [2021/02/19 0:27:29 ET]
Table 'Helenos V' 9-max Seat #9 is the button
Seat 1: Urasik1979 ($0.82 in chips) 
Seat 2: ser447787 ($2.03 in chips) 
Seat 3: Sai_8888 ($2.23 in chips) 
Seat 4: w3sby ($2.51 in chips) 
Seat 5: Zuban442 ($2.19 in chips) 
Seat 6: croro27 ($3.15 in chips) 
Seat 7: Thetis_39 ($2.49 in chips) 
Seat 8: Dorex2007 ($1.45 in chips) 
Seat 9: popayrus ($2.28 in chips) 
Urasik1979: posts small blind $0.01
ser447787: posts big blind $0.02
*** HOLE CARDS ***
Dealt to Dorex2007 [3d Qs]
Sai_8888: folds 
w3sby: folds 
Zuban442: folds 
croro27: folds 
Thetis_39: folds 
Dorex2007: folds 
Sai_8888 leaves the table
popayrus: folds 
Urasik1979: raises $0.02 to $0.04
ser447787: folds 
Uncalled bet ($0.02) returned to Urasik1979
Urasik1979 collected $0.04 from pot
*** SUMMARY ***
Total pot $0.04 | Rake $0 
Seat 1: Urasik1979 (small blind) collected ($0.04)
Seat 2: ser447787 (big blind) folded before Flop
Seat 3: Sai_8888 folded before Flop (didn't bet)
Seat 4: w3sby folded before Flop (didn't bet)
Seat 5: Zuban442 folded before Flop (didn't bet)
Seat 6: croro27 folded before Flop (didn't bet)
Seat 7: Thetis_39 folded before Flop (didn't bet)
Seat 8: Dorex2007 folded before Flop (didn't bet)
Seat 9: popayrus (button) folded before Flop (didn't bet)



PokerStars Hand #223975581269:  Hold'em No Limit ($0.01/$0.02 USD) - 2021/02/18 21:27:45 PT [2021/02/19 0:27:45 ET]
Table 'Helenos V' 9-max Seat #1 is the button
Seat 1: Urasik1979 ($0.84 in chips) 
Seat 2: ser447787 ($2.01 in chips) 
Seat 4: w3sby ($2.51 in chips) 
Seat 5: Zuban442 ($2.19 in chips) 
Seat 6: croro27 ($3.15 in chips) 
Seat 7: Thetis_39 ($2.49 in chips) 
Seat 8: Dorex2007 ($1.45 in chips) 
Seat 9: popayrus ($2.28 in chips) 
ser447787: posts small blind $0.01
w3sby: posts big blind $0.02
*** HOLE CARDS ***
Dealt to Dorex2007 [2c Ah]
Zuban442: folds 
croro27: raises $0.02 to $0.04
Thetis_39: folds 
Dorex2007: folds 
popayrus: folds 
Urasik1979: calls $0.04
ser447787: calls $0.03
w3sby: folds 
*** FLOP *** [9c 8c 5d]
ser447787: bets $0.07
mikerspoa joins the table at seat #3 
croro27: calls $0.07
Urasik1979: folds 
*** TURN *** [9c 8c 5d] [Jc]
ser447787: bets $0.14
croro27: calls $0.14
*** RIVER *** [9c 8c 5d Jc] [9h]
ser447787: checks 
croro27: checks 
*** SHOW DOWN ***
ser447787: shows [Td Jd] (two pair, Jacks and Nines)
croro27: shows [Ts Js] (two pair, Jacks and Nines)
ser447787 collected $0.27 from pot
croro27 collected $0.27 from pot
*** SUMMARY ***
Total pot $0.56 | Rake $0.02 
Board [9c 8c 5d Jc 9h]
Seat 1: Urasik1979 (button) folded on the Flop
Seat 2: ser447787 (small blind) showed [Td Jd] and won ($0.27) with two pair, Jacks and Nines
Seat 4: w3sby (big blind) folded before Flop
Seat 5: Zuban442 folded before Flop (didn't bet)
Seat 6: croro27 showed [Ts Js] and won ($0.27) with two pair, Jacks and Nines
Seat 7: Thetis_39 folded before Flop (didn't bet)
Seat 8: Dorex2007 folded before Flop (didn't bet)
Seat 9: popayrus folded before Flop (didn't bet)



PokerStars Hand #223975589843:  Hold'em No Limit ($0.01/$0.02 USD) - 2021/02/18 21:28:25 PT [2021/02/19 0:28:25 ET]
Table 'Helenos V' 9-max Seat #2 is the button
Seat 1: Urasik1979 ($0.80 in chips) 
Seat 2: ser447787 ($2.03 in chips) 
Seat 4: w3sby ($2.49 in chips) 
Seat 5: Zuban442 ($2.19 in chips) 
Seat 6: croro27 ($3.17 in chips) 
Seat 7: Thetis_39 ($2.49 in chips) 
Seat 8: Dorex2007 ($1.45 in chips) 
Seat 9: popayrus ($2.28 in chips) 
w3sby: posts small blind $0.01
Zuban442: posts big blind $0.02
*** HOLE CARDS ***
Dealt to Dorex2007 [3d 4s]
croro27: folds 
Thetis_39: folds 
Dorex2007: folds 
popayrus has timed out
popayrus: folds 
Urasik1979: folds 
ser447787: folds 
w3sby: raises $0.06 to $0.08
Zuban442: folds 
Uncalled bet ($0.06) returned to w3sby
w3sby collected $0.04 from pot
w3sby: doesn't show hand 
*** SUMMARY ***
Total pot $0.04 | Rake $0 
Seat 1: Urasik1979 folded before Flop (didn't bet)
Seat 2: ser447787 (button) folded before Flop (didn't bet)
Seat 4: w3sby (small blind) collected ($0.04)
Seat 5: Zuban442 (big blind) folded before Flop
Seat 6: croro27 folded before Flop (didn't bet)
Seat 7: Thetis_39 folded before Flop (didn't bet)
Seat 8: Dorex2007 folded before Flop (didn't bet)
Seat 9: popayrus folded before Flop (didn't bet)



PokerStars Hand #223975607909:  Hold'em No Limit ($0.01/$0.02 USD) - 2021/02/18 21:29:06 PT [2021/02/19 0:29:06 ET]
Table 'Helenos V' 9-max Seat #4 is the button
Seat 1: Urasik1979 ($0.80 in chips) 
Seat 2: ser447787 ($2.03 in chips) 
Seat 3: mikerspoa ($1.20 in chips) 
Seat 4: w3sby ($2.51 in chips) 
Seat 5: Zuban442 ($2.17 in chips) 
Seat 6: croro27 ($3.17 in chips) 
Seat 7: Thetis_39 ($2.49 in chips) 
Seat 8: Dorex2007 ($1.45 in chips) 
Seat 9: popayrus ($2.28 in chips) 
Zuban442: posts small blind $0.01
croro27: posts big blind $0.02
mikerspoa: posts big blind $0.02
*** HOLE CARDS ***
Dealt to Dorex2007 [4c 3s]
Thetis_39: folds 
Dorex2007: folds 
popayrus: folds 
Urasik1979: folds 
ser447787: folds 
mikerspoa: checks 
w3sby: raises $0.06 to $0.08
Zuban442: folds 
croro27: folds 
mikerspoa: folds 
Uncalled bet ($0.06) returned to w3sby
w3sby collected $0.07 from pot
w3sby: doesn't show hand 
*** SUMMARY ***
Total pot $0.07 | Rake $0 
Seat 1: Urasik1979 folded before Flop (didn't bet)
Seat 2: ser447787 folded before Flop (didn't bet)
Seat 3: mikerspoa folded before Flop (didn't bet)
Seat 4: w3sby (button) collected ($0.07)
Seat 5: Zuban442 (small blind) folded before Flop
Seat 6: croro27 (big blind) folded before Flop
Seat 7: Thetis_39 folded before Flop (didn't bet)
Seat 8: Dorex2007 folded before Flop (didn't bet)
Seat 9: popayrus folded before Flop (didn't bet)



PokerStars Hand #223975615727:  Hold'em No Limit ($0.01/$0.02 USD) - 2021/02/18 21:29:43 PT [2021/02/19 0:29:43 ET]
Table 'Helenos V' 9-max Seat #5 is the button
Seat 1: Urasik1979 ($0.80 in chips) 
Seat 2: ser447787 ($2.03 in chips) 
Seat 3: mikerspoa ($1.18 in chips) 
Seat 4: w3sby ($2.56 in chips) 
Seat 5: Zuban442 ($2.16 in chips) 
Seat 6: croro27 ($3.15 in chips) 
Seat 7: Thetis_39 ($2.49 in chips) 
Seat 8: Dorex2007 ($1.45 in chips) 
Seat 9: popayrus ($2.28 in chips) 
croro27: posts small blind $0.01
Thetis_39: posts big blind $0.02
*** HOLE CARDS ***
Dealt to Dorex2007 [Ad 6s]
Dorex2007: folds 
popayrus: folds 
Urasik1979: folds 
ser447787: folds 
mikerspoa: folds 
w3sby: folds 
Zuban442: folds 
croro27: raises $0.02 to $0.04
Thetis_39: calls $0.02
*** FLOP *** [5d 2d 5s]
croro27: bets $0.14
Thetis_39: folds 
Uncalled bet ($0.14) returned to croro27
croro27 collected $0.08 from pot
*** SUMMARY ***
Total pot $0.08 | Rake $0 
Board [5d 2d 5s]
Seat 1: Urasik1979 folded before Flop (didn't bet)
Seat 2: ser447787 folded before Flop (didn't bet)
Seat 3: mikerspoa folded before Flop (didn't bet)
Seat 4: w3sby folded before Flop (didn't bet)
Seat 5: Zuban442 (button) folded before Flop (didn't bet)
Seat 6: croro27 (small blind) collected ($0.08)
Seat 7: Thetis_39 (big blind) folded on the Flop
Seat 8: Dorex2007 folded before Flop (didn't bet)
Seat 9: popayrus folded before Flop (didn't bet)



PokerStars Hand #223975623083:  Hold'em No Limit ($0.01/$0.02 USD) - 2021/02/18 21:30:17 PT [2021/02/19 0:30:17 ET]
Table 'Helenos V' 9-max Seat #6 is the button
Seat 1: Urasik1979 ($0.80 in chips) 
Seat 2: ser447787 ($2.03 in chips) 
Seat 3: mikerspoa ($1.18 in chips) 
Seat 4: w3sby ($2.56 in chips) 
Seat 5: Zuban442 ($2.16 in chips) 
Seat 6: croro27 ($3.19 in chips) 
Seat 7: Thetis_39 ($2.45 in chips) 
Seat 8: Dorex2007 ($1.45 in chips) 
Seat 9: popayrus ($2.28 in chips) 
Thetis_39: posts small blind $0.01
Dorex2007: posts big blind $0.02
*** HOLE CARDS ***
Dealt to Dorex2007 [7c Kh]
popayrus: raises $0.04 to $0.06
Urasik1979: folds 
ser447787: folds 
mikerspoa: folds 
w3sby: folds 
Zuban442: folds 
croro27: folds 
Thetis_39: folds 
Dorex2007: folds 
Uncalled bet ($0.04) returned to popayrus
popayrus collected $0.05 from pot
popayrus: doesn't show hand 
*** SUMMARY ***
Total pot $0.05 | Rake $0 
Seat 1: Urasik1979 folded before Flop (didn't bet)
Seat 2: ser447787 folded before Flop (didn't bet)
Seat 3: mikerspoa folded before Flop (didn't bet)
Seat 4: w3sby folded before Flop (didn't bet)
Seat 5: Zuban442 folded before Flop (didn't bet)
Seat 6: croro27 (button) folded before Flop (didn't bet)
Seat 7: Thetis_39 (small blind) folded before Flop
Seat 8: Dorex2007 (big blind) folded before Flop
Seat 9: popayrus collected ($0.05)



PokerStars Hand #223975628690:  Hold'em No Limit ($0.01/$0.02 USD) - 2021/02/18 21:30:43 PT [2021/02/19 0:30:43 ET]
Table 'Helenos V' 9-max Seat #7 is the button
Seat 1: Urasik1979 ($0.80 in chips) 
Seat 2: ser447787 ($2.03 in chips) 
Seat 3: mikerspoa ($1.18 in chips) 
Seat 4: w3sby ($2.56 in chips) 
Seat 5: Zuban442 ($2.16 in chips) 
Seat 6: croro27 ($3.19 in chips) 
Seat 7: Thetis_39 ($2.44 in chips) 
Seat 8: Dorex2007 ($1.43 in chips) 
Seat 9: popayrus ($2.31 in chips) 
Dorex2007: posts small blind $0.01
popayrus: posts big blind $0.02
*** HOLE CARDS ***
Dealt to Dorex2007 [Qd Qh]
Urasik1979: calls $0.02
ser447787: folds 
mikerspoa: raises $0.06 to $0.08
w3sby: calls $0.08
Zuban442: folds 
croro27: calls $0.08
Thetis_39: folds 
Dorex2007: raises $0.16 to $0.24
popayrus: folds 
Urasik1979: folds 
mikerspoa: calls $0.16
w3sby: calls $0.16
croro27: folds 
*** FLOP *** [6d 4d Jd]
Dorex2007: bets $0.81
mikerspoa: folds 
w3sby: raises $1.51 to $2.32 and is all-in
Dorex2007: calls $0.38 and is all-in
Uncalled bet ($1.13) returned to w3sby
*** TURN *** [6d 4d Jd] [8h]
*** RIVER *** [6d 4d Jd 8h] [2s]
*** SHOW DOWN ***
Dorex2007: shows [Qd Qh] (a pair of Queens)
w3sby: shows [Jc Js] (three of a kind, Jacks)
w3sby collected $3.11 from pot
*** SUMMARY ***
Total pot $3.22 | Rake $0.11 
Board [6d 4d Jd 8h 2s]
Seat 1: Urasik1979 folded before Flop
Seat 2: ser447787 folded before Flop (didn't bet)
Seat 3: mikerspoa folded on the Flop
Seat 4: w3sby showed [Jc Js] and won ($3.11) with three of a kind, Jacks
Seat 5: Zuban442 folded before Flop (didn't bet)
Seat 6: croro27 folded before Flop
Seat 7: Thetis_39 (button) folded before Flop (didn't bet)
Seat 8: Dorex2007 (small blind) showed [Qd Qh] and lost with a pair of Queens
Seat 9: popayrus (big blind) folded before Flop



PokerStars Hand #223975658429:  Hold'em No Limit ($0.01/$0.02 USD) - 2021/02/18 21:33:03 PT [2021/02/19 0:33:03 ET]
Table 'Helenos V' 9-max Seat #1 is the button
Seat 1: Urasik1979 ($0.77 in chips) 
Seat 2: ser447787 ($2.01 in chips) 
Seat 3: mikerspoa ($0.74 in chips) 
Seat 4: w3sby ($4.24 in chips) 
Seat 5: Zuban442 ($2.16 in chips) 
Seat 6: croro27 ($3.32 in chips) 
Seat 7: Thetis_39 ($2.44 in chips) 
Seat 8: Dorex2007 ($2 in chips) 
Seat 9: popayrus ($2.29 in chips) 
ser447787: posts small blind $0.01
mikerspoa: posts big blind $0.02
*** HOLE CARDS ***
Dealt to Dorex2007 [Ah Qs]
w3sby: folds 
Zuban442: folds 
croro27 has timed out
croro27: folds 
Thetis_39: folds 
Dorex2007: raises $0.04 to $0.06
popayrus: folds 
Urasik1979: folds 
ser447787: folds 
mikerspoa: folds 
Uncalled bet ($0.04) returned to Dorex2007
Dorex2007 collected $0.05 from pot
Dorex2007: doesn't show hand 
*** SUMMARY ***
Total pot $0.05 | Rake $0 
Seat 1: Urasik1979 (button) folded before Flop (didn't bet)
Seat 2: ser447787 (small blind) folded before Flop
Seat 3: mikerspoa (big blind) folded before Flop
Seat 4: w3sby folded before Flop (didn't bet)
Seat 5: Zuban442 folded before Flop (didn't bet)
Seat 6: croro27 folded before Flop (didn't bet)
Seat 7: Thetis_39 folded before Flop (didn't bet)
Seat 8: Dorex2007 collected ($0.05)
Seat 9: popayrus folded before Flop (didn't bet)



PokerStars Hand #223975664909:  Hold'em No Limit ($0.01/$0.02 USD) - 2021/02/18 21:33:33 PT [2021/02/19 0:33:33 ET]
Table 'Helenos V' 9-max Seat #2 is the button
Seat 1: Urasik1979 ($0.77 in chips) 
Seat 2: ser447787 ($2 in chips) 
Seat 3: mikerspoa ($0.72 in chips) 
Seat 4: w3sby ($4.24 in chips) 
Seat 5: Zuban442 ($2.16 in chips) 
Seat 6: croro27 ($3.32 in chips) 
Seat 7: Thetis_39 ($2.44 in chips) 
Seat 8: Dorex2007 ($2.03 in chips) 
Seat 9: popayrus ($2.29 in chips) 
mikerspoa: posts small blind $0.01
w3sby: posts big blind $0.02
*** HOLE CARDS ***
Dealt to Dorex2007 [Qh 7s]
Zuban442: folds 
croro27: folds 
Thetis_39: folds 
Dorex2007: folds 
popayrus: folds 
Urasik1979: calls $0.02
ser447787: folds 
mikerspoa: folds 
w3sby: raises $0.10 to $0.12
Urasik1979: folds 
Uncalled bet ($0.10) returned to w3sby
w3sby collected $0.05 from pot
w3sby: doesn't show hand 
*** SUMMARY ***
Total pot $0.05 | Rake $0 
Seat 1: Urasik1979 folded before Flop
Seat 2: ser447787 (button) folded before Flop (didn't bet)
Seat 3: mikerspoa (small blind) folded before Flop
Seat 4: w3sby (big blind) collected ($0.05)
Seat 5: Zuban442 folded before Flop (didn't bet)
Seat 6: croro27 folded before Flop (didn't bet)
Seat 7: Thetis_39 folded before Flop (didn't bet)
Seat 8: Dorex2007 folded before Flop (didn't bet)
Seat 9: popayrus folded before Flop (didn't bet)



PokerStars Hand #223975671141:  Hold'em No Limit ($0.01/$0.02 USD) - 2021/02/18 21:34:02 PT [2021/02/19 0:34:02 ET]
Table 'Helenos V' 9-max Seat #3 is the button
Seat 1: Urasik1979 ($0.75 in chips) 
Seat 2: ser447787 ($2 in chips) 
Seat 3: mikerspoa ($0.71 in chips) 
Seat 4: w3sby ($4.27 in chips) 
Seat 5: Zuban442 ($2.16 in chips) 
Seat 6: croro27 ($3.32 in chips) 
Seat 7: Thetis_39 ($2.44 in chips) 
Seat 8: Dorex2007 ($2.03 in chips) 
Seat 9: popayrus ($2.29 in chips) 
w3sby: posts small blind $0.01
Zuban442: posts big blind $0.02
*** HOLE CARDS ***
Dealt to Dorex2007 [Kd Ah]
croro27: calls $0.02
Thetis_39: folds 
Dorex2007: raises $0.02 to $0.04
popayrus: folds 
Urasik1979: folds 
ser447787: folds 
mikerspoa: folds 
w3sby: folds 
Zuban442: calls $0.02
croro27: calls $0.02
*** FLOP *** [2s 4s 2c]
Zuban442: checks 
croro27: bets $0.07
Dorex2007: calls $0.07
Zuban442: folds 
*** TURN *** [2s 4s 2c] [4d]
croro27: bets $0.26
Dorex2007: folds 
Uncalled bet ($0.26) returned to croro27
croro27 collected $0.26 from pot
croro27: doesn't show hand 
*** SUMMARY ***
Total pot $0.27 | Rake $0.01 
Board [2s 4s 2c 4d]
Seat 1: Urasik1979 folded before Flop (didn't bet)
Seat 2: ser447787 folded before Flop (didn't bet)
Seat 3: mikerspoa (button) folded before Flop (didn't bet)
Seat 4: w3sby (small blind) folded before Flop
Seat 5: Zuban442 (big blind) folded on the Flop
Seat 6: croro27 collected ($0.26)
Seat 7: Thetis_39 folded before Flop (didn't bet)
Seat 8: Dorex2007 folded on the Turn
Seat 9: popayrus folded before Flop (didn't bet)



PokerStars Hand #223975685640:  Hold'em No Limit ($0.01/$0.02 USD) - 2021/02/18 21:35:11 PT [2021/02/19 0:35:11 ET]
Table 'Helenos V' 9-max Seat #4 is the button
Seat 1: Urasik1979 ($0.75 in chips) 
Seat 2: ser447787 ($2 in chips) 
Seat 3: mikerspoa ($0.71 in chips) 
Seat 4: w3sby ($4.26 in chips) 
Seat 5: Zuban442 ($2.12 in chips) 
Seat 6: croro27 ($3.47 in chips) 
Seat 7: Thetis_39 ($2.44 in chips) 
Seat 8: Dorex2007 ($1.92 in chips) 
Seat 9: popayrus ($2.29 in chips) 
Zuban442: posts small blind $0.01
croro27: posts big blind $0.02
*** HOLE CARDS ***
Dealt to Dorex2007 [3h 6c]
Thetis_39: folds 
Dorex2007: folds 
popayrus: raises $0.04 to $0.06
Urasik1979: folds 
ser447787: folds 
mikerspoa: folds 
w3sby: folds 
Zuban442: folds 
croro27: calls $0.04
*** FLOP *** [As 4c Ad]
croro27: bets $0.07
popayrus: calls $0.07
*** TURN *** [As 4c Ad] [9h]
croro27: bets $0.26
popayrus: folds 
Uncalled bet ($0.26) returned to croro27
croro27 collected $0.26 from pot
croro27: doesn't show hand 
*** SUMMARY ***
Total pot $0.27 | Rake $0.01 
Board [As 4c Ad 9h]
Seat 1: Urasik1979 folded before Flop (didn't bet)
Seat 2: ser447787 folded before Flop (didn't bet)
Seat 3: mikerspoa folded before Flop (didn't bet)
Seat 4: w3sby (button) folded before Flop (didn't bet)
Seat 5: Zuban442 (small blind) folded before Flop
Seat 6: croro27 (big blind) collected ($0.26)
Seat 7: Thetis_39 folded before Flop (didn't bet)
Seat 8: Dorex2007 folded before Flop (didn't bet)
Seat 9: popayrus folded on the Turn



PokerStars Hand #223975696459:  Hold'em No Limit ($0.01/$0.02 USD) - 2021/02/18 21:36:02 PT [2021/02/19 0:36:02 ET]
Table 'Helenos V' 9-max Seat #5 is the button
Seat 1: Urasik1979 ($0.75 in chips) 
Seat 2: ser447787 ($2 in chips) 
Seat 3: mikerspoa ($0.71 in chips) 
Seat 4: w3sby ($4.26 in chips) 
Seat 5: Zuban442 ($2.11 in chips) 
Seat 6: croro27 ($3.60 in chips) 
Seat 7: Thetis_39 ($2.44 in chips) 
Seat 8: Dorex2007 ($1.92 in chips) 
Seat 9: popayrus ($2.16 in chips) 
croro27: posts small blind $0.01
Thetis_39: posts big blind $0.02
*** HOLE CARDS ***
Dealt to Dorex2007 [Td 6s]
Dorex2007: folds 
popayrus: folds 
Urasik1979: folds 
ser447787: folds 
mikerspoa: folds 
w3sby: raises $0.04 to $0.06
Zuban442: calls $0.06
croro27: folds 
Thetis_39: folds 
*** FLOP *** [Qs 9c 5s]
w3sby: bets $0.10
Zuban442: calls $0.10
*** TURN *** [Qs 9c 5s] [9s]
w3sby: bets $0.24
Zuban442: folds 
Uncalled bet ($0.24) returned to w3sby
w3sby collected $0.34 from pot
w3sby: doesn't show hand 
*** SUMMARY ***
Total pot $0.35 | Rake $0.01 
Board [Qs 9c 5s 9s]
Seat 1: Urasik1979 folded before Flop (didn't bet)
Seat 2: ser447787 folded before Flop (didn't bet)
Seat 3: mikerspoa folded before Flop (didn't bet)
Seat 4: w3sby collected ($0.34)
Seat 5: Zuban442 (button) folded on the Turn
Seat 6: croro27 (small blind) folded before Flop
Seat 7: Thetis_39 (big blind) folded before Flop
Seat 8: Dorex2007 folded before Flop (didn't bet)
Seat 9: popayrus folded before Flop (didn't bet)



PokerStars Hand #223975703710:  Hold'em No Limit ($0.01/$0.02 USD) - 2021/02/18 21:36:36 PT [2021/02/19 0:36:36 ET]
Table 'Helenos V' 9-max Seat #6 is the button
Seat 1: Urasik1979 ($0.75 in chips) 
Seat 2: ser447787 ($2 in chips) 
Seat 3: mikerspoa ($0.71 in chips) 
Seat 4: w3sby ($4.44 in chips) 
Seat 5: Zuban442 ($1.95 in chips) 
Seat 6: croro27 ($3.59 in chips) 
Seat 7: Thetis_39 ($2.42 in chips) 
Seat 8: Dorex2007 ($1.92 in chips) 
Seat 9: popayrus ($2.16 in chips) 
Thetis_39: posts small blind $0.01
Dorex2007: posts big blind $0.02
*** HOLE CARDS ***
Dealt to Dorex2007 [Kc 6s]
popayrus: folds 
Urasik1979: folds 
ser447787: raises $0.04 to $0.06
mikerspoa: folds 
w3sby: folds 
Zuban442: folds 
croro27 has timed out
croro27: folds 
Thetis_39: folds 
Dorex2007: folds 
Uncalled bet ($0.04) returned to ser447787
ser447787 collected $0.05 from pot
*** SUMMARY ***
Total pot $0.05 | Rake $0 
Seat 1: Urasik1979 folded before Flop (didn't bet)
Seat 2: ser447787 collected ($0.05)
Seat 3: mikerspoa folded before Flop (didn't bet)
Seat 4: w3sby folded before Flop (didn't bet)
Seat 5: Zuban442 folded before Flop (didn't bet)
Seat 6: croro27 (button) folded before Flop (didn't bet)
Seat 7: Thetis_39 (small blind) folded before Flop
Seat 8: Dorex2007 (big blind) folded before Flop
Seat 9: popayrus folded before Flop (didn't bet)



PokerStars Hand #223975712093:  Hold'em No Limit ($0.01/$0.02 USD) - 2021/02/18 21:37:16 PT [2021/02/19 0:37:16 ET]
Table 'Helenos V' 9-max Seat #7 is the button
Seat 1: Urasik1979 ($0.75 in chips) 
Seat 2: ser447787 ($2.03 in chips) 
Seat 3: mikerspoa ($0.71 in chips) 
Seat 4: w3sby ($4.44 in chips) 
Seat 5: Zuban442 ($1.95 in chips) 
Seat 7: Thetis_39 ($2.41 in chips) 
Seat 8: Dorex2007 ($1.90 in chips) 
Seat 9: popayrus ($2.16 in chips) 
Dorex2007: posts small blind $0.01
popayrus: posts big blind $0.02
*** HOLE CARDS ***
Dealt to Dorex2007 [Js Jc]
Urasik1979: folds 
ser447787: folds 
mikerspoa: raises $0.04 to $0.06
w3sby: folds 
Zuban442: folds 
Thetis_39: folds 
Dorex2007: calls $0.05
popayrus: folds 
*** FLOP *** [4h Ts 7c]
Dorex2007: bets $0.14
mikerspoa: calls $0.14
*** TURN *** [4h Ts 7c] [2c]
Dorex2007: bets $0.41
mikerspoa: calls $0.41
*** RIVER *** [4h Ts 7c 2c] [6h]
Dorex2007: bets $0.60
mikerspoa: calls $0.10 and is all-in
Uncalled bet ($0.50) returned to Dorex2007
*** SHOW DOWN ***
Dorex2007: shows [Js Jc] (a pair of Jacks)
mikerspoa: shows [Ac 7d] (a pair of Sevens)
Dorex2007 collected $1.39 from pot
*** SUMMARY ***
Total pot $1.44 | Rake $0.05 
Board [4h Ts 7c 2c 6h]
Seat 1: Urasik1979 folded before Flop (didn't bet)
Seat 2: ser447787 folded before Flop (didn't bet)
Seat 3: mikerspoa showed [Ac 7d] and lost with a pair of Sevens
Seat 4: w3sby folded before Flop (didn't bet)
Seat 5: Zuban442 folded before Flop (didn't bet)
Seat 7: Thetis_39 (button) folded before Flop (didn't bet)
Seat 8: Dorex2007 (small blind) showed [Js Jc] and won ($1.39) with a pair of Jacks
Seat 9: popayrus (big blind) folded before Flop



PokerStars Hand #223975722870:  Hold'em No Limit ($0.01/$0.02 USD) - 2021/02/18 21:38:07 PT [2021/02/19 0:38:07 ET]
Table 'Helenos V' 9-max Seat #8 is the button
Seat 1: Urasik1979 ($0.75 in chips) 
Seat 2: ser447787 ($2.03 in chips) 
Seat 4: w3sby ($4.44 in chips) 
Seat 5: Zuban442 ($1.95 in chips) 
Seat 6: croro27 ($3.59 in chips) 
Seat 7: Thetis_39 ($2.41 in chips) 
Seat 8: Dorex2007 ($2.58 in chips) 
Seat 9: popayrus ($2.14 in chips) 
popayrus: posts small blind $0.01
Urasik1979: posts big blind $0.02
*** HOLE CARDS ***
Dealt to Dorex2007 [7s 2h]
ser447787: folds 
w3sby: folds 
Zuban442: folds 
croro27 has timed out
croro27: folds 
Thetis_39: raises $0.04 to $0.06
Dorex2007: folds 
popayrus: folds 
mikerspoa leaves the table
Urasik1979: folds 
Uncalled bet ($0.04) returned to Thetis_39
Thetis_39 collected $0.05 from pot
Thetis_39: doesn't show hand 
*** SUMMARY ***
Total pot $0.05 | Rake $0 
Seat 1: Urasik1979 (big blind) folded before Flop
Seat 2: ser447787 folded before Flop (didn't bet)
Seat 4: w3sby folded before Flop (didn't bet)
Seat 5: Zuban442 folded before Flop (didn't bet)
Seat 6: croro27 folded before Flop (didn't bet)
Seat 7: Thetis_39 collected ($0.05)
Seat 8: Dorex2007 (button) folded before Flop (didn't bet)
Seat 9: popayrus (small blind) folded before Flop



PokerStars Hand #223975728408:  Hold'em No Limit ($0.01/$0.02 USD) - 2021/02/18 21:38:32 PT [2021/02/19 0:38:32 ET]
Table 'Helenos V' 9-max Seat #9 is the button
Seat 1: Urasik1979 ($0.73 in chips) 
Seat 2: ser447787 ($2.03 in chips) 
Seat 4: w3sby ($4.44 in chips) 
Seat 5: Zuban442 ($1.95 in chips) 
Seat 7: Thetis_39 ($2.44 in chips) 
Seat 8: Dorex2007 ($2.58 in chips) 
Seat 9: popayrus ($2.13 in chips) 
Urasik1979: posts small blind $0.01
ser447787: posts big blind $0.02
*** HOLE CARDS ***
Dealt to Dorex2007 [7d 3d]
w3sby: folds 
Zuban442: folds 
Thetis_39: raises $0.04 to $0.06
Dorex2007: folds 
popayrus: folds 
Urasik1979: folds 
ser447787: folds 
Uncalled bet ($0.04) returned to Thetis_39
Thetis_39 collected $0.05 from pot
Thetis_39: doesn't show hand 
*** SUMMARY ***
Total pot $0.05 | Rake $0 
Seat 1: Urasik1979 (small blind) folded before Flop
Seat 2: ser447787 (big blind) folded before Flop
Seat 4: w3sby folded before Flop (didn't bet)
Seat 5: Zuban442 folded before Flop (didn't bet)
Seat 7: Thetis_39 collected ($0.05)
Seat 8: Dorex2007 folded before Flop (didn't bet)
Seat 9: popayrus (button) folded before Flop (didn't bet)



PokerStars Hand #223975734641:  Hold'em No Limit ($0.01/$0.02 USD) - 2021/02/18 21:39:02 PT [2021/02/19 0:39:02 ET]
Table 'Helenos V' 9-max Seat #1 is the button
Seat 1: Urasik1979 ($0.72 in chips) 
Seat 2: ser447787 ($2.01 in chips) 
Seat 4: w3sby ($4.44 in chips) 
Seat 5: Zuban442 ($1.95 in chips) 
Seat 7: Thetis_39 ($2.47 in chips) 
Seat 8: Dorex2007 ($2.58 in chips) 
Seat 9: popayrus ($2.13 in chips) 
ser447787: posts small blind $0.01
w3sby: posts big blind $0.02
*** HOLE CARDS ***
Dealt to Dorex2007 [Qs 6c]
Zuban442: folds 
Thetis_39: folds 
Dorex2007: folds 
popayrus: folds 
Urasik1979 has timed out
Urasik1979: folds 
ser447787: folds 
Uncalled bet ($0.01) returned to w3sby
w3sby collected $0.02 from pot
w3sby: doesn't show hand 
*** SUMMARY ***
Total pot $0.02 | Rake $0 
Seat 1: Urasik1979 (button) folded before Flop (didn't bet)
Seat 2: ser447787 (small blind) folded before Flop
Seat 4: w3sby (big blind) collected ($0.02)
Seat 5: Zuban442 folded before Flop (didn't bet)
Seat 7: Thetis_39 folded before Flop (didn't bet)
Seat 8: Dorex2007 folded before Flop (didn't bet)
Seat 9: popayrus folded before Flop (didn't bet)



PokerStars Hand #223975738635:  Hold'em No Limit ($0.01/$0.02 USD) - 2021/02/18 21:39:21 PT [2021/02/19 0:39:21 ET]
Table 'Helenos V' 9-max Seat #2 is the button
Seat 2: ser447787 ($2 in chips) 
Seat 4: w3sby ($4.45 in chips) 
Seat 5: Zuban442 ($1.95 in chips) 
Seat 7: Thetis_39 ($2.47 in chips) 
Seat 8: Dorex2007 ($2.58 in chips) 
Seat 9: popayrus ($2.13 in chips) 
w3sby: posts small blind $0.01
Zuban442: posts big blind $0.02
*** HOLE CARDS ***
Dealt to Dorex2007 [6h 5s]
Thetis_39: raises $0.04 to $0.06
Dorex2007: folds 
popayrus: folds 
ser447787: folds 
w3sby: folds 
Zuban442: folds 
Uncalled bet ($0.04) returned to Thetis_39
Thetis_39 collected $0.05 from pot
Thetis_39: doesn't show hand 
*** SUMMARY ***
Total pot $0.05 | Rake $0 
Seat 2: ser447787 (button) folded before Flop (didn't bet)
Seat 4: w3sby (small blind) folded before Flop
Seat 5: Zuban442 (big blind) folded before Flop
Seat 7: Thetis_39 collected ($0.05)
Seat 8: Dorex2007 folded before Flop (didn't bet)
Seat 9: popayrus folded before Flop (didn't bet)



PokerStars Hand #223975741663:  Hold'em No Limit ($0.01/$0.02 USD) - 2021/02/18 21:39:35 PT [2021/02/19 0:39:35 ET]
Table 'Helenos V' 9-max Seat #4 is the button
Seat 1: Urasik1979 ($0.72 in chips) 
Seat 2: ser447787 ($2 in chips) 
Seat 4: w3sby ($4.44 in chips) 
Seat 5: Zuban442 ($1.93 in chips) 
Seat 7: Thetis_39 ($2.50 in chips) 
Seat 8: Dorex2007 ($2.58 in chips) 
Seat 9: popayrus ($2.13 in chips) 
Zuban442: posts small blind $0.01
Thetis_39: posts big blind $0.02
*** HOLE CARDS ***
Dealt to Dorex2007 [6s 9c]
Dorex2007: folds 
popayrus: folds 
Jb3312 joins the table at seat #3 
Urasik1979 has timed out
Urasik1979: folds 
ser447787: folds 
w3sby: folds 
Zuban442: folds 
Uncalled bet ($0.01) returned to Thetis_39
Thetis_39 collected $0.02 from pot
Thetis_39: doesn't show hand 
*** SUMMARY ***
Total pot $0.02 | Rake $0 
Seat 1: Urasik1979 folded before Flop (didn't bet)
Seat 2: ser447787 folded before Flop (didn't bet)
Seat 4: w3sby (button) folded before Flop (didn't bet)
Seat 5: Zuban442 (small blind) folded before Flop
Seat 7: Thetis_39 (big blind) collected ($0.02)
Seat 8: Dorex2007 folded before Flop (didn't bet)
Seat 9: popayrus folded before Flop (didn't bet)



PokerStars Hand #223975746470:  Hold'em No Limit ($0.01/$0.02 USD) - 2021/02/18 21:39:58 PT [2021/02/19 0:39:58 ET]
Table 'Helenos V' 9-max Seat #5 is the button
Seat 1: Urasik1979 ($0.72 in chips) 
Seat 2: ser447787 ($2 in chips) 
Seat 4: w3sby ($4.44 in chips) 
Seat 5: Zuban442 ($1.92 in chips) 
Seat 7: Thetis_39 ($2.51 in chips) 
Seat 8: Dorex2007 ($2.58 in chips) 
Seat 9: popayrus ($2.13 in chips) 
Thetis_39: posts small blind $0.01
Dorex2007: posts big blind $0.02
Jb3312: sits out 
*** HOLE CARDS ***
Dealt to Dorex2007 [5s Ad]
popayrus: folds 
Urasik1979: folds 
ser447787: folds 
w3sby: folds 
Zuban442: folds 
Thetis_39: folds 
Uncalled bet ($0.01) returned to Dorex2007
Dorex2007 collected $0.02 from pot
Dorex2007: doesn't show hand 
*** SUMMARY ***
Total pot $0.02 | Rake $0 
Seat 1: Urasik1979 folded before Flop (didn't bet)
Seat 2: ser447787 folded before Flop (didn't bet)
Seat 4: w3sby folded before Flop (didn't bet)
Seat 5: Zuban442 (button) folded before Flop (didn't bet)
Seat 7: Thetis_39 (small blind) folded before Flop
Seat 8: Dorex2007 (big blind) collected ($0.02)
Seat 9: popayrus folded before Flop (didn't bet)



PokerStars Hand #223975749953:  Hold'em No Limit ($0.01/$0.02 USD) - 2021/02/18 21:40:15 PT [2021/02/19 0:40:15 ET]
Table 'Helenos V' 9-max Seat #7 is the button
Seat 1: Urasik1979 ($0.72 in chips) 
Seat 2: ser447787 ($2 in chips) 
Seat 4: w3sby ($4.44 in chips) 
Seat 5: Zuban442 ($1.92 in chips) 
Seat 6: croro27 ($3.59 in chips) 
Seat 7: Thetis_39 ($2.50 in chips) 
Seat 8: Dorex2007 ($2.59 in chips) 
Seat 9: popayrus ($2.13 in chips) 
Dorex2007: posts small blind $0.01
popayrus: posts big blind $0.02
Jb3312: sits out 
croro27: posts small & big blinds $0.03
*** HOLE CARDS ***
Dealt to Dorex2007 [Ac 4h]
Urasik1979: folds 
ser447787: raises $0.08 to $0.10
w3sby: folds 
Zuban442: folds 
croro27: calls $0.08
Thetis_39: calls $0.10
Dorex2007: folds 
popayrus: raises $2.03 to $2.13 and is all-in
ser447787: folds 
croro27: folds 
Thetis_39: folds 
Uncalled bet ($2.03) returned to popayrus
popayrus collected $0.42 from pot
popayrus: doesn't show hand 
*** SUMMARY ***
Total pot $0.42 | Rake $0 
Seat 1: Urasik1979 folded before Flop (didn't bet)
Seat 2: ser447787 folded before Flop
Seat 4: w3sby folded before Flop (didn't bet)
Seat 5: Zuban442 folded before Flop (didn't bet)
Seat 6: croro27 folded before Flop
Seat 7: Thetis_39 (button) folded before Flop
Seat 8: Dorex2007 (small blind) folded before Flop
Seat 9: popayrus (big blind) collected ($0.42)



PokerStars Hand #223975760177:  Hold'em No Limit ($0.01/$0.02 USD) - 2021/02/18 21:41:03 PT [2021/02/19 0:41:03 ET]
Table 'Helenos V' 9-max Seat #8 is the button
Seat 1: Urasik1979 ($0.72 in chips) 
Seat 2: ser447787 ($2 in chips) 
Seat 4: w3sby ($4.44 in chips) 
Seat 5: Zuban442 ($1.92 in chips) 
Seat 6: croro27 ($3.48 in chips) 
Seat 7: Thetis_39 ($2.40 in chips) 
Seat 8: Dorex2007 ($2.58 in chips) 
Seat 9: popayrus ($2.45 in chips) 
popayrus: posts small blind $0.01
Urasik1979: posts big blind $0.02
Jb3312: sits out 
*** HOLE CARDS ***
Dealt to Dorex2007 [Tc Qh]
ser447787: folds 
w3sby: folds 
Zuban442: folds 
croro27: raises $0.04 to $0.06
Thetis_39: folds 
Dorex2007: calls $0.06
popayrus: folds 
Urasik1979: folds 
*** FLOP *** [3c 7d 7c]
croro27: bets $0.10
Dorex2007: folds 
Uncalled bet ($0.10) returned to croro27
croro27 collected $0.14 from pot
*** SUMMARY ***
Total pot $0.15 | Rake $0.01 
Board [3c 7d 7c]
Seat 1: Urasik1979 (big blind) folded before Flop
Seat 2: ser447787 folded before Flop (didn't bet)
Seat 4: w3sby folded before Flop (didn't bet)
Seat 5: Zuban442 folded before Flop (didn't bet)
Seat 6: croro27 collected ($0.14)
Seat 7: Thetis_39 folded before Flop (didn't bet)
Seat 8: Dorex2007 (button) folded on the Flop
Seat 9: popayrus (small blind) folded before Flop



PokerStars Hand #223975774484:  Hold'em No Limit ($0.01/$0.02 USD) - 2021/02/18 21:41:55 PT [2021/02/19 0:41:55 ET]
Table 'Helenos V' 9-max Seat #9 is the button
Seat 1: Urasik1979 ($0.70 in chips) 
Seat 2: ser447787 ($2 in chips) 
Seat 4: w3sby ($4.44 in chips) 
Seat 5: Zuban442 ($1.92 in chips) 
Seat 6: croro27 ($3.56 in chips) 
Seat 7: Thetis_39 ($2.40 in chips) 
Seat 8: Dorex2007 ($2.52 in chips) 
Seat 9: popayrus ($2.44 in chips) 
Urasik1979: posts small blind $0.01
ser447787: posts big blind $0.02
Jb3312: sits out 
*** HOLE CARDS ***
Dealt to Dorex2007 [7c 6c]
w3sby: folds 
Zuban442: folds 
croro27: folds 
croro27 leaves the table
Thetis_39: folds 
Dorex2007: calls $0.02
popayrus: folds 
Urasik1979: calls $0.01
ser447787: checks 
*** FLOP *** [5s Qc Ac]
Urasik1979: checks 
Thetis_39 leaves the table
ser447787: checks 
Dorex2007: checks 
*** TURN *** [5s Qc Ac] [7d]
Urasik1979: bets $0.02
ser447787: folds 
Dorex2007: calls $0.02
*** RIVER *** [5s Qc Ac 7d] [Jh]
Urasik1979: checks 
Dorex2007: checks 
*** SHOW DOWN ***
Urasik1979: shows [7h 3h] (a pair of Sevens)
Dorex2007: shows [7c 6c] (a pair of Sevens)
Urasik1979 collected $0.05 from pot
Dorex2007 collected $0.05 from pot
*** SUMMARY ***
Total pot $0.10 | Rake $0 
Board [5s Qc Ac 7d Jh]
Seat 1: Urasik1979 (small blind) showed [7h 3h] and won ($0.05) with a pair of Sevens
Seat 2: ser447787 (big blind) folded on the Turn
Seat 4: w3sby folded before Flop (didn't bet)
Seat 5: Zuban442 folded before Flop (didn't bet)
Seat 6: croro27 folded before Flop (didn't bet)
Seat 7: Thetis_39 folded before Flop (didn't bet)
Seat 8: Dorex2007 showed [7c 6c] and won ($0.05) with a pair of Sevens
Seat 9: popayrus (button) folded before Flop (didn't bet)



PokerStars Hand #223975785086:  Hold'em No Limit ($0.01/$0.02 USD) - 2021/02/18 21:42:45 PT [2021/02/19 0:42:45 ET]
Table 'Helenos V' 9-max Seat #1 is the button
Seat 1: Urasik1979 ($0.71 in chips) 
Seat 2: ser447787 ($1.98 in chips) 
Seat 3: Jb3312 ($2 in chips) 
Seat 4: w3sby ($4.44 in chips) 
Seat 5: Zuban442 ($1.92 in chips) 
Seat 8: Dorex2007 ($2.53 in chips) 
Seat 9: popayrus ($2.44 in chips) 
ser447787: posts small blind $0.01
Jb3312: posts big blind $0.02
*** HOLE CARDS ***
Dealt to Dorex2007 [7c 7h]
w3sby: folds 
Zuban442: folds 
Dorex2007: raises $0.02 to $0.04
popayrus: folds 
Urasik1979: folds 
ser447787: folds 
Jb3312: calls $0.02
*** FLOP *** [3s 5d Tc]
Jb3312: checks 
Dorex2007: bets $0.09
Jb3312: folds 
Uncalled bet ($0.09) returned to Dorex2007
Dorex2007 collected $0.09 from pot
Dorex2007: doesn't show hand 
*** SUMMARY ***
Total pot $0.09 | Rake $0 
Board [3s 5d Tc]
Seat 1: Urasik1979 (button) folded before Flop (didn't bet)
Seat 2: ser447787 (small blind) folded before Flop
Seat 3: Jb3312 (big blind) folded on the Flop
Seat 4: w3sby folded before Flop (didn't bet)
Seat 5: Zuban442 folded before Flop (didn't bet)
Seat 8: Dorex2007 collected ($0.09)
Seat 9: popayrus folded before Flop (didn't bet)



PokerStars Hand #223975792058:  Hold'em No Limit ($0.01/$0.02 USD) - 2021/02/18 21:43:19 PT [2021/02/19 0:43:19 ET]
Table 'Helenos V' 9-max Seat #2 is the button
Seat 1: Urasik1979 ($0.71 in chips) 
Seat 2: ser447787 ($1.97 in chips) 
Seat 3: Jb3312 ($2 in chips) 
Seat 4: w3sby ($4.44 in chips) 
Seat 5: Zuban442 ($1.92 in chips) 
Seat 8: Dorex2007 ($2.58 in chips) 
Seat 9: popayrus ($2.44 in chips) 
Jb3312: posts small blind $0.01
w3sby: posts big blind $0.02
*** HOLE CARDS ***
Dealt to Dorex2007 [4s Kh]
Zuban442: raises $0.04 to $0.06
Dorex2007: folds 
popayrus: folds 
Pedrolopeztapia joins the table at seat #6 
Urasik1979: folds 
ser447787: folds 
popayrus leaves the table
Jb3312: calls $0.05
w3sby: folds 
*** FLOP *** [5s 7c 7h]
Jb3312: checks 
Zuban442: bets $0.07
Jb3312: calls $0.07
*** TURN *** [5s 7c 7h] [Qh]
Jb3312: checks 
Zuban442: bets $0.13
Jb3312: raises $0.27 to $0.40
Zuban442: calls $0.27
*** RIVER *** [5s 7c 7h Qh] [2h]
Jb3312: bets $0.52
Zuban442: calls $0.52
*** SHOW DOWN ***
Jb3312: shows [8c Ad] (a pair of Sevens)
Zuban442: shows [Kc Ks] (two pair, Kings and Sevens)
Zuban442 collected $2.05 from pot
*** SUMMARY ***
Total pot $2.12 | Rake $0.07 
Board [5s 7c 7h Qh 2h]
Seat 1: Urasik1979 folded before Flop (didn't bet)
Seat 2: ser447787 (button) folded before Flop (didn't bet)
Seat 3: Jb3312 (small blind) showed [8c Ad] and lost with a pair of Sevens
Seat 4: w3sby (big blind) folded before Flop
Seat 5: Zuban442 showed [Kc Ks] and won ($2.05) with two pair, Kings and Sevens
Seat 8: Dorex2007 folded before Flop (didn't bet)
Seat 9: popayrus folded before Flop (didn't bet)



PokerStars Hand #223975808644:  Hold'em No Limit ($0.01/$0.02 USD) - 2021/02/18 21:44:37 PT [2021/02/19 0:44:37 ET]
Table 'Helenos V' 9-max Seat #3 is the button
Seat 1: Urasik1979 ($0.71 in chips) 
Seat 2: ser447787 ($1.97 in chips) 
Seat 3: Jb3312 ($2 in chips) 
Seat 4: w3sby ($4.42 in chips) 
Seat 5: Zuban442 ($2.92 in chips) 
Seat 6: Pedrolopeztapia ($1.60 in chips) 
Seat 8: Dorex2007 ($2.58 in chips) 
w3sby: posts small blind $0.01
Zuban442: posts big blind $0.02
Pedrolopeztapia: posts big blind $0.02
*** HOLE CARDS ***
Dealt to Dorex2007 [8c 6s]
Pedrolopeztapia: checks 
Dorex2007: folds 
Urasik1979 has timed out
Urasik1979: folds 
ser447787: folds 
Jb3312 has timed out
Jb3312: folds 
w3sby: folds 
Zuban442: checks 
*** FLOP *** [Tc Jc 7d]
Zuban442: checks 
Pedrolopeztapia: checks 
*** TURN *** [Tc Jc 7d] [Kc]
Zuban442: checks 
Pedrolopeztapia: checks 
*** RIVER *** [Tc Jc 7d Kc] [3c]
Zuban442: checks 
Pedrolopeztapia: bets $0.05
Zuban442: folds 
Uncalled bet ($0.05) returned to Pedrolopeztapia
Pedrolopeztapia collected $0.05 from pot
Pedrolopeztapia: doesn't show hand 
*** SUMMARY ***
Total pot $0.05 | Rake $0 
Board [Tc Jc 7d Kc 3c]
Seat 1: Urasik1979 folded before Flop (didn't bet)
Seat 2: ser447787 folded before Flop (didn't bet)
Seat 3: Jb3312 (button) folded before Flop (didn't bet)
Seat 4: w3sby (small blind) folded before Flop
Seat 5: Zuban442 (big blind) folded on the River
Seat 6: Pedrolopeztapia collected ($0.05)
Seat 8: Dorex2007 folded before Flop (didn't bet)



PokerStars Hand #223975821720:  Hold'em No Limit ($0.01/$0.02 USD) - 2021/02/18 21:45:40 PT [2021/02/19 0:45:40 ET]
Table 'Helenos V' 9-max Seat #4 is the button
Seat 1: Urasik1979 ($0.71 in chips) 
Seat 2: ser447787 ($1.97 in chips) 
Seat 3: Jb3312 ($2 in chips) 
Seat 4: w3sby ($4.41 in chips) 
Seat 5: Zuban442 ($2.90 in chips) 
Seat 6: Pedrolopeztapia ($1.63 in chips) 
Seat 8: Dorex2007 ($2.58 in chips) 
Zuban442: posts small blind $0.01
Pedrolopeztapia: posts big blind $0.02
*** HOLE CARDS ***
Dealt to Dorex2007 [3d Kh]
Achilles2582 joins the table at seat #7 
Dorex2007: folds 
Urasik1979: calls $0.02
ser447787: folds 
Jb3312: folds 
w3sby: folds 
Zuban442: folds 
Pedrolopeztapia: checks 
*** FLOP *** [Th 8c 3h]
Pedrolopeztapia: checks 
Urasik1979: bets $0.02
rpawis joins the table at seat #9 
Pedrolopeztapia: calls $0.02
*** TURN *** [Th 8c 3h] [4d]
Pedrolopeztapia: checks 
Urasik1979: bets $0.02
Pedrolopeztapia: calls $0.02
*** RIVER *** [Th 8c 3h 4d] [As]
Pedrolopeztapia: checks 
Urasik1979: bets $0.06
Pedrolopeztapia: folds 
Uncalled bet ($0.06) returned to Urasik1979
Urasik1979 collected $0.13 from pot
*** SUMMARY ***
Total pot $0.13 | Rake $0 
Board [Th 8c 3h 4d As]
Seat 1: Urasik1979 collected ($0.13)
Seat 2: ser447787 folded before Flop (didn't bet)
Seat 3: Jb3312 folded before Flop (didn't bet)
Seat 4: w3sby (button) folded before Flop (didn't bet)
Seat 5: Zuban442 (small blind) folded before Flop
Seat 6: Pedrolopeztapia (big blind) folded on the River
Seat 8: Dorex2007 folded before Flop (didn't bet)



PokerStars Hand #223975833782:  Hold'em No Limit ($0.01/$0.02 USD) - 2021/02/18 21:46:38 PT [2021/02/19 0:46:38 ET]
Table 'Helenos V' 9-max Seat #5 is the button
Seat 1: Urasik1979 ($0.78 in chips) 
Seat 2: ser447787 ($1.97 in chips) 
Seat 3: Jb3312 ($2 in chips) 
Seat 4: w3sby ($4.41 in chips) 
Seat 5: Zuban442 ($2.89 in chips) 
Seat 6: Pedrolopeztapia ($1.57 in chips) 
Seat 7: Achilles2582 ($2 in chips) 
Seat 8: Dorex2007 ($2.58 in chips) 
Seat 9: rpawis ($2 in chips) 
Pedrolopeztapia: posts small blind $0.01
Achilles2582: posts big blind $0.02
rpawis: posts big blind $0.02
*** HOLE CARDS ***
Dealt to Dorex2007 [3h 7d]
Dorex2007: folds 
rpawis: checks 
Urasik1979: calls $0.02
ser447787: folds 
Jb3312: folds 
w3sby: folds 
Zuban442: folds 
Pedrolopeztapia: calls $0.01
Achilles2582: raises $0.08 to $0.10
rpawis: calls $0.08
Urasik1979: calls $0.08
Pedrolopeztapia: folds 
*** FLOP *** [8d 2s 2d]
Achilles2582: bets $0.17
rpawis: calls $0.17
Urasik1979: folds 
*** TURN *** [8d 2s 2d] [6s]
Achilles2582: checks 
rpawis: checks 
*** RIVER *** [8d 2s 2d 6s] [5h]
Achilles2582: bets $0.33
rpawis: calls $0.33
*** SHOW DOWN ***
Achilles2582: shows [Th Ts] (two pair, Tens and Deuces)
rpawis: mucks hand 
Achilles2582 collected $1.27 from pot
*** SUMMARY ***
Total pot $1.32 | Rake $0.05 
Board [8d 2s 2d 6s 5h]
Seat 1: Urasik1979 folded on the Flop
Seat 2: ser447787 folded before Flop (didn't bet)
Seat 3: Jb3312 folded before Flop (didn't bet)
Seat 4: w3sby folded before Flop (didn't bet)
Seat 5: Zuban442 (button) folded before Flop (didn't bet)
Seat 6: Pedrolopeztapia (small blind) folded before Flop
Seat 7: Achilles2582 (big blind) showed [Th Ts] and won ($1.27) with two pair, Tens and Deuces
Seat 8: Dorex2007 folded before Flop (didn't bet)
Seat 9: rpawis mucked [3c 3d]



PokerStars Hand #223975850059:  Hold'em No Limit ($0.01/$0.02 USD) - 2021/02/18 21:47:55 PT [2021/02/19 0:47:55 ET]
Table 'Helenos V' 9-max Seat #6 is the button
Seat 1: Urasik1979 ($0.68 in chips) 
Seat 2: ser447787 ($1.97 in chips) 
Seat 3: Jb3312 ($2 in chips) 
Seat 4: w3sby ($4.41 in chips) 
Seat 5: Zuban442 ($2.89 in chips) 
Seat 6: Pedrolopeztapia ($1.55 in chips) 
Seat 7: Achilles2582 ($2.67 in chips) 
Seat 8: Dorex2007 ($2.58 in chips) 
Seat 9: rpawis ($1.40 in chips) 
Achilles2582: posts small blind $0.01
Dorex2007: posts big blind $0.02
*** HOLE CARDS ***
Dealt to Dorex2007 [8h Ts]
rpawis: folds 
Urasik1979: calls $0.02
ser447787: folds 
Jb3312: folds 
w3sby: folds 
Zuban442: folds 
Pedrolopeztapia: folds 
Achilles2582: calls $0.01
Dorex2007: checks 
*** FLOP *** [Js 3h 3s]
Achilles2582: checks 
Dorex2007: checks 
Urasik1979: checks 
*** TURN *** [Js 3h 3s] [Ah]
Achilles2582: checks 
Dorex2007: bets $0.06
Urasik1979: calls $0.06
Achilles2582: folds 
*** RIVER *** [Js 3h 3s Ah] [Ks]
Dorex2007: checks 
Urasik1979: checks 
*** SHOW DOWN ***
Dorex2007: shows [8h Ts] (a pair of Threes)
Urasik1979: shows [8c Ac] (two pair, Aces and Threes)
Urasik1979 collected $0.17 from pot
*** SUMMARY ***
Total pot $0.18 | Rake $0.01 
Board [Js 3h 3s Ah Ks]
Seat 1: Urasik1979 showed [8c Ac] and won ($0.17) with two pair, Aces and Threes
Seat 2: ser447787 folded before Flop (didn't bet)
Seat 3: Jb3312 folded before Flop (didn't bet)
Seat 4: w3sby folded before Flop (didn't bet)
Seat 5: Zuban442 folded before Flop (didn't bet)
Seat 6: Pedrolopeztapia (button) folded before Flop (didn't bet)
Seat 7: Achilles2582 (small blind) folded on the Turn
Seat 8: Dorex2007 (big blind) showed [8h Ts] and lost with a pair of Threes
Seat 9: rpawis folded before Flop (didn't bet)



PokerStars Hand #223975858989:  Hold'em No Limit ($0.01/$0.02 USD) - 2021/02/18 21:48:38 PT [2021/02/19 0:48:38 ET]
Table 'Helenos V' 9-max Seat #7 is the button
Seat 1: Urasik1979 ($0.77 in chips) 
Seat 2: ser447787 ($1.97 in chips) 
Seat 3: Jb3312 ($2 in chips) 
Seat 4: w3sby ($4.41 in chips) 
Seat 5: Zuban442 ($2.89 in chips) 
Seat 6: Pedrolopeztapia ($1.55 in chips) 
Seat 7: Achilles2582 ($2.65 in chips) 
Seat 8: Dorex2007 ($2.50 in chips) 
Seat 9: rpawis ($2 in chips) 
Dorex2007: posts small blind $0.01
rpawis: posts big blind $0.02
*** HOLE CARDS ***
Dealt to Dorex2007 [7c Js]
Urasik1979: folds 
ser447787: folds 
Jb3312: folds 
w3sby: folds 
Zuban442: raises $0.02 to $0.04
Pedrolopeztapia: folds 
Achilles2582: folds 
Dorex2007: folds 
rpawis: folds 
Uncalled bet ($0.02) returned to Zuban442
Zuban442 collected $0.05 from pot
Zuban442: doesn't show hand 
*** SUMMARY ***
Total pot $0.05 | Rake $0 
Seat 1: Urasik1979 folded before Flop (didn't bet)
Seat 2: ser447787 folded before Flop (didn't bet)
Seat 3: Jb3312 folded before Flop (didn't bet)
Seat 4: w3sby folded before Flop (didn't bet)
Seat 5: Zuban442 collected ($0.05)
Seat 6: Pedrolopeztapia folded before Flop (didn't bet)
Seat 7: Achilles2582 (button) folded before Flop (didn't bet)
Seat 8: Dorex2007 (small blind) folded before Flop
Seat 9: rpawis (big blind) folded before Flop



PokerStars Hand #223975864993:  Hold'em No Limit ($0.01/$0.02 USD) - 2021/02/18 21:49:07 PT [2021/02/19 0:49:07 ET]
Table 'Helenos V' 9-max Seat #8 is the button
Seat 1: Urasik1979 ($0.77 in chips) 
Seat 2: ser447787 ($1.97 in chips) 
Seat 4: w3sby ($4.41 in chips) 
Seat 5: Zuban442 ($2.92 in chips) 
Seat 6: Pedrolopeztapia ($1.55 in chips) 
Seat 7: Achilles2582 ($2.65 in chips) 
Seat 8: Dorex2007 ($2.49 in chips) 
Seat 9: rpawis ($1.98 in chips) 
rpawis: posts small blind $0.01
Urasik1979: posts big blind $0.02
*** HOLE CARDS ***
Dealt to Dorex2007 [Th Ts]
ser447787: folds 
w3sby: raises $0.04 to $0.06
Zuban442: folds 
Pedrolopeztapia: folds 
Achilles2582: folds 
Dorex2007: calls $0.06
rpawis: calls $0.05
Urasik1979: folds 
*** FLOP *** [4h 3c 9s]
rpawis: checks 
w3sby: bets $0.13
Dorex2007: raises $0.45 to $0.58
rpawis: folds 
w3sby: raises $3.77 to $4.35 and is all-in
Dorex2007: calls $1.85 and is all-in
Uncalled bet ($1.92) returned to w3sby
*** TURN *** [4h 3c 9s] [9h]
*** RIVER *** [4h 3c 9s 9h] [7c]
*** SHOW DOWN ***
w3sby: shows [Qh Qs] (two pair, Queens and Nines)
Dorex2007: shows [Th Ts] (two pair, Tens and Nines)
w3sby collected $4.88 from pot
*** SUMMARY ***
Total pot $5.06 | Rake $0.18 
Board [4h 3c 9s 9h 7c]
Seat 1: Urasik1979 (big blind) folded before Flop
Seat 2: ser447787 folded before Flop (didn't bet)
Seat 4: w3sby showed [Qh Qs] and won ($4.88) with two pair, Queens and Nines
Seat 5: Zuban442 folded before Flop (didn't bet)
Seat 6: Pedrolopeztapia folded before Flop (didn't bet)
Seat 7: Achilles2582 folded before Flop (didn't bet)
Seat 8: Dorex2007 (button) showed [Th Ts] and lost with two pair, Tens and Nines
Seat 9: rpawis (small blind) folded on the Flop



PokerStars Hand #223975884362:  Hold'em No Limit ($0.01/$0.02 USD) - 2021/02/18 21:50:39 PT [2021/02/19 0:50:39 ET]
Table 'Helenos V' 9-max Seat #1 is the button
Seat 1: Urasik1979 ($0.81 in chips) 
Seat 2: ser447787 ($1.91 in chips) 
Seat 3: Jb3312 ($2 in chips) 
Seat 4: w3sby ($6.80 in chips) 
Seat 5: Zuban442 ($2.92 in chips) 
Seat 6: Pedrolopeztapia ($1.55 in chips) 
Seat 7: Achilles2582 ($2.65 in chips) 
Seat 8: Dorex2007 ($2 in chips) 
Seat 9: rpawis ($1.92 in chips) 
ser447787: posts small blind $0.01
Jb3312: posts big blind $0.02
*** HOLE CARDS ***
Dealt to Dorex2007 [6s 6c]
w3sby: raises $0.04 to $0.06
Zuban442: folds 
Pedrolopeztapia: calls $0.06
Achilles2582: folds 
Dorex2007: calls $0.06
rpawis: calls $0.06
Urasik1979: folds 
ser447787: calls $0.05
Jb3312: calls $0.04
*** FLOP *** [8c 7s Qd]
ser447787: checks 
Jb3312: bets $0.12
w3sby: raises $0.22 to $0.34
Pedrolopeztapia: calls $0.34
Dorex2007: folds 
rpawis: folds 
ser447787: folds 
Jb3312: calls $0.22
*** TURN *** [8c 7s Qd] [Kh]
Jb3312: checks 
w3sby: bets $0.93
Pedrolopeztapia: raises $0.22 to $1.15 and is all-in
Jb3312: folds 
w3sby: calls $0.22
*** RIVER *** [8c 7s Qd Kh] [2d]
*** SHOW DOWN ***
w3sby: shows [Kc Kd] (three of a kind, Kings)
Pedrolopeztapia: shows [Qc Qh] (three of a kind, Queens)
w3sby collected $3.55 from pot
*** SUMMARY ***
Total pot $3.68 | Rake $0.13 
Board [8c 7s Qd Kh 2d]
Seat 1: Urasik1979 (button) folded before Flop (didn't bet)
Seat 2: ser447787 (small blind) folded on the Flop
Seat 3: Jb3312 (big blind) folded on the Turn
Seat 4: w3sby showed [Kc Kd] and won ($3.55) with three of a kind, Kings
Seat 5: Zuban442 folded before Flop (didn't bet)
Seat 6: Pedrolopeztapia showed [Qc Qh] and lost with three of a kind, Queens
Seat 7: Achilles2582 folded before Flop (didn't bet)
Seat 8: Dorex2007 folded on the Flop
Seat 9: rpawis folded on the Flop



PokerStars Hand #223975901585:  Hold'em No Limit ($0.01/$0.02 USD) - 2021/02/18 21:52:02 PT [2021/02/19 0:52:02 ET]
Table 'Helenos V' 9-max Seat #2 is the button
Seat 1: Urasik1979 ($0.81 in chips) 
Seat 2: ser447787 ($2 in chips) 
Seat 3: Jb3312 ($2 in chips) 
Seat 5: Zuban442 ($2.92 in chips) 
Seat 7: Achilles2582 ($2.65 in chips) 
Seat 8: Dorex2007 ($1.94 in chips) 
Seat 9: rpawis ($2 in chips) 
Jb3312: posts small blind $0.01
w3sby: is sitting out 
Zuban442: posts big blind $0.02
*** HOLE CARDS ***
Dealt to Dorex2007 [8c Qc]
w3sby leaves the table
Achilles2582: folds 
Dorex2007: folds 
rpawis: folds 
Jb3312 said, "nh ^^"
modernexpo joins the table at seat #4 
Urasik1979: calls $0.02
ser447787: raises $0.07 to $0.09
Jb3312: raises $0.19 to $0.28
Zuban442: folds 
Urasik1979: folds 
ser447787: calls $0.19
*** FLOP *** [Ah Jd Jh]
Jb3312: bets $0.29
ser447787: calls $0.29
*** TURN *** [Ah Jd Jh] [Qd]
Jb3312: checks 
ser447787: bets $0.57
Jb3312: folds 
Uncalled bet ($0.57) returned to ser447787
ser447787 collected $1.14 from pot
*** SUMMARY ***
Total pot $1.18 | Rake $0.04 
Board [Ah Jd Jh Qd]
Seat 1: Urasik1979 folded before Flop
Seat 2: ser447787 (button) collected ($1.14)
Seat 3: Jb3312 (small blind) folded on the Turn
Seat 5: Zuban442 (big blind) folded before Flop
Seat 7: Achilles2582 folded before Flop (didn't bet)
Seat 8: Dorex2007 folded before Flop (didn't bet)
Seat 9: rpawis folded before Flop (didn't bet)



PokerStars Hand #223975912875:  Hold'em No Limit ($0.01/$0.02 USD) - 2021/02/18 21:52:57 PT [2021/02/19 0:52:57 ET]
Table 'Helenos V' 9-max Seat #3 is the button
Seat 1: Urasik1979 ($0.79 in chips) 
Seat 2: ser447787 ($2.57 in chips) 
Seat 3: Jb3312 ($2 in chips) 
Seat 5: Zuban442 ($2.90 in chips) 
Seat 6: Pedrolopeztapia ($2 in chips) 
Seat 7: Achilles2582 ($2.65 in chips) 
Seat 8: Dorex2007 ($1.94 in chips) 
Seat 9: rpawis ($2 in chips) 
Zuban442: posts small blind $0.01
Pedrolopeztapia: posts big blind $0.02
*** HOLE CARDS ***
Dealt to Dorex2007 [4d 2d]
Achilles2582: folds 
Dorex2007: folds 
rpawis: folds 
Urasik1979: calls $0.02
ser447787: folds 
Jb3312: folds 
Zuban442: folds 
Pedrolopeztapia: checks 
*** FLOP *** [9d Kc Td]
Pedrolopeztapia: checks 
Urasik1979: bets $0.02
Pedrolopeztapia: calls $0.02
*** TURN *** [9d Kc Td] [5c]
Pedrolopeztapia: checks 
Urasik1979: bets $0.04
Pedrolopeztapia: calls $0.04
*** RIVER *** [9d Kc Td 5c] [6d]
Pedrolopeztapia: checks 
Urasik1979: checks 
*** SHOW DOWN ***
Pedrolopeztapia: shows [Ad Qd] (a flush, Ace high)
Urasik1979: mucks hand 
Pedrolopeztapia collected $0.16 from pot
*** SUMMARY ***
Total pot $0.17 | Rake $0.01 
Board [9d Kc Td 5c 6d]
Seat 1: Urasik1979 mucked [Ts Jd]
Seat 2: ser447787 folded before Flop (didn't bet)
Seat 3: Jb3312 (button) folded before Flop (didn't bet)
Seat 5: Zuban442 (small blind) folded before Flop
Seat 6: Pedrolopeztapia (big blind) showed [Ad Qd] and won ($0.16) with a flush, Ace high
Seat 7: Achilles2582 folded before Flop (didn't bet)
Seat 8: Dorex2007 folded before Flop (didn't bet)
Seat 9: rpawis folded before Flop (didn't bet)



PokerStars Hand #223975927484:  Hold'em No Limit ($0.01/$0.02 USD) - 2021/02/18 21:54:08 PT [2021/02/19 0:54:08 ET]
Table 'Helenos V' 9-max Seat #5 is the button
Seat 1: Urasik1979 ($0.71 in chips) 
Seat 2: ser447787 ($2.57 in chips) 
Seat 3: Jb3312 ($2 in chips) 
Seat 5: Zuban442 ($2.89 in chips) 
Seat 6: Pedrolopeztapia ($2.08 in chips) 
Seat 7: Achilles2582 ($2.65 in chips) 
Seat 8: Dorex2007 ($1.94 in chips) 
Seat 9: rpawis ($2 in chips) 
Pedrolopeztapia: posts small blind $0.01
Achilles2582: posts big blind $0.02
modernexpo: sits out 
*** HOLE CARDS ***
Dealt to Dorex2007 [5c Qc]
Dorex2007: folds 
rpawis: folds 
Urasik1979: folds 
ser447787: folds 
Jb3312: folds 
Zuban442: folds 
Jb3312 leaves the table
Pedrolopeztapia: calls $0.01
Achilles2582: checks 
*** FLOP *** [9c 2d 6c]
Pedrolopeztapia: checks 
Achilles2582: bets $0.02
Pedrolopeztapia: folds 
Uncalled bet ($0.02) returned to Achilles2582
Achilles2582 collected $0.04 from pot
*** SUMMARY ***
Total pot $0.04 | Rake $0 
Board [9c 2d 6c]
Seat 1: Urasik1979 folded before Flop (didn't bet)
Seat 2: ser447787 folded before Flop (didn't bet)
Seat 3: Jb3312 folded before Flop (didn't bet)
Seat 5: Zuban442 (button) folded before Flop (didn't bet)
Seat 6: Pedrolopeztapia (small blind) folded on the Flop
Seat 7: Achilles2582 (big blind) collected ($0.04)
Seat 8: Dorex2007 folded before Flop (didn't bet)
Seat 9: rpawis folded before Flop (didn't bet)



PokerStars Hand #223975936146:  Hold'em No Limit ($0.01/$0.02 USD) - 2021/02/18 21:54:50 PT [2021/02/19 0:54:50 ET]
Table 'Helenos V' 9-max Seat #6 is the button
Seat 1: Urasik1979 ($0.71 in chips) 
Seat 2: ser447787 ($2.57 in chips) 
Seat 5: Zuban442 ($2.89 in chips) 
Seat 6: Pedrolopeztapia ($2.06 in chips) 
Seat 7: Achilles2582 ($2.67 in chips) 
Seat 8: Dorex2007 ($1.94 in chips) 
Seat 9: rpawis ($2 in chips) 
Achilles2582: posts small blind $0.01
Dorex2007: posts big blind $0.02
modernexpo: sits out 
*** HOLE CARDS ***
Dealt to Dorex2007 [Ts 3c]
rpawis: folds 
Urasik1979: folds 
ser447787: folds 
Zuban442: folds 
Bikbul72 joins the table at seat #3 
Pedrolopeztapia: calls $0.02
Achilles2582: folds 
Dorex2007: checks 
*** FLOP *** [Qs Th 2s]
Dorex2007: bets $0.05
Pedrolopeztapia: calls $0.05
*** TURN *** [Qs Th 2s] [4s]
Dorex2007: checks 
Pedrolopeztapia: bets $0.02
Dorex2007: folds 
Uncalled bet ($0.02) returned to Pedrolopeztapia
Pedrolopeztapia collected $0.14 from pot
Pedrolopeztapia: doesn't show hand 
*** SUMMARY ***
Total pot $0.15 | Rake $0.01 
Board [Qs Th 2s 4s]
Seat 1: Urasik1979 folded before Flop (didn't bet)
Seat 2: ser447787 folded before Flop (didn't bet)
Seat 5: Zuban442 folded before Flop (didn't bet)
Seat 6: Pedrolopeztapia (button) collected ($0.14)
Seat 7: Achilles2582 (small blind) folded before Flop
Seat 8: Dorex2007 (big blind) folded on the Turn
Seat 9: rpawis folded before Flop (didn't bet)



PokerStars Hand #223975950194:  Hold'em No Limit ($0.01/$0.02 USD) - 2021/02/18 21:55:38 PT [2021/02/19 0:55:38 ET]
Table 'Helenos V' 9-max Seat #7 is the button
Seat 1: Urasik1979 ($0.71 in chips) 
Seat 2: ser447787 ($2.57 in chips) 
Seat 3: Bikbul72 ($1.14 in chips) 
Seat 5: Zuban442 ($2.89 in chips) 
Seat 6: Pedrolopeztapia ($2.13 in chips) 
Seat 7: Achilles2582 ($2.66 in chips) 
Seat 8: Dorex2007 ($1.87 in chips) 
Seat 9: rpawis ($2 in chips) 
Dorex2007: posts small blind $0.01
rpawis: posts big blind $0.02
Bikbul72: posts big blind $0.02
modernexpo: sits out 
*** HOLE CARDS ***
Dealt to Dorex2007 [5d 7s]
Urasik1979: calls $0.02
ser447787: folds 
Bikbul72: checks 
Zuban442: folds 
Pedrolopeztapia: calls $0.02
Achilles2582: folds 
Dorex2007: folds 
rpawis: checks 
*** FLOP *** [Qc 8h 4d]
rpawis has timed out
rpawis: checks 
Urasik1979: checks 
Bikbul72: bets $0.09
Pedrolopeztapia: folds 
rpawis: folds 
Urasik1979: folds 
Uncalled bet ($0.09) returned to Bikbul72
Bikbul72 collected $0.09 from pot
Bikbul72: doesn't show hand 
*** SUMMARY ***
Total pot $0.09 | Rake $0 
Board [Qc 8h 4d]
Seat 1: Urasik1979 folded on the Flop
Seat 2: ser447787 folded before Flop (didn't bet)
Seat 3: Bikbul72 collected ($0.09)
Seat 5: Zuban442 folded before Flop (didn't bet)
Seat 6: Pedrolopeztapia folded on the Flop
Seat 7: Achilles2582 (button) folded before Flop (didn't bet)
Seat 8: Dorex2007 (small blind) folded before Flop
Seat 9: rpawis (big blind) folded on the Flop



PokerStars Hand #223975965132:  Hold'em No Limit ($0.01/$0.02 USD) - 2021/02/18 21:57:03 PT [2021/02/19 0:57:03 ET]
Table 'Helenos V' 9-max Seat #8 is the button
Seat 1: Urasik1979 ($0.69 in chips) 
Seat 2: ser447787 ($2.57 in chips) 
Seat 3: Bikbul72 ($1.21 in chips) 
Seat 5: Zuban442 ($2.89 in chips) 
Seat 6: Pedrolopeztapia ($2.11 in chips) 
Seat 7: Achilles2582 ($2.66 in chips) 
Seat 8: Dorex2007 ($1.86 in chips) 
Seat 9: rpawis ($2 in chips) 
rpawis: posts small blind $0.01
Urasik1979: posts big blind $0.02
modernexpo: sits out 
*** HOLE CARDS ***
Dealt to Dorex2007 [3s 6h]
ser447787: folds 
Bikbul72: raises $0.02 to $0.04
Zuban442: folds 
Pedrolopeztapia: calls $0.04
Achilles2582: folds 
Dorex2007: folds 
rpawis: folds 
Urasik1979: calls $0.02
*** FLOP *** [4d 7h 6d]
Urasik1979: checks 
Bikbul72: bets $0.13
Pedrolopeztapia: folds 
Urasik1979: folds 
Uncalled bet ($0.13) returned to Bikbul72
Bikbul72 collected $0.13 from pot
Bikbul72: doesn't show hand 
*** SUMMARY ***
Total pot $0.13 | Rake $0 
Board [4d 7h 6d]
Seat 1: Urasik1979 (big blind) folded on the Flop
Seat 2: ser447787 folded before Flop (didn't bet)
Seat 3: Bikbul72 collected ($0.13)
Seat 5: Zuban442 folded before Flop (didn't bet)
Seat 6: Pedrolopeztapia folded on the Flop
Seat 7: Achilles2582 folded before Flop (didn't bet)
Seat 8: Dorex2007 (button) folded before Flop (didn't bet)
Seat 9: rpawis (small blind) folded before Flop



PokerStars Hand #223975971177:  Hold'em No Limit ($0.01/$0.02 USD) - 2021/02/18 21:57:37 PT [2021/02/19 0:57:37 ET]
Table 'Helenos V' 9-max Seat #9 is the button
Seat 1: Urasik1979 ($0.65 in chips) 
Seat 2: ser447787 ($2.57 in chips) 
Seat 3: Bikbul72 ($1.30 in chips) 
Seat 5: Zuban442 ($2.89 in chips) 
Seat 6: Pedrolopeztapia ($2.07 in chips) 
Seat 7: Achilles2582 ($2.66 in chips) 
Seat 8: Dorex2007 ($1.86 in chips) 
Seat 9: rpawis ($1.99 in chips) 
Urasik1979: posts small blind $0.01
ser447787: posts big blind $0.02
modernexpo: sits out 
*** HOLE CARDS ***
Dealt to Dorex2007 [6h 8c]
Bikbul72: calls $0.02
Zuban442: folds 
Pedrolopeztapia: folds 
Achilles2582: folds 
Dorex2007: folds 
rpawis: folds 
Urasik1979: raises $0.02 to $0.04
ser447787: raises $0.14 to $0.18
Bikbul72: folds 
Urasik1979: raises $0.47 to $0.65 and is all-in
ser447787: calls $0.47
*** FLOP *** [Qd 2h 6s]
*** TURN *** [Qd 2h 6s] [9h]
*** RIVER *** [Qd 2h 6s 9h] [9d]
*** SHOW DOWN ***
Urasik1979: shows [Ks Kd] (two pair, Kings and Nines)
ser447787: shows [Ah Ad] (two pair, Aces and Nines)
ser447787 collected $1.27 from pot
*** SUMMARY ***
Total pot $1.32 | Rake $0.05 
Board [Qd 2h 6s 9h 9d]
Seat 1: Urasik1979 (small blind) showed [Ks Kd] and lost with two pair, Kings and Nines
Seat 2: ser447787 (big blind) showed [Ah Ad] and won ($1.27) with two pair, Aces and Nines
Seat 3: Bikbul72 folded before Flop
Seat 5: Zuban442 folded before Flop (didn't bet)
Seat 6: Pedrolopeztapia folded before Flop (didn't bet)
Seat 7: Achilles2582 folded before Flop (didn't bet)
Seat 8: Dorex2007 folded before Flop (didn't bet)
Seat 9: rpawis (button) folded before Flop (didn't bet)



PokerStars Hand #223975978096:  Hold'em No Limit ($0.01/$0.02 USD) - 2021/02/18 21:58:17 PT [2021/02/19 0:58:17 ET]
Table 'Helenos V' 9-max Seat #2 is the button
Seat 2: ser447787 ($3.19 in chips) 
Seat 3: Bikbul72 ($1.28 in chips) 
Seat 4: modernexpo ($2 in chips) 
Seat 5: Zuban442 ($2.89 in chips) 
Seat 6: Pedrolopeztapia ($2.07 in chips) 
Seat 7: Achilles2582 ($2.66 in chips) 
Seat 8: Dorex2007 ($1.86 in chips) 
Seat 9: rpawis ($1.99 in chips) 
Bikbul72: posts small blind $0.01
modernexpo: posts big blind $0.02
*** HOLE CARDS ***
Dealt to Dorex2007 [Kh 4c]
Zuban442: raises $0.04 to $0.06
Pedrolopeztapia has timed out
Pedrolopeztapia: folds 
Achilles2582: folds 
Dorex2007: folds 
rpawis: folds 
ser447787: folds 
Bikbul72: calls $0.05
modernexpo: folds 
*** FLOP *** [2c 8c Jc]
Bikbul72: checks 
Zuban442: bets $0.07
Bikbul72: calls $0.07
*** TURN *** [2c 8c Jc] [Kd]
Bikbul72: checks 
Zuban442: checks 
*** RIVER *** [2c 8c Jc Kd] [Ts]
Bikbul72: bets $0.13
Zuban442: calls $0.13
*** SHOW DOWN ***
Bikbul72: shows [3s 2s] (a pair of Deuces)
Zuban442: shows [Qh Qd] (a pair of Queens)
Zuban442 collected $0.52 from pot
*** SUMMARY ***
Total pot $0.54 | Rake $0.02 
Board [2c 8c Jc Kd Ts]
Seat 2: ser447787 (button) folded before Flop (didn't bet)
Seat 3: Bikbul72 (small blind) showed [3s 2s] and lost with a pair of Deuces
Seat 4: modernexpo (big blind) folded before Flop
Seat 5: Zuban442 showed [Qh Qd] and won ($0.52) with a pair of Queens
Seat 6: Pedrolopeztapia folded before Flop (didn't bet)
Seat 7: Achilles2582 folded before Flop (didn't bet)
Seat 8: Dorex2007 folded before Flop (didn't bet)
Seat 9: rpawis folded before Flop (didn't bet)



PokerStars Hand #223975986049:  Hold'em No Limit ($0.01/$0.02 USD) - 2021/02/18 21:59:03 PT [2021/02/19 0:59:03 ET]
Table 'Helenos V' 9-max Seat #3 is the button
Seat 1: Urasik1979 ($0.80 in chips) 
Seat 2: ser447787 ($3.19 in chips) 
Seat 3: Bikbul72 ($1.02 in chips) 
Seat 4: modernexpo ($2 in chips) 
Seat 5: Zuban442 ($3.15 in chips) 
Seat 6: Pedrolopeztapia ($2.07 in chips) 
Seat 7: Achilles2582 ($2.66 in chips) 
Seat 8: Dorex2007 ($1.86 in chips) 
Seat 9: rpawis ($1.99 in chips) 
modernexpo: posts small blind $0.01
Zuban442: posts big blind $0.02
*** HOLE CARDS ***
Dealt to Dorex2007 [7s 4d]
Pedrolopeztapia: folds 
Achilles2582: folds 
Dorex2007: folds 
rpawis: folds 
Urasik1979: raises $0.02 to $0.04
ser447787: folds 
Bikbul72: calls $0.04
modernexpo: calls $0.03
Zuban442: calls $0.02
*** FLOP *** [As 7c 4s]
modernexpo: checks 
Zuban442: checks 
Urasik1979: bets $0.04
Bikbul72: calls $0.04
modernexpo: calls $0.04
Zuban442: calls $0.04
*** TURN *** [As 7c 4s] [9s]
modernexpo: checks 
Zuban442: checks 
Urasik1979: bets $0.06
Bikbul72: folds 
modernexpo: calls $0.06
Zuban442: calls $0.06
*** RIVER *** [As 7c 4s 9s] [Jc]
modernexpo: checks 
Zuban442: checks 
Urasik1979: checks 
*** SHOW DOWN ***
modernexpo: shows [Ts Ks] (a flush, Ace high)
Zuban442: mucks hand 
Urasik1979: mucks hand 
modernexpo collected $0.48 from pot
*** SUMMARY ***
Total pot $0.50 | Rake $0.02 
Board [As 7c 4s 9s Jc]
Seat 1: Urasik1979 mucked [Ad 5c]
Seat 2: ser447787 folded before Flop (didn't bet)
Seat 3: Bikbul72 (button) folded on the Turn
Seat 4: modernexpo (small blind) showed [Ts Ks] and won ($0.48) with a flush, Ace high
Seat 5: Zuban442 (big blind) mucked [Ah Qc]
Seat 6: Pedrolopeztapia folded before Flop (didn't bet)
Seat 7: Achilles2582 folded before Flop (didn't bet)
Seat 8: Dorex2007 folded before Flop (didn't bet)
Seat 9: rpawis folded before Flop (didn't bet)



PokerStars Hand #223975999226:  Hold'em No Limit ($0.01/$0.02 USD) - 2021/02/18 22:00:18 PT [2021/02/19 1:00:18 ET]
Table 'Helenos V' 9-max Seat #4 is the button
Seat 1: Urasik1979 ($0.66 in chips) 
Seat 2: ser447787 ($3.19 in chips) 
Seat 3: Bikbul72 ($0.94 in chips) 
Seat 4: modernexpo ($2.34 in chips) 
Seat 5: Zuban442 ($3.01 in chips) 
Seat 6: Pedrolopeztapia ($2.07 in chips) 
Seat 7: Achilles2582 ($2.66 in chips) 
Seat 8: Dorex2007 ($1.86 in chips) 
Seat 9: rpawis ($1.99 in chips) 
Zuban442: posts small blind $0.01
Pedrolopeztapia: posts big blind $0.02
*** HOLE CARDS ***
Dealt to Dorex2007 [6d Jd]
Achilles2582: folds 
Dorex2007: folds 
rpawis: folds 
Urasik1979: calls $0.02
ser447787: folds 
Bikbul72: calls $0.02
modernexpo: folds 
Zuban442: calls $0.01
Pedrolopeztapia: checks 
*** FLOP *** [4d 5s 6c]
Zuban442: checks 
Pedrolopeztapia: checks 
Urasik1979: bets $0.06
Bikbul72: calls $0.06
Zuban442: calls $0.06
Pedrolopeztapia: folds 
*** TURN *** [4d 5s 6c] [5c]
Zuban442: checks 
Urasik1979: checks 
Bikbul72: checks 
*** RIVER *** [4d 5s 6c 5c] [8c]
Zuban442: checks 
Urasik1979: bets $0.06
Bikbul72: raises $0.37 to $0.43
Zuban442: folds 
Urasik1979: folds 
Uncalled bet ($0.37) returned to Bikbul72
Bikbul72 collected $0.37 from pot
Bikbul72: doesn't show hand 
*** SUMMARY ***
Total pot $0.38 | Rake $0.01 
Board [4d 5s 6c 5c 8c]
Seat 1: Urasik1979 folded on the River
Seat 2: ser447787 folded before Flop (didn't bet)
Seat 3: Bikbul72 collected ($0.37)
Seat 4: modernexpo (button) folded before Flop (didn't bet)
Seat 5: Zuban442 (small blind) folded on the River
Seat 6: Pedrolopeztapia (big blind) folded on the Flop
Seat 7: Achilles2582 folded before Flop (didn't bet)
Seat 8: Dorex2007 folded before Flop (didn't bet)
Seat 9: rpawis folded before Flop (didn't bet)



PokerStars Hand #223976012722:  Hold'em No Limit ($0.01/$0.02 USD) - 2021/02/18 22:01:27 PT [2021/02/19 1:01:27 ET]
Table 'Helenos V' 9-max Seat #5 is the button
Seat 1: Urasik1979 ($0.52 in chips) 
Seat 2: ser447787 ($3.19 in chips) 
Seat 3: Bikbul72 ($1.17 in chips) 
Seat 4: modernexpo ($2.34 in chips) 
Seat 5: Zuban442 ($2.93 in chips) 
Seat 6: Pedrolopeztapia ($2.05 in chips) 
Seat 7: Achilles2582 ($2.66 in chips) 
Seat 8: Dorex2007 ($1.86 in chips) 
Seat 9: rpawis ($1.99 in chips) 
Pedrolopeztapia: posts small blind $0.01
Achilles2582: posts big blind $0.02
*** HOLE CARDS ***
Dealt to Dorex2007 [6s 8d]
Dorex2007: folds 
rpawis: folds 
Urasik1979: calls $0.02
ser447787: folds 
Bikbul72: folds 
modernexpo: folds 
Zuban442: folds 
Pedrolopeztapia: calls $0.01
Achilles2582: checks 
*** FLOP *** [As Qs 9d]
Pedrolopeztapia: checks 
Achilles2582: checks 
Urasik1979: bets $0.02
Pedrolopeztapia: folds 
Achilles2582: folds 
Uncalled bet ($0.02) returned to Urasik1979
Urasik1979 collected $0.06 from pot
*** SUMMARY ***
Total pot $0.06 | Rake $0 
Board [As Qs 9d]
Seat 1: Urasik1979 collected ($0.06)
Seat 2: ser447787 folded before Flop (didn't bet)
Seat 3: Bikbul72 folded before Flop (didn't bet)
Seat 4: modernexpo folded before Flop (didn't bet)
Seat 5: Zuban442 (button) folded before Flop (didn't bet)
Seat 6: Pedrolopeztapia (small blind) folded on the Flop
Seat 7: Achilles2582 (big blind) folded on the Flop
Seat 8: Dorex2007 folded before Flop (didn't bet)
Seat 9: rpawis folded before Flop (didn't bet)



PokerStars Hand #223976021053:  Hold'em No Limit ($0.01/$0.02 USD) - 2021/02/18 22:02:09 PT [2021/02/19 1:02:09 ET]
Table 'Helenos V' 9-max Seat #6 is the button
Seat 1: Urasik1979 ($0.56 in chips) 
Seat 2: ser447787 ($3.19 in chips) 
Seat 3: Bikbul72 ($1.17 in chips) 
Seat 4: modernexpo ($2.34 in chips) 
Seat 5: Zuban442 ($2.93 in chips) 
Seat 6: Pedrolopeztapia ($2.03 in chips) 
Seat 7: Achilles2582 ($2.64 in chips) 
Seat 8: Dorex2007 ($1.86 in chips) 
Seat 9: rpawis ($1.99 in chips) 
Achilles2582: posts small blind $0.01
Dorex2007: posts big blind $0.02
*** HOLE CARDS ***
Dealt to Dorex2007 [As 7s]
rpawis: folds 
Urasik1979: folds 
Urasik1979 leaves the table
ser447787: folds 
Bikbul72: calls $0.02
modernexpo: folds 
Zuban442: folds 
Pedrolopeztapia: folds 
Achilles2582: calls $0.01
maxmud131 joins the table at seat #1 
Dorex2007: raises $0.04 to $0.06
Bikbul72: calls $0.04
Achilles2582: calls $0.04
*** FLOP *** [Ts 2h 3s]
Achilles2582: checks 
Dorex2007: bets $0.17
Bikbul72: folds 
Achilles2582: calls $0.17
*** TURN *** [Ts 2h 3s] [8h]
Achilles2582: bets $0.25
Dorex2007: calls $0.25
*** RIVER *** [Ts 2h 3s 8h] [9d]
Achilles2582: bets $0.72
Dorex2007: folds 
Uncalled bet ($0.72) returned to Achilles2582
Achilles2582 collected $0.98 from pot
*** SUMMARY ***
Total pot $1.02 | Rake $0.04 
Board [Ts 2h 3s 8h 9d]
Seat 1: Urasik1979 folded before Flop (didn't bet)
Seat 2: ser447787 folded before Flop (didn't bet)
Seat 3: Bikbul72 folded on the Flop
Seat 4: modernexpo folded before Flop (didn't bet)
Seat 5: Zuban442 folded before Flop (didn't bet)
Seat 6: Pedrolopeztapia (button) folded before Flop (didn't bet)
Seat 7: Achilles2582 (small blind) collected ($0.98)
Seat 8: Dorex2007 (big blind) folded on the River
Seat 9: rpawis folded before Flop (didn't bet)



PokerStars Hand #223976034779:  Hold'em No Limit ($0.01/$0.02 USD) - 2021/02/18 22:03:17 PT [2021/02/19 1:03:17 ET]
Table 'Helenos V' 9-max Seat #7 is the button
Seat 1: maxmud131 ($2 in chips) 
Seat 2: ser447787 ($3.19 in chips) 
Seat 3: Bikbul72 ($1.11 in chips) 
Seat 4: modernexpo ($2.34 in chips) 
Seat 5: Zuban442 ($2.93 in chips) 
Seat 6: Pedrolopeztapia ($2.03 in chips) 
Seat 7: Achilles2582 ($3.14 in chips) 
Seat 8: Dorex2007 ($1.38 in chips) 
Seat 9: rpawis ($1.99 in chips) 
Dorex2007: posts small blind $0.01
rpawis: posts big blind $0.02
maxmud131: posts big blind $0.02
*** HOLE CARDS ***
Dealt to Dorex2007 [3d 7d]
maxmud131: checks 
ser447787: folds 
Bikbul72: calls $0.02
modernexpo: folds 
Zuban442: folds 
Pedrolopeztapia: folds 
Achilles2582: raises $0.02 to $0.04
Dorex2007: folds 
rpawis: calls $0.02
maxmud131: calls $0.02
Bikbul72: calls $0.02
*** FLOP *** [8c Th 6h]
rpawis: checks 
maxmud131: bets $0.04
Bikbul72: calls $0.04
Achilles2582: calls $0.04
rpawis: calls $0.04
*** TURN *** [8c Th 6h] [8d]
rpawis: checks 
maxmud131: checks 
Bikbul72: checks 
Achilles2582: checks 
*** RIVER *** [8c Th 6h 8d] [Qh]
rpawis: checks 
maxmud131: checks 
Bikbul72: bets $0.32
Achilles2582: calls $0.32
rpawis: folds 
maxmud131: folds 
*** SHOW DOWN ***
Bikbul72: shows [6s Qd] (two pair, Queens and Eights)
Achilles2582: shows [Td Qs] (two pair, Queens and Tens)
Achilles2582 collected $0.94 from pot
*** SUMMARY ***
Total pot $0.97 | Rake $0.03 
Board [8c Th 6h 8d Qh]
Seat 1: maxmud131 folded on the River
Seat 2: ser447787 folded before Flop (didn't bet)
Seat 3: Bikbul72 showed [6s Qd] and lost with two pair, Queens and Eights
Seat 4: modernexpo folded before Flop (didn't bet)
Seat 5: Zuban442 folded before Flop (didn't bet)
Seat 6: Pedrolopeztapia folded before Flop (didn't bet)
Seat 7: Achilles2582 (button) showed [Td Qs] and won ($0.94) with two pair, Queens and Tens
Seat 8: Dorex2007 (small blind) folded before Flop
Seat 9: rpawis (big blind) folded on the River



PokerStars Hand #223976046623:  Hold'em No Limit ($0.01/$0.02 USD) - 2021/02/18 22:04:15 PT [2021/02/19 1:04:15 ET]
Table 'Helenos V' 9-max Seat #8 is the button
Seat 1: maxmud131 ($1.92 in chips) 
Seat 2: ser447787 ($3.19 in chips) 
Seat 3: Bikbul72 ($0.71 in chips) 
Seat 4: modernexpo ($2.34 in chips) 
Seat 5: Zuban442 ($2.93 in chips) 
Seat 6: Pedrolopeztapia ($2.03 in chips) 
Seat 7: Achilles2582 ($3.68 in chips) 
Seat 8: Dorex2007 ($1.37 in chips) 
Seat 9: rpawis ($1.91 in chips) 
rpawis: posts small blind $0.01
maxmud131: posts big blind $0.02
*** HOLE CARDS ***
Dealt to Dorex2007 [6c 2c]
ser447787: folds 
Bikbul72: raises $0.69 to $0.71 and is all-in
modernexpo: folds 
Zuban442: folds 
Pedrolopeztapia: folds 
Achilles2582: folds 
Dorex2007: folds 
rpawis: folds 
maxmud131: folds 
Uncalled bet ($0.69) returned to Bikbul72
Bikbul72 collected $0.05 from pot
Bikbul72: doesn't show hand 
*** SUMMARY ***
Total pot $0.05 | Rake $0 
Seat 1: maxmud131 (big blind) folded before Flop
Seat 2: ser447787 folded before Flop (didn't bet)
Seat 3: Bikbul72 collected ($0.05)
Seat 4: modernexpo folded before Flop (didn't bet)
Seat 5: Zuban442 folded before Flop (didn't bet)
Seat 6: Pedrolopeztapia folded before Flop (didn't bet)
Seat 7: Achilles2582 folded before Flop (didn't bet)
Seat 8: Dorex2007 (button) folded before Flop (didn't bet)
Seat 9: rpawis (small blind) folded before Flop



PokerStars Hand #223976050400:  Hold'em No Limit ($0.01/$0.02 USD) - 2021/02/18 22:04:34 PT [2021/02/19 1:04:34 ET]
Table 'Helenos V' 9-max Seat #9 is the button
Seat 1: maxmud131 ($1.90 in chips) 
Seat 2: ser447787 ($3.19 in chips) 
Seat 3: Bikbul72 ($0.74 in chips) 
Seat 4: modernexpo ($2.34 in chips) 
Seat 5: Zuban442 ($2.93 in chips) 
Seat 6: Pedrolopeztapia ($2.03 in chips) 
Seat 7: Achilles2582 ($3.68 in chips) 
Seat 8: Dorex2007 ($1.37 in chips) 
Seat 9: rpawis ($1.90 in chips) 
maxmud131: posts small blind $0.01
ser447787: posts big blind $0.02
*** HOLE CARDS ***
Dealt to Dorex2007 [Th 4h]
Bikbul72: folds 
modernexpo: folds 
Zuban442: folds 
Pedrolopeztapia: folds 
Achilles2582: folds 
Dorex2007: folds 
rpawis: raises $0.05 to $0.07
maxmud131: raises $0.16 to $0.23
ser447787: folds 
rpawis: calls $0.16
*** FLOP *** [9h Qc Ks]
maxmud131: bets $0.23
rpawis: folds 
Uncalled bet ($0.23) returned to maxmud131
maxmud131 collected $0.46 from pot
maxmud131: doesn't show hand 
*** SUMMARY ***
Total pot $0.48 | Rake $0.02 
Board [9h Qc Ks]
Seat 1: maxmud131 (small blind) collected ($0.46)
Seat 2: ser447787 (big blind) folded before Flop
Seat 3: Bikbul72 folded before Flop (didn't bet)
Seat 4: modernexpo folded before Flop (didn't bet)
Seat 5: Zuban442 folded before Flop (didn't bet)
Seat 6: Pedrolopeztapia folded before Flop (didn't bet)
Seat 7: Achilles2582 folded before Flop (didn't bet)
Seat 8: Dorex2007 folded before Flop (didn't bet)
Seat 9: rpawis (button) folded on the Flop



PokerStars Hand #223976057666:  Hold'em No Limit ($0.01/$0.02 USD) - 2021/02/18 22:05:10 PT [2021/02/19 1:05:10 ET]
Table 'Helenos V' 9-max Seat #1 is the button
Seat 1: maxmud131 ($2.13 in chips) 
Seat 2: ser447787 ($3.17 in chips) 
Seat 3: Bikbul72 ($0.74 in chips) 
Seat 4: modernexpo ($2.34 in chips) 
Seat 5: Zuban442 ($2.93 in chips) 
Seat 6: Pedrolopeztapia ($2.03 in chips) 
Seat 7: Achilles2582 ($3.68 in chips) 
Seat 8: Dorex2007 ($1.37 in chips) 
Seat 9: rpawis ($1.67 in chips) 
ser447787: posts small blind $0.01
Bikbul72: posts big blind $0.02
*** HOLE CARDS ***
Dealt to Dorex2007 [7s Jc]
modernexpo: folds 
Zuban442: folds 
Pedrolopeztapia: folds 
Achilles2582 has timed out
Achilles2582: folds 
Dorex2007: folds 
rpawis: folds 
maxmud131: raises $0.05 to $0.07
ser447787: raises $0.16 to $0.23
Bikbul72: folds 
maxmud131: calls $0.16
*** FLOP *** [Qc 9h 5d]
ser447787: bets $0.23
maxmud131: calls $0.23
*** TURN *** [Qc 9h 5d] [Ts]
ser447787: checks 
maxmud131: checks 
*** RIVER *** [Qc 9h 5d Ts] [Th]
ser447787: checks 
maxmud131: bets $0.91
ser447787: calls $0.91
*** SHOW DOWN ***
maxmud131: shows [Jd Jh] (two pair, Jacks and Tens)
ser447787: shows [Kc Kh] (two pair, Kings and Tens)
ser447787 collected $2.66 from pot
*** SUMMARY ***
Total pot $2.76 | Rake $0.10 
Board [Qc 9h 5d Ts Th]
Seat 1: maxmud131 (button) showed [Jd Jh] and lost with two pair, Jacks and Tens
Seat 2: ser447787 (small blind) showed [Kc Kh] and won ($2.66) with two pair, Kings and Tens
Seat 3: Bikbul72 (big blind) folded before Flop
Seat 4: modernexpo folded before Flop (didn't bet)
Seat 5: Zuban442 folded before Flop (didn't bet)
Seat 6: Pedrolopeztapia folded before Flop (didn't bet)
Seat 7: Achilles2582 folded before Flop (didn't bet)
Seat 8: Dorex2007 folded before Flop (didn't bet)
Seat 9: rpawis folded before Flop (didn't bet)



PokerStars Hand #223976071061:  Hold'em No Limit ($0.01/$0.02 USD) - 2021/02/18 22:06:01 PT [2021/02/19 1:06:01 ET]
Table 'Helenos V' 9-max Seat #2 is the button
Seat 1: maxmud131 ($0.76 in chips) 
Seat 2: ser447787 ($4.46 in chips) 
Seat 3: Bikbul72 ($0.72 in chips) 
Seat 5: Zuban442 ($2.93 in chips) 
Seat 6: Pedrolopeztapia ($2.03 in chips) 
Seat 7: Achilles2582 ($3.68 in chips) 
Seat 8: Dorex2007 ($2 in chips) 
Seat 9: rpawis ($2 in chips) 
Bikbul72: posts small blind $0.01
modernexpo: is sitting out 
Zuban442: posts big blind $0.02
*** HOLE CARDS ***
Dealt to Dorex2007 [Ah Qc]
Pedrolopeztapia has timed out
Pedrolopeztapia: folds 
Achilles2582: folds 
Dorex2007: calls $0.02
rpawis: folds 
maxmud131: calls $0.02
ser447787: folds 
Bikbul72: calls $0.01
Zuban442: checks 
*** FLOP *** [9c 8h 5d]
Bikbul72: checks 
Zuban442: checks 
Dorex2007: checks 
maxmud131: checks 
*** TURN *** [9c 8h 5d] [9h]
Bikbul72: checks 
Zuban442: checks 
Dorex2007: bets $0.08
maxmud131: calls $0.08
Bikbul72: folds 
Zuban442: folds 
*** RIVER *** [9c 8h 5d 9h] [7d]
Dorex2007: checks 
maxmud131: bets $0.66 and is all-in
Dorex2007: folds 
Uncalled bet ($0.66) returned to maxmud131
maxmud131 collected $0.23 from pot
maxmud131: doesn't show hand 
*** SUMMARY ***
Total pot $0.24 | Rake $0.01 
Board [9c 8h 5d 9h 7d]
Seat 1: maxmud131 collected ($0.23)
Seat 2: ser447787 (button) folded before Flop (didn't bet)
Seat 3: Bikbul72 (small blind) folded on the Turn
Seat 5: Zuban442 (big blind) folded on the Turn
Seat 6: Pedrolopeztapia folded before Flop (didn't bet)
Seat 7: Achilles2582 folded before Flop (didn't bet)
Seat 8: Dorex2007 folded on the River
Seat 9: rpawis folded before Flop (didn't bet)



PokerStars Hand #223976084537:  Hold'em No Limit ($0.01/$0.02 USD) - 2021/02/18 22:07:07 PT [2021/02/19 1:07:07 ET]
Table 'Helenos V' 9-max Seat #3 is the button
Seat 1: maxmud131 ($0.89 in chips) 
Seat 2: ser447787 ($4.46 in chips) 
Seat 3: Bikbul72 ($0.70 in chips) 
Seat 5: Zuban442 ($2.91 in chips) 
Seat 6: Pedrolopeztapia ($2.03 in chips) 
Seat 7: Achilles2582 ($3.68 in chips) 
Seat 8: Dorex2007 ($1.90 in chips) 
Seat 9: rpawis ($2 in chips) 
Zuban442: posts small blind $0.01
Pedrolopeztapia: posts big blind $0.02
*** HOLE CARDS ***
Dealt to Dorex2007 [Kd Qh]
Achilles2582: folds 
Dorex2007: calls $0.02
rpawis: folds 
maxmud131: calls $0.02
ser447787: folds 
Bikbul72: raises $0.09 to $0.11
Zuban442: folds 
Pedrolopeztapia: folds 
Dorex2007: calls $0.09
maxmud131: calls $0.09
*** FLOP *** [5s Jh As]
Dorex2007: checks 
maxmud131: checks 
Bikbul72: checks 
*** TURN *** [5s Jh As] [Ks]
Dorex2007: bets $0.35
maxmud131: raises $0.43 to $0.78 and is all-in
Bikbul72: folds 
Dorex2007: calls $0.43
*** RIVER *** [5s Jh As Ks] [6h]
*** SHOW DOWN ***
Dorex2007: shows [Kd Qh] (a pair of Kings)
maxmud131: shows [9d Qd] (high card Ace)
Dorex2007 collected $1.85 from pot
*** SUMMARY ***
Total pot $1.92 | Rake $0.07 
Board [5s Jh As Ks 6h]
Seat 1: maxmud131 showed [9d Qd] and lost with high card Ace
Seat 2: ser447787 folded before Flop (didn't bet)
Seat 3: Bikbul72 (button) folded on the Turn
Seat 5: Zuban442 (small blind) folded before Flop
Seat 6: Pedrolopeztapia (big blind) folded before Flop
Seat 7: Achilles2582 folded before Flop (didn't bet)
Seat 8: Dorex2007 showed [Kd Qh] and won ($1.85) with a pair of Kings
Seat 9: rpawis folded before Flop (didn't bet)



PokerStars Hand #223976093903:  Hold'em No Limit ($0.01/$0.02 USD) - 2021/02/18 22:07:53 PT [2021/02/19 1:07:53 ET]
Table 'Helenos V' 9-max Seat #5 is the button
Seat 2: ser447787 ($4.46 in chips) 
Seat 3: Bikbul72 ($0.59 in chips) 
Seat 5: Zuban442 ($2.90 in chips) 
Seat 6: Pedrolopeztapia ($2.01 in chips) 
Seat 7: Achilles2582 ($3.68 in chips) 
Seat 8: Dorex2007 ($2.86 in chips) 
Seat 9: rpawis ($2 in chips) 
Pedrolopeztapia: posts small blind $0.01
Achilles2582: posts big blind $0.02
*** HOLE CARDS ***
Dealt to Dorex2007 [2d 5d]
Dorex2007: folds 
rpawis: folds 
ser447787: folds 
Bikbul72: calls $0.02
Zuban442: folds 
Pedrolopeztapia: calls $0.01
Achilles2582: checks 
*** FLOP *** [8s Ks 8d]
Pedrolopeztapia: checks 
Achilles2582: checks 
Bikbul72: checks 
*** TURN *** [8s Ks 8d] [8h]
Pedrolopeztapia: checks 
Achilles2582: checks 
Bikbul72: checks 
*** RIVER *** [8s Ks 8d 8h] [7h]
Pedrolopeztapia: checks 
Achilles2582: checks 
Bikbul72: checks 
*** SHOW DOWN ***
Pedrolopeztapia: shows [3c Qc] (three of a kind, Eights)
Achilles2582: mucks hand 
Bikbul72: shows [4s Ah] (three of a kind, Eights - Ace kicker)
Bikbul72 collected $0.06 from pot
*** SUMMARY ***
Total pot $0.06 | Rake $0 
Board [8s Ks 8d 8h 7h]
Seat 2: ser447787 folded before Flop (didn't bet)
Seat 3: Bikbul72 showed [4s Ah] and won ($0.06) with three of a kind, Eights
Seat 5: Zuban442 (button) folded before Flop (didn't bet)
Seat 6: Pedrolopeztapia (small blind) showed [3c Qc] and lost with three of a kind, Eights
Seat 7: Achilles2582 (big blind) mucked [Jh 9h]
Seat 8: Dorex2007 folded before Flop (didn't bet)
Seat 9: rpawis folded before Flop (didn't bet)



PokerStars Hand #223976106510:  Hold'em No Limit ($0.01/$0.02 USD) - 2021/02/18 22:08:53 PT [2021/02/19 1:08:53 ET]
Table 'Helenos V' 9-max Seat #6 is the button
Seat 1: maxmud131 ($2 in chips) 
Seat 2: ser447787 ($4.46 in chips) 
Seat 3: Bikbul72 ($0.63 in chips) 
Seat 5: Zuban442 ($2.90 in chips) 
Seat 6: Pedrolopeztapia ($1.99 in chips) 
Seat 7: Achilles2582 ($3.66 in chips) 
Seat 8: Dorex2007 ($2.86 in chips) 
Seat 9: rpawis ($2 in chips) 
Achilles2582: posts small blind $0.01
Dorex2007: posts big blind $0.02
*** HOLE CARDS ***
Dealt to Dorex2007 [Ah 7c]
rpawis: folds 
maxmud131: calls $0.02
ser447787 has timed out
ser447787: folds 
Bikbul72: calls $0.02
Zuban442: folds 
Pedrolopeztapia: folds 
Achilles2582: calls $0.01
Dorex2007: checks 
*** FLOP *** [Qs 5s 9c]
Achilles2582: checks 
Dorex2007: checks 
maxmud131: checks 
Bikbul72: checks 
*** TURN *** [Qs 5s 9c] [Kd]
Achilles2582: checks 
Dorex2007: bets $0.08
maxmud131: calls $0.08
Bikbul72: folds 
Achilles2582: calls $0.08
*** RIVER *** [Qs 5s 9c Kd] [4d]
Achilles2582: checks 
Dorex2007: checks 
maxmud131: checks 
*** SHOW DOWN ***
Achilles2582: shows [8d 7d] (high card King)
Dorex2007: shows [Ah 7c] (high card Ace)
maxmud131: shows [6d 5h] (a pair of Fives)
maxmud131 collected $0.31 from pot
*** SUMMARY ***
Total pot $0.32 | Rake $0.01 
Board [Qs 5s 9c Kd 4d]
Seat 1: maxmud131 showed [6d 5h] and won ($0.31) with a pair of Fives
Seat 2: ser447787 folded before Flop (didn't bet)
Seat 3: Bikbul72 folded on the Turn
Seat 5: Zuban442 folded before Flop (didn't bet)
Seat 6: Pedrolopeztapia (button) folded before Flop (didn't bet)
Seat 7: Achilles2582 (small blind) showed [8d 7d] and lost with high card King
Seat 8: Dorex2007 (big blind) showed [Ah 7c] and lost with high card Ace
Seat 9: rpawis folded before Flop (didn't bet)



PokerStars Hand #223976119414:  Hold'em No Limit ($0.01/$0.02 USD) - 2021/02/18 22:09:56 PT [2021/02/19 1:09:56 ET]
Table 'Helenos V' 9-max Seat #7 is the button
Seat 1: maxmud131 ($2.21 in chips) 
Seat 2: ser447787 ($4.46 in chips) 
Seat 3: Bikbul72 ($0.61 in chips) 
Seat 5: Zuban442 ($2.90 in chips) 
Seat 6: Pedrolopeztapia ($1.99 in chips) 
Seat 7: Achilles2582 ($3.56 in chips) 
Seat 8: Dorex2007 ($2.76 in chips) 
Seat 9: rpawis ($2 in chips) 
Dorex2007: posts small blind $0.01
rpawis: posts big blind $0.02
modernexpo: sits out 
*** HOLE CARDS ***
Dealt to Dorex2007 [6d 7s]
maxmud131: calls $0.02
ser447787: folds 
Bikbul72: calls $0.02
Zuban442: folds 
Pedrolopeztapia: folds 
Achilles2582: raises $0.12 to $0.14
Dorex2007: calls $0.13
rpawis: folds 
maxmud131: calls $0.12
Bikbul72: folds 
*** FLOP *** [Kc 3s Jd]
Dorex2007: checks 
maxmud131: checks 
Achilles2582: bets $0.22
Dorex2007: folds 
maxmud131: folds 
Uncalled bet ($0.22) returned to Achilles2582
Achilles2582 collected $0.44 from pot
*** SUMMARY ***
Total pot $0.46 | Rake $0.02 
Board [Kc 3s Jd]
Seat 1: maxmud131 folded on the Flop
Seat 2: ser447787 folded before Flop (didn't bet)
Seat 3: Bikbul72 folded before Flop
Seat 5: Zuban442 folded before Flop (didn't bet)
Seat 6: Pedrolopeztapia folded before Flop (didn't bet)
Seat 7: Achilles2582 (button) collected ($0.44)
Seat 8: Dorex2007 (small blind) folded on the Flop
Seat 9: rpawis (big blind) folded before Flop



PokerStars Hand #223976130779:  Hold'em No Limit ($0.01/$0.02 USD) - 2021/02/18 22:10:51 PT [2021/02/19 1:10:51 ET]
Table 'Helenos V' 9-max Seat #8 is the button
Seat 1: maxmud131 ($2.07 in chips) 
Seat 2: ser447787 ($4.46 in chips) 
Seat 3: Bikbul72 ($0.59 in chips) 
Seat 5: Zuban442 ($2.90 in chips) 
Seat 6: Pedrolopeztapia ($1.99 in chips) 
Seat 7: Achilles2582 ($3.86 in chips) 
Seat 8: Dorex2007 ($2.62 in chips) 
Seat 9: rpawis ($1.98 in chips) 
rpawis: posts small blind $0.01
maxmud131: posts big blind $0.02
modernexpo: sits out 
*** HOLE CARDS ***
Dealt to Dorex2007 [Th 7h]
ser447787: folds 
Bikbul72: calls $0.02
Zuban442: folds 
Pedrolopeztapia has timed out
Pedrolopeztapia: folds 
Achilles2582: folds 
Dorex2007: calls $0.02
rpawis: calls $0.01
maxmud131: checks 
*** FLOP *** [Jh 8c 4c]
rpawis: checks 
maxmud131: checks 
Bikbul72: bets $0.08
Dorex2007: folds 
rpawis: folds 
maxmud131: calls $0.08
*** TURN *** [Jh 8c 4c] [2d]
maxmud131: checks 
Bikbul72: bets $0.23
maxmud131: calls $0.23
*** RIVER *** [Jh 8c 4c 2d] [4d]
maxmud131: bets $0.34
Bikbul72: calls $0.26 and is all-in
Uncalled bet ($0.08) returned to maxmud131
*** SHOW DOWN ***
maxmud131: shows [Tc 3c] (a pair of Fours)
Bikbul72: shows [Kc Js] (two pair, Jacks and Fours)
Bikbul72 collected $1.18 from pot
*** SUMMARY ***
Total pot $1.22 | Rake $0.04 
Board [Jh 8c 4c 2d 4d]
Seat 1: maxmud131 (big blind) showed [Tc 3c] and lost with a pair of Fours
Seat 2: ser447787 folded before Flop (didn't bet)
Seat 3: Bikbul72 showed [Kc Js] and won ($1.18) with two pair, Jacks and Fours
Seat 5: Zuban442 folded before Flop (didn't bet)
Seat 6: Pedrolopeztapia folded before Flop (didn't bet)
Seat 7: Achilles2582 folded before Flop (didn't bet)
Seat 8: Dorex2007 (button) folded on the Flop
Seat 9: rpawis (small blind) folded on the Flop



PokerStars Hand #223976143752:  Hold'em No Limit ($0.01/$0.02 USD) - 2021/02/18 22:11:53 PT [2021/02/19 1:11:53 ET]
Table 'Helenos V' 9-max Seat #9 is the button
Seat 1: maxmud131 ($1.48 in chips) 
Seat 2: ser447787 ($4.46 in chips) 
Seat 3: Bikbul72 ($1.18 in chips) 
Seat 5: Zuban442 ($2.90 in chips) 
Seat 6: Pedrolopeztapia ($1.99 in chips) 
Seat 7: Achilles2582 ($3.86 in chips) 
Seat 8: Dorex2007 ($2.60 in chips) 
Seat 9: rpawis ($1.96 in chips) 
maxmud131: posts small blind $0.01
ser447787: posts big blind $0.02
modernexpo: sits out 
*** HOLE CARDS ***
Dealt to Dorex2007 [Kc 3c]
Bikbul72: calls $0.02
Zuban442: folds 
Pedrolopeztapia: folds 
Achilles2582: folds 
Dorex2007: folds 
rpawis: raises $0.07 to $0.09
maxmud131: folds 
ser447787: calls $0.07
Bikbul72: calls $0.07
*** FLOP *** [Jd 4s 6h]
ser447787: checks 
Bikbul72: checks 
rpawis: bets $0.20
ser447787: folds 
Bikbul72: folds 
Uncalled bet ($0.20) returned to rpawis
rpawis collected $0.27 from pot
rpawis: doesn't show hand 
*** SUMMARY ***
Total pot $0.28 | Rake $0.01 
Board [Jd 4s 6h]
Seat 1: maxmud131 (small blind) folded before Flop
Seat 2: ser447787 (big blind) folded on the Flop
Seat 3: Bikbul72 folded on the Flop
Seat 5: Zuban442 folded before Flop (didn't bet)
Seat 6: Pedrolopeztapia folded before Flop (didn't bet)
Seat 7: Achilles2582 folded before Flop (didn't bet)
Seat 8: Dorex2007 folded before Flop (didn't bet)
Seat 9: rpawis (button) collected ($0.27)



PokerStars Hand #223976150072:  Hold'em No Limit ($0.01/$0.02 USD) - 2021/02/18 22:12:24 PT [2021/02/19 1:12:24 ET]
Table 'Helenos V' 9-max Seat #1 is the button
Seat 1: maxmud131 ($1.47 in chips) 
Seat 2: ser447787 ($4.37 in chips) 
Seat 3: Bikbul72 ($1.09 in chips) 
Seat 5: Zuban442 ($2.90 in chips) 
Seat 6: Pedrolopeztapia ($1.99 in chips) 
Seat 7: Achilles2582 ($3.86 in chips) 
Seat 8: Dorex2007 ($2.60 in chips) 
Seat 9: rpawis ($2.14 in chips) 
ser447787: posts small blind $0.01
Bikbul72: posts big blind $0.02
modernexpo: sits out 
*** HOLE CARDS ***
Dealt to Dorex2007 [5h 6s]
Zuban442: folds 
Pedrolopeztapia: folds 
Achilles2582: raises $0.06 to $0.08
Dorex2007: folds 
rpawis: calls $0.08
maxmud131: folds 
ser447787: folds 
Bikbul72: folds 
*** FLOP *** [Ad 5c Kh]
Achilles2582: checks 
rpawis: checks 
*** TURN *** [Ad 5c Kh] [2s]
Achilles2582: bets $0.09
rpawis: folds 
Uncalled bet ($0.09) returned to Achilles2582
Achilles2582 collected $0.18 from pot
*** SUMMARY ***
Total pot $0.19 | Rake $0.01 
Board [Ad 5c Kh 2s]
Seat 1: maxmud131 (button) folded before Flop (didn't bet)
Seat 2: ser447787 (small blind) folded before Flop
Seat 3: Bikbul72 (big blind) folded before Flop
Seat 5: Zuban442 folded before Flop (didn't bet)
Seat 6: Pedrolopeztapia folded before Flop (didn't bet)
Seat 7: Achilles2582 collected ($0.18)
Seat 8: Dorex2007 folded before Flop (didn't bet)
Seat 9: rpawis folded on the Turn



PokerStars Hand #223976163244:  Hold'em No Limit ($0.01/$0.02 USD) - 2021/02/18 22:12:58 PT [2021/02/19 1:12:58 ET]
Table 'Helenos V' 9-max Seat #2 is the button
Seat 1: maxmud131 ($1.47 in chips) 
Seat 2: ser447787 ($4.36 in chips) 
Seat 3: Bikbul72 ($1.07 in chips) 
Seat 4: modernexpo ($2.34 in chips) 
Seat 5: Zuban442 ($2.90 in chips) 
Seat 6: Pedrolopeztapia ($1.99 in chips) 
Seat 7: Achilles2582 ($3.96 in chips) 
Seat 8: Dorex2007 ($2.60 in chips) 
Seat 9: rpawis ($2.06 in chips) 
Bikbul72: posts small blind $0.01
modernexpo: posts big blind $0.02
*** HOLE CARDS ***
Dealt to Dorex2007 [9s Kh]
Zuban442: folds 
Pedrolopeztapia: folds 
Achilles2582: folds 
Dorex2007: folds 
rpawis: folds 
maxmud131: raises $0.04 to $0.06
ser447787: calls $0.06
Bikbul72: calls $0.05
modernexpo: folds 
*** FLOP *** [Ks 5c 8d]
Bikbul72: bets $0.02
maxmud131: calls $0.02
ser447787: raises $0.08 to $0.10
Bikbul72: calls $0.08
maxmud131: calls $0.08
*** TURN *** [Ks 5c 8d] [Qh]
Bikbul72: checks 
maxmud131: checks 
ser447787: bets $0.24
Bikbul72: folds 
maxmud131: folds 
Uncalled bet ($0.24) returned to ser447787
ser447787 collected $0.48 from pot
*** SUMMARY ***
Total pot $0.50 | Rake $0.02 
Board [Ks 5c 8d Qh]
Seat 1: maxmud131 folded on the Turn
Seat 2: ser447787 (button) collected ($0.48)
Seat 3: Bikbul72 (small blind) folded on the Turn
Seat 4: modernexpo (big blind) folded before Flop
Seat 5: Zuban442 folded before Flop (didn't bet)
Seat 6: Pedrolopeztapia folded before Flop (didn't bet)
Seat 7: Achilles2582 folded before Flop (didn't bet)
Seat 8: Dorex2007 folded before Flop (didn't bet)
Seat 9: rpawis folded before Flop (didn't bet)



PokerStars Hand #223976182657:  Hold'em No Limit ($0.01/$0.02 USD) - 2021/02/18 22:14:33 PT [2021/02/19 1:14:33 ET]
Table 'Helenos V' 9-max Seat #4 is the button
Seat 1: maxmud131 ($1.56 in chips) 
Seat 2: ser447787 ($4.68 in chips) 
Seat 3: Bikbul72 ($0.85 in chips) 
Seat 4: modernexpo ($2.26 in chips) 
Seat 5: Zuban442 ($2.88 in chips) 
Seat 6: Pedrolopeztapia ($1.99 in chips) 
Seat 7: Achilles2582 ($3.90 in chips) 
Seat 8: Dorex2007 ($2.60 in chips) 
Seat 9: rpawis ($2 in chips) 
Zuban442: posts small blind $0.01
Pedrolopeztapia: posts big blind $0.02
*** HOLE CARDS ***
Dealt to Dorex2007 [Qc 2s]
Achilles2582: folds 
Dorex2007: folds 
rpawis: raises $0.05 to $0.07
maxmud131: calls $0.07
ser447787: folds 
Bikbul72: folds 
modernexpo: folds 
Zuban442: calls $0.06
Pedrolopeztapia: folds 
*** FLOP *** [4c As Tc]
Zuban442: checks 
rpawis: bets $0.16
maxmud131: folds 
Zuban442: folds 
Uncalled bet ($0.16) returned to rpawis
rpawis collected $0.22 from pot
rpawis: doesn't show hand 
*** SUMMARY ***
Total pot $0.23 | Rake $0.01 
Board [4c As Tc]
Seat 1: maxmud131 folded on the Flop
Seat 2: ser447787 folded before Flop (didn't bet)
Seat 3: Bikbul72 folded before Flop (didn't bet)
Seat 4: modernexpo (button) folded before Flop (didn't bet)
Seat 5: Zuban442 (small blind) folded on the Flop
Seat 6: Pedrolopeztapia (big blind) folded before Flop
Seat 7: Achilles2582 folded before Flop (didn't bet)
Seat 8: Dorex2007 folded before Flop (didn't bet)
Seat 9: rpawis collected ($0.22)



PokerStars Hand #223976189049:  Hold'em No Limit ($0.01/$0.02 USD) - 2021/02/18 22:15:05 PT [2021/02/19 1:15:05 ET]
Table 'Helenos V' 9-max Seat #5 is the button
Seat 1: maxmud131 ($1.49 in chips) 
Seat 2: ser447787 ($4.68 in chips) 
Seat 3: Bikbul72 ($0.85 in chips) 
Seat 4: modernexpo ($2.26 in chips) 
Seat 5: Zuban442 ($2.81 in chips) 
Seat 6: Pedrolopeztapia ($1.97 in chips) 
Seat 7: Achilles2582 ($3.90 in chips) 
Seat 8: Dorex2007 ($2.60 in chips) 
Seat 9: rpawis ($2.15 in chips) 
Pedrolopeztapia: posts small blind $0.01
Achilles2582: posts big blind $0.02
*** HOLE CARDS ***
Dealt to Dorex2007 [Kh 8h]
Dorex2007: folds 
rpawis: folds 
maxmud131: raises $0.04 to $0.06
ser447787: folds 
Bikbul72: calls $0.06
modernexpo: folds 
Zuban442: folds 
Pedrolopeztapia has timed out
Pedrolopeztapia: folds 
Achilles2582: folds 
*** FLOP *** [Js 3s 9h]
maxmud131: bets $0.07
Bikbul72: calls $0.07
*** TURN *** [Js 3s 9h] [8c]
maxmud131: bets $0.28
Bikbul72: folds 
Uncalled bet ($0.28) returned to maxmud131
maxmud131 collected $0.28 from pot
maxmud131: doesn't show hand 
*** SUMMARY ***
Total pot $0.29 | Rake $0.01 
Board [Js 3s 9h 8c]
Seat 1: maxmud131 collected ($0.28)
Seat 2: ser447787 folded before Flop (didn't bet)
Seat 3: Bikbul72 folded on the Turn
Seat 4: modernexpo folded before Flop (didn't bet)
Seat 5: Zuban442 (button) folded before Flop (didn't bet)
Seat 6: Pedrolopeztapia (small blind) folded before Flop
Seat 7: Achilles2582 (big blind) folded before Flop
Seat 8: Dorex2007 folded before Flop (didn't bet)
Seat 9: rpawis folded before Flop (didn't bet)



PokerStars Hand #223976204022:  Hold'em No Limit ($0.01/$0.02 USD) - 2021/02/18 22:16:18 PT [2021/02/19 1:16:18 ET]
Table 'Helenos V' 9-max Seat #6 is the button
Seat 1: maxmud131 ($1.64 in chips) 
Seat 2: ser447787 ($4.68 in chips) 
Seat 3: Bikbul72 ($0.72 in chips) 
Seat 4: modernexpo ($2.26 in chips) 
Seat 5: Zuban442 ($2.81 in chips) 
Seat 6: Pedrolopeztapia ($1.96 in chips) 
Seat 7: Achilles2582 ($3.88 in chips) 
Seat 8: Dorex2007 ($2.60 in chips) 
Seat 9: rpawis ($2.15 in chips) 
Achilles2582: posts small blind $0.01
Dorex2007: posts big blind $0.02
*** HOLE CARDS ***
Dealt to Dorex2007 [2h 5h]
rpawis: folds 
maxmud131: folds 
ser447787: folds 
Bikbul72: folds 
modernexpo: folds 
Zuban442: folds 
Pedrolopeztapia has timed out
Pedrolopeztapia: folds 
Achilles2582: raises $0.04 to $0.06
Dorex2007: folds 
Uncalled bet ($0.04) returned to Achilles2582
Achilles2582 collected $0.04 from pot
*** SUMMARY ***
Total pot $0.04 | Rake $0 
Seat 1: maxmud131 folded before Flop (didn't bet)
Seat 2: ser447787 folded before Flop (didn't bet)
Seat 3: Bikbul72 folded before Flop (didn't bet)
Seat 4: modernexpo folded before Flop (didn't bet)
Seat 5: Zuban442 folded before Flop (didn't bet)
Seat 6: Pedrolopeztapia (button) folded before Flop (didn't bet)
Seat 7: Achilles2582 (small blind) collected ($0.04)
Seat 8: Dorex2007 (big blind) folded before Flop
Seat 9: rpawis folded before Flop (didn't bet)



PokerStars Hand #223976210027:  Hold'em No Limit ($0.01/$0.02 USD) - 2021/02/18 22:16:47 PT [2021/02/19 1:16:47 ET]
Table 'Helenos V' 9-max Seat #7 is the button
Seat 1: maxmud131 ($1.64 in chips) 
Seat 2: ser447787 ($4.68 in chips) 
Seat 3: Bikbul72 ($0.72 in chips) 
Seat 4: modernexpo ($2.26 in chips) 
Seat 5: Zuban442 ($2.81 in chips) 
Seat 6: Pedrolopeztapia ($1.96 in chips) 
Seat 7: Achilles2582 ($3.90 in chips) 
Seat 8: Dorex2007 ($2.58 in chips) 
Seat 9: rpawis ($2.15 in chips) 
Dorex2007: posts small blind $0.01
rpawis: posts big blind $0.02
*** HOLE CARDS ***
Dealt to Dorex2007 [9d Jh]
maxmud131: calls $0.02
ser447787: folds 
Bikbul72: calls $0.02
modernexpo: folds 
Zuban442: folds 
Pedrolopeztapia: folds 
Achilles2582: folds 
Dorex2007: folds 
rpawis: checks 
*** FLOP *** [As 9h 4c]
rpawis: checks 
maxmud131: checks 
Bikbul72: checks 
*** TURN *** [As 9h 4c] [Kc]
rpawis: checks 
maxmud131: checks 
Bikbul72: bets $0.07
rpawis: folds 
maxmud131: calls $0.07
*** RIVER *** [As 9h 4c Kc] [2h]
maxmud131: checks 
Bikbul72: bets $0.63 and is all-in
maxmud131: folds 
Uncalled bet ($0.63) returned to Bikbul72
Bikbul72 collected $0.20 from pot
Bikbul72: doesn't show hand 
*** SUMMARY ***
Total pot $0.21 | Rake $0.01 
Board [As 9h 4c Kc 2h]
Seat 1: maxmud131 folded on the River
Seat 2: ser447787 folded before Flop (didn't bet)
Seat 3: Bikbul72 collected ($0.20)
Seat 4: modernexpo folded before Flop (didn't bet)
Seat 5: Zuban442 folded before Flop (didn't bet)
Seat 6: Pedrolopeztapia folded before Flop (didn't bet)
Seat 7: Achilles2582 (button) folded before Flop (didn't bet)
Seat 8: Dorex2007 (small blind) folded before Flop
Seat 9: rpawis (big blind) folded on the Turn



PokerStars Hand #223976219233:  Hold'em No Limit ($0.01/$0.02 USD) - 2021/02/18 22:17:32 PT [2021/02/19 1:17:32 ET]
Table 'Helenos V' 9-max Seat #8 is the button
Seat 1: maxmud131 ($1.55 in chips) 
Seat 2: ser447787 ($4.68 in chips) 
Seat 3: Bikbul72 ($0.83 in chips) 
Seat 4: modernexpo ($2.26 in chips) 
Seat 5: Zuban442 ($2.81 in chips) 
Seat 6: Pedrolopeztapia ($1.96 in chips) 
Seat 7: Achilles2582 ($3.90 in chips) 
Seat 8: Dorex2007 ($2.57 in chips) 
Seat 9: rpawis ($2.13 in chips) 
rpawis: posts small blind $0.01
maxmud131: posts big blind $0.02
*** HOLE CARDS ***
Dealt to Dorex2007 [Ts Qc]
ser447787: folds 
Bikbul72: calls $0.02
modernexpo: calls $0.02
Zuban442: folds 
Pedrolopeztapia: folds 
Achilles2582: calls $0.02
Dorex2007: calls $0.02
rpawis: calls $0.01
maxmud131: raises $0.12 to $0.14
Bikbul72: folds 
modernexpo: calls $0.12
Achilles2582: folds 
Dorex2007: calls $0.12
rpawis: calls $0.12
*** FLOP *** [3c 2c Th]
rpawis: checks 
maxmud131: bets $0.58
modernexpo: folds 
Dorex2007: calls $0.58
rpawis: folds 
*** TURN *** [3c 2c Th] [As]
maxmud131: bets $0.02
Dorex2007: raises $1.83 to $1.85 and is all-in
maxmud131: calls $0.81 and is all-in
Uncalled bet ($1.02) returned to Dorex2007
*** RIVER *** [3c 2c Th As] [Td]
*** SHOW DOWN ***
maxmud131: shows [Qd Qh] (two pair, Queens and Tens)
Dorex2007: shows [Ts Qc] (three of a kind, Tens)
Dorex2007 collected $3.30 from pot
*** SUMMARY ***
Total pot $3.42 | Rake $0.12 
Board [3c 2c Th As Td]
Seat 1: maxmud131 (big blind) showed [Qd Qh] and lost with two pair, Queens and Tens
Seat 2: ser447787 folded before Flop (didn't bet)
Seat 3: Bikbul72 folded before Flop
Seat 4: modernexpo folded on the Flop
Seat 5: Zuban442 folded before Flop (didn't bet)
Seat 6: Pedrolopeztapia folded before Flop (didn't bet)
Seat 7: Achilles2582 folded before Flop
Seat 8: Dorex2007 (button) showed [Ts Qc] and won ($3.30) with three of a kind, Tens
Seat 9: rpawis (small blind) folded on the Flop



PokerStars Hand #223976234658:  Hold'em No Limit ($0.01/$0.02 USD) - 2021/02/18 22:18:47 PT [2021/02/19 1:18:47 ET]
Table 'Helenos V' 9-max Seat #9 is the button
Seat 2: ser447787 ($4.68 in chips) 
Seat 3: Bikbul72 ($0.81 in chips) 
Seat 4: modernexpo ($2.12 in chips) 
Seat 5: Zuban442 ($2.81 in chips) 
Seat 6: Pedrolopeztapia ($1.96 in chips) 
Seat 7: Achilles2582 ($3.88 in chips) 
Seat 8: Dorex2007 ($4.32 in chips) 
Seat 9: rpawis ($1.99 in chips) 
ser447787: posts small blind $0.01
Bikbul72: posts big blind $0.02
*** HOLE CARDS ***
Dealt to Dorex2007 [6c 8d]
modernexpo: raises $0.04 to $0.06
Zuban442: folds 
Pedrolopeztapia has timed out
Pedrolopeztapia: folds 
Achilles2582: calls $0.06
Dorex2007: folds 
rpawis: calls $0.06
ser447787: calls $0.05
Bikbul72: calls $0.04
*** FLOP *** [7s 7c Ah]
ser447787: checks 
Bikbul72: checks 
modernexpo: checks 
Achilles2582: checks 
rpawis: checks 
*** TURN *** [7s 7c Ah] [3c]
ser447787: checks 
Bikbul72: checks 
modernexpo: checks 
Achilles2582: checks 
rpawis: checks 
*** RIVER *** [7s 7c Ah 3c] [6h]
ser447787: checks 
Bikbul72: checks 
modernexpo: checks 
Achilles2582: checks 
rpawis: checks 
*** SHOW DOWN ***
ser447787: shows [5s 5c] (two pair, Sevens and Fives)
Bikbul72: mucks hand 
modernexpo: mucks hand 
Achilles2582: mucks hand 
rpawis: mucks hand 
ser447787 collected $0.29 from pot
*** SUMMARY ***
Total pot $0.30 | Rake $0.01 
Board [7s 7c Ah 3c 6h]
Seat 2: ser447787 (small blind) showed [5s 5c] and won ($0.29) with two pair, Sevens and Fives
Seat 3: Bikbul72 (big blind) mucked [9c 8s]
Seat 4: modernexpo mucked [Kc Qc]
Seat 5: Zuban442 folded before Flop (didn't bet)
Seat 6: Pedrolopeztapia folded before Flop (didn't bet)
Seat 7: Achilles2582 mucked [8c Tc]
Seat 8: Dorex2007 folded before Flop (didn't bet)
Seat 9: rpawis (button) mucked [9d Jc]



PokerStars Hand #223976270032:  Hold'em No Limit ($0.01/$0.02 USD) - 2021/02/18 22:20:22 PT [2021/02/19 1:20:22 ET]
Table 'Helenos V' 9-max Seat #2 is the button
Seat 1: maxmud131 ($2 in chips) 
Seat 2: ser447787 ($4.91 in chips) 
Seat 3: Bikbul72 ($0.75 in chips) 
Seat 4: modernexpo ($2.06 in chips) 
Seat 5: Zuban442 ($2.81 in chips) 
Seat 6: Pedrolopeztapia ($1.96 in chips) 
Seat 7: Achilles2582 ($3.82 in chips) 
Seat 8: Dorex2007 ($4.32 in chips) 
Seat 9: rpawis ($1.93 in chips) 
Bikbul72: posts small blind $0.01
modernexpo: posts big blind $0.02
maxmud131: posts small blind $0.01
*** HOLE CARDS ***
Dealt to Dorex2007 [3d 2h]
Zuban442: folds 
Pedrolopeztapia: folds 
Achilles2582: folds 
Dorex2007: folds 
rpawis: raises $0.06 to $0.08
maxmud131: folds 
ser447787: folds 
Bikbul72: calls $0.07
modernexpo: folds 
*** FLOP *** [Th Kc 3c]
Bikbul72: checks 
rpawis: checks 
*** TURN *** [Th Kc 3c] [Kd]
Bikbul72: checks 
rpawis: bets $0.12
Bikbul72: calls $0.12
*** RIVER *** [Th Kc 3c Kd] [Td]
Bikbul72: checks 
rpawis: bets $0.24
Bikbul72: raises $0.31 to $0.55 and is all-in
rpawis: calls $0.31
*** SHOW DOWN ***
Bikbul72: shows [3s Ks] (a full house, Kings full of Tens)
rpawis: shows [Ac Ts] (a full house, Tens full of Kings)
Bikbul72 collected $1.48 from pot
*** SUMMARY ***
Total pot $1.53 | Rake $0.05 
Board [Th Kc 3c Kd Td]
Seat 1: maxmud131 folded before Flop (didn't bet)
Seat 2: ser447787 (button) folded before Flop (didn't bet)
Seat 3: Bikbul72 (small blind) showed [3s Ks] and won ($1.48) with a full house, Kings full of Tens
Seat 4: modernexpo (big blind) folded before Flop
Seat 5: Zuban442 folded before Flop (didn't bet)
Seat 6: Pedrolopeztapia folded before Flop (didn't bet)
Seat 7: Achilles2582 folded before Flop (didn't bet)
Seat 8: Dorex2007 folded before Flop (didn't bet)
Seat 9: rpawis showed [Ac Ts] and lost with a full house, Tens full of Kings



PokerStars Hand #223976281827:  Hold'em No Limit ($0.01/$0.02 USD) - 2021/02/18 22:21:20 PT [2021/02/19 1:21:20 ET]
Table 'Helenos V' 9-max Seat #3 is the button
Seat 1: maxmud131 ($1.99 in chips) 
Seat 2: ser447787 ($4.91 in chips) 
Seat 3: Bikbul72 ($1.48 in chips) 
Seat 4: modernexpo ($2.04 in chips) 
Seat 5: Zuban442 ($2.81 in chips) 
Seat 6: Pedrolopeztapia ($1.96 in chips) 
Seat 7: Achilles2582 ($3.82 in chips) 
Seat 8: Dorex2007 ($4.32 in chips) 
Seat 9: rpawis ($1.18 in chips) 
modernexpo: posts small blind $0.01
Zuban442: posts big blind $0.02
*** HOLE CARDS ***
Dealt to Dorex2007 [Ks 9h]
Pedrolopeztapia has timed out
Pedrolopeztapia: folds 
Achilles2582: folds 
Dorex2007: folds 
rpawis: raises $0.05 to $0.07
maxmud131: calls $0.07
ser447787: folds 
Bikbul72: calls $0.07
modernexpo: calls $0.06
Zuban442: folds 
*** FLOP *** [Kc 2h Ts]
modernexpo: checks 
rpawis: bets $0.20
maxmud131: folds 
Bikbul72: folds 
modernexpo: folds 
Uncalled bet ($0.20) returned to rpawis
rpawis collected $0.29 from pot
rpawis: doesn't show hand 
*** SUMMARY ***
Total pot $0.30 | Rake $0.01 
Board [Kc 2h Ts]
Seat 1: maxmud131 folded on the Flop
Seat 2: ser447787 folded before Flop (didn't bet)
Seat 3: Bikbul72 (button) folded on the Flop
Seat 4: modernexpo (small blind) folded on the Flop
Seat 5: Zuban442 (big blind) folded before Flop
Seat 6: Pedrolopeztapia folded before Flop (didn't bet)
Seat 7: Achilles2582 folded before Flop (didn't bet)
Seat 8: Dorex2007 folded before Flop (didn't bet)
Seat 9: rpawis collected ($0.29)



PokerStars Hand #223976290575:  Hold'em No Limit ($0.01/$0.02 USD) - 2021/02/18 22:22:04 PT [2021/02/19 1:22:04 ET]
Table 'Helenos V' 9-max Seat #4 is the button
Seat 1: maxmud131 ($1.92 in chips) 
Seat 2: ser447787 ($4.91 in chips) 
Seat 3: Bikbul72 ($1.41 in chips) 
Seat 4: modernexpo ($2 in chips) 
Seat 5: Zuban442 ($2.79 in chips) 
Seat 6: Pedrolopeztapia ($1.96 in chips) 
Seat 7: Achilles2582 ($3.82 in chips) 
Seat 8: Dorex2007 ($4.32 in chips) 
Seat 9: rpawis ($1.40 in chips) 
Zuban442: posts small blind $0.01
Pedrolopeztapia: posts big blind $0.02
*** HOLE CARDS ***
Dealt to Dorex2007 [Kc Jh]
Achilles2582: folds 
Dorex2007: raises $0.02 to $0.04
rpawis: folds 
maxmud131: calls $0.04
ser447787: folds 
Bikbul72: folds 
modernexpo: raises $0.22 to $0.26
Zuban442: folds 
Pedrolopeztapia: folds 
Dorex2007: folds 
maxmud131: calls $0.22
*** FLOP *** [3d 5c 4d]
maxmud131: bets $0.29
modernexpo: raises $1.45 to $1.74 and is all-in
maxmud131: calls $1.37 and is all-in
Uncalled bet ($0.08) returned to modernexpo
*** TURN *** [3d 5c 4d] [Qs]
*** RIVER *** [3d 5c 4d Qs] [3s]
*** SHOW DOWN ***
maxmud131: shows [Kh 6h] (a pair of Threes)
modernexpo: shows [Qh Qd] (a full house, Queens full of Threes)
modernexpo cashed out the hand for $2.26 | Cash Out Fee $0.02
*** SUMMARY ***
Total pot $3.91 | Rake $0.14 
Board [3d 5c 4d Qs 3s]
Seat 1: maxmud131 showed [Kh 6h] and lost with a pair of Threes
Seat 2: ser447787 folded before Flop (didn't bet)
Seat 3: Bikbul72 folded before Flop (didn't bet)
Seat 4: modernexpo (button) showed [Qh Qd] and won ($3.77) with a full house, Queens full of Threes (pot not awarded as player cashed out)
Seat 5: Zuban442 (small blind) folded before Flop
Seat 6: Pedrolopeztapia (big blind) folded before Flop
Seat 7: Achilles2582 folded before Flop (didn't bet)
Seat 8: Dorex2007 folded before Flop
Seat 9: rpawis folded before Flop (didn't bet)



PokerStars Hand #223976303730:  Hold'em No Limit ($0.01/$0.02 USD) - 2021/02/18 22:23:10 PT [2021/02/19 1:23:10 ET]
Table 'Helenos V' 9-max Seat #5 is the button
Seat 2: ser447787 ($4.91 in chips) 
Seat 3: Bikbul72 ($1.41 in chips) 
Seat 4: modernexpo ($2.34 in chips) 
Seat 5: Zuban442 ($2.78 in chips) 
Seat 6: Pedrolopeztapia ($1.94 in chips) 
Seat 7: Achilles2582 ($3.82 in chips) 
Seat 8: Dorex2007 ($4.28 in chips) 
Seat 9: rpawis ($2 in chips) 
Pedrolopeztapia: posts small blind $0.01
Achilles2582: posts big blind $0.02
*** HOLE CARDS ***
Dealt to Dorex2007 [8h Kh]
Dorex2007: calls $0.02
rpawis: raises $0.07 to $0.09
ser447787: folds 
Bikbul72: folds 
modernexpo: calls $0.09
Zuban442: folds 
Pedrolopeztapia has timed out
Pedrolopeztapia: folds 
Achilles2582: folds 
Dorex2007: calls $0.07
*** FLOP *** [8s 6s 2d]
Dorex2007: checks 
rpawis: checks 
modernexpo: bets $0.23
Dorex2007: calls $0.23
rpawis: folds 
*** TURN *** [8s 6s 2d] [Jd]
Dorex2007: checks 
modernexpo: bets $0.58
Dorex2007: calls $0.58
*** RIVER *** [8s 6s 2d Jd] [3s]
Dorex2007: checks 
modernexpo: checks 
*** SHOW DOWN ***
Dorex2007: shows [8h Kh] (a pair of Eights)
modernexpo: shows [Th Tc] (a pair of Tens)
modernexpo collected $1.85 from pot
*** SUMMARY ***
Total pot $1.92 | Rake $0.07 
Board [8s 6s 2d Jd 3s]
Seat 2: ser447787 folded before Flop (didn't bet)
Seat 3: Bikbul72 folded before Flop (didn't bet)
Seat 4: modernexpo showed [Th Tc] and won ($1.85) with a pair of Tens
Seat 5: Zuban442 (button) folded before Flop (didn't bet)
Seat 6: Pedrolopeztapia (small blind) folded before Flop
Seat 7: Achilles2582 (big blind) folded before Flop
Seat 8: Dorex2007 showed [8h Kh] and lost with a pair of Eights
Seat 9: rpawis folded on the Flop



PokerStars Hand #223976316937:  Hold'em No Limit ($0.01/$0.02 USD) - 2021/02/18 22:24:16 PT [2021/02/19 1:24:16 ET]
Table 'Helenos V' 9-max Seat #7 is the button
Seat 1: maxmud131 ($2 in chips) 
Seat 2: ser447787 ($4.91 in chips) 
Seat 3: Bikbul72 ($1.41 in chips) 
Seat 4: modernexpo ($3.29 in chips) 
Seat 5: Zuban442 ($2.78 in chips) 
Seat 7: Achilles2582 ($3.80 in chips) 
Seat 8: Dorex2007 ($3.38 in chips) 
Seat 9: rpawis ($1.91 in chips) 
Dorex2007: posts small blind $0.01
rpawis: posts big blind $0.02
*** HOLE CARDS ***
Dealt to Dorex2007 [6d 2h]
maxmud131: calls $0.02
ser447787: folds 
Bikbul72: calls $0.02
modernexpo: folds 
Zuban442: folds 
Achilles2582: folds 
Dorex2007: folds 
rpawis: checks 
*** FLOP *** [4s 6c Qs]
rpawis: checks 
maxmud131: checks 
Bikbul72: bets $0.02
rpawis: calls $0.02
maxmud131: folds 
*** TURN *** [4s 6c Qs] [Qd]
rpawis: checks 
Bikbul72: bets $0.11
rpawis: folds 
Uncalled bet ($0.11) returned to Bikbul72
Bikbul72 collected $0.11 from pot
Bikbul72: doesn't show hand 
*** SUMMARY ***
Total pot $0.11 | Rake $0 
Board [4s 6c Qs Qd]
Seat 1: maxmud131 folded on the Flop
Seat 2: ser447787 folded before Flop (didn't bet)
Seat 3: Bikbul72 collected ($0.11)
Seat 4: modernexpo folded before Flop (didn't bet)
Seat 5: Zuban442 folded before Flop (didn't bet)
Seat 7: Achilles2582 (button) folded before Flop (didn't bet)
Seat 8: Dorex2007 (small blind) folded before Flop
Seat 9: rpawis (big blind) folded on the Turn



PokerStars Hand #223976325841:  Hold'em No Limit ($0.01/$0.02 USD) - 2021/02/18 22:25:00 PT [2021/02/19 1:25:00 ET]
Table 'Helenos V' 9-max Seat #8 is the button
Seat 1: maxmud131 ($1.98 in chips) 
Seat 2: ser447787 ($4.91 in chips) 
Seat 3: Bikbul72 ($1.48 in chips) 
Seat 4: modernexpo ($3.29 in chips) 
Seat 5: Zuban442 ($2.78 in chips) 
Seat 6: Pedrolopeztapia ($1.93 in chips) 
Seat 7: Achilles2582 ($3.80 in chips) 
Seat 8: Dorex2007 ($3.37 in chips) 
Seat 9: rpawis ($1.87 in chips) 
rpawis: posts small blind $0.01
maxmud131: posts big blind $0.02
*** HOLE CARDS ***
Dealt to Dorex2007 [3s 4c]
ser447787: folds 
Bikbul72: folds 
modernexpo: folds 
Zuban442: raises $0.04 to $0.06
Pedrolopeztapia: folds 
Achilles2582: folds 
Dorex2007: folds 
rpawis: calls $0.05
maxmud131: calls $0.04
*** FLOP *** [6c Ac Kh]
rpawis: checks 
maxmud131: checks 
Zuban442: checks 
*** TURN *** [6c Ac Kh] [5s]
rpawis: checks 
maxmud131: checks 
Zuban442: checks 
*** RIVER *** [6c Ac Kh 5s] [7h]
rpawis: checks 
maxmud131: bets $0.09
Zuban442: folds 
rpawis: folds 
Uncalled bet ($0.09) returned to maxmud131
maxmud131 collected $0.17 from pot
maxmud131: doesn't show hand 
*** SUMMARY ***
Total pot $0.18 | Rake $0.01 
Board [6c Ac Kh 5s 7h]
Seat 1: maxmud131 (big blind) collected ($0.17)
Seat 2: ser447787 folded before Flop (didn't bet)
Seat 3: Bikbul72 folded before Flop (didn't bet)
Seat 4: modernexpo folded before Flop (didn't bet)
Seat 5: Zuban442 folded on the River
Seat 6: Pedrolopeztapia folded before Flop (didn't bet)
Seat 7: Achilles2582 folded before Flop (didn't bet)
Seat 8: Dorex2007 (button) folded before Flop (didn't bet)
Seat 9: rpawis (small blind) folded on the River



PokerStars Hand #223976336897:  Hold'em No Limit ($0.01/$0.02 USD) - 2021/02/18 22:25:55 PT [2021/02/19 1:25:55 ET]
Table 'Helenos V' 9-max Seat #9 is the button
Seat 1: maxmud131 ($2.09 in chips) 
Seat 2: ser447787 ($4.91 in chips) 
Seat 3: Bikbul72 ($1.48 in chips) 
Seat 4: modernexpo ($3.29 in chips) 
Seat 5: Zuban442 ($2.72 in chips) 
Seat 6: Pedrolopeztapia ($1.93 in chips) 
Seat 7: Achilles2582 ($3.80 in chips) 
Seat 8: Dorex2007 ($3.37 in chips) 
Seat 9: rpawis ($1.81 in chips) 
maxmud131: posts small blind $0.01
ser447787: posts big blind $0.02
*** HOLE CARDS ***
Dealt to Dorex2007 [Td 3h]
Bikbul72: calls $0.02
modernexpo: folds 
Zuban442: folds 
Pedrolopeztapia: folds 
Achilles2582: folds 
Dorex2007: folds 
rpawis: folds 
maxmud131: calls $0.01
ser447787: checks 
*** FLOP *** [6c 3c Jc]
maxmud131: checks 
ser447787: checks 
Bikbul72: bets $0.06
maxmud131: calls $0.06
ser447787: calls $0.06
*** TURN *** [6c 3c Jc] [7c]
maxmud131: checks 
ser447787: checks 
Bikbul72: checks 
*** RIVER *** [6c 3c Jc 7c] [4s]
maxmud131: bets $0.12
ser447787: calls $0.12
Bikbul72: folds 
*** SHOW DOWN ***
maxmud131: shows [2h 2c] (a flush, Jack high)
ser447787: shows [9s Kc] (a flush, King high)
ser447787 collected $0.46 from pot
*** SUMMARY ***
Total pot $0.48 | Rake $0.02 
Board [6c 3c Jc 7c 4s]
Seat 1: maxmud131 (small blind) showed [2h 2c] and lost with a flush, Jack high
Seat 2: ser447787 (big blind) showed [9s Kc] and won ($0.46) with a flush, King high
Seat 3: Bikbul72 folded on the River
Seat 4: modernexpo folded before Flop (didn't bet)
Seat 5: Zuban442 folded before Flop (didn't bet)
Seat 6: Pedrolopeztapia folded before Flop (didn't bet)
Seat 7: Achilles2582 folded before Flop (didn't bet)
Seat 8: Dorex2007 folded before Flop (didn't bet)
Seat 9: rpawis (button) folded before Flop (didn't bet)



PokerStars Hand #223976345769:  Hold'em No Limit ($0.01/$0.02 USD) - 2021/02/18 22:26:40 PT [2021/02/19 1:26:40 ET]
Table 'Helenos V' 9-max Seat #1 is the button
Seat 1: maxmud131 ($1.89 in chips) 
Seat 2: ser447787 ($5.17 in chips) 
Seat 3: Bikbul72 ($1.40 in chips) 
Seat 4: modernexpo ($3.29 in chips) 
Seat 5: Zuban442 ($2.72 in chips) 
Seat 6: Pedrolopeztapia ($1.93 in chips) 
Seat 7: Achilles2582 ($3.80 in chips) 
Seat 8: Dorex2007 ($3.37 in chips) 
Seat 9: rpawis ($2 in chips) 
ser447787: posts small blind $0.01
Bikbul72: posts big blind $0.02
*** HOLE CARDS ***
Dealt to Dorex2007 [Jc 8h]
modernexpo: folds 
Zuban442: folds 
Pedrolopeztapia: folds 
Achilles2582: folds 
Dorex2007: folds 
rpawis: raises $0.05 to $0.07
maxmud131: calls $0.07
ser447787: folds 
Bikbul72: calls $0.05
*** FLOP *** [5h 4c 9d]
Bikbul72: checks 
rpawis: checks 
maxmud131: bets $0.21
Bikbul72: folds 
rpawis: folds 
Uncalled bet ($0.21) returned to maxmud131
maxmud131 collected $0.21 from pot
maxmud131: doesn't show hand 
*** SUMMARY ***
Total pot $0.22 | Rake $0.01 
Board [5h 4c 9d]
Seat 1: maxmud131 (button) collected ($0.21)
Seat 2: ser447787 (small blind) folded before Flop
Seat 3: Bikbul72 (big blind) folded on the Flop
Seat 4: modernexpo folded before Flop (didn't bet)
Seat 5: Zuban442 folded before Flop (didn't bet)
Seat 6: Pedrolopeztapia folded before Flop (didn't bet)
Seat 7: Achilles2582 folded before Flop (didn't bet)
Seat 8: Dorex2007 folded before Flop (didn't bet)
Seat 9: rpawis folded on the Flop



PokerStars Hand #223976352894:  Hold'em No Limit ($0.01/$0.02 USD) - 2021/02/18 22:27:16 PT [2021/02/19 1:27:16 ET]
Table 'Helenos V' 9-max Seat #2 is the button
Seat 1: maxmud131 ($2.03 in chips) 
Seat 2: ser447787 ($5.16 in chips) 
Seat 3: Bikbul72 ($1.33 in chips) 
Seat 4: modernexpo ($3.29 in chips) 
Seat 5: Zuban442 ($2.72 in chips) 
Seat 6: Pedrolopeztapia ($1.93 in chips) 
Seat 7: Achilles2582 ($3.80 in chips) 
Seat 8: Dorex2007 ($3.37 in chips) 
Seat 9: rpawis ($1.93 in chips) 
Bikbul72: posts small blind $0.01
modernexpo: posts big blind $0.02
*** HOLE CARDS ***
Dealt to Dorex2007 [5c 5s]
Zuban442: folds 
Pedrolopeztapia: folds 
Achilles2582: folds 
Dorex2007: calls $0.02
rpawis: folds 
maxmud131: folds 
rpawis leaves the table
ser447787: folds 
gn4444 joins the table at seat #9 
Bikbul72: calls $0.01
modernexpo: checks 
*** FLOP *** [4c 4d Ad]
Bikbul72: checks 
modernexpo: bets $0.03
Dorex2007: calls $0.03
Bikbul72: calls $0.03
*** TURN *** [4c 4d Ad] [4h]
Bikbul72: checks 
modernexpo: bets $0.07
Dorex2007: folds 
Bikbul72: raises $0.07 to $0.14
modernexpo: calls $0.07
*** RIVER *** [4c 4d Ad 4h] [Th]
Bikbul72: bets $1.14 and is all-in
modernexpo: calls $1.14
*** SHOW DOWN ***
Bikbul72: shows [Ac Kh] (a full house, Fours full of Aces)
modernexpo: shows [9d Ah] (a full house, Fours full of Aces)
Bikbul72 collected $1.31 from pot
modernexpo collected $1.31 from pot
*** SUMMARY ***
Total pot $2.71 | Rake $0.09 
Board [4c 4d Ad 4h Th]
Seat 1: maxmud131 folded before Flop (didn't bet)
Seat 2: ser447787 (button) folded before Flop (didn't bet)
Seat 3: Bikbul72 (small blind) showed [Ac Kh] and won ($1.31) with a full house, Fours full of Aces
Seat 4: modernexpo (big blind) showed [9d Ah] and won ($1.31) with a full house, Fours full of Aces
Seat 5: Zuban442 folded before Flop (didn't bet)
Seat 6: Pedrolopeztapia folded before Flop (didn't bet)
Seat 7: Achilles2582 folded before Flop (didn't bet)
Seat 8: Dorex2007 folded on the Turn
Seat 9: rpawis folded before Flop (didn't bet)



PokerStars Hand #223976368533:  Hold'em No Limit ($0.01/$0.02 USD) - 2021/02/18 22:28:35 PT [2021/02/19 1:28:35 ET]
Table 'Helenos V' 9-max Seat #3 is the button
Seat 1: maxmud131 ($2.03 in chips) 
Seat 2: ser447787 ($5.16 in chips) 
Seat 3: Bikbul72 ($1.31 in chips) 
Seat 4: modernexpo ($3.27 in chips) 
Seat 5: Zuban442 ($2.72 in chips) 
Seat 6: Pedrolopeztapia ($1.93 in chips) 
Seat 7: Achilles2582 ($3.80 in chips) 
Seat 8: Dorex2007 ($3.32 in chips) 
modernexpo: posts small blind $0.01
Zuban442: posts big blind $0.02
gn4444: sits out 
*** HOLE CARDS ***
Dealt to Dorex2007 [Ah 3d]
Pedrolopeztapia: folds 
Achilles2582: folds 
Dorex2007: folds 
Pedrolopeztapia leaves the table
maxmud131: calls $0.02
ser447787: raises $0.07 to $0.09
Bikbul72: folds 
modernexpo: folds 
Zuban442: folds 
Jsomzz888 joins the table at seat #6 
maxmud131: raises $0.07 to $0.16
ser447787: calls $0.07
*** FLOP *** [Qc 9d Jd]
maxmud131: checks 
ser447787: checks 
*** TURN *** [Qc 9d Jd] [Th]
maxmud131: bets $1.87 and is all-in
ser447787: folds 
Uncalled bet ($1.87) returned to maxmud131
maxmud131 collected $0.34 from pot
maxmud131: doesn't show hand 
*** SUMMARY ***
Total pot $0.35 | Rake $0.01 
Board [Qc 9d Jd Th]
Seat 1: maxmud131 collected ($0.34)
Seat 2: ser447787 folded on the Turn
Seat 3: Bikbul72 (button) folded before Flop (didn't bet)
Seat 4: modernexpo (small blind) folded before Flop
Seat 5: Zuban442 (big blind) folded before Flop
Seat 6: Pedrolopeztapia folded before Flop (didn't bet)
Seat 7: Achilles2582 folded before Flop (didn't bet)
Seat 8: Dorex2007 folded before Flop (didn't bet)



PokerStars Hand #223976379112:  Hold'em No Limit ($0.01/$0.02 USD) - 2021/02/18 22:29:30 PT [2021/02/19 1:29:30 ET]
Table 'Helenos V' 9-max Seat #4 is the button
Seat 1: maxmud131 ($2.21 in chips) 
Seat 2: ser447787 ($5 in chips) 
Seat 3: Bikbul72 ($1.31 in chips) 
Seat 4: modernexpo ($3.26 in chips) 
Seat 5: Zuban442 ($2.70 in chips) 
Seat 6: Jsomzz888 ($2 in chips) 
Seat 7: Achilles2582 ($3.80 in chips) 
Seat 8: Dorex2007 ($3.32 in chips) 
Zuban442: posts small blind $0.01
Jsomzz888: posts big blind $0.02
gn4444: sits out 
*** HOLE CARDS ***
Dealt to Dorex2007 [7s Kc]
Achilles2582: folds 
Dorex2007: folds 
maxmud131: folds 
ser447787: folds 
Bikbul72: folds 
modernexpo: folds 
Zuban442: folds 
Uncalled bet ($0.01) returned to Jsomzz888
Jsomzz888 collected $0.02 from pot
Jsomzz888: doesn't show hand 
*** SUMMARY ***
Total pot $0.02 | Rake $0 
Seat 1: maxmud131 folded before Flop (didn't bet)
Seat 2: ser447787 folded before Flop (didn't bet)
Seat 3: Bikbul72 folded before Flop (didn't bet)
Seat 4: modernexpo (button) folded before Flop (didn't bet)
Seat 5: Zuban442 (small blind) folded before Flop
Seat 6: Jsomzz888 (big blind) collected ($0.02)
Seat 7: Achilles2582 folded before Flop (didn't bet)
Seat 8: Dorex2007 folded before Flop (didn't bet)



PokerStars Hand #223976382555:  Hold'em No Limit ($0.01/$0.02 USD) - 2021/02/18 22:29:47 PT [2021/02/19 1:29:47 ET]
Table 'Helenos V' 9-max Seat #5 is the button
Seat 1: maxmud131 ($2.21 in chips) 
Seat 2: ser447787 ($5 in chips) 
Seat 3: Bikbul72 ($1.31 in chips) 
Seat 4: modernexpo ($3.26 in chips) 
Seat 5: Zuban442 ($2.69 in chips) 
Seat 6: Jsomzz888 ($2.01 in chips) 
Seat 7: Achilles2582 ($3.80 in chips) 
Seat 8: Dorex2007 ($3.32 in chips) 
Jsomzz888: posts small blind $0.01
Achilles2582: posts big blind $0.02
gn4444: sits out 
*** HOLE CARDS ***
Dealt to Dorex2007 [7s 7d]
Dorex2007: calls $0.02
maxmud131: calls $0.02
ser447787: calls $0.02
Bikbul72: raises $0.02 to $0.04
modernexpo: folds 
Zuban442: folds 
Jsomzz888: folds 
Achilles2582: folds 
Dorex2007: calls $0.02
maxmud131: calls $0.02
ser447787: calls $0.02
*** FLOP *** [6h 9d Js]
Dorex2007: checks 
maxmud131: checks 
ser447787: checks 
Bikbul72: bets $0.09
Dorex2007: calls $0.09
maxmud131: folds 
ser447787: folds 
*** TURN *** [6h 9d Js] [8c]
Dorex2007: bets $0.18
Bikbul72: calls $0.18
*** RIVER *** [6h 9d Js 8c] [9s]
Dorex2007: checks 
Bikbul72: bets $1 and is all-in
Dorex2007: folds 
Uncalled bet ($1) returned to Bikbul72
Bikbul72 collected $0.70 from pot
Bikbul72: doesn't show hand 
*** SUMMARY ***
Total pot $0.73 | Rake $0.03 
Board [6h 9d Js 8c 9s]
Seat 1: maxmud131 folded on the Flop
Seat 2: ser447787 folded on the Flop
Seat 3: Bikbul72 collected ($0.70)
Seat 4: modernexpo folded before Flop (didn't bet)
Seat 5: Zuban442 (button) folded before Flop (didn't bet)
Seat 6: Jsomzz888 (small blind) folded before Flop
Seat 7: Achilles2582 (big blind) folded before Flop
Seat 8: Dorex2007 folded on the River



PokerStars Hand #223976396372:  Hold'em No Limit ($0.01/$0.02 USD) - 2021/02/18 22:30:57 PT [2021/02/19 1:30:57 ET]
Table 'Helenos V' 9-max Seat #6 is the button
Seat 1: maxmud131 ($2.17 in chips) 
Seat 2: ser447787 ($4.96 in chips) 
Seat 3: Bikbul72 ($1.70 in chips) 
Seat 4: modernexpo ($3.26 in chips) 
Seat 5: Zuban442 ($2.69 in chips) 
Seat 6: Jsomzz888 ($2 in chips) 
Seat 7: Achilles2582 ($3.78 in chips) 
Seat 8: Dorex2007 ($3.01 in chips) 
Achilles2582: posts small blind $0.01
Dorex2007: posts big blind $0.02
gn4444: sits out 
*** HOLE CARDS ***
Dealt to Dorex2007 [Qc 2s]
maxmud131: calls $0.02
ser447787: folds 
Bikbul72: calls $0.02
modernexpo: folds 
Zuban442: folds 
Jsomzz888: calls $0.02
Achilles2582: calls $0.01
Dorex2007: checks 
*** FLOP *** [8c Qh 5h]
Achilles2582: bets $0.03
Dorex2007: calls $0.03
maxmud131: folds 
Bikbul72: folds 
Jsomzz888: calls $0.03
*** TURN *** [8c Qh 5h] [6s]
Achilles2582: checks 
Dorex2007: checks 
Jsomzz888: bets $0.11
Achilles2582: calls $0.11
Dorex2007: folds 
*** RIVER *** [8c Qh 5h 6s] [Kc]
Achilles2582: checks 
Jsomzz888: checks 
*** SHOW DOWN ***
Achilles2582: shows [9s 8d] (a pair of Eights)
Jsomzz888: shows [Qs 8s] (two pair, Queens and Eights)
Jsomzz888 collected $0.40 from pot
*** SUMMARY ***
Total pot $0.41 | Rake $0.01 
Board [8c Qh 5h 6s Kc]
Seat 1: maxmud131 folded on the Flop
Seat 2: ser447787 folded before Flop (didn't bet)
Seat 3: Bikbul72 folded on the Flop
Seat 4: modernexpo folded before Flop (didn't bet)
Seat 5: Zuban442 folded before Flop (didn't bet)
Seat 6: Jsomzz888 (button) showed [Qs 8s] and won ($0.40) with two pair, Queens and Eights
Seat 7: Achilles2582 (small blind) showed [9s 8d] and lost with a pair of Eights
Seat 8: Dorex2007 (big blind) folded on the Turn



PokerStars Hand #223976409761:  Hold'em No Limit ($0.01/$0.02 USD) - 2021/02/18 22:32:05 PT [2021/02/19 1:32:05 ET]
Table 'Helenos V' 9-max Seat #7 is the button
Seat 1: maxmud131 ($2.15 in chips) 
Seat 2: ser447787 ($4.96 in chips) 
Seat 3: Bikbul72 ($1.68 in chips) 
Seat 4: modernexpo ($3.26 in chips) 
Seat 5: Zuban442 ($2.69 in chips) 
Seat 6: Jsomzz888 ($2.24 in chips) 
Seat 7: Achilles2582 ($3.62 in chips) 
Seat 8: Dorex2007 ($2.96 in chips) 
Seat 9: gn4444 ($2 in chips) 
Dorex2007: posts small blind $0.01
gn4444: posts big blind $0.02
*** HOLE CARDS ***
Dealt to Dorex2007 [Qs 5s]
maxmud131: folds 
ser447787 has timed out
ser447787: folds 
Bikbul72: calls $0.02
modernexpo: folds 
Zuban442: folds 
Jsomzz888: folds 
Achilles2582: folds 
Dorex2007: folds 
gn4444: checks 
*** FLOP *** [9s 5c 2s]
gn4444: checks 
Bikbul72: bets $0.05
gn4444: folds 
Uncalled bet ($0.05) returned to Bikbul72
Bikbul72 collected $0.05 from pot
Bikbul72: doesn't show hand 
*** SUMMARY ***
Total pot $0.05 | Rake $0 
Board [9s 5c 2s]
Seat 1: maxmud131 folded before Flop (didn't bet)
Seat 2: ser447787 folded before Flop (didn't bet)
Seat 3: Bikbul72 collected ($0.05)
Seat 4: modernexpo folded before Flop (didn't bet)
Seat 5: Zuban442 folded before Flop (didn't bet)
Seat 6: Jsomzz888 folded before Flop (didn't bet)
Seat 7: Achilles2582 (button) folded before Flop (didn't bet)
Seat 8: Dorex2007 (small blind) folded before Flop
Seat 9: gn4444 (big blind) folded on the Flop



PokerStars Hand #223976419475:  Hold'em No Limit ($0.01/$0.02 USD) - 2021/02/18 22:32:55 PT [2021/02/19 1:32:55 ET]
Table 'Helenos V' 9-max Seat #8 is the button
Seat 1: maxmud131 ($2.15 in chips) 
Seat 2: ser447787 ($4.96 in chips) 
Seat 3: Bikbul72 ($1.71 in chips) 
Seat 4: modernexpo ($3.26 in chips) 
Seat 5: Zuban442 ($2.69 in chips) 
Seat 6: Jsomzz888 ($2.24 in chips) 
Seat 7: Achilles2582 ($3.62 in chips) 
Seat 8: Dorex2007 ($2.95 in chips) 
Seat 9: gn4444 ($1.98 in chips) 
gn4444: posts small blind $0.01
maxmud131: posts big blind $0.02
*** HOLE CARDS ***
Dealt to Dorex2007 [Ac 5s]
ser447787: folds 
Bikbul72: calls $0.02
modernexpo: folds 
Zuban442: calls $0.02
Jsomzz888: folds 
Achilles2582: calls $0.02
Dorex2007: calls $0.02
gn4444: calls $0.01
maxmud131: checks 
*** FLOP *** [6h 3c 5d]
gn4444: checks 
maxmud131: bets $0.06
Bikbul72: calls $0.06
Zuban442: folds 
Achilles2582: folds 
Dorex2007: calls $0.06
gn4444: folds 
*** TURN *** [6h 3c 5d] [4c]
maxmud131: bets $0.04
Bikbul72: calls $0.04
Dorex2007: folds 
*** RIVER *** [6h 3c 5d 4c] [Ad]
maxmud131: checks 
Bikbul72: bets $0.18
maxmud131: folds 
Uncalled bet ($0.18) returned to Bikbul72
Bikbul72 collected $0.37 from pot
Bikbul72: doesn't show hand 
*** SUMMARY ***
Total pot $0.38 | Rake $0.01 
Board [6h 3c 5d 4c Ad]
Seat 1: maxmud131 (big blind) folded on the River
Seat 2: ser447787 folded before Flop (didn't bet)
Seat 3: Bikbul72 collected ($0.37)
Seat 4: modernexpo folded before Flop (didn't bet)
Seat 5: Zuban442 folded on the Flop
Seat 6: Jsomzz888 folded before Flop (didn't bet)
Seat 7: Achilles2582 folded on the Flop
Seat 8: Dorex2007 (button) folded on the Turn
Seat 9: gn4444 (small blind) folded on the Flop



PokerStars Hand #223976432802:  Hold'em No Limit ($0.01/$0.02 USD) - 2021/02/18 22:34:02 PT [2021/02/19 1:34:02 ET]
Table 'Helenos V' 9-max Seat #9 is the button
Seat 1: maxmud131 ($2.03 in chips) 
Seat 2: ser447787 ($4.96 in chips) 
Seat 3: Bikbul72 ($1.96 in chips) 
Seat 4: modernexpo ($3.26 in chips) 
Seat 5: Zuban442 ($2.67 in chips) 
Seat 6: Jsomzz888 ($2.24 in chips) 
Seat 7: Achilles2582 ($3.60 in chips) 
Seat 8: Dorex2007 ($2.87 in chips) 
Seat 9: gn4444 ($1.96 in chips) 
maxmud131: posts small blind $0.01
ser447787: posts big blind $0.02
*** HOLE CARDS ***
Dealt to Dorex2007 [8s Kd]
Bikbul72: calls $0.02
modernexpo: folds 
Zuban442: folds 
Jsomzz888: folds 
Achilles2582: raises $0.08 to $0.10
Dorex2007: folds 
gn4444: folds 
maxmud131: folds 
ser447787: folds 
Bikbul72: calls $0.08
*** FLOP *** [Ac Ks Th]
Bikbul72: checks 
Achilles2582: bets $0.12
Bikbul72: calls $0.12
*** TURN *** [Ac Ks Th] [Kh]
Bikbul72: bets $0.22
Achilles2582: calls $0.22
*** RIVER *** [Ac Ks Th Kh] [Td]
Bikbul72: checks 
Achilles2582: checks 
*** SHOW DOWN ***
Bikbul72: shows [Ad 4d] (two pair, Aces and Kings)
Achilles2582: shows [Qs Ah] (two pair, Aces and Kings - Queen kicker)
Achilles2582 collected $0.88 from pot
*** SUMMARY ***
Total pot $0.91 | Rake $0.03 
Board [Ac Ks Th Kh Td]
Seat 1: maxmud131 (small blind) folded before Flop
Seat 2: ser447787 (big blind) folded before Flop
Seat 3: Bikbul72 showed [Ad 4d] and lost with two pair, Aces and Kings
Seat 4: modernexpo folded before Flop (didn't bet)
Seat 5: Zuban442 folded before Flop (didn't bet)
Seat 6: Jsomzz888 folded before Flop (didn't bet)
Seat 7: Achilles2582 showed [Qs Ah] and won ($0.88) with two pair, Aces and Kings
Seat 8: Dorex2007 folded before Flop (didn't bet)
Seat 9: gn4444 (button) folded before Flop (didn't bet)



PokerStars Hand #223976444048:  Hold'em No Limit ($0.01/$0.02 USD) - 2021/02/18 22:34:59 PT [2021/02/19 1:34:59 ET]
Table 'Helenos V' 9-max Seat #1 is the button
Seat 1: maxmud131 ($2.02 in chips) 
Seat 2: ser447787 ($4.94 in chips) 
Seat 3: Bikbul72 ($1.52 in chips) 
Seat 4: modernexpo ($3.26 in chips) 
Seat 5: Zuban442 ($2.67 in chips) 
Seat 6: Jsomzz888 ($2.24 in chips) 
Seat 7: Achilles2582 ($4.04 in chips) 
Seat 8: Dorex2007 ($2.87 in chips) 
Seat 9: gn4444 ($1.96 in chips) 
ser447787: posts small blind $0.01
Bikbul72: posts big blind $0.02
*** HOLE CARDS ***
Dealt to Dorex2007 [As Kd]
modernexpo: folds 
Zuban442: folds 
Jsomzz888: folds 
Achilles2582: folds 
Dorex2007: raises $0.04 to $0.06
gn4444: folds 
maxmud131: folds 
ser447787: raises $0.14 to $0.20
Bikbul72: folds 
Dorex2007: calls $0.14
*** FLOP *** [7s Ts 2h]
ser447787: checks 
Dorex2007: checks 
*** TURN *** [7s Ts 2h] [8c]
ser447787: checks 
Dorex2007: checks 
*** RIVER *** [7s Ts 2h 8c] [4h]
ser447787: checks 
Dorex2007: checks 
*** SHOW DOWN ***
ser447787: shows [Ad Ks] (high card Ace)
Dorex2007: shows [As Kd] (high card Ace)
ser447787 collected $0.21 from pot
Dorex2007 collected $0.20 from pot
*** SUMMARY ***
Total pot $0.42 | Rake $0.01 
Board [7s Ts 2h 8c 4h]
Seat 1: maxmud131 (button) folded before Flop (didn't bet)
Seat 2: ser447787 (small blind) showed [Ad Ks] and won ($0.21) with high card Ace
Seat 3: Bikbul72 (big blind) folded before Flop
Seat 4: modernexpo folded before Flop (didn't bet)
Seat 5: Zuban442 folded before Flop (didn't bet)
Seat 6: Jsomzz888 folded before Flop (didn't bet)
Seat 7: Achilles2582 folded before Flop (didn't bet)
Seat 8: Dorex2007 showed [As Kd] and won ($0.20) with high card Ace
Seat 9: gn4444 folded before Flop (didn't bet)



PokerStars Hand #223976454194:  Hold'em No Limit ($0.01/$0.02 USD) - 2021/02/18 22:35:38 PT [2021/02/19 1:35:38 ET]
Table 'Helenos V' 9-max Seat #2 is the button
Seat 1: maxmud131 ($2.02 in chips) 
Seat 2: ser447787 ($4.95 in chips) 
Seat 3: Bikbul72 ($1.50 in chips) 
Seat 5: Zuban442 ($2.67 in chips) 
Seat 6: Jsomzz888 ($2.24 in chips) 
Seat 7: Achilles2582 ($4.04 in chips) 
Seat 8: Dorex2007 ($2.87 in chips) 
Seat 9: gn4444 ($1.96 in chips) 
Bikbul72: posts small blind $0.01
Zuban442: posts big blind $0.02
*** HOLE CARDS ***
Dealt to Dorex2007 [4s 9s]
Jsomzz888: folds 
Achilles2582: folds 
Dorex2007: folds 
gn4444: folds 
maxmud131: folds 
ser447787: folds 
Bikbul72: raises $0.02 to $0.04
Zuban442: folds 
Uncalled bet ($0.02) returned to Bikbul72
Bikbul72 collected $0.04 from pot
Bikbul72: doesn't show hand 
*** SUMMARY ***
Total pot $0.04 | Rake $0 
Seat 1: maxmud131 folded before Flop (didn't bet)
Seat 2: ser447787 (button) folded before Flop (didn't bet)
Seat 3: Bikbul72 (small blind) collected ($0.04)
Seat 5: Zuban442 (big blind) folded before Flop
Seat 6: Jsomzz888 folded before Flop (didn't bet)
Seat 7: Achilles2582 folded before Flop (didn't bet)
Seat 8: Dorex2007 folded before Flop (didn't bet)
Seat 9: gn4444 folded before Flop (didn't bet)



PokerStars Hand #223976458706:  Hold'em No Limit ($0.01/$0.02 USD) - 2021/02/18 22:36:00 PT [2021/02/19 1:36:00 ET]
Table 'Helenos V' 9-max Seat #3 is the button
Seat 1: maxmud131 ($2.02 in chips) 
Seat 2: ser447787 ($4.95 in chips) 
Seat 3: Bikbul72 ($1.52 in chips) 
Seat 5: Zuban442 ($2.65 in chips) 
Seat 6: Jsomzz888 ($2.24 in chips) 
Seat 7: Achilles2582 ($4.04 in chips) 
Seat 8: Dorex2007 ($2.87 in chips) 
Seat 9: gn4444 ($1.96 in chips) 
Zuban442: posts small blind $0.01
Jsomzz888: posts big blind $0.02
*** HOLE CARDS ***
Dealt to Dorex2007 [4s 7d]
Achilles2582 has timed out
Achilles2582: folds 
Dorex2007: folds 
gn4444: folds 
maxmud131: raises $0.02 to $0.04
ser447787: folds 
Bikbul72: calls $0.04
Zuban442: folds 
Jsomzz888: folds 
*** FLOP *** [9d 9h 9c]
maxmud131: checks 
Bikbul72: checks 
*** TURN *** [9d 9h 9c] [6d]
maxmud131: checks 
Bikbul72: checks 
*** RIVER *** [9d 9h 9c 6d] [Qd]
maxmud131: checks 
Bikbul72: checks 
*** SHOW DOWN ***
maxmud131: shows [2c 3s] (three of a kind, Nines)
Bikbul72: shows [2h Kh] (three of a kind, Nines - King kicker)
Bikbul72 collected $0.11 from pot
*** SUMMARY ***
Total pot $0.11 | Rake $0 
Board [9d 9h 9c 6d Qd]
Seat 1: maxmud131 showed [2c 3s] and lost with three of a kind, Nines
Seat 2: ser447787 folded before Flop (didn't bet)
Seat 3: Bikbul72 (button) showed [2h Kh] and won ($0.11) with three of a kind, Nines
Seat 5: Zuban442 (small blind) folded before Flop
Seat 6: Jsomzz888 (big blind) folded before Flop
Seat 7: Achilles2582 folded before Flop (didn't bet)
Seat 8: Dorex2007 folded before Flop (didn't bet)
Seat 9: gn4444 folded before Flop (didn't bet)



PokerStars Hand #223976470231:  Hold'em No Limit ($0.01/$0.02 USD) - 2021/02/18 22:36:59 PT [2021/02/19 1:36:59 ET]
Table 'Helenos V' 9-max Seat #5 is the button
Seat 1: maxmud131 ($1.98 in chips) 
Seat 2: ser447787 ($4.95 in chips) 
Seat 3: Bikbul72 ($1.59 in chips) 
Seat 5: Zuban442 ($2.64 in chips) 
Seat 6: Jsomzz888 ($2.22 in chips) 
Seat 7: Achilles2582 ($4.04 in chips) 
Seat 8: Dorex2007 ($2.87 in chips) 
Seat 9: gn4444 ($1.96 in chips) 
Jsomzz888: posts small blind $0.01
Achilles2582: posts big blind $0.02
*** HOLE CARDS ***
Dealt to Dorex2007 [Ah 7d]
Dorex2007: folds 
gn4444: calls $0.02
maxmud131: folds 
ser447787: folds 
Bikbul72: folds 
Bikbul72 leaves the table
Zuban442: folds 
Jsomzz888: folds 
Achilles2582: checks 
*** FLOP *** [8h 3s Qh]
Achilles2582: checks 
gn4444: bets $0.03
Achilles2582: folds 
Uncalled bet ($0.03) returned to gn4444
gn4444 collected $0.05 from pot
gn4444: doesn't show hand 
*** SUMMARY ***
Total pot $0.05 | Rake $0 
Board [8h 3s Qh]
Seat 1: maxmud131 folded before Flop (didn't bet)
Seat 2: ser447787 folded before Flop (didn't bet)
Seat 3: Bikbul72 folded before Flop (didn't bet)
Seat 5: Zuban442 (button) folded before Flop (didn't bet)
Seat 6: Jsomzz888 (small blind) folded before Flop
Seat 7: Achilles2582 (big blind) folded on the Flop
Seat 8: Dorex2007 folded before Flop (didn't bet)
Seat 9: gn4444 collected ($0.05)



PokerStars Hand #223976477966:  Hold'em No Limit ($0.01/$0.02 USD) - 2021/02/18 22:37:37 PT [2021/02/19 1:37:37 ET]
Table 'Helenos V' 9-max Seat #6 is the button
Seat 1: maxmud131 ($1.98 in chips) 
Seat 2: ser447787 ($4.95 in chips) 
Seat 5: Zuban442 ($2.64 in chips) 
Seat 6: Jsomzz888 ($2.21 in chips) 
Seat 7: Achilles2582 ($4.02 in chips) 
Seat 8: Dorex2007 ($2.87 in chips) 
Seat 9: gn4444 ($1.99 in chips) 
Achilles2582: posts small blind $0.01
Dorex2007: posts big blind $0.02
*** HOLE CARDS ***
Dealt to Dorex2007 [Th As]
gn4444: folds 
maxmud131: calls $0.02
ser447787: folds 
Zuban442: folds 
Jsomzz888: folds 
Jsomzz888 leaves the table
Achilles2582: folds 
Dorex2007: checks 
*** FLOP *** [Qs 5s 6c]
Dorex2007: checks 
maxmud131: bets $0.03
Dorex2007: folds 
Uncalled bet ($0.03) returned to maxmud131
maxmud131 collected $0.05 from pot
maxmud131: doesn't show hand 
*** SUMMARY ***
Total pot $0.05 | Rake $0 
Board [Qs 5s 6c]
Seat 1: maxmud131 collected ($0.05)
Seat 2: ser447787 folded before Flop (didn't bet)
Seat 5: Zuban442 folded before Flop (didn't bet)
Seat 6: Jsomzz888 (button) folded before Flop (didn't bet)
Seat 7: Achilles2582 (small blind) folded before Flop
Seat 8: Dorex2007 (big blind) folded on the Flop
Seat 9: gn4444 folded before Flop (didn't bet)



PokerStars Hand #223976484721:  Hold'em No Limit ($0.01/$0.02 USD) - 2021/02/18 22:38:11 PT [2021/02/19 1:38:11 ET]
Table 'Helenos V' 9-max Seat #7 is the button
Seat 1: maxmud131 ($2.01 in chips) 
Seat 2: ser447787 ($4.95 in chips) 
Seat 5: Zuban442 ($2.64 in chips) 
Seat 7: Achilles2582 ($4.01 in chips) 
Seat 8: Dorex2007 ($2.85 in chips) 
Dorex2007: posts small blind $0.01
gn4444: is sitting out 
maxmud131: posts big blind $0.02
modernexpo: sits out 
*** HOLE CARDS ***
Dealt to Dorex2007 [2s 4s]
ser447787: folds 
Zuban442: folds 
Achilles2582: folds 
Dorex2007: folds 
Uncalled bet ($0.01) returned to maxmud131
maxmud131 collected $0.02 from pot
maxmud131: doesn't show hand 
*** SUMMARY ***
Total pot $0.02 | Rake $0 
Seat 1: maxmud131 (big blind) collected ($0.02)
Seat 2: ser447787 folded before Flop (didn't bet)
Seat 5: Zuban442 folded before Flop (didn't bet)
Seat 7: Achilles2582 (button) folded before Flop (didn't bet)
Seat 8: Dorex2007 (small blind) folded before Flop



PokerStars Hand #223976488106:  Hold'em No Limit ($0.01/$0.02 USD) - 2021/02/18 22:38:28 PT [2021/02/19 1:38:28 ET]
Table 'Helenos V' 9-max Seat #8 is the button
Seat 1: maxmud131 ($2.02 in chips) 
Seat 2: ser447787 ($4.95 in chips) 
Seat 5: Zuban442 ($2.64 in chips) 
Seat 7: Achilles2582 ($4.01 in chips) 
Seat 8: Dorex2007 ($2.84 in chips) 
maxmud131: posts small blind $0.01
ser447787: posts big blind $0.02
modernexpo: sits out 
*** HOLE CARDS ***
Dealt to Dorex2007 [4d Ah]
Zuban442: folds 
Achilles2582: raises $0.05 to $0.07
vm02107 joins the table at seat #3 
Dorex2007: folds 
maxmud131: calls $0.06
ser447787: raises $0.21 to $0.28
Achilles2582: folds 
maxmud131: calls $0.21
*** FLOP *** [Td 8d 4c]
maxmud131: checks 
ser447787: bets $0.38
maxmud131: folds 
Uncalled bet ($0.38) returned to ser447787
ser447787 collected $0.61 from pot
*** SUMMARY ***
Total pot $0.63 | Rake $0.02 
Board [Td 8d 4c]
Seat 1: maxmud131 (small blind) folded on the Flop
Seat 2: ser447787 (big blind) collected ($0.61)
Seat 5: Zuban442 folded before Flop (didn't bet)
Seat 7: Achilles2582 folded before Flop
Seat 8: Dorex2007 (button) folded before Flop (didn't bet)



PokerStars Hand #223976497221:  Hold'em No Limit ($0.01/$0.02 USD) - 2021/02/18 22:39:14 PT [2021/02/19 1:39:14 ET]
Table 'Helenos V' 9-max Seat #1 is the button
Seat 1: maxmud131 ($1.74 in chips) 
Seat 2: ser447787 ($5.28 in chips) 
Seat 3: vm02107 ($2 in chips) 
Seat 5: Zuban442 ($2.64 in chips) 
Seat 7: Achilles2582 ($3.94 in chips) 
Seat 8: Dorex2007 ($2.84 in chips) 
ser447787: posts small blind $0.01
vm02107: posts big blind $0.02
modernexpo: sits out 
gn4444: sits out 
*** HOLE CARDS ***
Dealt to Dorex2007 [5h 3c]
Zuban442: raises $0.02 to $0.04
Achilles2582: folds 
Dorex2007: folds 
maxmud131: calls $0.04
ser447787: calls $0.03
vm02107: folds 
*** FLOP *** [Js 8s Kc]
ser447787: checks 
Zuban442: checks 
maxmud131: bets $0.07
ser447787: folds 
Zuban442: folds 
Uncalled bet ($0.07) returned to maxmud131
maxmud131 collected $0.14 from pot
maxmud131: doesn't show hand 
*** SUMMARY ***
Total pot $0.14 | Rake $0 
Board [Js 8s Kc]
Seat 1: maxmud131 (button) collected ($0.14)
Seat 2: ser447787 (small blind) folded on the Flop
Seat 3: vm02107 (big blind) folded before Flop
Seat 5: Zuban442 folded on the Flop
Seat 7: Achilles2582 folded before Flop (didn't bet)
Seat 8: Dorex2007 folded before Flop (didn't bet)



PokerStars Hand #223976502320:  Hold'em No Limit ($0.01/$0.02 USD) - 2021/02/18 22:39:39 PT [2021/02/19 1:39:39 ET]
Table 'Helenos V' 9-max Seat #2 is the button
Seat 2: ser447787 ($5.24 in chips) 
Seat 3: vm02107 ($1.98 in chips) 
Seat 4: modernexpo ($3.26 in chips) 
Seat 5: Zuban442 ($2.60 in chips) 
Seat 7: Achilles2582 ($3.94 in chips) 
Seat 8: Dorex2007 ($2.84 in chips) 
vm02107: posts small blind $0.01
modernexpo: posts big blind $0.02
gn4444: sits out 
*** HOLE CARDS ***
Dealt to Dorex2007 [8d 4c]
Zuban442: folds 
Achilles2582: folds 
Dorex2007: folds 
ser447787: folds 
vm02107: raises $0.04 to $0.06
modernexpo: folds 
Uncalled bet ($0.04) returned to vm02107
vm02107 collected $0.04 from pot
vm02107: doesn't show hand 
*** SUMMARY ***
Total pot $0.04 | Rake $0 
Seat 2: ser447787 (button) folded before Flop (didn't bet)
Seat 3: vm02107 (small blind) collected ($0.04)
Seat 4: modernexpo (big blind) folded before Flop
Seat 5: Zuban442 folded before Flop (didn't bet)
Seat 7: Achilles2582 folded before Flop (didn't bet)
Seat 8: Dorex2007 folded before Flop (didn't bet)



PokerStars Hand #223976505188:  Hold'em No Limit ($0.01/$0.02 USD) - 2021/02/18 22:39:53 PT [2021/02/19 1:39:53 ET]
Table 'Helenos V' 9-max Seat #3 is the button
Seat 2: ser447787 ($5.24 in chips) 
Seat 3: vm02107 ($2 in chips) 
Seat 4: modernexpo ($3.24 in chips) 
Seat 5: Zuban442 ($2.60 in chips) 
Seat 7: Achilles2582 ($3.94 in chips) 
Seat 8: Dorex2007 ($2.84 in chips) 
modernexpo: posts small blind $0.01
Zuban442: posts big blind $0.02
gn4444: sits out 
*** HOLE CARDS ***
Dealt to Dorex2007 [3h 7c]
Achilles2582: folds 
Dorex2007: folds 
ser447787: folds 
vm02107: raises $0.04 to $0.06
modernexpo: folds 
caltech joins the table at seat #6 
Zuban442: calls $0.04
*** FLOP *** [4d Qs 2d]
Zuban442: checks 
vm02107: checks 
*** TURN *** [4d Qs 2d] [4h]
Zuban442: bets $0.06
vm02107: folds 
Uncalled bet ($0.06) returned to Zuban442
Zuban442 collected $0.13 from pot
Zuban442: doesn't show hand 
*** SUMMARY ***
Total pot $0.13 | Rake $0 
Board [4d Qs 2d 4h]
Seat 2: ser447787 folded before Flop (didn't bet)
Seat 3: vm02107 (button) folded on the Turn
Seat 4: modernexpo (small blind) folded before Flop
Seat 5: Zuban442 (big blind) collected ($0.13)
Seat 7: Achilles2582 folded before Flop (didn't bet)
Seat 8: Dorex2007 folded before Flop (didn't bet)



PokerStars Hand #223976510052:  Hold'em No Limit ($0.01/$0.02 USD) - 2021/02/18 22:40:18 PT [2021/02/19 1:40:18 ET]
Table 'Helenos V' 9-max Seat #4 is the button
Seat 2: ser447787 ($5.24 in chips) 
Seat 3: vm02107 ($1.94 in chips) 
Seat 4: modernexpo ($3.23 in chips) 
Seat 5: Zuban442 ($2.67 in chips) 
Seat 6: caltech ($1.60 in chips) 
Seat 7: Achilles2582 ($3.94 in chips) 
Seat 8: Dorex2007 ($2.84 in chips) 
Zuban442: posts small blind $0.01
caltech: posts big blind $0.02
gn4444: sits out 
*** HOLE CARDS ***
Dealt to Dorex2007 [Qs 4d]
Achilles2582: raises $0.05 to $0.07
Dorex2007: folds 
ser447787: folds 
ser447787 leaves the table
vm02107: folds 
modernexpo: folds 
Zuban442: folds 
caltech: calls $0.05
*** FLOP *** [4s 9s 9d]
caltech: checks 
Achilles2582: bets $0.07
caltech: folds 
Uncalled bet ($0.07) returned to Achilles2582
Achilles2582 collected $0.14 from pot
*** SUMMARY ***
Total pot $0.15 | Rake $0.01 
Board [4s 9s 9d]
Seat 2: ser447787 folded before Flop (didn't bet)
Seat 3: vm02107 folded before Flop (didn't bet)
Seat 4: modernexpo (button) folded before Flop (didn't bet)
Seat 5: Zuban442 (small blind) folded before Flop
Seat 6: caltech (big blind) folded on the Flop
Seat 7: Achilles2582 collected ($0.14)
Seat 8: Dorex2007 folded before Flop (didn't bet)



PokerStars Hand #223976517683:  Hold'em No Limit ($0.01/$0.02 USD) - 2021/02/18 22:40:56 PT [2021/02/19 1:40:56 ET]
Table 'Helenos V' 9-max Seat #5 is the button
Seat 3: vm02107 ($1.94 in chips) 
Seat 4: modernexpo ($3.23 in chips) 
Seat 5: Zuban442 ($2.66 in chips) 
Seat 6: caltech ($1.53 in chips) 
Seat 8: Dorex2007 ($2.84 in chips) 
caltech: posts small blind $0.01
Achilles2582: is sitting out 
Dorex2007: posts big blind $0.02
gn4444: sits out 
*** HOLE CARDS ***
Dealt to Dorex2007 [Ks 5h]
Mtosha joins the table at seat #2 
vm02107: folds 
modernexpo: folds 
Zuban442: folds 
caltech: folds 
Uncalled bet ($0.01) returned to Dorex2007
Dorex2007 collected $0.02 from pot
Dorex2007: doesn't show hand 
*** SUMMARY ***
Total pot $0.02 | Rake $0 
Seat 3: vm02107 folded before Flop (didn't bet)
Seat 4: modernexpo folded before Flop (didn't bet)
Seat 5: Zuban442 (button) folded before Flop (didn't bet)
Seat 6: caltech (small blind) folded before Flop
Seat 8: Dorex2007 (big blind) collected ($0.02)



PokerStars Hand #223976519800:  Hold'em No Limit ($0.01/$0.02 USD) - 2021/02/18 22:41:06 PT [2021/02/19 1:41:06 ET]
Table 'Helenos V' 9-max Seat #6 is the button
Seat 3: vm02107 ($1.94 in chips) 
Seat 4: modernexpo ($3.23 in chips) 
Seat 5: Zuban442 ($2.66 in chips) 
Seat 6: caltech ($1.52 in chips) 
Seat 8: Dorex2007 ($2.85 in chips) 
Seat 9: gn4444 ($1.99 in chips) 
Dorex2007: posts small blind $0.01
gn4444: posts big blind $0.02
Mtosha: sits out 
*** HOLE CARDS ***
Dealt to Dorex2007 [Ad 9s]
vm02107: raises $0.04 to $0.06
modernexpo: folds 
Zuban442: calls $0.06
caltech: calls $0.06
Dorex2007: folds 
gn4444: folds 
*** FLOP *** [Jc Th 3s]
vm02107: checks 
Zuban442: checks 
Achilles2582 leaves the table
caltech: checks 
*** TURN *** [Jc Th 3s] [6c]
vm02107: checks 
Zuban442: checks 
caltech: checks 
*** RIVER *** [Jc Th 3s 6c] [8h]
vm02107: bets $0.10
Zuban442: folds 
caltech: folds 
Uncalled bet ($0.10) returned to vm02107
vm02107 collected $0.20 from pot
vm02107: doesn't show hand 
*** SUMMARY ***
Total pot $0.21 | Rake $0.01 
Board [Jc Th 3s 6c 8h]
Seat 3: vm02107 collected ($0.20)
Seat 4: modernexpo folded before Flop (didn't bet)
Seat 5: Zuban442 folded on the River
Seat 6: caltech (button) folded on the River
Seat 8: Dorex2007 (small blind) folded before Flop
Seat 9: gn4444 (big blind) folded before Flop



PokerStars Hand #223976529625:  Hold'em No Limit ($0.01/$0.02 USD) - 2021/02/18 22:41:56 PT [2021/02/19 1:41:56 ET]
Table 'Helenos V' 9-max Seat #8 is the button
Seat 1: maxmud131 ($1.84 in chips) 
Seat 3: vm02107 ($2.08 in chips) 
Seat 4: modernexpo ($3.23 in chips) 
Seat 5: Zuban442 ($2.60 in chips) 
Seat 6: caltech ($1.46 in chips) 
Seat 8: Dorex2007 ($2.84 in chips) 
Seat 9: gn4444 ($1.97 in chips) 
gn4444: posts small blind $0.01
maxmud131: posts big blind $0.02
Mtosha: sits out 
*** HOLE CARDS ***
Dealt to Dorex2007 [8s 6d]
Serj7070 joins the table at seat #7 
vm02107: folds 
modernexpo: raises $0.04 to $0.06
Zuban442: folds 
caltech: folds 
Dorex2007: folds 
caltech leaves the table
gn4444: folds 
maxmud131: calls $0.04
*** FLOP *** [Ts 5s 5d]
maxmud131: checks 
modernexpo: checks 
*** TURN *** [Ts 5s 5d] [9h]
maxmud131: bets $0.07
modernexpo: folds 
Uncalled bet ($0.07) returned to maxmud131
maxmud131 collected $0.13 from pot
maxmud131: doesn't show hand 
*** SUMMARY ***
Total pot $0.13 | Rake $0 
Board [Ts 5s 5d 9h]
Seat 1: maxmud131 (big blind) collected ($0.13)
Seat 3: vm02107 folded before Flop (didn't bet)
Seat 4: modernexpo folded on the Turn
Seat 5: Zuban442 folded before Flop (didn't bet)
Seat 6: caltech folded before Flop (didn't bet)
Seat 8: Dorex2007 (button) folded before Flop (didn't bet)
Seat 9: gn4444 (small blind) folded before Flop



PokerStars Hand #223976534856:  Hold'em No Limit ($0.01/$0.02 USD) - 2021/02/18 22:42:23 PT [2021/02/19 1:42:23 ET]
Table 'Helenos V' 9-max Seat #9 is the button
Seat 1: maxmud131 ($1.91 in chips) 
Seat 2: Mtosha ($2 in chips) 
Seat 3: vm02107 ($2.08 in chips) 
Seat 4: modernexpo ($3.17 in chips) 
Seat 5: Zuban442 ($2.60 in chips) 
Seat 8: Dorex2007 ($2.84 in chips) 
Seat 9: gn4444 ($1.96 in chips) 
maxmud131: posts small blind $0.01
Mtosha: posts big blind $0.02
Serj7070: sits out 
*** HOLE CARDS ***
Dealt to Dorex2007 [8d Qh]
vm02107: folds 
modernexpo: folds 
Zuban442: raises $0.04 to $0.06
Dorex2007: folds 
gn4444: folds 
maxmud131: folds 
Mtosha: folds 
Uncalled bet ($0.04) returned to Zuban442
<!>E H P ! P joins the table at seat #6 
Zuban442 collected $0.05 from pot
*** SUMMARY ***
Total pot $0.05 | Rake $0 
Seat 1: maxmud131 (small blind) folded before Flop
Seat 2: Mtosha (big blind) folded before Flop
Seat 3: vm02107 folded before Flop (didn't bet)
Seat 4: modernexpo folded before Flop (didn't bet)
Seat 5: Zuban442 collected ($0.05)
Seat 8: Dorex2007 folded before Flop (didn't bet)
Seat 9: gn4444 (button) folded before Flop (didn't bet)



PokerStars Hand #223976538997:  Hold'em No Limit ($0.01/$0.02 USD) - 2021/02/18 22:42:43 PT [2021/02/19 1:42:43 ET]
Table 'Helenos V' 9-max Seat #1 is the button
Seat 1: maxmud131 ($1.90 in chips) 
Seat 2: Mtosha ($2 in chips) 
Seat 3: vm02107 ($2.08 in chips) 
Seat 4: modernexpo ($3.17 in chips) 
Seat 5: Zuban442 ($2.63 in chips) 
Seat 8: Dorex2007 ($2.84 in chips) 
Seat 9: gn4444 ($1.96 in chips) 
Mtosha: posts small blind $0.01
vm02107: posts big blind $0.02
<!>E H P ! P: sits out 
Serj7070: sits out 
*** HOLE CARDS ***
Dealt to Dorex2007 [8c Jc]
modernexpo: folds 
Zuban442: folds 
Dorex2007: folds 
gn4444: folds 
maxmud131: raises $0.04 to $0.06
Mtosha: folds 
vm02107: folds 
Uncalled bet ($0.04) returned to maxmud131
maxmud131 collected $0.05 from pot
maxmud131: doesn't show hand 
*** SUMMARY ***
Total pot $0.05 | Rake $0 
Seat 1: maxmud131 (button) collected ($0.05)
Seat 2: Mtosha (small blind) folded before Flop
Seat 3: vm02107 (big blind) folded before Flop
Seat 4: modernexpo folded before Flop (didn't bet)
Seat 5: Zuban442 folded before Flop (didn't bet)
Seat 8: Dorex2007 folded before Flop (didn't bet)
Seat 9: gn4444 folded before Flop (didn't bet)



PokerStars Hand #223976542632:  Hold'em No Limit ($0.01/$0.02 USD) - 2021/02/18 22:43:02 PT [2021/02/19 1:43:02 ET]
Table 'Helenos V' 9-max Seat #2 is the button
Seat 1: maxmud131 ($1.93 in chips) 
Seat 2: Mtosha ($2 in chips) 
Seat 3: vm02107 ($2.06 in chips) 
Seat 4: modernexpo ($3.17 in chips) 
Seat 5: Zuban442 ($2.63 in chips) 
Seat 8: Dorex2007 ($2.84 in chips) 
Seat 9: gn4444 ($1.96 in chips) 
vm02107: posts small blind $0.01
modernexpo: posts big blind $0.02
<!>E H P ! P: sits out 
Serj7070: sits out 
*** HOLE CARDS ***
Dealt to Dorex2007 [3c 2c]
Zuban442: folds 
Dorex2007: folds 
gn4444: folds 
maxmud131: folds 
Mtosha: folds 
vm02107: folds 
Uncalled bet ($0.01) returned to modernexpo
modernexpo collected $0.02 from pot
modernexpo: doesn't show hand 
*** SUMMARY ***
Total pot $0.02 | Rake $0 
Seat 1: maxmud131 folded before Flop (didn't bet)
Seat 2: Mtosha (button) folded before Flop (didn't bet)
Seat 3: vm02107 (small blind) folded before Flop
Seat 4: modernexpo (big blind) collected ($0.02)
Seat 5: Zuban442 folded before Flop (didn't bet)
Seat 8: Dorex2007 folded before Flop (didn't bet)
Seat 9: gn4444 folded before Flop (didn't bet)



PokerStars Hand #223976546167:  Hold'em No Limit ($0.01/$0.02 USD) - 2021/02/18 22:43:20 PT [2021/02/19 1:43:20 ET]
Table 'Helenos V' 9-max Seat #3 is the button
Seat 1: maxmud131 ($1.93 in chips) 
Seat 2: Mtosha ($2 in chips) 
Seat 3: vm02107 ($2.05 in chips) 
Seat 4: modernexpo ($3.18 in chips) 
Seat 5: Zuban442 ($2.63 in chips) 
Seat 8: Dorex2007 ($2.84 in chips) 
Seat 9: gn4444 ($1.96 in chips) 
modernexpo: posts small blind $0.01
Zuban442: posts big blind $0.02
<!>E H P ! P: sits out 
Serj7070: sits out 
*** HOLE CARDS ***
Dealt to Dorex2007 [Ah 4c]
Dorex2007: folds 
gn4444: folds 
maxmud131: folds 
Mtosha: folds 
vm02107: raises $0.04 to $0.06
modernexpo: folds 
Zuban442: folds 
Uncalled bet ($0.04) returned to vm02107
vm02107 collected $0.05 from pot
vm02107: doesn't show hand 
*** SUMMARY ***
Total pot $0.05 | Rake $0 
Seat 1: maxmud131 folded before Flop (didn't bet)
Seat 2: Mtosha folded before Flop (didn't bet)
Seat 3: vm02107 (button) collected ($0.05)
Seat 4: modernexpo (small blind) folded before Flop
Seat 5: Zuban442 (big blind) folded before Flop
Seat 8: Dorex2007 folded before Flop (didn't bet)
Seat 9: gn4444 folded before Flop (didn't bet)



PokerStars Hand #223976549670:  Hold'em No Limit ($0.01/$0.02 USD) - 2021/02/18 22:43:38 PT [2021/02/19 1:43:38 ET]
Table 'Helenos V' 9-max Seat #4 is the button
Seat 1: maxmud131 ($1.93 in chips) 
Seat 2: Mtosha ($2 in chips) 
Seat 3: vm02107 ($2.08 in chips) 
Seat 4: modernexpo ($3.17 in chips) 
Seat 5: Zuban442 ($2.61 in chips) 
Seat 6: <!>E H P ! P ($2 in chips) 
Seat 8: Dorex2007 ($2.84 in chips) 
Seat 9: gn4444 ($1.96 in chips) 
Zuban442: posts small blind $0.01
<!>E H P ! P: posts big blind $0.02
Serj7070: sits out 
*** HOLE CARDS ***
Dealt to Dorex2007 [8d 9s]
Dorex2007: folds 
gn4444: folds 
maxmud131: raises $0.02 to $0.04
Mtosha: raises $0.11 to $0.15
vm02107: folds 
modernexpo: folds 
Zuban442: folds 
<!>E H P ! P: folds 
maxmud131: calls $0.11
*** FLOP *** [Kc 3c Ad]
maxmud131: checks 
Mtosha: bets $0.16
maxmud131: calls $0.16
*** TURN *** [Kc 3c Ad] [Qs]
maxmud131: checks 
Mtosha: bets $0.46
maxmud131: calls $0.46
*** RIVER *** [Kc 3c Ad Qs] [4c]
maxmud131: bets $1.16 and is all-in
Mtosha: calls $1.16
*** SHOW DOWN ***
maxmud131: shows [5c Tc] (a flush, King high)
Mtosha: shows [Ah As] (three of a kind, Aces)
maxmud131 collected $3.75 from pot
*** SUMMARY ***
Total pot $3.89 | Rake $0.14 
Board [Kc 3c Ad Qs 4c]
Seat 1: maxmud131 showed [5c Tc] and won ($3.75) with a flush, King high
Seat 2: Mtosha showed [Ah As] and lost with three of a kind, Aces
Seat 3: vm02107 folded before Flop (didn't bet)
Seat 4: modernexpo (button) folded before Flop (didn't bet)
Seat 5: Zuban442 (small blind) folded before Flop
Seat 6: <!>E H P ! P (big blind) folded before Flop
Seat 8: Dorex2007 folded before Flop (didn't bet)
Seat 9: gn4444 folded before Flop (didn't bet)



PokerStars Hand #223976562867:  Hold'em No Limit ($0.01/$0.02 USD) - 2021/02/18 22:44:43 PT [2021/02/19 1:44:43 ET]
Table 'Helenos V' 9-max Seat #5 is the button
Seat 1: maxmud131 ($3.75 in chips) 
Seat 2: Mtosha ($2 in chips) 
Seat 3: vm02107 ($2.08 in chips) 
Seat 4: modernexpo ($3.17 in chips) 
Seat 5: Zuban442 ($2.60 in chips) 
Seat 6: <!>E H P ! P ($2 in chips) 
Seat 8: Dorex2007 ($2.84 in chips) 
Seat 9: gn4444 ($1.96 in chips) 
<!>E H P ! P: posts small blind $0.01
Dorex2007: posts big blind $0.02
*** HOLE CARDS ***
Dealt to Dorex2007 [3s Ac]
gn4444: folds 
maxmud131: folds 
Mtosha: folds 
vm02107: folds 
modernexpo: raises $0.04 to $0.06
Zuban442: folds 
<!>E H P ! P: folds 
Dorex2007: folds 
Uncalled bet ($0.04) returned to modernexpo
modernexpo collected $0.05 from pot
modernexpo: doesn't show hand 
*** SUMMARY ***
Total pot $0.05 | Rake $0 
Seat 1: maxmud131 folded before Flop (didn't bet)
Seat 2: Mtosha folded before Flop (didn't bet)
Seat 3: vm02107 folded before Flop (didn't bet)
Seat 4: modernexpo collected ($0.05)
Seat 5: Zuban442 (button) folded before Flop (didn't bet)
Seat 6: <!>E H P ! P (small blind) folded before Flop
Seat 8: Dorex2007 (big blind) folded before Flop
Seat 9: gn4444 folded before Flop (didn't bet)



PokerStars Hand #223976566969:  Hold'em No Limit ($0.01/$0.02 USD) - 2021/02/18 22:45:04 PT [2021/02/19 1:45:04 ET]
Table 'Helenos V' 9-max Seat #6 is the button
Seat 1: maxmud131 ($3.75 in chips) 
Seat 2: Mtosha ($2 in chips) 
Seat 3: vm02107 ($2.08 in chips) 
Seat 4: modernexpo ($3.20 in chips) 
Seat 5: Zuban442 ($2.60 in chips) 
Seat 6: <!>E H P ! P ($2 in chips) 
Seat 8: Dorex2007 ($2.82 in chips) 
Dorex2007: posts small blind $0.01
gn4444: is sitting out 
maxmud131: posts big blind $0.02
*** HOLE CARDS ***
Dealt to Dorex2007 [Js 5d]
Mtosha: raises $0.02 to $0.04
vm02107: folds 
modernexpo: folds 
Zuban442: folds 
<!>E H P ! P: folds 
Dorex2007: folds 
maxmud131: calls $0.02
*** FLOP *** [2h 9h 6c]
maxmud131: checks 
Mtosha: checks 
*** TURN *** [2h 9h 6c] [2d]
maxmud131: checks 
Mtosha: checks 
*** RIVER *** [2h 9h 6c 2d] [Ah]
maxmud131: bets $0.05
Mtosha: folds 
Uncalled bet ($0.05) returned to maxmud131
maxmud131 collected $0.09 from pot
maxmud131: doesn't show hand 
*** SUMMARY ***
Total pot $0.09 | Rake $0 
Board [2h 9h 6c 2d Ah]
Seat 1: maxmud131 (big blind) collected ($0.09)
Seat 2: Mtosha folded on the River
Seat 3: vm02107 folded before Flop (didn't bet)
Seat 4: modernexpo folded before Flop (didn't bet)
Seat 5: Zuban442 folded before Flop (didn't bet)
Seat 6: <!>E H P ! P (button) folded before Flop (didn't bet)
Seat 8: Dorex2007 (small blind) folded before Flop



PokerStars Hand #223976573527:  Hold'em No Limit ($0.01/$0.02 USD) - 2021/02/18 22:45:38 PT [2021/02/19 1:45:38 ET]
Table 'Helenos V' 9-max Seat #8 is the button
Seat 1: maxmud131 ($3.80 in chips) 
Seat 2: Mtosha ($2 in chips) 
Seat 3: vm02107 ($2.08 in chips) 
Seat 4: modernexpo ($3.20 in chips) 
Seat 5: Zuban442 ($2.60 in chips) 
Seat 6: <!>E H P ! P ($2 in chips) 
Seat 8: Dorex2007 ($2.81 in chips) 
maxmud131: posts small blind $0.01
Mtosha: posts big blind $0.02
*** HOLE CARDS ***
Dealt to Dorex2007 [4d Qc]
vm02107: folds 
modernexpo: folds 
Zuban442: folds 
<!>E H P ! P: raises $0.02 to $0.04
Dorex2007: folds 
maxmud131: folds 
Mtosha: calls $0.02
*** FLOP *** [2h 5h Qd]
Mtosha: checks 
<!>E H P ! P: bets $0.06
Mtosha: folds 
Uncalled bet ($0.06) returned to <!>E H P ! P
<!>E H P ! P collected $0.09 from pot
<!>E H P ! P: doesn't show hand 
*** SUMMARY ***
Total pot $0.09 | Rake $0 
Board [2h 5h Qd]
Seat 1: maxmud131 (small blind) folded before Flop
Seat 2: Mtosha (big blind) folded on the Flop
Seat 3: vm02107 folded before Flop (didn't bet)
Seat 4: modernexpo folded before Flop (didn't bet)
Seat 5: Zuban442 folded before Flop (didn't bet)
Seat 6: <!>E H P ! P collected ($0.09)
Seat 8: Dorex2007 (button) folded before Flop (didn't bet)



PokerStars Hand #223976580243:  Hold'em No Limit ($0.01/$0.02 USD) - 2021/02/18 22:46:13 PT [2021/02/19 1:46:13 ET]
Table 'Helenos V' 9-max Seat #1 is the button
Seat 1: maxmud131 ($3.79 in chips) 
Seat 2: Mtosha ($2 in chips) 
Seat 3: vm02107 ($2.08 in chips) 
Seat 4: modernexpo ($3.20 in chips) 
Seat 5: Zuban442 ($2.60 in chips) 
Seat 6: <!>E H P ! P ($2.05 in chips) 
Seat 8: Dorex2007 ($2.81 in chips) 
Mtosha: posts small blind $0.01
vm02107: posts big blind $0.02
gn4444: sits out 
*** HOLE CARDS ***
Dealt to Dorex2007 [7d 3s]
modernexpo: folds 
Zuban442: folds 
<!>E H P ! P: raises $0.04 to $0.06
Dorex2007: folds 
maxmud131: calls $0.06
Mtosha: calls $0.05
vm02107: folds 
*** FLOP *** [Jd 8d 6c]
Mtosha: checks 
<!>E H P ! P: checks 
maxmud131: checks 
*** TURN *** [Jd 8d 6c] [Qs]
Mtosha: checks 
<!>E H P ! P: checks 
maxmud131: checks 
*** RIVER *** [Jd 8d 6c Qs] [7c]
Mtosha: checks 
<!>E H P ! P: checks 
maxmud131: checks 
*** SHOW DOWN ***
Mtosha: shows [6h 4h] (a pair of Sixes)
<!>E H P ! P: shows [Kc Qc] (a pair of Queens)
maxmud131: mucks hand 
<!>E H P ! P collected $0.19 from pot
*** SUMMARY ***
Total pot $0.20 | Rake $0.01 
Board [Jd 8d 6c Qs 7c]
Seat 1: maxmud131 (button) mucked [As 5s]
Seat 2: Mtosha (small blind) showed [6h 4h] and lost with a pair of Sixes
Seat 3: vm02107 (big blind) folded before Flop
Seat 4: modernexpo folded before Flop (didn't bet)
Seat 5: Zuban442 folded before Flop (didn't bet)
Seat 6: <!>E H P ! P showed [Kc Qc] and won ($0.19) with a pair of Queens
Seat 8: Dorex2007 folded before Flop (didn't bet)



PokerStars Hand #223976598304:  Hold'em No Limit ($0.01/$0.02 USD) - 2021/02/18 22:47:03 PT [2021/02/19 1:47:03 ET]
Table 'Helenos V' 9-max Seat #2 is the button
Seat 1: maxmud131 ($3.73 in chips) 
Seat 2: Mtosha ($2 in chips) 
Seat 3: vm02107 ($2.06 in chips) 
Seat 4: modernexpo ($3.20 in chips) 
Seat 5: Zuban442 ($2.60 in chips) 
Seat 6: <!>E H P ! P ($2.18 in chips) 
Seat 8: Dorex2007 ($2.81 in chips) 
vm02107: posts small blind $0.01
modernexpo: posts big blind $0.02
gn4444: sits out 
*** HOLE CARDS ***
Dealt to Dorex2007 [Jc 5h]
Zuban442: folds 
<!>E H P ! P: folds 
Dorex2007: folds 
maxmud131: folds 
Mtosha: raises $0.05 to $0.07
vm02107: folds 
modernexpo: folds 
Uncalled bet ($0.05) returned to Mtosha
Mtosha collected $0.05 from pot
*** SUMMARY ***
Total pot $0.05 | Rake $0 
Seat 1: maxmud131 folded before Flop (didn't bet)
Seat 2: Mtosha (button) collected ($0.05)
Seat 3: vm02107 (small blind) folded before Flop
Seat 4: modernexpo (big blind) folded before Flop
Seat 5: Zuban442 folded before Flop (didn't bet)
Seat 6: <!>E H P ! P folded before Flop (didn't bet)
Seat 8: Dorex2007 folded before Flop (didn't bet)



PokerStars Hand #223976602481:  Hold'em No Limit ($0.01/$0.02 USD) - 2021/02/18 22:47:25 PT [2021/02/19 1:47:25 ET]
Table 'Helenos V' 9-max Seat #3 is the button
Seat 1: maxmud131 ($3.73 in chips) 
Seat 2: Mtosha ($2.03 in chips) 
Seat 3: vm02107 ($2.05 in chips) 
Seat 4: modernexpo ($3.18 in chips) 
Seat 5: Zuban442 ($2.60 in chips) 
Seat 6: <!>E H P ! P ($2.18 in chips) 
Seat 8: Dorex2007 ($2.81 in chips) 
modernexpo: posts small blind $0.01
Zuban442: posts big blind $0.02
gn4444: sits out 
*** HOLE CARDS ***
Dealt to Dorex2007 [Kh Ks]
<!>E H P ! P: calls $0.02
Dorex2007: raises $0.04 to $0.06
maxmud131: folds 
Mtosha: folds 
vm02107: folds 
modernexpo: folds 
Zuban442: folds 
<!>E H P ! P: calls $0.04
*** FLOP *** [Kc Qc 5d]
<!>E H P ! P: checks 
Dorex2007: checks 
*** TURN *** [Kc Qc 5d] [Jc]
<!>E H P ! P: checks 
Dorex2007: bets $0.14
<!>E H P ! P: folds 
Uncalled bet ($0.14) returned to Dorex2007
Dorex2007 collected $0.14 from pot
Dorex2007: doesn't show hand 
*** SUMMARY ***
Total pot $0.15 | Rake $0.01 
Board [Kc Qc 5d Jc]
Seat 1: maxmud131 folded before Flop (didn't bet)
Seat 2: Mtosha folded before Flop (didn't bet)
Seat 3: vm02107 (button) folded before Flop (didn't bet)
Seat 4: modernexpo (small blind) folded before Flop
Seat 5: Zuban442 (big blind) folded before Flop
Seat 6: <!>E H P ! P folded on the Turn
Seat 8: Dorex2007 collected ($0.14)



PokerStars Hand #223976611323:  Hold'em No Limit ($0.01/$0.02 USD) - 2021/02/18 22:48:11 PT [2021/02/19 1:48:11 ET]
Table 'Helenos V' 9-max Seat #4 is the button
Seat 1: maxmud131 ($3.73 in chips) 
Seat 2: Mtosha ($2.03 in chips) 
Seat 3: vm02107 ($2.05 in chips) 
Seat 4: modernexpo ($3.17 in chips) 
Seat 5: Zuban442 ($2.58 in chips) 
Seat 6: <!>E H P ! P ($2.12 in chips) 
Seat 8: Dorex2007 ($2.89 in chips) 
Zuban442: posts small blind $0.01
<!>E H P ! P: posts big blind $0.02
Serj7070: sits out 
gn4444: sits out 
*** HOLE CARDS ***
Dealt to Dorex2007 [5d Jd]
Dorex2007: folds 
maxmud131: calls $0.02
Mtosha: raises $0.07 to $0.09
vm02107: folds 
modernexpo: folds 
Zuban442: folds 
<!>E H P ! P: calls $0.07
maxmud131: calls $0.07
*** FLOP *** [Qc 2d Td]
<!>E H P ! P: checks 
maxmud131: bets $0.04
Mtosha: calls $0.04
<!>E H P ! P: folds 
*** TURN *** [Qc 2d Td] [Jc]
maxmud131: bets $0.06
Mtosha: raises $0.47 to $0.53
maxmud131: folds 
Uncalled bet ($0.47) returned to Mtosha
Mtosha collected $0.46 from pot
*** SUMMARY ***
Total pot $0.48 | Rake $0.02 
Board [Qc 2d Td Jc]
Seat 1: maxmud131 folded on the Turn
Seat 2: Mtosha collected ($0.46)
Seat 3: vm02107 folded before Flop (didn't bet)
Seat 4: modernexpo (button) folded before Flop (didn't bet)
Seat 5: Zuban442 (small blind) folded before Flop
Seat 6: <!>E H P ! P (big blind) folded on the Flop
Seat 8: Dorex2007 folded before Flop (didn't bet)



PokerStars Hand #223976624458:  Hold'em No Limit ($0.01/$0.02 USD) - 2021/02/18 22:49:19 PT [2021/02/19 1:49:19 ET]
Table 'Helenos V' 9-max Seat #5 is the button
Seat 1: maxmud131 ($3.54 in chips) 
Seat 2: Mtosha ($2.30 in chips) 
Seat 3: vm02107 ($2.05 in chips) 
Seat 4: modernexpo ($3.17 in chips) 
Seat 5: Zuban442 ($2.57 in chips) 
Seat 6: <!>E H P ! P ($2.03 in chips) 
Seat 7: Serj7070 ($1 in chips) 
Seat 8: Dorex2007 ($2.89 in chips) 
<!>E H P ! P: posts small blind $0.01
Serj7070: posts big blind $0.02
gn4444: sits out 
*** HOLE CARDS ***
Dealt to Dorex2007 [7s 3d]
Dorex2007: folds 
maxmud131: folds 
Mtosha: raises $0.02 to $0.04
vm02107: folds 
modernexpo: folds 
Zuban442: folds 
<!>E H P ! P: folds 
Serj7070: calls $0.02
*** FLOP *** [3h 4h 6d]
Serj7070: checks 
Mtosha: bets $0.09
Serj7070: folds 
Uncalled bet ($0.09) returned to Mtosha
Mtosha collected $0.09 from pot
*** SUMMARY ***
Total pot $0.09 | Rake $0 
Board [3h 4h 6d]
Seat 1: maxmud131 folded before Flop (didn't bet)
Seat 2: Mtosha collected ($0.09)
Seat 3: vm02107 folded before Flop (didn't bet)
Seat 4: modernexpo folded before Flop (didn't bet)
Seat 5: Zuban442 (button) folded before Flop (didn't bet)
Seat 6: <!>E H P ! P (small blind) folded before Flop
Seat 7: Serj7070 (big blind) folded on the Flop
Seat 8: Dorex2007 folded before Flop (didn't bet)



PokerStars Hand #223976632492:  Hold'em No Limit ($0.01/$0.02 USD) - 2021/02/18 22:50:00 PT [2021/02/19 1:50:00 ET]
Table 'Helenos V' 9-max Seat #6 is the button
Seat 1: maxmud131 ($3.54 in chips) 
Seat 2: Mtosha ($2.35 in chips) 
Seat 3: vm02107 ($2.05 in chips) 
Seat 4: modernexpo ($3.17 in chips) 
Seat 5: Zuban442 ($2.57 in chips) 
Seat 6: <!>E H P ! P ($2.02 in chips) 
Seat 7: Serj7070 ($0.96 in chips) 
Seat 8: Dorex2007 ($2.89 in chips) 
Serj7070: posts small blind $0.01
Dorex2007: posts big blind $0.02
gn4444: sits out 
*** HOLE CARDS ***
Dealt to Dorex2007 [Th 5h]
maxmud131: raises $0.02 to $0.04
Mtosha: folds 
vm02107: folds 
modernexpo: calls $0.04
Zuban442: folds 
<!>E H P ! P: folds 
Serj7070: calls $0.03
Dorex2007: calls $0.02
*** FLOP *** [5d 2s 6h]
Serj7070: checks 
Dorex2007: bets $0.08
maxmud131: raises $0.31 to $0.39
modernexpo: folds 
Serj7070: folds 
Dorex2007: folds 
Uncalled bet ($0.31) returned to maxmud131
maxmud131 collected $0.31 from pot
maxmud131: doesn't show hand 
*** SUMMARY ***
Total pot $0.32 | Rake $0.01 
Board [5d 2s 6h]
Seat 1: maxmud131 collected ($0.31)
Seat 2: Mtosha folded before Flop (didn't bet)
Seat 3: vm02107 folded before Flop (didn't bet)
Seat 4: modernexpo folded on the Flop
Seat 5: Zuban442 folded before Flop (didn't bet)
Seat 6: <!>E H P ! P (button) folded before Flop (didn't bet)
Seat 7: Serj7070 (small blind) folded on the Flop
Seat 8: Dorex2007 (big blind) folded on the Flop



PokerStars Hand #223976642246:  Hold'em No Limit ($0.01/$0.02 USD) - 2021/02/18 22:50:51 PT [2021/02/19 1:50:51 ET]
Table 'Helenos V' 9-max Seat #7 is the button
Seat 1: maxmud131 ($3.73 in chips) 
Seat 2: Mtosha ($2.35 in chips) 
Seat 3: vm02107 ($2.05 in chips) 
Seat 4: modernexpo ($3.13 in chips) 
Seat 5: Zuban442 ($2.57 in chips) 
Seat 6: <!>E H P ! P ($2.02 in chips) 
Seat 7: Serj7070 ($0.92 in chips) 
Seat 8: Dorex2007 ($2.77 in chips) 
Seat 9: gn4444 ($1.96 in chips) 
Dorex2007: posts small blind $0.01
gn4444: posts big blind $0.02
*** HOLE CARDS ***
Dealt to Dorex2007 [4c 7h]
maxmud131: calls $0.02
Mtosha: folds 
vm02107: folds 
modernexpo: folds 
Zuban442: folds 
<!>E H P ! P: folds 
Serj7070: calls $0.02
Dorex2007: folds 
gn4444: checks 
*** FLOP *** [Js 2c Qd]
gn4444: checks 
maxmud131: bets $0.04
Serj7070: calls $0.04
gn4444: folds 
*** TURN *** [Js 2c Qd] [7c]
maxmud131: bets $0.07
Serj7070: calls $0.07
*** RIVER *** [Js 2c Qd 7c] [Jc]
maxmud131: bets $0.28
Serj7070: folds 
Uncalled bet ($0.28) returned to maxmud131
maxmud131 collected $0.28 from pot
maxmud131: doesn't show hand 
*** SUMMARY ***
Total pot $0.29 | Rake $0.01 
Board [Js 2c Qd 7c Jc]
Seat 1: maxmud131 collected ($0.28)
Seat 2: Mtosha folded before Flop (didn't bet)
Seat 3: vm02107 folded before Flop (didn't bet)
Seat 4: modernexpo folded before Flop (didn't bet)
Seat 5: Zuban442 folded before Flop (didn't bet)
Seat 6: <!>E H P ! P folded before Flop (didn't bet)
Seat 7: Serj7070 (button) folded on the River
Seat 8: Dorex2007 (small blind) folded before Flop
Seat 9: gn4444 (big blind) folded on the Flop



PokerStars Hand #223976650520:  Hold'em No Limit ($0.01/$0.02 USD) - 2021/02/18 22:51:34 PT [2021/02/19 1:51:34 ET]
Table 'Helenos V' 9-max Seat #8 is the button
Seat 1: maxmud131 ($3.88 in chips) 
Seat 2: Mtosha ($2.35 in chips) 
Seat 3: vm02107 ($2.05 in chips) 
Seat 4: modernexpo ($3.13 in chips) 
Seat 5: Zuban442 ($2.57 in chips) 
Seat 6: <!>E H P ! P ($2.02 in chips) 
Seat 7: Serj7070 ($0.79 in chips) 
Seat 8: Dorex2007 ($2.76 in chips) 
Seat 9: gn4444 ($2 in chips) 
gn4444: posts small blind $0.01
maxmud131: posts big blind $0.02
*** HOLE CARDS ***
Dealt to Dorex2007 [9d 4d]
Mtosha: folds 
vm02107: folds 
modernexpo: folds 
Zuban442: folds 
<!>E H P ! P: folds 
Serj7070: raises $0.02 to $0.04
Dorex2007: folds 
gn4444: folds 
Mtosha leaves the table
maxmud131: folds 
Uncalled bet ($0.02) returned to Serj7070
Serj7070 collected $0.05 from pot
Serj7070: doesn't show hand 
*** SUMMARY ***
Total pot $0.05 | Rake $0 
Seat 1: maxmud131 (big blind) folded before Flop
Seat 2: Mtosha folded before Flop (didn't bet)
Seat 3: vm02107 folded before Flop (didn't bet)
Seat 4: modernexpo folded before Flop (didn't bet)
Seat 5: Zuban442 folded before Flop (didn't bet)
Seat 6: <!>E H P ! P folded before Flop (didn't bet)
Seat 7: Serj7070 collected ($0.05)
Seat 8: Dorex2007 (button) folded before Flop (didn't bet)
Seat 9: gn4444 (small blind) folded before Flop



PokerStars Hand #223976655550:  Hold'em No Limit ($0.01/$0.02 USD) - 2021/02/18 22:52:00 PT [2021/02/19 1:52:00 ET]
Table 'Helenos V' 9-max Seat #9 is the button
Seat 1: maxmud131 ($3.86 in chips) 
Seat 3: vm02107 ($2.05 in chips) 
Seat 4: modernexpo ($3.13 in chips) 
Seat 5: Zuban442 ($2.57 in chips) 
Seat 6: <!>E H P ! P ($2.02 in chips) 
Seat 7: Serj7070 ($0.82 in chips) 
Seat 8: Dorex2007 ($2.76 in chips) 
Seat 9: gn4444 ($1.99 in chips) 
maxmud131: posts small blind $0.01
vm02107: posts big blind $0.02
*** HOLE CARDS ***
Dealt to Dorex2007 [6c Qs]
modernexpo: folds 
Zuban442: folds 
<!>E H P ! P: folds 
Serj7070: calls $0.02
Dorex2007: folds 
gn4444: raises $0.08 to $0.10
maxmud131: folds 
Hiruyama joins the table at seat #2 
vm02107 is disconnected 
vm02107 has timed out while disconnected
vm02107: folds 
Serj7070: calls $0.08
*** FLOP *** [Ts 6s Jh]
Serj7070: bets $0.06
gn4444: calls $0.06
*** TURN *** [Ts 6s Jh] [Td]
Serj7070: checks 
gn4444: bets $0.20
Serj7070: calls $0.20
*** RIVER *** [Ts 6s Jh Td] [9h]
Serj7070: checks 
gn4444: checks 
*** SHOW DOWN ***
Serj7070: shows [8h Th] (three of a kind, Tens)
gn4444: mucks hand 
Serj7070 collected $0.72 from pot
*** SUMMARY ***
Total pot $0.75 | Rake $0.03 
Board [Ts 6s Jh Td 9h]
Seat 1: maxmud131 (small blind) folded before Flop
Seat 3: vm02107 (big blind) folded before Flop
Seat 4: modernexpo folded before Flop (didn't bet)
Seat 5: Zuban442 folded before Flop (didn't bet)
Seat 6: <!>E H P ! P folded before Flop (didn't bet)
Seat 7: Serj7070 showed [8h Th] and won ($0.72) with three of a kind, Tens
Seat 8: Dorex2007 folded before Flop (didn't bet)
Seat 9: gn4444 (button) mucked [Kd As]



PokerStars Hand #223976678413:  Hold'em No Limit ($0.01/$0.02 USD) - 2021/02/18 22:53:58 PT [2021/02/19 1:53:58 ET]
Table 'Helenos V' 9-max Seat #1 is the button
Seat 1: maxmud131 ($3.85 in chips) 
Seat 4: modernexpo ($3.13 in chips) 
Seat 5: Zuban442 ($2.57 in chips) 
Seat 6: <!>E H P ! P ($2.02 in chips) 
Seat 7: Serj7070 ($1.18 in chips) 
Seat 8: Dorex2007 ($2.76 in chips) 
Seat 9: gn4444 ($2 in chips) 
modernexpo: posts small blind $0.01
Zuban442: posts big blind $0.02
*** HOLE CARDS ***
Dealt to Dorex2007 [As Qh]
<!>E H P ! P: folds 
Serj7070: folds 
Dorex2007: raises $0.04 to $0.06
gn4444: folds 
maxmud131: folds 
modernexpo: folds 
Zuban442: folds 
Uncalled bet ($0.04) returned to Dorex2007
Dorex2007 collected $0.05 from pot
Dorex2007: doesn't show hand 
*** SUMMARY ***
Total pot $0.05 | Rake $0 
Seat 1: maxmud131 (button) folded before Flop (didn't bet)
Seat 4: modernexpo (small blind) folded before Flop
Seat 5: Zuban442 (big blind) folded before Flop
Seat 6: <!>E H P ! P folded before Flop (didn't bet)
Seat 7: Serj7070 folded before Flop (didn't bet)
Seat 8: Dorex2007 collected ($0.05)
Seat 9: gn4444 folded before Flop (didn't bet)



PokerStars Hand #223976680330:  Hold'em No Limit ($0.01/$0.02 USD) - 2021/02/18 22:54:08 PT [2021/02/19 1:54:08 ET]
Table 'Helenos V' 9-max Seat #4 is the button
Seat 1: maxmud131 ($3.85 in chips) 
Seat 4: modernexpo ($3.12 in chips) 
Seat 5: Zuban442 ($2.55 in chips) 
Seat 6: <!>E H P ! P ($2.02 in chips) 
Seat 7: Serj7070 ($1.18 in chips) 
Seat 8: Dorex2007 ($2.79 in chips) 
Seat 9: gn4444 ($2 in chips) 
Zuban442: posts small blind $0.01
<!>E H P ! P: posts big blind $0.02
Hiruyama: sits out 
*** HOLE CARDS ***
Dealt to Dorex2007 [Ts Kc]
Serj7070: raises $0.02 to $0.04
Dorex2007: calls $0.04
gn4444: folds 
maxmud131: folds 
modernexpo: folds 
Zuban442: folds 
<!>E H P ! P: folds 
*** FLOP *** [Ks 4s 6h]
Serj7070: checks 
Dorex2007: bets $0.11
Serj7070: calls $0.11
*** TURN *** [Ks 4s 6h] [Jh]
Serj7070: checks 
Dorex2007: bets $0.32
Serj7070: folds 
Uncalled bet ($0.32) returned to Dorex2007
Dorex2007 collected $0.32 from pot
Dorex2007: doesn't show hand 
*** SUMMARY ***
Total pot $0.33 | Rake $0.01 
Board [Ks 4s 6h Jh]
Seat 1: maxmud131 folded before Flop (didn't bet)
Seat 4: modernexpo (button) folded before Flop (didn't bet)
Seat 5: Zuban442 (small blind) folded before Flop
Seat 6: <!>E H P ! P (big blind) folded before Flop
Seat 7: Serj7070 folded on the Turn
Seat 8: Dorex2007 collected ($0.32)
Seat 9: gn4444 folded before Flop (didn't bet)



