PokerStars Hand #237428539219:  Hold'em No Limit ($0.02/$0.05 USD) - 2022/07/17 21:00:03 PT [2022/07/18 0:00:03 ET]
Table 'Circe IV' 9-max Seat #8 is the button
Seat 2: Dorex2007 ($5.39 in chips) 
Seat 3: leopoker1 ($5.90 in chips) 
Seat 4: freeyoumind ($5.19 in chips) 
Seat 5: japa--8721 ($3.94 in chips) 
Seat 6: HAEMHuk2009 ($9.70 in chips) 
Seat 7: BluffOnTable ($5 in chips) 
Seat 8: webmarrr ($5 in chips) 
Seat 9: dumebel ($14.22 in chips) 
dumebel: posts small blind $0.02
Dorex2007: posts big blind $0.05
*** HOLE CARDS ***
Dealt to Dorex2007 [Ts 2d]
leopoker1 has timed out
leopoker1: folds 
freeyoumind: folds 
japa--8721: folds 
HAEMHuk2009: folds 
BluffOnTable: folds 
webmarrr: folds 
dumebel: raises $0.10 to $0.15
Dorex2007: folds 
Uncalled bet ($0.10) returned to dumebel
dumebel collected $0.10 from pot
*** SUMMARY ***
Total pot $0.10 | Rake $0 
Seat 2: Dorex2007 (big blind) folded before Flop
Seat 3: leopoker1 folded before Flop (didn't bet)
Seat 4: freeyoumind folded before Flop (didn't bet)
Seat 5: japa--8721 folded before Flop (didn't bet)
Seat 6: HAEMHuk2009 folded before Flop (didn't bet)
Seat 7: BluffOnTable folded before Flop (didn't bet)
Seat 8: webmarrr (button) folded before Flop (didn't bet)
Seat 9: dumebel (small blind) collected ($0.10)



PokerStars Hand #237428543374:  Hold'em No Limit ($0.02/$0.05 USD) - 2022/07/17 21:00:39 PT [2022/07/18 0:00:39 ET]
Table 'Circe IV' 9-max Seat #9 is the button
Seat 2: Dorex2007 ($5.34 in chips) 
Seat 3: leopoker1 ($5.90 in chips) 
Seat 4: freeyoumind ($5.19 in chips) 
Seat 5: japa--8721 ($3.94 in chips) 
Seat 6: HAEMHuk2009 ($9.70 in chips) 
Seat 7: BluffOnTable ($5 in chips) 
Seat 8: webmarrr ($5 in chips) 
Seat 9: dumebel ($14.27 in chips) 
Dorex2007: posts small blind $0.02
leopoker1: posts big blind $0.05
*** HOLE CARDS ***
Dealt to Dorex2007 [Ks 9d]
freeyoumind: folds 
japa--8721 has timed out
japa--8721: folds 
HAEMHuk2009: folds 
BluffOnTable: folds 
BluffOnTable leaves the table
webmarrr: folds 
japa--8721 leaves the table
dumebel: raises $0.10 to $0.15
Dorex2007: folds 
leopoker1: folds 
Uncalled bet ($0.10) returned to dumebel
dumebel collected $0.12 from pot
*** SUMMARY ***
Total pot $0.12 | Rake $0 
Seat 2: Dorex2007 (small blind) folded before Flop
Seat 3: leopoker1 (big blind) folded before Flop
Seat 4: freeyoumind folded before Flop (didn't bet)
Seat 5: japa--8721 folded before Flop (didn't bet)
Seat 6: HAEMHuk2009 folded before Flop (didn't bet)
Seat 7: BluffOnTable folded before Flop (didn't bet)
Seat 8: webmarrr folded before Flop (didn't bet)
Seat 9: dumebel (button) collected ($0.12)



PokerStars Hand #237428547919:  Hold'em No Limit ($0.02/$0.05 USD) - 2022/07/17 21:01:15 PT [2022/07/18 0:01:15 ET]
Table 'Circe IV' 9-max Seat #2 is the button
Seat 2: Dorex2007 ($5.32 in chips) 
Seat 3: leopoker1 ($5.85 in chips) 
Seat 4: freeyoumind ($5.19 in chips) 
Seat 6: HAEMHuk2009 ($9.70 in chips) 
Seat 8: webmarrr ($5 in chips) 
Seat 9: dumebel ($14.34 in chips) 
leopoker1: posts small blind $0.02
freeyoumind: posts big blind $0.05
*** HOLE CARDS ***
Dealt to Dorex2007 [9h 7c]
HAEMHuk2009: folds 
webmarrr: folds 
dumebel: folds 
dumebel leaves the table
Dorex2007: folds 
leopoker1: raises $0.10 to $0.15
freeyoumind: folds 
Uncalled bet ($0.10) returned to leopoker1
leopoker1 collected $0.10 from pot
*** SUMMARY ***
Total pot $0.10 | Rake $0 
Seat 2: Dorex2007 (button) folded before Flop (didn't bet)
Seat 3: leopoker1 (small blind) collected ($0.10)
Seat 4: freeyoumind (big blind) folded before Flop
Seat 6: HAEMHuk2009 folded before Flop (didn't bet)
Seat 8: webmarrr folded before Flop (didn't bet)
Seat 9: dumebel folded before Flop (didn't bet)



PokerStars Hand #237428550435:  Hold'em No Limit ($0.02/$0.05 USD) - 2022/07/17 21:01:36 PT [2022/07/18 0:01:36 ET]
Table 'Circe IV' 9-max Seat #3 is the button
Seat 2: Dorex2007 ($5.32 in chips) 
Seat 3: leopoker1 ($5.90 in chips) 
Seat 4: freeyoumind ($5.14 in chips) 
Seat 6: HAEMHuk2009 ($9.70 in chips) 
Seat 8: webmarrr ($5 in chips) 
freeyoumind: posts small blind $0.02
HAEMHuk2009: posts big blind $0.05
*** HOLE CARDS ***
Dealt to Dorex2007 [Kd 7d]
webmarrr: folds 
Dorex2007: folds 
leopoker1: raises $0.10 to $0.15
freeyoumind: folds 
HAEMHuk2009: calls $0.10
*** FLOP *** [9d 9s 5d]
HAEMHuk2009: bets $0.16
leopoker1: folds 
Uncalled bet ($0.16) returned to HAEMHuk2009
HAEMHuk2009 collected $0.31 from pot
*** SUMMARY ***
Total pot $0.32 | Rake $0.01 
Board [9d 9s 5d]
Seat 2: Dorex2007 folded before Flop (didn't bet)
Seat 3: leopoker1 (button) folded on the Flop
Seat 4: freeyoumind (small blind) folded before Flop
Seat 6: HAEMHuk2009 (big blind) collected ($0.31)
Seat 8: webmarrr folded before Flop (didn't bet)



PokerStars Hand #237428555598:  Hold'em No Limit ($0.02/$0.05 USD) - 2022/07/17 21:02:18 PT [2022/07/18 0:02:18 ET]
Table 'Circe IV' 9-max Seat #4 is the button
Seat 2: Dorex2007 ($5.32 in chips) 
Seat 3: leopoker1 ($5.75 in chips) 
Seat 4: freeyoumind ($5.12 in chips) 
Seat 6: HAEMHuk2009 ($9.86 in chips) 
HAEMHuk2009: posts small blind $0.02
webmarrr: is sitting out 
Dorex2007: posts big blind $0.05
*** HOLE CARDS ***
Dealt to Dorex2007 [6c Ad]
webmarrr leaves the table
leopoker1: folds 
freeyoumind: raises $0.05 to $0.10
HAEMHuk2009: calls $0.08
Dorex2007: folds 
*** FLOP *** [5d Ac 2c]
HAEMHuk2009: bets $0.18
freeyoumind: raises $0.27 to $0.45
HAEMHuk2009: folds 
Uncalled bet ($0.27) returned to freeyoumind
freeyoumind collected $0.58 from pot
*** SUMMARY ***
Total pot $0.61 | Rake $0.03 
Board [5d Ac 2c]
Seat 2: Dorex2007 (big blind) folded before Flop
Seat 3: leopoker1 folded before Flop (didn't bet)
Seat 4: freeyoumind (button) collected ($0.58)
Seat 6: HAEMHuk2009 (small blind) folded on the Flop



PokerStars Hand #237428561280:  Hold'em No Limit ($0.02/$0.05 USD) - 2022/07/17 21:03:03 PT [2022/07/18 0:03:03 ET]
Table 'Circe IV' 9-max Seat #2 is the button
Seat 2: Dorex2007 ($5.27 in chips) 
Seat 6: HAEMHuk2009 ($9.58 in chips) 
Dorex2007: posts small blind $0.02
leopoker1: is sitting out 
freeyoumind: is sitting out 
HAEMHuk2009: posts big blind $0.05
*** HOLE CARDS ***
Dealt to Dorex2007 [Kh 2c]
leopoker1 leaves the table
Dorex2007: folds 
Uncalled bet ($0.03) returned to HAEMHuk2009
HAEMHuk2009 collected $0.04 from pot
*** SUMMARY ***
Total pot $0.04 | Rake $0 
Seat 2: Dorex2007 (button) (small blind) folded before Flop
Seat 6: HAEMHuk2009 (big blind) collected ($0.04)



