PokerStars Hand #237148602917:  Hold'em No Limit ($0.01/$0.02 USD) - 2022/07/03 19:37:35 PT [2022/07/03 22:37:35 ET]
Table 'Barto II' 9-max Seat #3 is the button
Seat 1: tayde310 ($4.23 in chips) 
Seat 2: Dorex2007 ($2 in chips) 
Seat 3: Tikagus ($2.41 in chips) 
Seat 4: only6-6lol ($1.46 in chips) 
Seat 5: Teddy_KG8 ($2.40 in chips) 
Seat 7: Pepono101 ($2.41 in chips) 
Seat 8: MagomanBR ($3.18 in chips) 
Seat 9: Marko82352 ($2.11 in chips) 
only6-6lol: posts small blind $0.01
Teddy_KG8: posts big blind $0.02
vkorgik: sits out 
Dorex2007: posts big blind $0.02
*** HOLE CARDS ***
Dealt to Dorex2007 [Jh 4s]
Pepono101: folds 
MagomanBR: raises $0.02 to $0.04
Marko82352: calls $0.04
tayde310: folds 
Dorex2007: folds 
Tikagus has timed out
Tikagus: folds 
only6-6lol: calls $0.03
Teddy_KG8: calls $0.02
*** FLOP *** [Td 9s 2d]
only6-6lol: bets $1.42 and is all-in
Teddy_KG8: folds 
MagomanBR: calls $1.42
Marko82352: folds 
*** TURN *** [Td 9s 2d] [9c]
*** RIVER *** [Td 9s 2d 9c] [9h]
*** SHOW DOWN ***
only6-6lol: shows [Ts 7d] (a full house, Nines full of Tens)
MagomanBR: shows [9d Ad] (four of a kind, Nines)
MagomanBR collected $2.91 from pot
*** SUMMARY ***
Total pot $3.02 | Rake $0.11 
Board [Td 9s 2d 9c 9h]
Seat 1: tayde310 folded before Flop (didn't bet)
Seat 2: Dorex2007 folded before Flop (didn't bet)
Seat 3: Tikagus (button) folded before Flop (didn't bet)
Seat 4: only6-6lol (small blind) showed [Ts 7d] and lost with a full house, Nines full of Tens
Seat 5: Teddy_KG8 (big blind) folded on the Flop
Seat 7: Pepono101 folded before Flop (didn't bet)
Seat 8: MagomanBR showed [9d Ad] and won ($2.91) with four of a kind, Nines
Seat 9: Marko82352 folded on the Flop



PokerStars Hand #237148616745:  Hold'em No Limit ($0.01/$0.02 USD) - 2022/07/03 19:39:05 PT [2022/07/03 22:39:05 ET]
Table 'Barto II' 9-max Seat #5 is the button
Seat 1: tayde310 ($4.23 in chips) 
Seat 2: Dorex2007 ($2 in chips) 
Seat 3: Tikagus ($2.41 in chips) 
Seat 5: Teddy_KG8 ($2.36 in chips) 
Seat 7: Pepono101 ($2.41 in chips) 
Seat 8: MagomanBR ($4.63 in chips) 
Seat 9: Marko82352 ($2.07 in chips) 
Pepono101: posts small blind $0.01
MagomanBR: posts big blind $0.02
*** HOLE CARDS ***
Dealt to Dorex2007 [2c 3s]
Marko82352: raises $0.08 to $0.10
tayde310: folds 
Dorex2007: folds 
Tikagus: calls $0.10
Teddy_KG8: folds 
Pepono101: folds 
MagomanBR: folds 
*** FLOP *** [8h 3h Qc]
Marko82352: bets $0.06
Tikagus: calls $0.06
*** TURN *** [8h 3h Qc] [7h]
Marko82352: bets $0.28
Tikagus: folds 
Uncalled bet ($0.28) returned to Marko82352
Marko82352 collected $0.34 from pot
*** SUMMARY ***
Total pot $0.35 | Rake $0.01 
Board [8h 3h Qc 7h]
Seat 1: tayde310 folded before Flop (didn't bet)
Seat 2: Dorex2007 folded before Flop (didn't bet)
Seat 3: Tikagus folded on the Turn
Seat 5: Teddy_KG8 (button) folded before Flop (didn't bet)
Seat 7: Pepono101 (small blind) folded before Flop
Seat 8: MagomanBR (big blind) folded before Flop
Seat 9: Marko82352 collected ($0.34)



PokerStars Hand #237148628032:  Hold'em No Limit ($0.01/$0.02 USD) - 2022/07/03 19:40:18 PT [2022/07/03 22:40:18 ET]
Table 'Barto II' 9-max Seat #7 is the button
Seat 1: tayde310 ($4.23 in chips) 
Seat 2: Dorex2007 ($2 in chips) 
Seat 3: Tikagus ($2.25 in chips) 
Seat 4: only6-6lol ($2 in chips) 
Seat 5: Teddy_KG8 ($2.36 in chips) 
Seat 7: Pepono101 ($2.40 in chips) 
Seat 8: MagomanBR ($4.61 in chips) 
Seat 9: Marko82352 ($2.25 in chips) 
MagomanBR: posts small blind $0.01
Marko82352: posts big blind $0.02
vkorgik: sits out 
*** HOLE CARDS ***
Dealt to Dorex2007 [9d 7d]
tayde310: folds 
Dorex2007: folds 
Tikagus has timed out
Tikagus: folds 
only6-6lol: folds 
Teddy_KG8: folds 
Pepono101: calls $0.02
MagomanBR: raises $0.08 to $0.10
Marko82352: calls $0.08
Pepono101: folds 
*** FLOP *** [3c Tc 2s]
MagomanBR: checks 
Marko82352: checks 
*** TURN *** [3c Tc 2s] [6d]
MagomanBR: bets $0.16
Marko82352: folds 
Uncalled bet ($0.16) returned to MagomanBR
MagomanBR collected $0.21 from pot
*** SUMMARY ***
Total pot $0.22 | Rake $0.01 
Board [3c Tc 2s 6d]
Seat 1: tayde310 folded before Flop (didn't bet)
Seat 2: Dorex2007 folded before Flop (didn't bet)
Seat 3: Tikagus folded before Flop (didn't bet)
Seat 4: only6-6lol folded before Flop (didn't bet)
Seat 5: Teddy_KG8 folded before Flop (didn't bet)
Seat 7: Pepono101 (button) folded before Flop
Seat 8: MagomanBR (small blind) collected ($0.21)
Seat 9: Marko82352 (big blind) folded on the Turn



PokerStars Hand #237148637979:  Hold'em No Limit ($0.01/$0.02 USD) - 2022/07/03 19:41:23 PT [2022/07/03 22:41:23 ET]
Table 'Barto II' 9-max Seat #8 is the button
Seat 1: tayde310 ($4.23 in chips) 
Seat 2: Dorex2007 ($2 in chips) 
Seat 3: Tikagus ($2.25 in chips) 
Seat 4: only6-6lol ($2 in chips) 
Seat 5: Teddy_KG8 ($2.36 in chips) 
Seat 7: Pepono101 ($2.38 in chips) 
Seat 8: MagomanBR ($4.72 in chips) 
Seat 9: Marko82352 ($2.15 in chips) 
Marko82352: posts small blind $0.01
tayde310: posts big blind $0.02
vkorgik: sits out 
*** HOLE CARDS ***
Dealt to Dorex2007 [3h Kh]
Dorex2007: folds 
Tikagus has timed out
Tikagus: folds 
only6-6lol: calls $0.02
Teddy_KG8: calls $0.02
Pepono101: folds 
MagomanBR: raises $0.02 to $0.04
Marko82352: calls $0.03
tayde310: folds 
only6-6lol: calls $0.02
Teddy_KG8: calls $0.02
*** FLOP *** [Ts Ah 6d]
Marko82352: checks 
only6-6lol: checks 
Teddy_KG8: checks 
MagomanBR: checks 
*** TURN *** [Ts Ah 6d] [4h]
Marko82352: checks 
only6-6lol: checks 
Teddy_KG8: checks 
MagomanBR: bets $0.08
Marko82352: folds 
only6-6lol: calls $0.08
Teddy_KG8: folds 
*** RIVER *** [Ts Ah 6d 4h] [Kc]
only6-6lol: checks 
MagomanBR: bets $0.25
only6-6lol: folds 
Uncalled bet ($0.25) returned to MagomanBR
MagomanBR collected $0.33 from pot
*** SUMMARY ***
Total pot $0.34 | Rake $0.01 
Board [Ts Ah 6d 4h Kc]
Seat 1: tayde310 (big blind) folded before Flop
Seat 2: Dorex2007 folded before Flop (didn't bet)
Seat 3: Tikagus folded before Flop (didn't bet)
Seat 4: only6-6lol folded on the River
Seat 5: Teddy_KG8 folded on the Turn
Seat 7: Pepono101 folded before Flop (didn't bet)
Seat 8: MagomanBR (button) collected ($0.33)
Seat 9: Marko82352 (small blind) folded on the Turn



PokerStars Hand #237148649647:  Hold'em No Limit ($0.01/$0.02 USD) - 2022/07/03 19:42:39 PT [2022/07/03 22:42:39 ET]
Table 'Barto II' 9-max Seat #9 is the button
Seat 1: tayde310 ($4.21 in chips) 
Seat 2: Dorex2007 ($2 in chips) 
Seat 3: Tikagus ($2.25 in chips) 
Seat 4: only6-6lol ($1.88 in chips) 
Seat 5: Teddy_KG8 ($2.32 in chips) 
Seat 7: Pepono101 ($2.38 in chips) 
Seat 8: MagomanBR ($4.93 in chips) 
Seat 9: Marko82352 ($2.11 in chips) 
tayde310: posts small blind $0.01
Dorex2007: posts big blind $0.02
vkorgik: sits out 
*** HOLE CARDS ***
Dealt to Dorex2007 [3c 3h]
Tikagus: calls $0.02
only6-6lol: calls $0.02
Teddy_KG8: calls $0.02
Pepono101: folds 
MagomanBR: folds 
Marko82352: calls $0.02
tayde310: folds 
Dorex2007: checks 
*** FLOP *** [2c 3s 8s]
Dorex2007: bets $0.11
Tikagus: folds 
only6-6lol: folds 
Teddy_KG8: folds 
Marko82352: calls $0.11
*** TURN *** [2c 3s 8s] [9h]
Dorex2007: bets $0.16
Marko82352: calls $0.16
*** RIVER *** [2c 3s 8s 9h] [Ac]
Dorex2007: bets $0.31
Marko82352: folds 
Uncalled bet ($0.31) returned to Dorex2007
Dorex2007 collected $0.63 from pot
*** SUMMARY ***
Total pot $0.65 | Rake $0.02 
Board [2c 3s 8s 9h Ac]
Seat 1: tayde310 (small blind) folded before Flop
Seat 2: Dorex2007 (big blind) collected ($0.63)
Seat 3: Tikagus folded on the Flop
Seat 4: only6-6lol folded on the Flop
Seat 5: Teddy_KG8 folded on the Flop
Seat 7: Pepono101 folded before Flop (didn't bet)
Seat 8: MagomanBR folded before Flop (didn't bet)
Seat 9: Marko82352 (button) folded on the River



PokerStars Hand #237148676045:  Hold'em No Limit ($0.01/$0.02 USD) - 2022/07/03 19:44:12 PT [2022/07/03 22:44:12 ET]
Table 'Barto II' 9-max Seat #1 is the button
Seat 1: tayde310 ($4.20 in chips) 
Seat 2: Dorex2007 ($2.34 in chips) 
Seat 3: Tikagus ($2.23 in chips) 
Seat 4: only6-6lol ($1.86 in chips) 
Seat 5: Teddy_KG8 ($2.30 in chips) 
Seat 7: Pepono101 ($2.38 in chips) 
Seat 8: MagomanBR ($4.93 in chips) 
Seat 9: Marko82352 ($1.82 in chips) 
Dorex2007: posts small blind $0.01
Tikagus: posts big blind $0.02
vkorgik: sits out 
*** HOLE CARDS ***
Dealt to Dorex2007 [5s Kc]
only6-6lol: folds 
Teddy_KG8: folds 
Pepono101: folds 
MagomanBR: folds 
Marko82352: calls $0.02
tayde310: raises $0.05 to $0.07
Dorex2007: folds 
Tikagus: folds 
Marko82352: calls $0.05
*** FLOP *** [Jd Tc 9c]
Marko82352: bets $0.06
tayde310: calls $0.06
*** TURN *** [Jd Tc 9c] [6h]
Marko82352: bets $0.14
tayde310: calls $0.14
*** RIVER *** [Jd Tc 9c 6h] [Qd]
Marko82352: bets $0.74
tayde310: folds 
Uncalled bet ($0.74) returned to Marko82352
Marko82352 collected $0.55 from pot
*** SUMMARY ***
Total pot $0.57 | Rake $0.02 
Board [Jd Tc 9c 6h Qd]
Seat 1: tayde310 (button) folded on the River
Seat 2: Dorex2007 (small blind) folded before Flop
Seat 3: Tikagus (big blind) folded before Flop
Seat 4: only6-6lol folded before Flop (didn't bet)
Seat 5: Teddy_KG8 folded before Flop (didn't bet)
Seat 7: Pepono101 folded before Flop (didn't bet)
Seat 8: MagomanBR folded before Flop (didn't bet)
Seat 9: Marko82352 collected ($0.55)



PokerStars Hand #237148688094:  Hold'em No Limit ($0.01/$0.02 USD) - 2022/07/03 19:45:32 PT [2022/07/03 22:45:32 ET]
Table 'Barto II' 9-max Seat #2 is the button
Seat 1: tayde310 ($3.93 in chips) 
Seat 2: Dorex2007 ($2.33 in chips) 
Seat 3: Tikagus ($2.21 in chips) 
Seat 4: only6-6lol ($1.86 in chips) 
Seat 5: Teddy_KG8 ($2.30 in chips) 
Seat 7: Pepono101 ($2.38 in chips) 
Seat 8: MagomanBR ($4.93 in chips) 
Seat 9: Marko82352 ($2.10 in chips) 
Tikagus: posts small blind $0.01
only6-6lol: posts big blind $0.02
vkorgik: sits out 
*** HOLE CARDS ***
Dealt to Dorex2007 [7s 7h]
Teddy_KG8: folds 
Pepono101: calls $0.02
MagomanBR: folds 
Marko82352: folds 
Marko82352 leaves the table
tayde310: folds 
Dorex2007: raises $0.06 to $0.08
INTIMIDATOR69 joins the table at seat #9 
Tikagus: calls $0.07
only6-6lol: folds 
Pepono101: folds 
*** FLOP *** [2s Qd Kd]
Tikagus: checks 
Dorex2007: checks 
*** TURN *** [2s Qd Kd] [Qh]
Tikagus: bets $0.04
Dorex2007: calls $0.04
*** RIVER *** [2s Qd Kd Qh] [4h]
Tikagus: bets $0.04
Dorex2007: calls $0.04
*** SHOW DOWN ***
Tikagus: shows [7c 7d] (two pair, Queens and Sevens)
Dorex2007: shows [7s 7h] (two pair, Queens and Sevens)
Tikagus collected $0.18 from pot
Dorex2007 collected $0.17 from pot
*** SUMMARY ***
Total pot $0.36 | Rake $0.01 
Board [2s Qd Kd Qh 4h]
Seat 1: tayde310 folded before Flop (didn't bet)
Seat 2: Dorex2007 (button) showed [7s 7h] and won ($0.17) with two pair, Queens and Sevens
Seat 3: Tikagus (small blind) showed [7c 7d] and won ($0.18) with two pair, Queens and Sevens
Seat 4: only6-6lol (big blind) folded before Flop
Seat 5: Teddy_KG8 folded before Flop (didn't bet)
Seat 7: Pepono101 folded before Flop
Seat 8: MagomanBR folded before Flop (didn't bet)
Seat 9: Marko82352 folded before Flop (didn't bet)



PokerStars Hand #237148697511:  Hold'em No Limit ($0.01/$0.02 USD) - 2022/07/03 19:46:36 PT [2022/07/03 22:46:36 ET]
Table 'Barto II' 9-max Seat #3 is the button
Seat 1: tayde310 ($3.93 in chips) 
Seat 2: Dorex2007 ($2.34 in chips) 
Seat 3: Tikagus ($2.23 in chips) 
Seat 4: only6-6lol ($1.84 in chips) 
Seat 5: Teddy_KG8 ($2.30 in chips) 
Seat 7: Pepono101 ($2.36 in chips) 
Seat 8: MagomanBR ($4.93 in chips) 
Seat 9: INTIMIDATOR69 ($1 in chips) 
only6-6lol: posts small blind $0.01
Teddy_KG8: posts big blind $0.02
vkorgik: sits out 
INTIMIDATOR69: posts big blind $0.02
*** HOLE CARDS ***
Dealt to Dorex2007 [8s Th]
Pepono101: folds 
MagomanBR: folds 
INTIMIDATOR69: checks 
tayde310: folds 
Dorex2007: folds 
Tikagus: calls $0.02
only6-6lol: calls $0.01
Teddy_KG8: checks 
*** FLOP *** [Qs Js 6d]
only6-6lol: checks 
Teddy_KG8: checks 
INTIMIDATOR69: checks 
Tikagus: checks 
*** TURN *** [Qs Js 6d] [6s]
only6-6lol: checks 
Teddy_KG8: checks 
INTIMIDATOR69: checks 
Tikagus: checks 
*** RIVER *** [Qs Js 6d 6s] [2d]
only6-6lol: checks 
Teddy_KG8: checks 
INTIMIDATOR69: checks 
Tikagus: checks 
*** SHOW DOWN ***
only6-6lol: shows [5h 4d] (a pair of Sixes)
Teddy_KG8: shows [5s 2c] (two pair, Sixes and Deuces)
Pepono101 leaves the table
INTIMIDATOR69: mucks hand 
Tikagus: mucks hand 
Teddy_KG8 collected $0.08 from pot
*** SUMMARY ***
Total pot $0.08 | Rake $0 
Board [Qs Js 6d 6s 2d]
Seat 1: tayde310 folded before Flop (didn't bet)
Seat 2: Dorex2007 folded before Flop (didn't bet)
Seat 3: Tikagus (button) mucked [Tc Kd]
Seat 4: only6-6lol (small blind) showed [5h 4d] and lost with a pair of Sixes
Seat 5: Teddy_KG8 (big blind) showed [5s 2c] and won ($0.08) with two pair, Sixes and Deuces
Seat 7: Pepono101 folded before Flop (didn't bet)
Seat 8: MagomanBR folded before Flop (didn't bet)
Seat 9: INTIMIDATOR69 mucked [9c As]



PokerStars Hand #237148708097:  Hold'em No Limit ($0.01/$0.02 USD) - 2022/07/03 19:47:47 PT [2022/07/03 22:47:47 ET]
Table 'Barto II' 9-max Seat #4 is the button
Seat 1: tayde310 ($3.93 in chips) 
Seat 2: Dorex2007 ($2.34 in chips) 
Seat 3: Tikagus ($2.21 in chips) 
Seat 4: only6-6lol ($1.82 in chips) 
Seat 5: Teddy_KG8 ($2.36 in chips) 
Seat 6: vkorgik ($1.60 in chips) 
Seat 8: MagomanBR ($4.93 in chips) 
Seat 9: INTIMIDATOR69 ($1 in chips) 
Teddy_KG8: posts small blind $0.01
vkorgik: posts big blind $0.02
*** HOLE CARDS ***
Dealt to Dorex2007 [7h Ks]
MagomanBR: raises $0.02 to $0.04
INTIMIDATOR69: raises $0.24 to $0.28
tayde310: folds 
Dorex2007: folds 
Tikagus: folds 
only6-6lol: folds 
Teddy_KG8: folds 
vkorgik: folds 
MagomanBR: calls $0.24
*** FLOP *** [8d 6h 6d]
MagomanBR: checks 
INTIMIDATOR69: bets $0.57
MagomanBR: folds 
Uncalled bet ($0.57) returned to INTIMIDATOR69
INTIMIDATOR69 collected $0.57 from pot
*** SUMMARY ***
Total pot $0.59 | Rake $0.02 
Board [8d 6h 6d]
Seat 1: tayde310 folded before Flop (didn't bet)
Seat 2: Dorex2007 folded before Flop (didn't bet)
Seat 3: Tikagus folded before Flop (didn't bet)
Seat 4: only6-6lol (button) folded before Flop (didn't bet)
Seat 5: Teddy_KG8 (small blind) folded before Flop
Seat 6: vkorgik (big blind) folded before Flop
Seat 8: MagomanBR folded on the Flop
Seat 9: INTIMIDATOR69 collected ($0.57)



PokerStars Hand #237148713993:  Hold'em No Limit ($0.01/$0.02 USD) - 2022/07/03 19:48:27 PT [2022/07/03 22:48:27 ET]
Table 'Barto II' 9-max Seat #5 is the button
Seat 1: tayde310 ($3.93 in chips) 
Seat 2: Dorex2007 ($2.34 in chips) 
Seat 3: Tikagus ($2.21 in chips) 
Seat 4: only6-6lol ($1.82 in chips) 
Seat 5: Teddy_KG8 ($2.35 in chips) 
Seat 6: vkorgik ($1.60 in chips) 
Seat 8: MagomanBR ($4.65 in chips) 
Seat 9: INTIMIDATOR69 ($1.29 in chips) 
vkorgik: posts small blind $0.01
MagomanBR: posts big blind $0.02
*** HOLE CARDS ***
Dealt to Dorex2007 [5h 7c]
INTIMIDATOR69: calls $0.02
tayde310: folds 
Dorex2007: folds 
Tikagus: calls $0.02
only6-6lol: folds 
Teddy_KG8: raises $0.09 to $0.11
vkorgik: folds 
MagomanBR: calls $0.09
INTIMIDATOR69: folds 
Tikagus: folds 
*** FLOP *** [8s 3d 7d]
MagomanBR: checks 
RealKoi joins the table at seat #7 
Teddy_KG8: checks 
*** TURN *** [8s 3d 7d] [4c]
MagomanBR: bets $0.20
Teddy_KG8: raises $0.66 to $0.86
MagomanBR: folds 
Uncalled bet ($0.66) returned to Teddy_KG8
Teddy_KG8 collected $0.65 from pot
*** SUMMARY ***
Total pot $0.67 | Rake $0.02 
Board [8s 3d 7d 4c]
Seat 1: tayde310 folded before Flop (didn't bet)
Seat 2: Dorex2007 folded before Flop (didn't bet)
Seat 3: Tikagus folded before Flop
Seat 4: only6-6lol folded before Flop (didn't bet)
Seat 5: Teddy_KG8 (button) collected ($0.65)
Seat 6: vkorgik (small blind) folded before Flop
Seat 8: MagomanBR (big blind) folded on the Turn
Seat 9: INTIMIDATOR69 folded before Flop



PokerStars Hand #237148723761:  Hold'em No Limit ($0.01/$0.02 USD) - 2022/07/03 19:49:34 PT [2022/07/03 22:49:34 ET]
Table 'Barto II' 9-max Seat #6 is the button
Seat 1: tayde310 ($3.93 in chips) 
Seat 2: Dorex2007 ($2.34 in chips) 
Seat 3: Tikagus ($2.19 in chips) 
Seat 4: only6-6lol ($1.82 in chips) 
Seat 5: Teddy_KG8 ($2.69 in chips) 
Seat 6: vkorgik ($1.60 in chips) 
Seat 8: MagomanBR ($4.34 in chips) 
Seat 9: INTIMIDATOR69 ($1.27 in chips) 
MagomanBR: posts small blind $0.01
INTIMIDATOR69: posts big blind $0.02
*** HOLE CARDS ***
Dealt to Dorex2007 [As Td]
tayde310: folds 
Dorex2007: raises $0.04 to $0.06
Tikagus: folds 
only6-6lol: calls $0.06
Teddy_KG8: calls $0.06
vkorgik: calls $0.06
MagomanBR: folds 
INTIMIDATOR69: folds 
*** FLOP *** [Qs 6d 9s]
Dorex2007: checks 
only6-6lol: bets $0.04
Teddy_KG8: folds 
vkorgik: folds 
Dorex2007: folds 
Uncalled bet ($0.04) returned to only6-6lol
only6-6lol collected $0.26 from pot
*** SUMMARY ***
Total pot $0.27 | Rake $0.01 
Board [Qs 6d 9s]
Seat 1: tayde310 folded before Flop (didn't bet)
Seat 2: Dorex2007 folded on the Flop
Seat 3: Tikagus folded before Flop (didn't bet)
Seat 4: only6-6lol collected ($0.26)
Seat 5: Teddy_KG8 folded on the Flop
Seat 6: vkorgik (button) folded on the Flop
Seat 8: MagomanBR (small blind) folded before Flop
Seat 9: INTIMIDATOR69 (big blind) folded before Flop



PokerStars Hand #237148734079:  Hold'em No Limit ($0.01/$0.02 USD) - 2022/07/03 19:50:44 PT [2022/07/03 22:50:44 ET]
Table 'Barto II' 9-max Seat #8 is the button
Seat 1: tayde310 ($3.93 in chips) 
Seat 2: Dorex2007 ($2.28 in chips) 
Seat 3: Tikagus ($2.19 in chips) 
Seat 4: only6-6lol ($2.02 in chips) 
Seat 5: Teddy_KG8 ($2.63 in chips) 
Seat 6: vkorgik ($1.60 in chips) 
Seat 7: RealKoi ($1.60 in chips) 
Seat 8: MagomanBR ($4.33 in chips) 
Seat 9: INTIMIDATOR69 ($1.25 in chips) 
INTIMIDATOR69: posts small blind $0.01
tayde310: posts big blind $0.02
RealKoi: posts big blind $0.02
*** HOLE CARDS ***
Dealt to Dorex2007 [7s 5c]
Dorex2007: folds 
Tikagus: calls $0.02
only6-6lol: calls $0.02
Teddy_KG8: calls $0.02
vkorgik: folds 
RealKoi: checks 
MagomanBR: folds 
INTIMIDATOR69: calls $0.01
tayde310: checks 
*** FLOP *** [Td 6d 9d]
INTIMIDATOR69: checks 
tayde310: checks 
Tikagus: checks 
only6-6lol: checks 
Teddy_KG8: checks 
RealKoi: checks 
*** TURN *** [Td 6d 9d] [7d]
INTIMIDATOR69: checks 
tayde310: checks 
Tikagus: bets $0.06
only6-6lol: folds 
Teddy_KG8: folds 
RealKoi: folds 
INTIMIDATOR69: folds 
tayde310: folds 
Uncalled bet ($0.06) returned to Tikagus
Tikagus collected $0.12 from pot
*** SUMMARY ***
Total pot $0.12 | Rake $0 
Board [Td 6d 9d 7d]
Seat 1: tayde310 (big blind) folded on the Turn
Seat 2: Dorex2007 folded before Flop (didn't bet)
Seat 3: Tikagus collected ($0.12)
Seat 4: only6-6lol folded on the Turn
Seat 5: Teddy_KG8 folded on the Turn
Seat 6: vkorgik folded before Flop (didn't bet)
Seat 7: RealKoi folded on the Turn (didn't bet)
Seat 8: MagomanBR (button) folded before Flop (didn't bet)
Seat 9: INTIMIDATOR69 (small blind) folded on the Turn



PokerStars Hand #237148748728:  Hold'em No Limit ($0.01/$0.02 USD) - 2022/07/03 19:52:22 PT [2022/07/03 22:52:22 ET]
Table 'Barto II' 9-max Seat #9 is the button
Seat 1: tayde310 ($3.91 in chips) 
Seat 2: Dorex2007 ($2.28 in chips) 
Seat 3: Tikagus ($2.29 in chips) 
Seat 4: only6-6lol ($2 in chips) 
Seat 5: Teddy_KG8 ($2.61 in chips) 
Seat 6: vkorgik ($1.60 in chips) 
Seat 7: RealKoi ($1.58 in chips) 
Seat 8: MagomanBR ($4.33 in chips) 
Seat 9: INTIMIDATOR69 ($1.23 in chips) 
tayde310: posts small blind $0.01
Dorex2007: posts big blind $0.02
*** HOLE CARDS ***
Dealt to Dorex2007 [7h Tc]
Tikagus: folds 
only6-6lol: calls $0.02
Teddy_KG8: folds 
vkorgik: raises $0.06 to $0.08
RealKoi: folds 
MagomanBR: calls $0.08
INTIMIDATOR69: calls $0.08
tayde310: raises $0.28 to $0.36
Dorex2007: folds 
only6-6lol: folds 
vkorgik: folds 
MagomanBR: folds 
INTIMIDATOR69: folds 
Uncalled bet ($0.28) returned to tayde310
tayde310 collected $0.36 from pot
*** SUMMARY ***
Total pot $0.36 | Rake $0 
Seat 1: tayde310 (small blind) collected ($0.36)
Seat 2: Dorex2007 (big blind) folded before Flop
Seat 3: Tikagus folded before Flop (didn't bet)
Seat 4: only6-6lol folded before Flop
Seat 5: Teddy_KG8 folded before Flop (didn't bet)
Seat 6: vkorgik folded before Flop
Seat 7: RealKoi folded before Flop (didn't bet)
Seat 8: MagomanBR folded before Flop
Seat 9: INTIMIDATOR69 (button) folded before Flop



PokerStars Hand #237148757341:  Hold'em No Limit ($0.01/$0.02 USD) - 2022/07/03 19:53:21 PT [2022/07/03 22:53:21 ET]
Table 'Barto II' 9-max Seat #1 is the button
Seat 1: tayde310 ($4.19 in chips) 
Seat 2: Dorex2007 ($2.26 in chips) 
Seat 3: Tikagus ($2.29 in chips) 
Seat 4: only6-6lol ($1.98 in chips) 
Seat 5: Teddy_KG8 ($2.61 in chips) 
Seat 6: vkorgik ($1.60 in chips) 
Seat 7: RealKoi ($1.58 in chips) 
Seat 8: MagomanBR ($4.25 in chips) 
Seat 9: INTIMIDATOR69 ($1.15 in chips) 
Dorex2007: posts small blind $0.01
Tikagus: posts big blind $0.02
*** HOLE CARDS ***
Dealt to Dorex2007 [2c Jh]
only6-6lol: folds 
Teddy_KG8: folds 
vkorgik: folds 
RealKoi: calls $0.02
MagomanBR: folds 
INTIMIDATOR69: calls $0.02
tayde310 has timed out while disconnected
tayde310: folds 
Dorex2007: folds 
Tikagus: checks 
*** FLOP *** [Ks 2s Tc]
Tikagus: checks 
RealKoi: checks 
INTIMIDATOR69: checks 
*** TURN *** [Ks 2s Tc] [9c]
Tikagus: checks 
RealKoi: checks 
INTIMIDATOR69: checks 
*** RIVER *** [Ks 2s Tc 9c] [4d]
Tikagus: checks 
RealKoi: checks 
INTIMIDATOR69: checks 
*** SHOW DOWN ***
Tikagus: shows [Ah 6d] (high card Ace)
RealKoi: shows [Ac Jc] (high card Ace - King+Jack kicker)
INTIMIDATOR69: shows [7d 9h] (a pair of Nines)
INTIMIDATOR69 collected $0.07 from pot
*** SUMMARY ***
Total pot $0.07 | Rake $0 
Board [Ks 2s Tc 9c 4d]
Seat 1: tayde310 (button) folded before Flop (didn't bet)
Seat 2: Dorex2007 (small blind) folded before Flop
Seat 3: Tikagus (big blind) showed [Ah 6d] and lost with high card Ace
Seat 4: only6-6lol folded before Flop (didn't bet)
Seat 5: Teddy_KG8 folded before Flop (didn't bet)
Seat 6: vkorgik folded before Flop (didn't bet)
Seat 7: RealKoi showed [Ac Jc] and lost with high card Ace
Seat 8: MagomanBR folded before Flop (didn't bet)
Seat 9: INTIMIDATOR69 showed [7d 9h] and won ($0.07) with a pair of Nines



PokerStars Hand #237148766575:  Hold'em No Limit ($0.01/$0.02 USD) - 2022/07/03 19:54:24 PT [2022/07/03 22:54:24 ET]
Table 'Barto II' 9-max Seat #2 is the button
Seat 1: tayde310 ($4.19 in chips) 
Seat 2: Dorex2007 ($2.25 in chips) 
Seat 3: Tikagus ($2.27 in chips) 
Seat 4: only6-6lol ($1.98 in chips) 
Seat 5: Teddy_KG8 ($2.61 in chips) 
Seat 6: vkorgik ($1.60 in chips) 
Seat 7: RealKoi ($1.56 in chips) 
Seat 8: MagomanBR ($4.25 in chips) 
Seat 9: INTIMIDATOR69 ($1.20 in chips) 
Tikagus: posts small blind $0.01
only6-6lol: posts big blind $0.02
*** HOLE CARDS ***
Dealt to Dorex2007 [7d 2c]
Teddy_KG8: raises $0.03 to $0.05
vkorgik: folds 
RealKoi: folds 
MagomanBR: folds 
INTIMIDATOR69: calls $0.05
tayde310: folds 
Dorex2007: folds 
Tikagus: folds 
only6-6lol: calls $0.03
*** FLOP *** [Ah 4s Ts]
only6-6lol: checks 
Teddy_KG8: checks 
INTIMIDATOR69: checks 
*** TURN *** [Ah 4s Ts] [Jh]
only6-6lol: checks 
Teddy_KG8: checks 
INTIMIDATOR69: checks 
*** RIVER *** [Ah 4s Ts Jh] [3s]
only6-6lol: bets $0.07
Teddy_KG8: folds 
INTIMIDATOR69: folds 
Uncalled bet ($0.07) returned to only6-6lol
only6-6lol collected $0.15 from pot
*** SUMMARY ***
Total pot $0.16 | Rake $0.01 
Board [Ah 4s Ts Jh 3s]
Seat 1: tayde310 folded before Flop (didn't bet)
Seat 2: Dorex2007 (button) folded before Flop (didn't bet)
Seat 3: Tikagus (small blind) folded before Flop
Seat 4: only6-6lol (big blind) collected ($0.15)
Seat 5: Teddy_KG8 folded on the River
Seat 6: vkorgik folded before Flop (didn't bet)
Seat 7: RealKoi folded before Flop (didn't bet)
Seat 8: MagomanBR folded before Flop (didn't bet)
Seat 9: INTIMIDATOR69 folded on the River



PokerStars Hand #237148774723:  Hold'em No Limit ($0.01/$0.02 USD) - 2022/07/03 19:55:23 PT [2022/07/03 22:55:23 ET]
Table 'Barto II' 9-max Seat #3 is the button
Seat 1: tayde310 ($4.19 in chips) 
Seat 2: Dorex2007 ($2.25 in chips) 
Seat 3: Tikagus ($2.26 in chips) 
Seat 4: only6-6lol ($2.08 in chips) 
Seat 5: Teddy_KG8 ($2.56 in chips) 
Seat 6: vkorgik ($1.60 in chips) 
Seat 7: RealKoi ($1.56 in chips) 
Seat 8: MagomanBR ($4.25 in chips) 
Seat 9: INTIMIDATOR69 ($1.15 in chips) 
only6-6lol: posts small blind $0.01
Teddy_KG8: posts big blind $0.02
*** HOLE CARDS ***
Dealt to Dorex2007 [5s 2d]
vkorgik: folds 
RealKoi: calls $0.02
MagomanBR: folds 
INTIMIDATOR69: calls $0.02
tayde310: folds 
Dorex2007: folds 
Tikagus: calls $0.02
only6-6lol: calls $0.01
Teddy_KG8: checks 
*** FLOP *** [Qd 3c 7c]
only6-6lol: checks 
Teddy_KG8: bets $0.02
RealKoi: calls $0.02
INTIMIDATOR69: calls $0.02
Tikagus: folds 
only6-6lol: calls $0.02
*** TURN *** [Qd 3c 7c] [Js]
only6-6lol: checks 
Teddy_KG8: bets $0.04
RealKoi: calls $0.04
INTIMIDATOR69: calls $0.04
only6-6lol: calls $0.04
*** RIVER *** [Qd 3c 7c Js] [4h]
only6-6lol: checks 
Teddy_KG8: bets $0.85
RealKoi: folds 
INTIMIDATOR69: folds 
only6-6lol: folds 
Uncalled bet ($0.85) returned to Teddy_KG8
Teddy_KG8 collected $0.33 from pot
*** SUMMARY ***
Total pot $0.34 | Rake $0.01 
Board [Qd 3c 7c Js 4h]
Seat 1: tayde310 folded before Flop (didn't bet)
Seat 2: Dorex2007 folded before Flop (didn't bet)
Seat 3: Tikagus (button) folded on the Flop
Seat 4: only6-6lol (small blind) folded on the River
Seat 5: Teddy_KG8 (big blind) collected ($0.33)
Seat 6: vkorgik folded before Flop (didn't bet)
Seat 7: RealKoi folded on the River
Seat 8: MagomanBR folded before Flop (didn't bet)
Seat 9: INTIMIDATOR69 folded on the River



PokerStars Hand #237148787615:  Hold'em No Limit ($0.01/$0.02 USD) - 2022/07/03 19:57:08 PT [2022/07/03 22:57:08 ET]
Table 'Barto II' 9-max Seat #4 is the button
Seat 1: tayde310 ($4.19 in chips) 
Seat 2: Dorex2007 ($2.25 in chips) 
Seat 3: Tikagus ($2.24 in chips) 
Seat 4: only6-6lol ($2 in chips) 
Seat 5: Teddy_KG8 ($2.81 in chips) 
Seat 6: vkorgik ($1.60 in chips) 
Seat 7: RealKoi ($1.48 in chips) 
Seat 8: MagomanBR ($4.25 in chips) 
Seat 9: INTIMIDATOR69 ($1.07 in chips) 
Teddy_KG8: posts small blind $0.01
vkorgik: posts big blind $0.02
*** HOLE CARDS ***
Dealt to Dorex2007 [Js 8s]
RealKoi: folds 
MagomanBR: folds 
INTIMIDATOR69: folds 
tayde310: raises $0.03 to $0.05
Dorex2007: folds 
Tikagus: folds 
Tikagus leaves the table
only6-6lol: calls $0.05
Teddy_KG8: folds 
vkorgik: raises $0.19 to $0.24
dito44156 joins the table at seat #3 
tayde310: folds 
only6-6lol: folds 
Uncalled bet ($0.19) returned to vkorgik
vkorgik collected $0.16 from pot
*** SUMMARY ***
Total pot $0.16 | Rake $0 
Seat 1: tayde310 folded before Flop
Seat 2: Dorex2007 folded before Flop (didn't bet)
Seat 3: Tikagus folded before Flop (didn't bet)
Seat 4: only6-6lol (button) folded before Flop
Seat 5: Teddy_KG8 (small blind) folded before Flop
Seat 6: vkorgik (big blind) collected ($0.16)
Seat 7: RealKoi folded before Flop (didn't bet)
Seat 8: MagomanBR folded before Flop (didn't bet)
Seat 9: INTIMIDATOR69 folded before Flop (didn't bet)



PokerStars Hand #237148792189:  Hold'em No Limit ($0.01/$0.02 USD) - 2022/07/03 19:57:46 PT [2022/07/03 22:57:46 ET]
Table 'Barto II' 9-max Seat #5 is the button
Seat 1: tayde310 ($4.14 in chips) 
Seat 2: Dorex2007 ($2.25 in chips) 
Seat 4: only6-6lol ($1.95 in chips) 
Seat 5: Teddy_KG8 ($2.80 in chips) 
Seat 6: vkorgik ($1.71 in chips) 
Seat 7: RealKoi ($1.48 in chips) 
Seat 8: MagomanBR ($4.25 in chips) 
Seat 9: INTIMIDATOR69 ($1.07 in chips) 
vkorgik: posts small blind $0.01
RealKoi: posts big blind $0.02
dito44156: sits out 
*** HOLE CARDS ***
Dealt to Dorex2007 [4c 6c]
MagomanBR: folds 
INTIMIDATOR69: folds 
tayde310: folds 
Dorex2007: folds 
only6-6lol: folds 
Teddy_KG8: calls $0.02
vkorgik: folds 
RealKoi: checks 
*** FLOP *** [Js Kh 3c]
RealKoi: bets $0.02
Teddy_KG8: calls $0.02
*** TURN *** [Js Kh 3c] [Qc]
RealKoi: bets $0.02
Teddy_KG8: calls $0.02
*** RIVER *** [Js Kh 3c Qc] [Th]
RealKoi: bets $0.06
Teddy_KG8: folds 
Uncalled bet ($0.06) returned to RealKoi
RealKoi collected $0.13 from pot
*** SUMMARY ***
Total pot $0.13 | Rake $0 
Board [Js Kh 3c Qc Th]
Seat 1: tayde310 folded before Flop (didn't bet)
Seat 2: Dorex2007 folded before Flop (didn't bet)
Seat 4: only6-6lol folded before Flop (didn't bet)
Seat 5: Teddy_KG8 (button) folded on the River
Seat 6: vkorgik (small blind) folded before Flop
Seat 7: RealKoi (big blind) collected ($0.13)
Seat 8: MagomanBR folded before Flop (didn't bet)
Seat 9: INTIMIDATOR69 folded before Flop (didn't bet)



PokerStars Hand #237148801798:  Hold'em No Limit ($0.01/$0.02 USD) - 2022/07/03 19:59:04 PT [2022/07/03 22:59:04 ET]
Table 'Barto II' 9-max Seat #6 is the button
Seat 1: tayde310 ($4.14 in chips) 
Seat 2: Dorex2007 ($2.25 in chips) 
Seat 4: only6-6lol ($1.95 in chips) 
Seat 5: Teddy_KG8 ($2.74 in chips) 
Seat 6: vkorgik ($1.70 in chips) 
Seat 7: RealKoi ($1.55 in chips) 
Seat 8: MagomanBR ($4.25 in chips) 
Seat 9: INTIMIDATOR69 ($1.07 in chips) 
RealKoi: posts small blind $0.01
MagomanBR: posts big blind $0.02
dito44156: sits out 
*** HOLE CARDS ***
Dealt to Dorex2007 [8s Td]
INTIMIDATOR69: calls $0.02
tayde310: folds 
Dorex2007: folds 
only6-6lol: folds 
Teddy_KG8: folds 
vkorgik: folds 
Teddy_KG8 leaves the table
RealKoi: calls $0.01
MagomanBR: checks 
*** FLOP *** [Qc 7s 5d]
RealKoi: checks 
MagomanBR: checks 
INTIMIDATOR69: bets $0.18
RealKoi: folds 
MagomanBR: folds 
Uncalled bet ($0.18) returned to INTIMIDATOR69
INTIMIDATOR69 collected $0.06 from pot
*** SUMMARY ***
Total pot $0.06 | Rake $0 
Board [Qc 7s 5d]
Seat 1: tayde310 folded before Flop (didn't bet)
Seat 2: Dorex2007 folded before Flop (didn't bet)
Seat 4: only6-6lol folded before Flop (didn't bet)
Seat 5: Teddy_KG8 folded before Flop (didn't bet)
Seat 6: vkorgik (button) folded before Flop (didn't bet)
Seat 7: RealKoi (small blind) folded on the Flop
Seat 8: MagomanBR (big blind) folded on the Flop
Seat 9: INTIMIDATOR69 collected ($0.06)



PokerStars Hand #237148810004:  Hold'em No Limit ($0.01/$0.02 USD) - 2022/07/03 19:59:56 PT [2022/07/03 22:59:56 ET]
Table 'Barto II' 9-max Seat #7 is the button
Seat 1: tayde310 ($4.14 in chips) 
Seat 2: Dorex2007 ($2.25 in chips) 
Seat 4: only6-6lol ($1.95 in chips) 
Seat 6: vkorgik ($1.70 in chips) 
Seat 7: RealKoi ($1.53 in chips) 
Seat 8: MagomanBR ($4.23 in chips) 
Seat 9: INTIMIDATOR69 ($1.11 in chips) 
MagomanBR: posts small blind $0.01
INTIMIDATOR69: posts big blind $0.02
dito44156: sits out 
*** HOLE CARDS ***
Dealt to Dorex2007 [4d 3c]
tayde310: folds 
Dorex2007: folds 
only6-6lol: raises $0.02 to $0.04
vkorgik: folds 
RealKoi: calls $0.04
MagomanBR: raises $0.14 to $0.18
INTIMIDATOR69: folds 
only6-6lol: folds 
RealKoi: calls $0.14
*** FLOP *** [4c Js 8s]
MagomanBR: bets $0.12
RealKoi: calls $0.12
*** TURN *** [4c Js 8s] [Qd]
MagomanBR: checks 
RealKoi: bets $0.18
MagomanBR: calls $0.18
*** RIVER *** [4c Js 8s Qd] [Jd]
EdVince1970 joins the table at seat #5 
MagomanBR: checks 
RealKoi: checks 
*** SHOW DOWN ***
MagomanBR: shows [Jh 9h] (three of a kind, Jacks)
RealKoi: mucks hand 
MagomanBR collected $0.98 from pot
*** SUMMARY ***
Total pot $1.02 | Rake $0.04 
Board [4c Js 8s Qd Jd]
Seat 1: tayde310 folded before Flop (didn't bet)
Seat 2: Dorex2007 folded before Flop (didn't bet)
Seat 4: only6-6lol folded before Flop
Seat 6: vkorgik folded before Flop (didn't bet)
Seat 7: RealKoi (button) mucked [Ah Kd]
Seat 8: MagomanBR (small blind) showed [Jh 9h] and won ($0.98) with three of a kind, Jacks
Seat 9: INTIMIDATOR69 (big blind) folded before Flop



PokerStars Hand #237148823372:  Hold'em No Limit ($0.01/$0.02 USD) - 2022/07/03 20:01:34 PT [2022/07/03 23:01:34 ET]
Table 'Barto II' 9-max Seat #8 is the button
Seat 1: tayde310 ($4.14 in chips) 
Seat 2: Dorex2007 ($2.25 in chips) 
Seat 4: only6-6lol ($1.91 in chips) 
Seat 5: EdVince1970 ($1.60 in chips) 
Seat 6: vkorgik ($1.70 in chips) 
Seat 7: RealKoi ($1.05 in chips) 
Seat 8: MagomanBR ($4.73 in chips) 
Seat 9: INTIMIDATOR69 ($1.09 in chips) 
INTIMIDATOR69: posts small blind $0.01
tayde310: posts big blind $0.02
dito44156: sits out 
EdVince1970: posts big blind $0.02
*** HOLE CARDS ***
Dealt to Dorex2007 [3h 2h]
Dorex2007: folds 
only6-6lol: calls $0.02
EdVince1970: raises $0.07 to $0.09
vkorgik: folds 
RealKoi: folds 
MagomanBR: folds 
INTIMIDATOR69: folds 
tayde310: folds 
only6-6lol: calls $0.07
*** FLOP *** [8c 3d Ac]
only6-6lol: checks 
EdVince1970: bets $0.10
only6-6lol: raises $1.72 to $1.82 and is all-in
EdVince1970: calls $1.41 and is all-in
Uncalled bet ($0.31) returned to only6-6lol
*** TURN *** [8c 3d Ac] [Td]
*** RIVER *** [8c 3d Ac Td] [5h]
*** SHOW DOWN ***
only6-6lol: shows [4c Kc] (high card Ace)
EdVince1970: shows [As Kd] (a pair of Aces)
EdVince1970 cashed out the hand for $1.94 | Cash Out Fee $0.02
*** SUMMARY ***
Total pot $3.23 | Rake $0.11 
Board [8c 3d Ac Td 5h]
Seat 1: tayde310 (big blind) folded before Flop
Seat 2: Dorex2007 folded before Flop (didn't bet)
Seat 4: only6-6lol showed [4c Kc] and lost with high card Ace
Seat 5: EdVince1970 showed [As Kd] and won ($3.12) with a pair of Aces (pot not awarded as player cashed out)
Seat 6: vkorgik folded before Flop (didn't bet)
Seat 7: RealKoi folded before Flop (didn't bet)
Seat 8: MagomanBR (button) folded before Flop (didn't bet)
Seat 9: INTIMIDATOR69 (small blind) folded before Flop



PokerStars Hand #237148833488:  Hold'em No Limit ($0.01/$0.02 USD) - 2022/07/03 20:02:44 PT [2022/07/03 23:02:44 ET]
Table 'Barto II' 9-max Seat #9 is the button
Seat 1: tayde310 ($4.12 in chips) 
Seat 2: Dorex2007 ($2.25 in chips) 
Seat 4: only6-6lol ($0.31 in chips) 
Seat 5: EdVince1970 ($1.94 in chips) 
Seat 6: vkorgik ($1.70 in chips) 
Seat 7: RealKoi ($1.05 in chips) 
Seat 8: MagomanBR ($4.73 in chips) 
Seat 9: INTIMIDATOR69 ($1.08 in chips) 
tayde310: posts small blind $0.01
Dorex2007: posts big blind $0.02
dito44156: sits out 
*** HOLE CARDS ***
Dealt to Dorex2007 [Js 6s]
only6-6lol: raises $0.29 to $0.31 and is all-in
EdVince1970: folds 
vkorgik: folds 
RealKoi: folds 
MagomanBR: folds 
INTIMIDATOR69: calls $0.31
tayde310: folds 
Dorex2007: folds 
*** FLOP *** [3c 2s 3h]
*** TURN *** [3c 2s 3h] [Ac]
*** RIVER *** [3c 2s 3h Ac] [9s]
*** SHOW DOWN ***
only6-6lol: shows [8s 2d] (two pair, Threes and Deuces)
INTIMIDATOR69: shows [Jh Th] (a pair of Threes)
only6-6lol collected $0.63 from pot
*** SUMMARY ***
Total pot $0.65 | Rake $0.02 
Board [3c 2s 3h Ac 9s]
Seat 1: tayde310 (small blind) folded before Flop
Seat 2: Dorex2007 (big blind) folded before Flop
Seat 4: only6-6lol showed [8s 2d] and won ($0.63) with two pair, Threes and Deuces
Seat 5: EdVince1970 folded before Flop (didn't bet)
Seat 6: vkorgik folded before Flop (didn't bet)
Seat 7: RealKoi folded before Flop (didn't bet)
Seat 8: MagomanBR folded before Flop (didn't bet)
Seat 9: INTIMIDATOR69 (button) showed [Jh Th] and lost with a pair of Threes



PokerStars Hand #237148837998:  Hold'em No Limit ($0.01/$0.02 USD) - 2022/07/03 20:03:15 PT [2022/07/03 23:03:15 ET]
Table 'Barto II' 9-max Seat #1 is the button
Seat 1: tayde310 ($4.11 in chips) 
Seat 2: Dorex2007 ($2.23 in chips) 
Seat 3: dito44156 ($2 in chips) 
Seat 4: only6-6lol ($0.63 in chips) 
Seat 5: EdVince1970 ($1.94 in chips) 
Seat 6: vkorgik ($1.70 in chips) 
Seat 7: RealKoi ($1.05 in chips) 
Seat 8: MagomanBR ($4.73 in chips) 
Seat 9: INTIMIDATOR69 ($1 in chips) 
Dorex2007: posts small blind $0.01
dito44156: posts big blind $0.02
*** HOLE CARDS ***
Dealt to Dorex2007 [2s Ah]
only6-6lol: raises $0.02 to $0.04
EdVince1970: folds 
vkorgik: folds 
RealKoi: calls $0.04
MagomanBR: folds 
INTIMIDATOR69: calls $0.04
tayde310: folds 
Dorex2007: folds 
dito44156: calls $0.02
*** FLOP *** [Kc 5h 2c]
dito44156: checks 
only6-6lol: bets $0.59 and is all-in
RealKoi: folds 
INTIMIDATOR69: folds 
dito44156: folds 
Uncalled bet ($0.59) returned to only6-6lol
only6-6lol collected $0.16 from pot
*** SUMMARY ***
Total pot $0.17 | Rake $0.01 
Board [Kc 5h 2c]
Seat 1: tayde310 (button) folded before Flop (didn't bet)
Seat 2: Dorex2007 (small blind) folded before Flop
Seat 3: dito44156 (big blind) folded on the Flop
Seat 4: only6-6lol collected ($0.16)
Seat 5: EdVince1970 folded before Flop (didn't bet)
Seat 6: vkorgik folded before Flop (didn't bet)
Seat 7: RealKoi folded on the Flop
Seat 8: MagomanBR folded before Flop (didn't bet)
Seat 9: INTIMIDATOR69 folded on the Flop



PokerStars Hand #237148844740:  Hold'em No Limit ($0.01/$0.02 USD) - 2022/07/03 20:04:01 PT [2022/07/03 23:04:01 ET]
Table 'Barto II' 9-max Seat #2 is the button
Seat 1: tayde310 ($4.11 in chips) 
Seat 2: Dorex2007 ($2.22 in chips) 
Seat 3: dito44156 ($1.96 in chips) 
Seat 4: only6-6lol ($0.75 in chips) 
Seat 5: EdVince1970 ($1.94 in chips) 
Seat 6: vkorgik ($1.70 in chips) 
Seat 7: RealKoi ($1.01 in chips) 
Seat 8: MagomanBR ($4.73 in chips) 
Seat 9: INTIMIDATOR69 ($1 in chips) 
dito44156: posts small blind $0.01
only6-6lol: posts big blind $0.02
*** HOLE CARDS ***
Dealt to Dorex2007 [Kd As]
EdVince1970: calls $0.02
vkorgik: folds 
RealKoi: folds 
MagomanBR: folds 
INTIMIDATOR69: folds 
tayde310: raises $0.05 to $0.07
Dorex2007: calls $0.07
dito44156: calls $0.06
only6-6lol: calls $0.05
EdVince1970: folds 
*** FLOP *** [7h 4d 3s]
dito44156: checks 
only6-6lol: bets $0.02
tayde310: folds 
Dorex2007: calls $0.02
dito44156: folds 
*** TURN *** [7h 4d 3s] [6s]
only6-6lol: bets $0.66 and is all-in
Dorex2007: folds 
Uncalled bet ($0.66) returned to only6-6lol
only6-6lol collected $0.33 from pot
*** SUMMARY ***
Total pot $0.34 | Rake $0.01 
Board [7h 4d 3s 6s]
Seat 1: tayde310 folded on the Flop
Seat 2: Dorex2007 (button) folded on the Turn
Seat 3: dito44156 (small blind) folded on the Flop
Seat 4: only6-6lol (big blind) collected ($0.33)
Seat 5: EdVince1970 folded before Flop
Seat 6: vkorgik folded before Flop (didn't bet)
Seat 7: RealKoi folded before Flop (didn't bet)
Seat 8: MagomanBR folded before Flop (didn't bet)
Seat 9: INTIMIDATOR69 folded before Flop (didn't bet)



PokerStars Hand #237148853278:  Hold'em No Limit ($0.01/$0.02 USD) - 2022/07/03 20:05:00 PT [2022/07/03 23:05:00 ET]
Table 'Barto II' 9-max Seat #3 is the button
Seat 1: tayde310 ($4.04 in chips) 
Seat 2: Dorex2007 ($2.13 in chips) 
Seat 3: dito44156 ($1.89 in chips) 
Seat 4: only6-6lol ($0.99 in chips) 
Seat 5: EdVince1970 ($1.92 in chips) 
Seat 6: vkorgik ($1.70 in chips) 
Seat 7: RealKoi ($1.01 in chips) 
Seat 8: MagomanBR ($4.73 in chips) 
only6-6lol: posts small blind $0.01
EdVince1970: posts big blind $0.02
*** HOLE CARDS ***
Dealt to Dorex2007 [As 5h]
vkorgik: folds 
RealKoi: calls $0.02
MagomanBR: folds 
tayde310: folds 
Dorex2007: folds 
dito44156: raises $0.07 to $0.09
only6-6lol: folds 
EdVince1970: folds 
RealKoi: calls $0.07
*** FLOP *** [Jd Td 4c]
RealKoi: bets $0.08
dito44156: raises $0.08 to $0.16
RealKoi: calls $0.08
*** TURN *** [Jd Td 4c] [Qd]
RealKoi: bets $0.25
dito44156: calls $0.25
*** RIVER *** [Jd Td 4c Qd] [Qh]
RealKoi: bets $0.51 and is all-in
dito44156: calls $0.51
*** SHOW DOWN ***
RealKoi: shows [Tc Ac] (two pair, Queens and Tens)
dito44156: shows [Kh Kd] (two pair, Kings and Queens)
dito44156 collected $1.98 from pot
*** SUMMARY ***
Total pot $2.05 | Rake $0.07 
Board [Jd Td 4c Qd Qh]
Seat 1: tayde310 folded before Flop (didn't bet)
Seat 2: Dorex2007 folded before Flop (didn't bet)
Seat 3: dito44156 (button) showed [Kh Kd] and won ($1.98) with two pair, Kings and Queens
Seat 4: only6-6lol (small blind) folded before Flop
Seat 5: EdVince1970 (big blind) folded before Flop
Seat 6: vkorgik folded before Flop (didn't bet)
Seat 7: RealKoi showed [Tc Ac] and lost with two pair, Queens and Tens
Seat 8: MagomanBR folded before Flop (didn't bet)



PokerStars Hand #237148862864:  Hold'em No Limit ($0.01/$0.02 USD) - 2022/07/03 20:06:06 PT [2022/07/03 23:06:06 ET]
Table 'Barto II' 9-max Seat #4 is the button
Seat 1: tayde310 ($4.04 in chips) 
Seat 2: Dorex2007 ($2.13 in chips) 
Seat 3: dito44156 ($2.86 in chips) 
Seat 4: only6-6lol ($0.98 in chips) 
Seat 5: EdVince1970 ($1.90 in chips) 
Seat 8: MagomanBR ($4.73 in chips) 
EdVince1970: posts small blind $0.01
vkorgik: is sitting out 
MagomanBR: posts big blind $0.02
*** HOLE CARDS ***
Dealt to Dorex2007 [2c 4h]
tayde310: folds 
vkorgik leaves the table
Dorex2007: folds 
dito44156: folds 
only6-6lol: calls $0.02
EdVince1970: calls $0.01
MagomanBR: checks 
*** FLOP *** [Qs Ts Kh]
EdVince1970: checks 
MagomanBR: checks 
only6-6lol: checks 
*** TURN *** [Qs Ts Kh] [8d]
EdVince1970: checks 
MagomanBR: bets $0.03
only6-6lol: folds 
EdVince1970: folds 
Uncalled bet ($0.03) returned to MagomanBR
MagomanBR collected $0.06 from pot
*** SUMMARY ***
Total pot $0.06 | Rake $0 
Board [Qs Ts Kh 8d]
Seat 1: tayde310 folded before Flop (didn't bet)
Seat 2: Dorex2007 folded before Flop (didn't bet)
Seat 3: dito44156 folded before Flop (didn't bet)
Seat 4: only6-6lol (button) folded on the Turn
Seat 5: EdVince1970 (small blind) folded on the Turn
Seat 8: MagomanBR (big blind) collected ($0.06)



PokerStars Hand #237148873996:  Hold'em No Limit ($0.01/$0.02 USD) - 2022/07/03 20:07:12 PT [2022/07/03 23:07:12 ET]
Table 'Barto II' 9-max Seat #5 is the button
Seat 1: tayde310 ($4.04 in chips) 
Seat 2: Dorex2007 ($2.13 in chips) 
Seat 3: dito44156 ($2.86 in chips) 
Seat 4: only6-6lol ($0.96 in chips) 
Seat 5: EdVince1970 ($1.88 in chips) 
Seat 8: MagomanBR ($4.77 in chips) 
MagomanBR: posts small blind $0.01
tayde310: posts big blind $0.02
*** HOLE CARDS ***
Dealt to Dorex2007 [6h 3d]
Dorex2007: folds 
dito44156: folds 
only6-6lol: calls $0.02
EdVince1970: folds 
MagomanBR: folds 
tayde310: checks 
*** FLOP *** [5h Ts 3h]
tayde310: bets $0.03
only6-6lol: calls $0.03
*** TURN *** [5h Ts 3h] [7c]
tayde310: bets $0.07
only6-6lol: calls $0.07
*** RIVER *** [5h Ts 3h 7c] [Jh]
tayde310: checks 
only6-6lol: checks 
*** SHOW DOWN ***
tayde310: shows [Td 8c] (a pair of Tens)
only6-6lol: mucks hand 
tayde310 collected $0.24 from pot
*** SUMMARY ***
Total pot $0.25 | Rake $0.01 
Board [5h Ts 3h 7c Jh]
Seat 1: tayde310 (big blind) showed [Td 8c] and won ($0.24) with a pair of Tens
Seat 2: Dorex2007 folded before Flop (didn't bet)
Seat 3: dito44156 folded before Flop (didn't bet)
Seat 4: only6-6lol mucked [6d 7s]
Seat 5: EdVince1970 (button) folded before Flop (didn't bet)
Seat 8: MagomanBR (small blind) folded before Flop



PokerStars Hand #237148880438:  Hold'em No Limit ($0.01/$0.02 USD) - 2022/07/03 20:07:57 PT [2022/07/03 23:07:57 ET]
Table 'Barto II' 9-max Seat #8 is the button
Seat 1: tayde310 ($4.16 in chips) 
Seat 2: Dorex2007 ($2.13 in chips) 
Seat 3: dito44156 ($2.86 in chips) 
Seat 4: only6-6lol ($0.84 in chips) 
Seat 5: EdVince1970 ($1.88 in chips) 
Seat 7: RealKoi ($1.60 in chips) 
Seat 8: MagomanBR ($4.76 in chips) 
tayde310: posts small blind $0.01
Dorex2007: posts big blind $0.02
RealKoi: posts small & big blinds $0.03
*** HOLE CARDS ***
Dealt to Dorex2007 [3d Qs]
dito44156: folds 
only6-6lol: calls $0.02
EdVince1970: calls $0.02
RealKoi: checks 
MagomanBR: calls $0.02
tayde310: folds 
Dorex2007: checks 
*** FLOP *** [7s 6s 3s]
Dorex2007: checks 
only6-6lol: checks 
EdVince1970: checks 
RealKoi: bets $0.02
MagomanBR: folds 
Dorex2007: calls $0.02
only6-6lol: calls $0.02
EdVince1970: calls $0.02
*** TURN *** [7s 6s 3s] [7c]
Dorex2007: checks 
only6-6lol: checks 
EdVince1970: checks 
RealKoi: bets $0.08
Dorex2007: folds 
only6-6lol: folds 
EdVince1970: folds 
Uncalled bet ($0.08) returned to RealKoi
RealKoi collected $0.19 from pot
*** SUMMARY ***
Total pot $0.20 | Rake $0.01 
Board [7s 6s 3s 7c]
Seat 1: tayde310 (small blind) folded before Flop
Seat 2: Dorex2007 (big blind) folded on the Turn
Seat 3: dito44156 folded before Flop (didn't bet)
Seat 4: only6-6lol folded on the Turn
Seat 5: EdVince1970 folded on the Turn
Seat 7: RealKoi collected ($0.19)
Seat 8: MagomanBR (button) folded on the Flop



PokerStars Hand #237148896552:  Hold'em No Limit ($0.01/$0.02 USD) - 2022/07/03 20:09:37 PT [2022/07/03 23:09:37 ET]
Table 'Barto II' 9-max Seat #1 is the button
Seat 1: tayde310 ($4.15 in chips) 
Seat 2: Dorex2007 ($2.09 in chips) 
Seat 3: dito44156 ($2.86 in chips) 
Seat 4: only6-6lol ($0.80 in chips) 
Seat 5: EdVince1970 ($1.84 in chips) 
Seat 7: RealKoi ($1.74 in chips) 
Seat 8: MagomanBR ($4.74 in chips) 
Dorex2007: posts small blind $0.01
dito44156: posts big blind $0.02
*** HOLE CARDS ***
Dealt to Dorex2007 [7s Jd]
only6-6lol: folds 
geyza15 joins the table at seat #6 
EdVince1970: folds 
RealKoi: folds 
MagomanBR: folds 
tayde310: folds 
Dorex2007: folds 
Uncalled bet ($0.01) returned to dito44156
dito44156 collected $0.02 from pot
*** SUMMARY ***
Total pot $0.02 | Rake $0 
Seat 1: tayde310 (button) folded before Flop (didn't bet)
Seat 2: Dorex2007 (small blind) folded before Flop
Seat 3: dito44156 (big blind) collected ($0.02)
Seat 4: only6-6lol folded before Flop (didn't bet)
Seat 5: EdVince1970 folded before Flop (didn't bet)
Seat 7: RealKoi folded before Flop (didn't bet)
Seat 8: MagomanBR folded before Flop (didn't bet)



PokerStars Hand #237148899559:  Hold'em No Limit ($0.01/$0.02 USD) - 2022/07/03 20:09:59 PT [2022/07/03 23:09:59 ET]
Table 'Barto II' 9-max Seat #2 is the button
Seat 1: tayde310 ($4.15 in chips) 
Seat 2: Dorex2007 ($2.08 in chips) 
Seat 3: dito44156 ($2.87 in chips) 
Seat 4: only6-6lol ($0.80 in chips) 
Seat 5: EdVince1970 ($1.84 in chips) 
Seat 7: RealKoi ($1.74 in chips) 
Seat 8: MagomanBR ($4.74 in chips) 
dito44156: posts small blind $0.01
only6-6lol: posts big blind $0.02
geyza15: sits out 
*** HOLE CARDS ***
Dealt to Dorex2007 [7h Th]
EdVince1970: raises $0.08 to $0.10
RealKoi: folds 
MagomanBR: folds 
tayde310: folds 
Dorex2007: folds 
dito44156: calls $0.09
only6-6lol: folds 
*** FLOP *** [4d Kd 4h]
dito44156: checks 
EdVince1970: bets $0.10
dito44156: calls $0.10
*** TURN *** [4d Kd 4h] [9c]
dito44156: checks 
EdVince1970: bets $0.20
dito44156: calls $0.20
*** RIVER *** [4d Kd 4h 9c] [8h]
dito44156: checks 
EdVince1970: bets $0.39
dito44156: raises $2.08 to $2.47 and is all-in
EdVince1970: calls $1.05 and is all-in
Uncalled bet ($1.03) returned to dito44156
*** SHOW DOWN ***
dito44156: shows [8d 8s] (a full house, Eights full of Fours)
EdVince1970: shows [As Ac] (two pair, Aces and Fours)
dito44156 collected $3.57 from pot
*** SUMMARY ***
Total pot $3.70 | Rake $0.13 
Board [4d Kd 4h 9c 8h]
Seat 1: tayde310 folded before Flop (didn't bet)
Seat 2: Dorex2007 (button) folded before Flop (didn't bet)
Seat 3: dito44156 (small blind) showed [8d 8s] and won ($3.57) with a full house, Eights full of Fours
Seat 4: only6-6lol (big blind) folded before Flop
Seat 5: EdVince1970 showed [As Ac] and lost with two pair, Aces and Fours
Seat 7: RealKoi folded before Flop (didn't bet)
Seat 8: MagomanBR folded before Flop (didn't bet)



PokerStars Hand #237148913422:  Hold'em No Limit ($0.01/$0.02 USD) - 2022/07/03 20:10:58 PT [2022/07/03 23:10:58 ET]
Table 'Barto II' 9-max Seat #3 is the button
Seat 1: tayde310 ($4.15 in chips) 
Seat 2: Dorex2007 ($2.08 in chips) 
Seat 3: dito44156 ($4.60 in chips) 
Seat 4: only6-6lol ($0.78 in chips) 
Seat 6: geyza15 ($2 in chips) 
Seat 7: RealKoi ($1.74 in chips) 
Seat 8: MagomanBR ($4.74 in chips) 
only6-6lol: posts small blind $0.01
geyza15: posts big blind $0.02
*** HOLE CARDS ***
Dealt to Dorex2007 [Ts 4d]
RealKoi: folds 
MagomanBR: folds 
tayde310: raises $0.03 to $0.05
Dorex2007: folds 
dito44156: folds 
only6-6lol: calls $0.04
geyza15: folds 
*** FLOP *** [5d 2c Ac]
only6-6lol: checks 
tayde310: bets $0.06
only6-6lol: folds 
Uncalled bet ($0.06) returned to tayde310
tayde310 collected $0.12 from pot
*** SUMMARY ***
Total pot $0.12 | Rake $0 
Board [5d 2c Ac]
Seat 1: tayde310 collected ($0.12)
Seat 2: Dorex2007 folded before Flop (didn't bet)
Seat 3: dito44156 (button) folded before Flop (didn't bet)
Seat 4: only6-6lol (small blind) folded on the Flop
Seat 6: geyza15 (big blind) folded before Flop
Seat 7: RealKoi folded before Flop (didn't bet)
Seat 8: MagomanBR folded before Flop (didn't bet)



PokerStars Hand #237148917919:  Hold'em No Limit ($0.01/$0.02 USD) - 2022/07/03 20:11:30 PT [2022/07/03 23:11:30 ET]
Table 'Barto II' 9-max Seat #4 is the button
Seat 1: tayde310 ($4.22 in chips) 
Seat 2: Dorex2007 ($2.08 in chips) 
Seat 3: dito44156 ($4.60 in chips) 
Seat 4: only6-6lol ($0.73 in chips) 
Seat 6: geyza15 ($2 in chips) 
Seat 7: RealKoi ($1.74 in chips) 
Seat 8: MagomanBR ($4.74 in chips) 
geyza15: posts small blind $0.01
RealKoi: posts big blind $0.02
*** HOLE CARDS ***
Dealt to Dorex2007 [Td 4s]
MagomanBR: folds 
tayde310: folds 
Dorex2007: folds 
dito44156: calls $0.02
only6-6lol: folds 
geyza15: folds 
RealKoi: checks 
*** FLOP *** [8h 4d Ad]
RealKoi: checks 
dito44156: bets $0.04
RealKoi: calls $0.04
*** TURN *** [8h 4d Ad] [2d]
RealKoi: bets $0.02
dito44156: raises $0.12 to $0.14
RealKoi: folds 
Uncalled bet ($0.12) returned to dito44156
dito44156 collected $0.16 from pot
*** SUMMARY ***
Total pot $0.17 | Rake $0.01 
Board [8h 4d Ad 2d]
Seat 1: tayde310 folded before Flop (didn't bet)
Seat 2: Dorex2007 folded before Flop (didn't bet)
Seat 3: dito44156 collected ($0.16)
Seat 4: only6-6lol (button) folded before Flop (didn't bet)
Seat 6: geyza15 (small blind) folded before Flop
Seat 7: RealKoi (big blind) folded on the Turn
Seat 8: MagomanBR folded before Flop (didn't bet)



PokerStars Hand #237148927145:  Hold'em No Limit ($0.01/$0.02 USD) - 2022/07/03 20:12:36 PT [2022/07/03 23:12:36 ET]
Table 'Barto II' 9-max Seat #6 is the button
Seat 1: tayde310 ($4.22 in chips) 
Seat 2: Dorex2007 ($2.08 in chips) 
Seat 3: dito44156 ($4.68 in chips) 
Seat 4: only6-6lol ($0.73 in chips) 
Seat 5: EdVince1970 ($1.60 in chips) 
Seat 6: geyza15 ($2 in chips) 
Seat 7: RealKoi ($1.66 in chips) 
Seat 8: MagomanBR ($4.74 in chips) 
RealKoi: posts small blind $0.01
MagomanBR: posts big blind $0.02
EdVince1970: posts small & big blinds $0.03
*** HOLE CARDS ***
Dealt to Dorex2007 [4h Ks]
tayde310: folds 
Dorex2007: folds 
dito44156: calls $0.02
only6-6lol: calls $0.02
EdVince1970: checks 
geyza15: folds 
RealKoi: calls $0.01
MagomanBR: raises $0.11 to $0.13
dito44156: calls $0.11
only6-6lol: folds 
EdVince1970: folds 
RealKoi: folds 
*** FLOP *** [Jd 5s Th]
MagomanBR: bets $0.10
dito44156: calls $0.10
*** TURN *** [Jd 5s Th] [Jc]
MagomanBR: bets $0.15
dito44156: folds 
Uncalled bet ($0.15) returned to MagomanBR
MagomanBR collected $0.51 from pot
*** SUMMARY ***
Total pot $0.53 | Rake $0.02 
Board [Jd 5s Th Jc]
Seat 1: tayde310 folded before Flop (didn't bet)
Seat 2: Dorex2007 folded before Flop (didn't bet)
Seat 3: dito44156 folded on the Turn
Seat 4: only6-6lol folded before Flop
Seat 5: EdVince1970 folded before Flop (didn't bet)
Seat 6: geyza15 (button) folded before Flop (didn't bet)
Seat 7: RealKoi (small blind) folded before Flop
Seat 8: MagomanBR (big blind) collected ($0.51)



PokerStars Hand #237148935429:  Hold'em No Limit ($0.01/$0.02 USD) - 2022/07/03 20:13:34 PT [2022/07/03 23:13:34 ET]
Table 'Barto II' 9-max Seat #7 is the button
Seat 1: tayde310 ($4.22 in chips) 
Seat 2: Dorex2007 ($2.08 in chips) 
Seat 3: dito44156 ($4.45 in chips) 
Seat 4: only6-6lol ($0.71 in chips) 
Seat 5: EdVince1970 ($1.57 in chips) 
Seat 6: geyza15 ($2 in chips) 
Seat 7: RealKoi ($1.64 in chips) 
Seat 8: MagomanBR ($5.02 in chips) 
MagomanBR: posts small blind $0.01
tayde310: posts big blind $0.02
*** HOLE CARDS ***
Dealt to Dorex2007 [6c Th]
Dorex2007: folds 
dito44156: folds 
only6-6lol: calls $0.02
EdVince1970: folds 
geyza15: calls $0.02
RealKoi: folds 
MagomanBR: folds 
tayde310: checks 
*** FLOP *** [8s 6h 5s]
tayde310: checks 
only6-6lol: checks 
geyza15: bets $0.07
tayde310: folds 
only6-6lol: calls $0.07
*** TURN *** [8s 6h 5s] [9s]
only6-6lol: checks 
geyza15: checks 
*** RIVER *** [8s 6h 5s 9s] [3c]
only6-6lol: checks 
geyza15: checks 
*** SHOW DOWN ***
only6-6lol: shows [2h Qh] (high card Queen)
geyza15: shows [8c Jc] (a pair of Eights)
geyza15 collected $0.20 from pot
*** SUMMARY ***
Total pot $0.21 | Rake $0.01 
Board [8s 6h 5s 9s 3c]
Seat 1: tayde310 (big blind) folded on the Flop
Seat 2: Dorex2007 folded before Flop (didn't bet)
Seat 3: dito44156 folded before Flop (didn't bet)
Seat 4: only6-6lol showed [2h Qh] and lost with high card Queen
Seat 5: EdVince1970 folded before Flop (didn't bet)
Seat 6: geyza15 showed [8c Jc] and won ($0.20) with a pair of Eights
Seat 7: RealKoi (button) folded before Flop (didn't bet)
Seat 8: MagomanBR (small blind) folded before Flop



PokerStars Hand #237148943892:  Hold'em No Limit ($0.01/$0.02 USD) - 2022/07/03 20:14:34 PT [2022/07/03 23:14:34 ET]
Table 'Barto II' 9-max Seat #8 is the button
Seat 1: tayde310 ($4.20 in chips) 
Seat 2: Dorex2007 ($2.08 in chips) 
Seat 3: dito44156 ($4.45 in chips) 
Seat 4: only6-6lol ($0.62 in chips) 
Seat 5: EdVince1970 ($1.57 in chips) 
Seat 6: geyza15 ($2.11 in chips) 
Seat 7: RealKoi ($1.64 in chips) 
Seat 8: MagomanBR ($5.01 in chips) 
tayde310: posts small blind $0.01
Dorex2007: posts big blind $0.02
*** HOLE CARDS ***
Dealt to Dorex2007 [Jh 8s]
dito44156: folds 
only6-6lol: folds 
EdVince1970: folds 
geyza15: folds 
RealKoi: calls $0.02
MagomanBR: raises $0.07 to $0.09
tayde310: folds 
Dorex2007: folds 
RealKoi: calls $0.07
*** FLOP *** [4s 6d 9d]
RealKoi: checks 
MagomanBR: checks 
*** TURN *** [4s 6d 9d] [7c]
RealKoi: checks 
MagomanBR: bets $0.10
RealKoi: folds 
Uncalled bet ($0.10) returned to MagomanBR
MagomanBR collected $0.20 from pot
*** SUMMARY ***
Total pot $0.21 | Rake $0.01 
Board [4s 6d 9d 7c]
Seat 1: tayde310 (small blind) folded before Flop
Seat 2: Dorex2007 (big blind) folded before Flop
Seat 3: dito44156 folded before Flop (didn't bet)
Seat 4: only6-6lol folded before Flop (didn't bet)
Seat 5: EdVince1970 folded before Flop (didn't bet)
Seat 6: geyza15 folded before Flop (didn't bet)
Seat 7: RealKoi folded on the Turn
Seat 8: MagomanBR (button) collected ($0.20)



PokerStars Hand #237148952284:  Hold'em No Limit ($0.01/$0.02 USD) - 2022/07/03 20:15:33 PT [2022/07/03 23:15:33 ET]
Table 'Barto II' 9-max Seat #1 is the button
Seat 1: tayde310 ($4.19 in chips) 
Seat 2: Dorex2007 ($2.06 in chips) 
Seat 3: dito44156 ($4.45 in chips) 
Seat 4: only6-6lol ($0.62 in chips) 
Seat 5: EdVince1970 ($1.57 in chips) 
Seat 6: geyza15 ($2.11 in chips) 
Seat 7: RealKoi ($1.55 in chips) 
Seat 8: MagomanBR ($5.12 in chips) 
Dorex2007: posts small blind $0.01
dito44156: posts big blind $0.02
*** HOLE CARDS ***
Dealt to Dorex2007 [6d 6c]
only6-6lol: raises $0.10 to $0.12
EdVince1970: calls $0.12
geyza15: folds 
RealKoi: folds 
MagomanBR: folds 
tayde310: folds 
Dorex2007: folds 
dito44156: folds 
*** FLOP *** [2h Th Tc]
only6-6lol: bets $0.50 and is all-in
EdVince1970: folds 
Uncalled bet ($0.50) returned to only6-6lol
only6-6lol collected $0.26 from pot
*** SUMMARY ***
Total pot $0.27 | Rake $0.01 
Board [2h Th Tc]
Seat 1: tayde310 (button) folded before Flop (didn't bet)
Seat 2: Dorex2007 (small blind) folded before Flop
Seat 3: dito44156 (big blind) folded before Flop
Seat 4: only6-6lol collected ($0.26)
Seat 5: EdVince1970 folded on the Flop
Seat 6: geyza15 folded before Flop (didn't bet)
Seat 7: RealKoi folded before Flop (didn't bet)
Seat 8: MagomanBR folded before Flop (didn't bet)



PokerStars Hand #237148957423:  Hold'em No Limit ($0.01/$0.02 USD) - 2022/07/03 20:16:11 PT [2022/07/03 23:16:11 ET]
Table 'Barto II' 9-max Seat #2 is the button
Seat 1: tayde310 ($4.19 in chips) 
Seat 2: Dorex2007 ($2.05 in chips) 
Seat 3: dito44156 ($4.43 in chips) 
Seat 4: only6-6lol ($0.76 in chips) 
Seat 5: EdVince1970 ($1.45 in chips) 
Seat 6: geyza15 ($2.11 in chips) 
Seat 7: RealKoi ($1.55 in chips) 
Seat 8: MagomanBR ($5.12 in chips) 
dito44156: posts small blind $0.01
only6-6lol: posts big blind $0.02
*** HOLE CARDS ***
Dealt to Dorex2007 [3s Jh]
EdVince1970: folds 
geyza15: folds 
RealKoi: folds 
MagomanBR: raises $0.04 to $0.06
tayde310: folds 
Dorex2007: folds 
dito44156: folds 
only6-6lol: folds 
Uncalled bet ($0.04) returned to MagomanBR
MagomanBR collected $0.05 from pot
*** SUMMARY ***
Total pot $0.05 | Rake $0 
Seat 1: tayde310 folded before Flop (didn't bet)
Seat 2: Dorex2007 (button) folded before Flop (didn't bet)
Seat 3: dito44156 (small blind) folded before Flop
Seat 4: only6-6lol (big blind) folded before Flop
Seat 5: EdVince1970 folded before Flop (didn't bet)
Seat 6: geyza15 folded before Flop (didn't bet)
Seat 7: RealKoi folded before Flop (didn't bet)
Seat 8: MagomanBR collected ($0.05)



PokerStars Hand #237148962313:  Hold'em No Limit ($0.01/$0.02 USD) - 2022/07/03 20:16:38 PT [2022/07/03 23:16:38 ET]
Table 'Barto II' 9-max Seat #3 is the button
Seat 1: tayde310 ($4.19 in chips) 
Seat 2: Dorex2007 ($2.05 in chips) 
Seat 3: dito44156 ($4.42 in chips) 
Seat 4: only6-6lol ($0.74 in chips) 
Seat 5: EdVince1970 ($1.45 in chips) 
Seat 6: geyza15 ($2.11 in chips) 
Seat 7: RealKoi ($1.55 in chips) 
Seat 8: MagomanBR ($5.15 in chips) 
only6-6lol: posts small blind $0.01
EdVince1970: posts big blind $0.02
*** HOLE CARDS ***
Dealt to Dorex2007 [2h Kc]
geyza15: folds 
RealKoi: folds 
MagomanBR: folds 
tayde310: folds 
Dorex2007: folds 
dito44156: calls $0.02
only6-6lol: calls $0.01
EdVince1970: checks 
*** FLOP *** [4d Jd 6h]
only6-6lol: checks 
EdVince1970: bets $0.06
dito44156: folds 
only6-6lol: calls $0.06
*** TURN *** [4d Jd 6h] [8d]
only6-6lol: checks 
EdVince1970: checks 
*** RIVER *** [4d Jd 6h 8d] [5c]
only6-6lol: bets $0.17
EdVince1970: raises $0.51 to $0.68
only6-6lol: folds 
Uncalled bet ($0.51) returned to EdVince1970
EdVince1970 collected $0.50 from pot
*** SUMMARY ***
Total pot $0.52 | Rake $0.02 
Board [4d Jd 6h 8d 5c]
Seat 1: tayde310 folded before Flop (didn't bet)
Seat 2: Dorex2007 folded before Flop (didn't bet)
Seat 3: dito44156 (button) folded on the Flop
Seat 4: only6-6lol (small blind) folded on the River
Seat 5: EdVince1970 (big blind) collected ($0.50)
Seat 6: geyza15 folded before Flop (didn't bet)
Seat 7: RealKoi folded before Flop (didn't bet)
Seat 8: MagomanBR folded before Flop (didn't bet)



PokerStars Hand #237148972551:  Hold'em No Limit ($0.01/$0.02 USD) - 2022/07/03 20:17:50 PT [2022/07/03 23:17:50 ET]
Table 'Barto II' 9-max Seat #4 is the button
Seat 1: tayde310 ($4.19 in chips) 
Seat 2: Dorex2007 ($2.05 in chips) 
Seat 3: dito44156 ($4.40 in chips) 
Seat 4: only6-6lol ($0.49 in chips) 
Seat 5: EdVince1970 ($1.70 in chips) 
Seat 6: geyza15 ($2.11 in chips) 
Seat 7: RealKoi ($1.55 in chips) 
Seat 8: MagomanBR ($5.15 in chips) 
EdVince1970: posts small blind $0.01
geyza15: posts big blind $0.02
*** HOLE CARDS ***
Dealt to Dorex2007 [5s Qs]
RealKoi: folds 
MagomanBR: folds 
tayde310: folds 
Dorex2007: folds 
dito44156: folds 
only6-6lol: calls $0.02
EdVince1970: raises $0.06 to $0.08
geyza15: calls $0.06
only6-6lol: calls $0.06
*** FLOP *** [Kd 5d 8h]
EdVince1970: bets $0.11
geyza15: folds 
only6-6lol: raises $0.30 to $0.41 and is all-in
EdVince1970: calls $0.30
*** TURN *** [Kd 5d 8h] [Th]
*** RIVER *** [Kd 5d 8h Th] [2s]
*** SHOW DOWN ***
EdVince1970: shows [Ad Kh] (a pair of Kings)
only6-6lol: shows [8s 6h] (a pair of Eights)
EdVince1970 collected $1.02 from pot
*** SUMMARY ***
Total pot $1.06 | Rake $0.04 
Board [Kd 5d 8h Th 2s]
Seat 1: tayde310 folded before Flop (didn't bet)
Seat 2: Dorex2007 folded before Flop (didn't bet)
Seat 3: dito44156 folded before Flop (didn't bet)
Seat 4: only6-6lol (button) showed [8s 6h] and lost with a pair of Eights
Seat 5: EdVince1970 (small blind) showed [Ad Kh] and won ($1.02) with a pair of Kings
Seat 6: geyza15 (big blind) folded on the Flop
Seat 7: RealKoi folded before Flop (didn't bet)
Seat 8: MagomanBR folded before Flop (didn't bet)



PokerStars Hand #237148980146:  Hold'em No Limit ($0.01/$0.02 USD) - 2022/07/03 20:18:44 PT [2022/07/03 23:18:44 ET]
Table 'Barto II' 9-max Seat #5 is the button
Seat 1: tayde310 ($4.19 in chips) 
Seat 2: Dorex2007 ($2.05 in chips) 
Seat 3: dito44156 ($4.40 in chips) 
Seat 5: EdVince1970 ($2.23 in chips) 
Seat 6: geyza15 ($2.03 in chips) 
Seat 7: RealKoi ($1.55 in chips) 
Seat 8: MagomanBR ($5.15 in chips) 
geyza15: posts small blind $0.01
RealKoi: posts big blind $0.02
*** HOLE CARDS ***
Dealt to Dorex2007 [7c 8c]
MagomanBR: folds 
tayde310: folds 
Dorex2007: raises $0.02 to $0.04
dito44156: folds 
EdVince1970: folds 
geyza15: folds 
RealKoi: calls $0.02
*** FLOP *** [As Kd 7s]
RealKoi: checks 
Dorex2007: bets $0.04
RealKoi: folds 
Uncalled bet ($0.04) returned to Dorex2007
Dorex2007 collected $0.09 from pot
*** SUMMARY ***
Total pot $0.09 | Rake $0 
Board [As Kd 7s]
Seat 1: tayde310 folded before Flop (didn't bet)
Seat 2: Dorex2007 collected ($0.09)
Seat 3: dito44156 folded before Flop (didn't bet)
Seat 5: EdVince1970 (button) folded before Flop (didn't bet)
Seat 6: geyza15 (small blind) folded before Flop
Seat 7: RealKoi (big blind) folded on the Flop
Seat 8: MagomanBR folded before Flop (didn't bet)



PokerStars Hand #237148987593:  Hold'em No Limit ($0.01/$0.02 USD) - 2022/07/03 20:19:38 PT [2022/07/03 23:19:38 ET]
Table 'Barto II' 9-max Seat #6 is the button
Seat 1: tayde310 ($4.19 in chips) 
Seat 2: Dorex2007 ($2.10 in chips) 
Seat 3: dito44156 ($4.40 in chips) 
Seat 5: EdVince1970 ($2.23 in chips) 
Seat 6: geyza15 ($2.02 in chips) 
Seat 7: RealKoi ($1.51 in chips) 
Seat 8: MagomanBR ($5.15 in chips) 
RealKoi: posts small blind $0.01
MagomanBR: posts big blind $0.02
*** HOLE CARDS ***
Dealt to Dorex2007 [9d 4s]
tayde310: folds 
Dorex2007: folds 
dito44156: calls $0.02
EdVince1970 has timed out
EdVince1970: folds 
geyza15: folds 
RealKoi: calls $0.01
MagomanBR: checks 
*** FLOP *** [Tc Qc Th]
RealKoi: checks 
MagomanBR: checks 
dito44156: bets $0.05
RealKoi: raises $0.05 to $0.10
MagomanBR: folds 
dito44156: calls $0.05
*** TURN *** [Tc Qc Th] [Qh]
RealKoi: bets $0.12
dito44156: folds 
Uncalled bet ($0.12) returned to RealKoi
RealKoi collected $0.25 from pot
*** SUMMARY ***
Total pot $0.26 | Rake $0.01 
Board [Tc Qc Th Qh]
Seat 1: tayde310 folded before Flop (didn't bet)
Seat 2: Dorex2007 folded before Flop (didn't bet)
Seat 3: dito44156 folded on the Turn
Seat 5: EdVince1970 folded before Flop (didn't bet)
Seat 6: geyza15 (button) folded before Flop (didn't bet)
Seat 7: RealKoi (small blind) collected ($0.25)
Seat 8: MagomanBR (big blind) folded on the Flop



PokerStars Hand #237148998067:  Hold'em No Limit ($0.01/$0.02 USD) - 2022/07/03 20:20:53 PT [2022/07/03 23:20:53 ET]
Table 'Barto II' 9-max Seat #7 is the button
Seat 1: tayde310 ($4.19 in chips) 
Seat 2: Dorex2007 ($2.10 in chips) 
Seat 3: dito44156 ($4.28 in chips) 
Seat 5: EdVince1970 ($2.23 in chips) 
Seat 6: geyza15 ($2.02 in chips) 
Seat 7: RealKoi ($1.64 in chips) 
Seat 8: MagomanBR ($5.13 in chips) 
MagomanBR: posts small blind $0.01
tayde310: posts big blind $0.02
*** HOLE CARDS ***
Dealt to Dorex2007 [Qh Jc]
Dorex2007: folds 
dito44156: folds 
EdVince1970 has timed out
EdVince1970: folds 
geyza15: raises $0.03 to $0.05
RealKoi: folds 
MagomanBR: raises $0.12 to $0.17
tayde310: folds 
geyza15: calls $0.12
*** FLOP *** [Qs 7d 9s]
MagomanBR: bets $0.17
geyza15: folds 
Uncalled bet ($0.17) returned to MagomanBR
MagomanBR collected $0.35 from pot
*** SUMMARY ***
Total pot $0.36 | Rake $0.01 
Board [Qs 7d 9s]
Seat 1: tayde310 (big blind) folded before Flop
Seat 2: Dorex2007 folded before Flop (didn't bet)
Seat 3: dito44156 folded before Flop (didn't bet)
Seat 5: EdVince1970 folded before Flop (didn't bet)
Seat 6: geyza15 folded on the Flop
Seat 7: RealKoi (button) folded before Flop (didn't bet)
Seat 8: MagomanBR (small blind) collected ($0.35)



PokerStars Hand #237149012325:  Hold'em No Limit ($0.01/$0.02 USD) - 2022/07/03 20:22:11 PT [2022/07/03 23:22:11 ET]
Table 'Barto II' 9-max Seat #8 is the button
Seat 1: tayde310 ($4.17 in chips) 
Seat 2: Dorex2007 ($2.10 in chips) 
Seat 3: dito44156 ($4.28 in chips) 
Seat 5: EdVince1970 ($2.23 in chips) 
Seat 6: geyza15 ($2 in chips) 
Seat 7: RealKoi ($1.64 in chips) 
Seat 8: MagomanBR ($5.31 in chips) 
tayde310: posts small blind $0.01
Dorex2007: posts big blind $0.02
*** HOLE CARDS ***
Dealt to Dorex2007 [6h Ts]
dito44156: calls $0.02
EdVince1970: calls $0.02
geyza15: folds 
RealKoi: calls $0.02
MagomanBR: folds 
tayde310: folds 
Dorex2007: checks 
*** FLOP *** [Ks 8d Kc]
Dorex2007: checks 
dito44156: checks 
EdVince1970: checks 
RealKoi: checks 
*** TURN *** [Ks 8d Kc] [Jh]
Dorex2007: checks 
dito44156: bets $0.04
EdVince1970: calls $0.04
RealKoi: folds 
Dorex2007: folds 
*** RIVER *** [Ks 8d Kc Jh] [7h]
dito44156: checks 
EdVince1970: checks 
*** SHOW DOWN ***
dito44156: shows [8h 9h] (two pair, Kings and Eights)
EdVince1970: shows [Jd Tc] (two pair, Kings and Jacks)
EdVince1970 collected $0.16 from pot
*** SUMMARY ***
Total pot $0.17 | Rake $0.01 
Board [Ks 8d Kc Jh 7h]
Seat 1: tayde310 (small blind) folded before Flop
Seat 2: Dorex2007 (big blind) folded on the Turn
Seat 3: dito44156 showed [8h 9h] and lost with two pair, Kings and Eights
Seat 5: EdVince1970 showed [Jd Tc] and won ($0.16) with two pair, Kings and Jacks
Seat 6: geyza15 folded before Flop (didn't bet)
Seat 7: RealKoi folded on the Turn
Seat 8: MagomanBR (button) folded before Flop (didn't bet)



PokerStars Hand #237149023992:  Hold'em No Limit ($0.01/$0.02 USD) - 2022/07/03 20:23:35 PT [2022/07/03 23:23:35 ET]
Table 'Barto II' 9-max Seat #1 is the button
Seat 1: tayde310 ($4.16 in chips) 
Seat 2: Dorex2007 ($2.08 in chips) 
Seat 3: dito44156 ($4.22 in chips) 
Seat 5: EdVince1970 ($2.33 in chips) 
Seat 6: geyza15 ($2 in chips) 
Seat 7: RealKoi ($1.62 in chips) 
Seat 8: MagomanBR ($5.31 in chips) 
Seat 9: INTIMIDATOR69 ($1 in chips) 
Dorex2007: posts small blind $0.01
dito44156: posts big blind $0.02
INTIMIDATOR69: posts small & big blinds $0.03
*** HOLE CARDS ***
Dealt to Dorex2007 [9h 7c]
EdVince1970: folds 
geyza15: calls $0.02
RealKoi: folds 
MagomanBR: folds 
INTIMIDATOR69: checks 
tayde310: folds 
Dorex2007: folds 
dito44156: checks 
*** FLOP *** [Ts 6c Tc]
dito44156: bets $0.02
geyza15: calls $0.02
INTIMIDATOR69: folds 
*** TURN *** [Ts 6c Tc] [3h]
dito44156: bets $0.02
geyza15: raises $0.08 to $0.10
dito44156: calls $0.08
*** RIVER *** [Ts 6c Tc 3h] [Ad]
dito44156: checks 
geyza15: bets $0.22
dito44156: folds 
Uncalled bet ($0.22) returned to geyza15
geyza15 collected $0.31 from pot
*** SUMMARY ***
Total pot $0.32 | Rake $0.01 
Board [Ts 6c Tc 3h Ad]
Seat 1: tayde310 (button) folded before Flop (didn't bet)
Seat 2: Dorex2007 (small blind) folded before Flop
Seat 3: dito44156 (big blind) folded on the River
Seat 5: EdVince1970 folded before Flop (didn't bet)
Seat 6: geyza15 collected ($0.31)
Seat 7: RealKoi folded before Flop (didn't bet)
Seat 8: MagomanBR folded before Flop (didn't bet)
Seat 9: INTIMIDATOR69 folded on the Flop (didn't bet)



PokerStars Hand #237149034481:  Hold'em No Limit ($0.01/$0.02 USD) - 2022/07/03 20:24:46 PT [2022/07/03 23:24:46 ET]
Table 'Barto II' 9-max Seat #2 is the button
Seat 1: tayde310 ($4.16 in chips) 
Seat 2: Dorex2007 ($2.07 in chips) 
Seat 3: dito44156 ($4.08 in chips) 
Seat 5: EdVince1970 ($2.33 in chips) 
Seat 6: geyza15 ($2.17 in chips) 
Seat 7: RealKoi ($1.62 in chips) 
Seat 8: MagomanBR ($5.31 in chips) 
Seat 9: INTIMIDATOR69 ($1 in chips) 
dito44156: posts small blind $0.01
EdVince1970: posts big blind $0.02
*** HOLE CARDS ***
Dealt to Dorex2007 [4d 3d]
geyza15: calls $0.02
RealKoi: folds 
MagomanBR: folds 
INTIMIDATOR69: folds 
tayde310: folds 
Dorex2007: folds 
dito44156: calls $0.01
EdVince1970: checks 
*** FLOP *** [4s As 5d]
dito44156: checks 
EdVince1970: checks 
geyza15: bets $0.06
dito44156: folds 
EdVince1970: folds 
Uncalled bet ($0.06) returned to geyza15
geyza15 collected $0.06 from pot
*** SUMMARY ***
Total pot $0.06 | Rake $0 
Board [4s As 5d]
Seat 1: tayde310 folded before Flop (didn't bet)
Seat 2: Dorex2007 (button) folded before Flop (didn't bet)
Seat 3: dito44156 (small blind) folded on the Flop
Seat 5: EdVince1970 (big blind) folded on the Flop
Seat 6: geyza15 collected ($0.06)
Seat 7: RealKoi folded before Flop (didn't bet)
Seat 8: MagomanBR folded before Flop (didn't bet)
Seat 9: INTIMIDATOR69 folded before Flop (didn't bet)



PokerStars Hand #237149042480:  Hold'em No Limit ($0.01/$0.02 USD) - 2022/07/03 20:25:22 PT [2022/07/03 23:25:22 ET]
Table 'Barto II' 9-max Seat #3 is the button
Seat 1: tayde310 ($4.16 in chips) 
Seat 2: Dorex2007 ($2.07 in chips) 
Seat 3: dito44156 ($4.06 in chips) 
Seat 5: EdVince1970 ($2.31 in chips) 
Seat 6: geyza15 ($2.21 in chips) 
Seat 7: RealKoi ($1.62 in chips) 
Seat 8: MagomanBR ($5.31 in chips) 
Seat 9: INTIMIDATOR69 ($1 in chips) 
EdVince1970: posts small blind $0.01
geyza15: posts big blind $0.02
*** HOLE CARDS ***
Dealt to Dorex2007 [Qd 9c]
RealKoi: calls $0.02
MagomanBR: folds 
INTIMIDATOR69: folds 
tayde310: folds 
Dorex2007: folds 
dito44156: folds 
EdVince1970: folds 
geyza15: raises $0.08 to $0.10
RealKoi: calls $0.08
*** FLOP *** [8c 5d 3s]
geyza15: bets $0.10
RealKoi: folds 
Uncalled bet ($0.10) returned to geyza15
geyza15 collected $0.20 from pot
*** SUMMARY ***
Total pot $0.21 | Rake $0.01 
Board [8c 5d 3s]
Seat 1: tayde310 folded before Flop (didn't bet)
Seat 2: Dorex2007 folded before Flop (didn't bet)
Seat 3: dito44156 (button) folded before Flop (didn't bet)
Seat 5: EdVince1970 (small blind) folded before Flop
Seat 6: geyza15 (big blind) collected ($0.20)
Seat 7: RealKoi folded on the Flop
Seat 8: MagomanBR folded before Flop (didn't bet)
Seat 9: INTIMIDATOR69 folded before Flop (didn't bet)



PokerStars Hand #237149052665:  Hold'em No Limit ($0.01/$0.02 USD) - 2022/07/03 20:26:34 PT [2022/07/03 23:26:34 ET]
Table 'Barto II' 9-max Seat #5 is the button
Seat 1: tayde310 ($4.16 in chips) 
Seat 2: Dorex2007 ($2.07 in chips) 
Seat 3: dito44156 ($4.06 in chips) 
Seat 5: EdVince1970 ($2.30 in chips) 
Seat 6: geyza15 ($2.31 in chips) 
Seat 7: RealKoi ($1.52 in chips) 
Seat 8: MagomanBR ($5.31 in chips) 
Seat 9: INTIMIDATOR69 ($1 in chips) 
geyza15: posts small blind $0.01
RealKoi: posts big blind $0.02
*** HOLE CARDS ***
Dealt to Dorex2007 [Kh Qc]
MagomanBR: folds 
INTIMIDATOR69: calls $0.02
tayde310: folds 
Dorex2007: raises $0.04 to $0.06
dito44156: folds 
EdVince1970: folds 
geyza15: calls $0.05
RealKoi: folds 
INTIMIDATOR69: calls $0.04
*** FLOP *** [Qh Th 9c]
geyza15: checks 
INTIMIDATOR69: checks 
Dorex2007: bets $0.19
geyza15: folds 
INTIMIDATOR69: folds 
Uncalled bet ($0.19) returned to Dorex2007
Dorex2007 collected $0.19 from pot
*** SUMMARY ***
Total pot $0.20 | Rake $0.01 
Board [Qh Th 9c]
Seat 1: tayde310 folded before Flop (didn't bet)
Seat 2: Dorex2007 collected ($0.19)
Seat 3: dito44156 folded before Flop (didn't bet)
Seat 5: EdVince1970 (button) folded before Flop (didn't bet)
Seat 6: geyza15 (small blind) folded on the Flop
Seat 7: RealKoi (big blind) folded before Flop
Seat 8: MagomanBR folded before Flop (didn't bet)
Seat 9: INTIMIDATOR69 folded on the Flop



PokerStars Hand #237149059063:  Hold'em No Limit ($0.01/$0.02 USD) - 2022/07/03 20:27:19 PT [2022/07/03 23:27:19 ET]
Table 'Barto II' 9-max Seat #6 is the button
Seat 2: Dorex2007 ($2.20 in chips) 
Seat 3: dito44156 ($4.06 in chips) 
Seat 5: EdVince1970 ($2.30 in chips) 
Seat 6: geyza15 ($2.25 in chips) 
Seat 7: RealKoi ($1.50 in chips) 
Seat 8: MagomanBR ($5.31 in chips) 
Seat 9: INTIMIDATOR69 ($1 in chips) 
RealKoi: posts small blind $0.01
MagomanBR: posts big blind $0.02
*** HOLE CARDS ***
Dealt to Dorex2007 [8s 6d]
INTIMIDATOR69: folds 
Dorex2007: folds 
dito44156: folds 
EdVince1970: folds 
geyza15: folds 
RealKoi: folds 
Uncalled bet ($0.01) returned to MagomanBR
MagomanBR collected $0.02 from pot
*** SUMMARY ***
Total pot $0.02 | Rake $0 
Seat 2: Dorex2007 folded before Flop (didn't bet)
Seat 3: dito44156 folded before Flop (didn't bet)
Seat 5: EdVince1970 folded before Flop (didn't bet)
Seat 6: geyza15 (button) folded before Flop (didn't bet)
Seat 7: RealKoi (small blind) folded before Flop
Seat 8: MagomanBR (big blind) collected ($0.02)
Seat 9: INTIMIDATOR69 folded before Flop (didn't bet)



PokerStars Hand #237149061687:  Hold'em No Limit ($0.01/$0.02 USD) - 2022/07/03 20:27:38 PT [2022/07/03 23:27:38 ET]
Table 'Barto II' 9-max Seat #7 is the button
Seat 2: Dorex2007 ($2.20 in chips) 
Seat 3: dito44156 ($4.06 in chips) 
Seat 5: EdVince1970 ($2.30 in chips) 
Seat 6: geyza15 ($2.25 in chips) 
Seat 7: RealKoi ($1.49 in chips) 
Seat 8: MagomanBR ($5.32 in chips) 
Seat 9: INTIMIDATOR69 ($1 in chips) 
MagomanBR: posts small blind $0.01
INTIMIDATOR69: posts big blind $0.02
*** HOLE CARDS ***
Dealt to Dorex2007 [9s 5s]
Dorex2007: folds 
dito44156: folds 
EdVince1970 has timed out
EdVince1970: folds 
tayde310 leaves the table
geyza15: raises $0.03 to $0.05
RealKoi: folds 
MagomanBR: raises $0.12 to $0.17
INTIMIDATOR69: folds 
geyza15: calls $0.12
*** FLOP *** [6d 6h 9c]
MagomanBR: bets $0.11
geyza15: raises $0.15 to $0.26
MagomanBR: calls $0.15
*** TURN *** [6d 6h 9c] [Ts]
MagomanBR: checks 
geyza15: checks 
*** RIVER *** [6d 6h 9c Ts] [2h]
MagomanBR: bets $0.26
geyza15: calls $0.26
*** SHOW DOWN ***
MagomanBR: shows [Ad Jc] (a pair of Sixes)
geyza15: shows [9h Kh] (two pair, Nines and Sixes)
geyza15 collected $1.35 from pot
*** SUMMARY ***
Total pot $1.40 | Rake $0.05 
Board [6d 6h 9c Ts 2h]
Seat 2: Dorex2007 folded before Flop (didn't bet)
Seat 3: dito44156 folded before Flop (didn't bet)
Seat 5: EdVince1970 folded before Flop (didn't bet)
Seat 6: geyza15 showed [9h Kh] and won ($1.35) with two pair, Nines and Sixes
Seat 7: RealKoi (button) folded before Flop (didn't bet)
Seat 8: MagomanBR (small blind) showed [Ad Jc] and lost with a pair of Sixes
Seat 9: INTIMIDATOR69 (big blind) folded before Flop



PokerStars Hand #237149077256:  Hold'em No Limit ($0.01/$0.02 USD) - 2022/07/03 20:29:31 PT [2022/07/03 23:29:31 ET]
Table 'Barto II' 9-max Seat #8 is the button
Seat 2: Dorex2007 ($2.20 in chips) 
Seat 3: dito44156 ($4.06 in chips) 
Seat 5: EdVince1970 ($2.30 in chips) 
Seat 6: geyza15 ($2.91 in chips) 
Seat 7: RealKoi ($1.49 in chips) 
Seat 8: MagomanBR ($4.63 in chips) 
Seat 9: INTIMIDATOR69 ($1 in chips) 
INTIMIDATOR69: posts small blind $0.01
Dorex2007: posts big blind $0.02
*** HOLE CARDS ***
Dealt to Dorex2007 [Ts 5d]
dito44156: folds 
EdVince1970: folds 
geyza15: raises $0.03 to $0.05
RealKoi: folds 
MagomanBR: folds 
mous1030 joins the table at seat #1 
INTIMIDATOR69: folds 
Dorex2007: folds 
Uncalled bet ($0.03) returned to geyza15
geyza15 collected $0.05 from pot
*** SUMMARY ***
Total pot $0.05 | Rake $0 
Seat 2: Dorex2007 (big blind) folded before Flop
Seat 3: dito44156 folded before Flop (didn't bet)
Seat 5: EdVince1970 folded before Flop (didn't bet)
Seat 6: geyza15 collected ($0.05)
Seat 7: RealKoi folded before Flop (didn't bet)
Seat 8: MagomanBR (button) folded before Flop (didn't bet)
Seat 9: INTIMIDATOR69 (small blind) folded before Flop



PokerStars Hand #237149081069:  Hold'em No Limit ($0.01/$0.02 USD) - 2022/07/03 20:29:59 PT [2022/07/03 23:29:59 ET]
Table 'Barto II' 9-max Seat #9 is the button
Seat 2: Dorex2007 ($2.18 in chips) 
Seat 3: dito44156 ($4.06 in chips) 
Seat 5: EdVince1970 ($2.30 in chips) 
Seat 6: geyza15 ($2.94 in chips) 
Seat 7: RealKoi ($1.49 in chips) 
Seat 8: MagomanBR ($4.63 in chips) 
Seat 9: INTIMIDATOR69 ($1 in chips) 
Dorex2007: posts small blind $0.01
dito44156: posts big blind $0.02
*** HOLE CARDS ***
Dealt to Dorex2007 [Jh 5c]
EdVince1970: folds 
geyza15: folds 
RealKoi: calls $0.02
MagomanBR: raises $0.04 to $0.06
INTIMIDATOR69: folds 
Dorex2007: folds 
dito44156: calls $0.04
RealKoi: calls $0.04
*** FLOP *** [9d Kh Qc]
geyza15 leaves the table
dito44156: checks 
RealKoi: bets $0.08
only6-6lol leaves the table
MagomanBR: folds 
dito44156: raises $0.08 to $0.16
RealKoi: calls $0.08
*** TURN *** [9d Kh Qc] [Ad]
dito44156: bets $0.16
RealKoi: raises $0.16 to $0.32
dito44156: calls $0.16
*** RIVER *** [9d Kh Qc Ad] [Ts]
dito44156: checks 
RealKoi: checks 
*** SHOW DOWN ***
dito44156: shows [9h Kd] (two pair, Kings and Nines)
RealKoi: shows [Qd Ah] (two pair, Aces and Queens)
RealKoi collected $1.11 from pot
*** SUMMARY ***
Total pot $1.15 | Rake $0.04 
Board [9d Kh Qc Ad Ts]
Seat 2: Dorex2007 (small blind) folded before Flop
Seat 3: dito44156 (big blind) showed [9h Kd] and lost with two pair, Kings and Nines
Seat 5: EdVince1970 folded before Flop (didn't bet)
Seat 6: geyza15 folded before Flop (didn't bet)
Seat 7: RealKoi showed [Qd Ah] and won ($1.11) with two pair, Aces and Queens
Seat 8: MagomanBR folded on the Flop
Seat 9: INTIMIDATOR69 (button) folded before Flop (didn't bet)



PokerStars Hand #237149090267:  Hold'em No Limit ($0.01/$0.02 USD) - 2022/07/03 20:31:07 PT [2022/07/03 23:31:07 ET]
Table 'Barto II' 9-max Seat #2 is the button
Seat 1: mous1030 ($0.80 in chips) 
Seat 2: Dorex2007 ($2.17 in chips) 
Seat 3: dito44156 ($3.52 in chips) 
Seat 5: EdVince1970 ($2.30 in chips) 
Seat 7: RealKoi ($2.06 in chips) 
Seat 8: MagomanBR ($4.57 in chips) 
Seat 9: INTIMIDATOR69 ($1 in chips) 
dito44156: posts small blind $0.01
EdVince1970: posts big blind $0.02
mous1030: posts big blind $0.02
*** HOLE CARDS ***
Dealt to Dorex2007 [Qh 9d]
RealKoi: folds 
MagomanBR: folds 
INTIMIDATOR69: calls $0.02
mous1030: raises $0.02 to $0.04
Dorex2007: folds 
dito44156: folds 
EdVince1970: folds 
INTIMIDATOR69: calls $0.02
*** FLOP *** [Ad 2s 8s]
INTIMIDATOR69: bets $0.11
mous1030: calls $0.11
*** TURN *** [Ad 2s 8s] [Qc]
INTIMIDATOR69: bets $0.32
mous1030: calls $0.32
*** RIVER *** [Ad 2s 8s Qc] [Js]
INTIMIDATOR69: bets $0.34
mous1030: calls $0.33 and is all-in
Uncalled bet ($0.01) returned to INTIMIDATOR69
*** SHOW DOWN ***
INTIMIDATOR69: shows [Jd Ac] (two pair, Aces and Jacks)
mous1030: shows [Qd Jh] (two pair, Queens and Jacks)
INTIMIDATOR69 collected $1.57 from pot
*** SUMMARY ***
Total pot $1.63 | Rake $0.06 
Board [Ad 2s 8s Qc Js]
Seat 1: mous1030 showed [Qd Jh] and lost with two pair, Queens and Jacks
Seat 2: Dorex2007 (button) folded before Flop (didn't bet)
Seat 3: dito44156 (small blind) folded before Flop
Seat 5: EdVince1970 (big blind) folded before Flop
Seat 7: RealKoi folded before Flop (didn't bet)
Seat 8: MagomanBR folded before Flop (didn't bet)
Seat 9: INTIMIDATOR69 showed [Jd Ac] and won ($1.57) with two pair, Aces and Jacks



PokerStars Hand #237149097749:  Hold'em No Limit ($0.01/$0.02 USD) - 2022/07/03 20:32:02 PT [2022/07/03 23:32:02 ET]
Table 'Barto II' 9-max Seat #3 is the button
Seat 2: Dorex2007 ($2.17 in chips) 
Seat 3: dito44156 ($3.51 in chips) 
Seat 5: EdVince1970 ($2.28 in chips) 
Seat 7: RealKoi ($2.06 in chips) 
Seat 8: MagomanBR ($4.57 in chips) 
Seat 9: INTIMIDATOR69 ($1.77 in chips) 
EdVince1970: posts small blind $0.01
RealKoi: posts big blind $0.02
*** HOLE CARDS ***
Dealt to Dorex2007 [Qd Ah]
MagomanBR: folds 
mous1030 leaves the table
INTIMIDATOR69: folds 
Dorex2007: raises $0.04 to $0.06
dito44156: folds 
EdVince1970: folds 
RealKoi: folds 
Uncalled bet ($0.04) returned to Dorex2007
Dorex2007 collected $0.05 from pot
*** SUMMARY ***
Total pot $0.05 | Rake $0 
Seat 2: Dorex2007 collected ($0.05)
Seat 3: dito44156 (button) folded before Flop (didn't bet)
Seat 5: EdVince1970 (small blind) folded before Flop
Seat 7: RealKoi (big blind) folded before Flop
Seat 8: MagomanBR folded before Flop (didn't bet)
Seat 9: INTIMIDATOR69 folded before Flop (didn't bet)



PokerStars Hand #237149100905:  Hold'em No Limit ($0.01/$0.02 USD) - 2022/07/03 20:32:26 PT [2022/07/03 23:32:26 ET]
Table 'Barto II' 9-max Seat #5 is the button
Seat 2: Dorex2007 ($2.20 in chips) 
Seat 3: dito44156 ($3.51 in chips) 
Seat 5: EdVince1970 ($2.27 in chips) 
Seat 7: RealKoi ($2.04 in chips) 
Seat 8: MagomanBR ($4.57 in chips) 
Seat 9: INTIMIDATOR69 ($1.77 in chips) 
RealKoi: posts small blind $0.01
MagomanBR: posts big blind $0.02
*** HOLE CARDS ***
Dealt to Dorex2007 [9h 6h]
INTIMIDATOR69: folds 
Dorex2007: folds 
dito44156: folds 
EdVince1970: calls $0.02
RealKoi: calls $0.01
MagomanBR: checks 
*** FLOP *** [Th Qh 4d]
RealKoi: checks 
MagomanBR: checks 
EdVince1970: checks 
*** TURN *** [Th Qh 4d] [2d]
RealKoi: bets $0.02
MagomanBR: folds 
EdVince1970: folds 
Uncalled bet ($0.02) returned to RealKoi
RealKoi collected $0.06 from pot
*** SUMMARY ***
Total pot $0.06 | Rake $0 
Board [Th Qh 4d 2d]
Seat 2: Dorex2007 folded before Flop (didn't bet)
Seat 3: dito44156 folded before Flop (didn't bet)
Seat 5: EdVince1970 (button) folded on the Turn
Seat 7: RealKoi (small blind) collected ($0.06)
Seat 8: MagomanBR (big blind) folded on the Turn
Seat 9: INTIMIDATOR69 folded before Flop (didn't bet)



PokerStars Hand #237149112576:  Hold'em No Limit ($0.01/$0.02 USD) - 2022/07/03 20:33:17 PT [2022/07/03 23:33:17 ET]
Table 'Barto II' 9-max Seat #7 is the button
Seat 2: Dorex2007 ($2.20 in chips) 
Seat 3: dito44156 ($3.51 in chips) 
Seat 5: EdVince1970 ($2.25 in chips) 
Seat 7: RealKoi ($2.08 in chips) 
Seat 8: MagomanBR ($4.55 in chips) 
Seat 9: INTIMIDATOR69 ($1.77 in chips) 
MagomanBR: posts small blind $0.01
INTIMIDATOR69: posts big blind $0.02
*** HOLE CARDS ***
Dealt to Dorex2007 [2d Js]
Dorex2007: folds 
dito44156: folds 
EdVince1970: folds 
jaymesan joins the table at seat #4 
RealKoi: folds 
MagomanBR: calls $0.01
INTIMIDATOR69: checks 
*** FLOP *** [3s 4h 6h]
MagomanBR: checks 
INTIMIDATOR69: checks 
*** TURN *** [3s 4h 6h] [5c]
MagomanBR: bets $0.04
INTIMIDATOR69: folds 
Uncalled bet ($0.04) returned to MagomanBR
MagomanBR collected $0.04 from pot
*** SUMMARY ***
Total pot $0.04 | Rake $0 
Board [3s 4h 6h 5c]
Seat 2: Dorex2007 folded before Flop (didn't bet)
Seat 3: dito44156 folded before Flop (didn't bet)
Seat 5: EdVince1970 folded before Flop (didn't bet)
Seat 7: RealKoi (button) folded before Flop (didn't bet)
Seat 8: MagomanBR (small blind) collected ($0.04)
Seat 9: INTIMIDATOR69 (big blind) folded on the Turn



PokerStars Hand #237149117199:  Hold'em No Limit ($0.01/$0.02 USD) - 2022/07/03 20:33:52 PT [2022/07/03 23:33:52 ET]
Table 'Barto II' 9-max Seat #8 is the button
Seat 2: Dorex2007 ($2.20 in chips) 
Seat 3: dito44156 ($3.51 in chips) 
Seat 5: EdVince1970 ($2.25 in chips) 
Seat 7: RealKoi ($2.08 in chips) 
Seat 8: MagomanBR ($4.57 in chips) 
Seat 9: INTIMIDATOR69 ($1.75 in chips) 
INTIMIDATOR69: posts small blind $0.01
Dorex2007: posts big blind $0.02
jaymesan: sits out 
*** HOLE CARDS ***
Dealt to Dorex2007 [3h Td]
dito44156: folds 
EdVince1970: folds 
RealKoi: folds 
MagomanBR: folds 
INTIMIDATOR69: calls $0.01
Dorex2007: checks 
*** FLOP *** [Ac 3d 6d]
INTIMIDATOR69: checks 
henriquefjc joins the table at seat #6 
Dorex2007: checks 
*** TURN *** [Ac 3d 6d] [9d]
INTIMIDATOR69: bets $0.04
Dorex2007: folds 
Uncalled bet ($0.04) returned to INTIMIDATOR69
INTIMIDATOR69 collected $0.04 from pot
*** SUMMARY ***
Total pot $0.04 | Rake $0 
Board [Ac 3d 6d 9d]
Seat 2: Dorex2007 (big blind) folded on the Turn
Seat 3: dito44156 folded before Flop (didn't bet)
Seat 5: EdVince1970 folded before Flop (didn't bet)
Seat 7: RealKoi folded before Flop (didn't bet)
Seat 8: MagomanBR (button) folded before Flop (didn't bet)
Seat 9: INTIMIDATOR69 (small blind) collected ($0.04)



PokerStars Hand #237149121199:  Hold'em No Limit ($0.01/$0.02 USD) - 2022/07/03 20:34:22 PT [2022/07/03 23:34:22 ET]
Table 'Barto II' 9-max Seat #9 is the button
Seat 2: Dorex2007 ($2.18 in chips) 
Seat 3: dito44156 ($3.51 in chips) 
Seat 5: EdVince1970 ($2.25 in chips) 
Seat 7: RealKoi ($2.08 in chips) 
Seat 8: MagomanBR ($4.57 in chips) 
Seat 9: INTIMIDATOR69 ($1.77 in chips) 
Dorex2007: posts small blind $0.01
dito44156: posts big blind $0.02
jaymesan: sits out 
henriquefjc: sits out 
*** HOLE CARDS ***
Dealt to Dorex2007 [Ks Kc]
EdVince1970: folds 
RealKoi: calls $0.02
MagomanBR: folds 
INTIMIDATOR69: calls $0.02
Dorex2007: raises $0.04 to $0.06
dito44156: folds 
RealKoi: calls $0.04
INTIMIDATOR69: calls $0.04
*** FLOP *** [Qs 4c Td]
Dorex2007: bets $0.19
RealKoi: folds 
INTIMIDATOR69: folds 
Uncalled bet ($0.19) returned to Dorex2007
Dorex2007 collected $0.19 from pot
*** SUMMARY ***
Total pot $0.20 | Rake $0.01 
Board [Qs 4c Td]
Seat 2: Dorex2007 (small blind) collected ($0.19)
Seat 3: dito44156 (big blind) folded before Flop
Seat 5: EdVince1970 folded before Flop (didn't bet)
Seat 7: RealKoi folded on the Flop
Seat 8: MagomanBR folded before Flop (didn't bet)
Seat 9: INTIMIDATOR69 (button) folded on the Flop



PokerStars Hand #237149127483:  Hold'em No Limit ($0.01/$0.02 USD) - 2022/07/03 20:35:08 PT [2022/07/03 23:35:08 ET]
Table 'Barto II' 9-max Seat #2 is the button
Seat 2: Dorex2007 ($2.31 in chips) 
Seat 3: dito44156 ($3.49 in chips) 
Seat 4: jaymesan ($0.80 in chips) 
Seat 5: EdVince1970 ($2.25 in chips) 
Seat 7: RealKoi ($2.02 in chips) 
Seat 8: MagomanBR ($4.57 in chips) 
Seat 9: INTIMIDATOR69 ($1.71 in chips) 
dito44156: posts small blind $0.01
jaymesan: posts big blind $0.02
henriquefjc: sits out 
*** HOLE CARDS ***
Dealt to Dorex2007 [5d 4s]
EdVince1970: folds 
RealKoi: calls $0.02
MagomanBR: folds 
INTIMIDATOR69: folds 
Dorex2007: folds 
dito44156: calls $0.01
jaymesan: checks 
*** FLOP *** [Ts Ks 9s]
dito44156: bets $0.02
jaymesan: folds 
RealKoi: folds 
Uncalled bet ($0.02) returned to dito44156
dito44156 collected $0.06 from pot
*** SUMMARY ***
Total pot $0.06 | Rake $0 
Board [Ts Ks 9s]
Seat 2: Dorex2007 (button) folded before Flop (didn't bet)
Seat 3: dito44156 (small blind) collected ($0.06)
Seat 4: jaymesan (big blind) folded on the Flop
Seat 5: EdVince1970 folded before Flop (didn't bet)
Seat 7: RealKoi folded on the Flop
Seat 8: MagomanBR folded before Flop (didn't bet)
Seat 9: INTIMIDATOR69 folded before Flop (didn't bet)



PokerStars Hand #237149133844:  Hold'em No Limit ($0.01/$0.02 USD) - 2022/07/03 20:35:49 PT [2022/07/03 23:35:49 ET]
Table 'Barto II' 9-max Seat #3 is the button
Seat 2: Dorex2007 ($2.31 in chips) 
Seat 3: dito44156 ($3.53 in chips) 
Seat 4: jaymesan ($0.78 in chips) 
Seat 6: henriquefjc ($1.60 in chips) 
Seat 7: RealKoi ($2 in chips) 
Seat 8: MagomanBR ($4.57 in chips) 
Seat 9: INTIMIDATOR69 ($1.71 in chips) 
jaymesan: posts small blind $0.01
henriquefjc: posts big blind $0.02
*** HOLE CARDS ***
Dealt to Dorex2007 [2s 8c]
RealKoi: calls $0.02
MagomanBR: folds 
INTIMIDATOR69: folds 
Dorex2007: folds 
dito44156: raises $0.07 to $0.09
jaymesan: folds 
henriquefjc: folds 
RealKoi: calls $0.07
*** FLOP *** [Qc Ts 9h]
RealKoi: bets $0.02
dito44156: calls $0.02
*** TURN *** [Qc Ts 9h] [Jd]
RealKoi: bets $0.02
dito44156: calls $0.02
*** RIVER *** [Qc Ts 9h Jd] [4d]
RealKoi: bets $0.14
dito44156: folds 
Uncalled bet ($0.14) returned to RealKoi
RealKoi collected $0.28 from pot
*** SUMMARY ***
Total pot $0.29 | Rake $0.01 
Board [Qc Ts 9h Jd 4d]
Seat 2: Dorex2007 folded before Flop (didn't bet)
Seat 3: dito44156 (button) folded on the River
Seat 4: jaymesan (small blind) folded before Flop
Seat 6: henriquefjc (big blind) folded before Flop
Seat 7: RealKoi collected ($0.28)
Seat 8: MagomanBR folded before Flop (didn't bet)
Seat 9: INTIMIDATOR69 folded before Flop (didn't bet)



PokerStars Hand #237149138481:  Hold'em No Limit ($0.01/$0.02 USD) - 2022/07/03 20:36:23 PT [2022/07/03 23:36:23 ET]
Table 'Barto II' 9-max Seat #4 is the button
Seat 2: Dorex2007 ($2.31 in chips) 
Seat 3: dito44156 ($3.40 in chips) 
Seat 4: jaymesan ($0.77 in chips) 
Seat 6: henriquefjc ($1.58 in chips) 
Seat 7: RealKoi ($2.15 in chips) 
Seat 8: MagomanBR ($4.57 in chips) 
Seat 9: INTIMIDATOR69 ($1.71 in chips) 
henriquefjc: posts small blind $0.01
RealKoi: posts big blind $0.02
*** HOLE CARDS ***
Dealt to Dorex2007 [Td Ah]
MagomanBR: raises $0.02 to $0.04
INTIMIDATOR69: calls $0.04
Dorex2007: calls $0.04
dito44156: folds 
jaymesan: calls $0.04
henriquefjc: folds 
RealKoi: folds 
*** FLOP *** [7c 2s 7h]
MagomanBR: bets $0.05
INTIMIDATOR69: folds 
Dorex2007: folds 
jaymesan: folds 
Uncalled bet ($0.05) returned to MagomanBR
MagomanBR collected $0.18 from pot
*** SUMMARY ***
Total pot $0.19 | Rake $0.01 
Board [7c 2s 7h]
Seat 2: Dorex2007 folded on the Flop
Seat 3: dito44156 folded before Flop (didn't bet)
Seat 4: jaymesan (button) folded on the Flop
Seat 6: henriquefjc (small blind) folded before Flop
Seat 7: RealKoi (big blind) folded before Flop
Seat 8: MagomanBR collected ($0.18)
Seat 9: INTIMIDATOR69 folded on the Flop



PokerStars Hand #237149144044:  Hold'em No Limit ($0.01/$0.02 USD) - 2022/07/03 20:37:05 PT [2022/07/03 23:37:05 ET]
Table 'Barto II' 9-max Seat #6 is the button
Seat 2: Dorex2007 ($2.27 in chips) 
Seat 3: dito44156 ($3.40 in chips) 
Seat 4: jaymesan ($0.73 in chips) 
Seat 5: EdVince1970 ($2.25 in chips) 
Seat 6: henriquefjc ($1.57 in chips) 
Seat 7: RealKoi ($2.13 in chips) 
Seat 8: MagomanBR ($4.71 in chips) 
Seat 9: INTIMIDATOR69 ($1.67 in chips) 
RealKoi: posts small blind $0.01
MagomanBR: posts big blind $0.02
EdVince1970: posts small & big blinds $0.03
*** HOLE CARDS ***
Dealt to Dorex2007 [6h 9c]
INTIMIDATOR69: folds 
Dorex2007: folds 
dito44156: calls $0.02
jaymesan: raises $0.06 to $0.08
EdVince1970: folds 
henriquefjc: folds 
RealKoi: calls $0.07
MagomanBR: calls $0.06
dito44156: calls $0.06
*** FLOP *** [5s 2d 6s]
SandroGPe joins the table at seat #1 
RealKoi: bets $0.02
MagomanBR: raises $0.09 to $0.11
dito44156: folds 
jaymesan: raises $0.09 to $0.20
RealKoi: folds 
MagomanBR: calls $0.09
*** TURN *** [5s 2d 6s] [2s]
MagomanBR: checks 
jaymesan: bets $0.37
MagomanBR: folds 
Uncalled bet ($0.37) returned to jaymesan
jaymesan collected $0.74 from pot
*** SUMMARY ***
Total pot $0.77 | Rake $0.03 
Board [5s 2d 6s 2s]
Seat 2: Dorex2007 folded before Flop (didn't bet)
Seat 3: dito44156 folded on the Flop
Seat 4: jaymesan collected ($0.74)
Seat 5: EdVince1970 folded before Flop (didn't bet)
Seat 6: henriquefjc (button) folded before Flop (didn't bet)
Seat 7: RealKoi (small blind) folded on the Flop
Seat 8: MagomanBR (big blind) folded on the Turn
Seat 9: INTIMIDATOR69 folded before Flop (didn't bet)



PokerStars Hand #237149162520:  Hold'em No Limit ($0.01/$0.02 USD) - 2022/07/03 20:38:32 PT [2022/07/03 23:38:32 ET]
Table 'Barto II' 9-max Seat #7 is the button
Seat 1: SandroGPe ($1.60 in chips) 
Seat 2: Dorex2007 ($2.27 in chips) 
Seat 3: dito44156 ($3.32 in chips) 
Seat 4: jaymesan ($1.19 in chips) 
Seat 5: EdVince1970 ($2.22 in chips) 
Seat 6: henriquefjc ($1.57 in chips) 
Seat 7: RealKoi ($2.03 in chips) 
Seat 8: MagomanBR ($4.43 in chips) 
Seat 9: INTIMIDATOR69 ($1.67 in chips) 
MagomanBR: posts small blind $0.01
INTIMIDATOR69: posts big blind $0.02
SandroGPe: posts big blind $0.02
*** HOLE CARDS ***
Dealt to Dorex2007 [6h Ad]
SandroGPe: checks 
Dorex2007: folds 
dito44156: calls $0.02
jaymesan: folds 
EdVince1970 has timed out
EdVince1970: folds 
henriquefjc: calls $0.02
RealKoi: folds 
MagomanBR: calls $0.01
INTIMIDATOR69: checks 
*** FLOP *** [Kc 8s Qs]
MagomanBR: checks 
INTIMIDATOR69: checks 
SandroGPe: bets $0.02
dito44156: calls $0.02
henriquefjc: raises $0.16 to $0.18
MagomanBR: calls $0.18
INTIMIDATOR69: folds 
SandroGPe: calls $0.16
dito44156: folds 
*** TURN *** [Kc 8s Qs] [8h]
MagomanBR: checks 
SandroGPe: checks 
henriquefjc: bets $0.32
MagomanBR: calls $0.32
SandroGPe: folds 
*** RIVER *** [Kc 8s Qs 8h] [Js]
MagomanBR: bets $1.05
henriquefjc: folds 
Uncalled bet ($1.05) returned to MagomanBR
MagomanBR collected $1.25 from pot
*** SUMMARY ***
Total pot $1.30 | Rake $0.05 
Board [Kc 8s Qs 8h Js]
Seat 1: SandroGPe folded on the Turn
Seat 2: Dorex2007 folded before Flop (didn't bet)
Seat 3: dito44156 folded on the Flop
Seat 4: jaymesan folded before Flop (didn't bet)
Seat 5: EdVince1970 folded before Flop (didn't bet)
Seat 6: henriquefjc folded on the River
Seat 7: RealKoi (button) folded before Flop (didn't bet)
Seat 8: MagomanBR (small blind) collected ($1.25)
Seat 9: INTIMIDATOR69 (big blind) folded on the Flop



PokerStars Hand #237149175403:  Hold'em No Limit ($0.01/$0.02 USD) - 2022/07/03 20:40:07 PT [2022/07/03 23:40:07 ET]
Table 'Barto II' 9-max Seat #8 is the button
Seat 1: SandroGPe ($1.40 in chips) 
Seat 2: Dorex2007 ($2.27 in chips) 
Seat 3: dito44156 ($3.28 in chips) 
Seat 4: jaymesan ($1.19 in chips) 
Seat 5: EdVince1970 ($2.22 in chips) 
Seat 6: henriquefjc ($1.05 in chips) 
Seat 7: RealKoi ($2.03 in chips) 
Seat 8: MagomanBR ($5.16 in chips) 
Seat 9: INTIMIDATOR69 ($1.65 in chips) 
INTIMIDATOR69: posts small blind $0.01
SandroGPe: posts big blind $0.02
*** HOLE CARDS ***
Dealt to Dorex2007 [8c 8d]
Dorex2007: calls $0.02
dito44156: calls $0.02
jaymesan: folds 
EdVince1970: folds 
henriquefjc: folds 
RealKoi: folds 
MagomanBR: folds 
INTIMIDATOR69: folds 
SandroGPe: checks 
*** FLOP *** [7s 4h Ad]
SandroGPe: bets $0.02
Dorex2007: calls $0.02
dito44156: calls $0.02
*** TURN *** [7s 4h Ad] [Td]
SandroGPe: bets $0.02
Dorex2007: calls $0.02
dito44156: calls $0.02
*** RIVER *** [7s 4h Ad Td] [Ts]
SandroGPe: bets $0.02
Dorex2007: folds 
dito44156: folds 
Uncalled bet ($0.02) returned to SandroGPe
SandroGPe collected $0.18 from pot
*** SUMMARY ***
Total pot $0.19 | Rake $0.01 
Board [7s 4h Ad Td Ts]
Seat 1: SandroGPe (big blind) collected ($0.18)
Seat 2: Dorex2007 folded on the River
Seat 3: dito44156 folded on the River
Seat 4: jaymesan folded before Flop (didn't bet)
Seat 5: EdVince1970 folded before Flop (didn't bet)
Seat 6: henriquefjc folded before Flop (didn't bet)
Seat 7: RealKoi folded before Flop (didn't bet)
Seat 8: MagomanBR (button) folded before Flop (didn't bet)
Seat 9: INTIMIDATOR69 (small blind) folded before Flop



PokerStars Hand #237149180767:  Hold'em No Limit ($0.01/$0.02 USD) - 2022/07/03 20:40:49 PT [2022/07/03 23:40:49 ET]
Table 'Barto II' 9-max Seat #9 is the button
Seat 1: SandroGPe ($1.52 in chips) 
Seat 2: Dorex2007 ($2.21 in chips) 
Seat 3: dito44156 ($3.22 in chips) 
Seat 4: jaymesan ($1.19 in chips) 
Seat 5: EdVince1970 ($2.22 in chips) 
Seat 6: henriquefjc ($1.05 in chips) 
Seat 7: RealKoi ($2.03 in chips) 
Seat 8: MagomanBR ($5.16 in chips) 
Seat 9: INTIMIDATOR69 ($1.64 in chips) 
SandroGPe: posts small blind $0.01
Dorex2007: posts big blind $0.02
*** HOLE CARDS ***
Dealt to Dorex2007 [5s 2c]
dito44156: calls $0.02
jaymesan: folds 
EdVince1970: folds 
henriquefjc: folds 
RealKoi: folds 
MagomanBR: folds 
INTIMIDATOR69: folds 
SandroGPe: calls $0.01
Dorex2007: checks 
*** FLOP *** [7s 2d 7h]
SandroGPe: bets $0.02
Dorex2007: folds 
dito44156: calls $0.02
*** TURN *** [7s 2d 7h] [8h]
SandroGPe: bets $0.02
dito44156: calls $0.02
*** RIVER *** [7s 2d 7h 8h] [Qh]
SandroGPe: checks 
dito44156: checks 
*** SHOW DOWN ***
SandroGPe: shows [3c Ad] (a pair of Sevens)
dito44156: mucks hand 
SandroGPe collected $0.14 from pot
*** SUMMARY ***
Total pot $0.14 | Rake $0 
Board [7s 2d 7h 8h Qh]
Seat 1: SandroGPe (small blind) showed [3c Ad] and won ($0.14) with a pair of Sevens
Seat 2: Dorex2007 (big blind) folded on the Flop
Seat 3: dito44156 mucked [Ts Kc]
Seat 4: jaymesan folded before Flop (didn't bet)
Seat 5: EdVince1970 folded before Flop (didn't bet)
Seat 6: henriquefjc folded before Flop (didn't bet)
Seat 7: RealKoi folded before Flop (didn't bet)
Seat 8: MagomanBR folded before Flop (didn't bet)
Seat 9: INTIMIDATOR69 (button) folded before Flop (didn't bet)



PokerStars Hand #237149190275:  Hold'em No Limit ($0.01/$0.02 USD) - 2022/07/03 20:41:37 PT [2022/07/03 23:41:37 ET]
Table 'Barto II' 9-max Seat #1 is the button
Seat 1: SandroGPe ($1.60 in chips) 
Seat 2: Dorex2007 ($2.19 in chips) 
Seat 3: dito44156 ($3.16 in chips) 
Seat 4: jaymesan ($1.19 in chips) 
Seat 5: EdVince1970 ($2.22 in chips) 
Seat 6: henriquefjc ($1.05 in chips) 
Seat 7: RealKoi ($2.03 in chips) 
Seat 8: MagomanBR ($5.16 in chips) 
Seat 9: INTIMIDATOR69 ($1.64 in chips) 
Dorex2007: posts small blind $0.01
dito44156: posts big blind $0.02
*** HOLE CARDS ***
Dealt to Dorex2007 [Ks Qc]
jaymesan: folds 
EdVince1970: folds 
henriquefjc: folds 
RealKoi: calls $0.02
MagomanBR: folds 
INTIMIDATOR69: calls $0.02
SandroGPe: calls $0.02
Dorex2007: raises $0.06 to $0.08
dito44156: folds 
RealKoi: calls $0.06
INTIMIDATOR69: calls $0.06
SandroGPe: folds 
*** FLOP *** [Jh Td 8s]
Dorex2007: bets $0.13
RealKoi: calls $0.13
INTIMIDATOR69: raises $0.25 to $0.38
dito44156 leaves the table
Dorex2007: folds 
geroyapur joins the table at seat #3 
RealKoi: folds 
Uncalled bet ($0.25) returned to INTIMIDATOR69
INTIMIDATOR69 collected $0.65 from pot
*** SUMMARY ***
Total pot $0.67 | Rake $0.02 
Board [Jh Td 8s]
Seat 1: SandroGPe (button) folded before Flop
Seat 2: Dorex2007 (small blind) folded on the Flop
Seat 3: dito44156 (big blind) folded before Flop
Seat 4: jaymesan folded before Flop (didn't bet)
Seat 5: EdVince1970 folded before Flop (didn't bet)
Seat 6: henriquefjc folded before Flop (didn't bet)
Seat 7: RealKoi folded on the Flop
Seat 8: MagomanBR folded before Flop (didn't bet)
Seat 9: INTIMIDATOR69 collected ($0.65)



PokerStars Hand #237149202941:  Hold'em No Limit ($0.01/$0.02 USD) - 2022/07/03 20:43:13 PT [2022/07/03 23:43:13 ET]
Table 'Barto II' 9-max Seat #2 is the button
Seat 1: SandroGPe ($1.58 in chips) 
Seat 2: Dorex2007 ($2 in chips) 
Seat 4: jaymesan ($1.19 in chips) 
Seat 5: EdVince1970 ($2.22 in chips) 
Seat 6: henriquefjc ($1.05 in chips) 
Seat 7: RealKoi ($1.82 in chips) 
Seat 8: MagomanBR ($5.16 in chips) 
Seat 9: INTIMIDATOR69 ($2.08 in chips) 
jaymesan: posts small blind $0.01
EdVince1970: posts big blind $0.02
*** HOLE CARDS ***
Dealt to Dorex2007 [8d Tc]
henriquefjc: folds 
RealKoi: folds 
MagomanBR: folds 
INTIMIDATOR69: folds 
SandroGPe: raises $0.02 to $0.04
Dorex2007: folds 
jaymesan: folds 
EdVince1970: folds 
Uncalled bet ($0.02) returned to SandroGPe
SandroGPe collected $0.05 from pot
*** SUMMARY ***
Total pot $0.05 | Rake $0 
Seat 1: SandroGPe collected ($0.05)
Seat 2: Dorex2007 (button) folded before Flop (didn't bet)
Seat 4: jaymesan (small blind) folded before Flop
Seat 5: EdVince1970 (big blind) folded before Flop
Seat 6: henriquefjc folded before Flop (didn't bet)
Seat 7: RealKoi folded before Flop (didn't bet)
Seat 8: MagomanBR folded before Flop (didn't bet)
Seat 9: INTIMIDATOR69 folded before Flop (didn't bet)



PokerStars Hand #237149205380:  Hold'em No Limit ($0.01/$0.02 USD) - 2022/07/03 20:43:32 PT [2022/07/03 23:43:32 ET]
Table 'Barto II' 9-max Seat #4 is the button
Seat 1: SandroGPe ($1.61 in chips) 
Seat 2: Dorex2007 ($2 in chips) 
Seat 3: geroyapur ($1.60 in chips) 
Seat 4: jaymesan ($1.18 in chips) 
Seat 5: EdVince1970 ($2.20 in chips) 
Seat 6: henriquefjc ($1.05 in chips) 
Seat 7: RealKoi ($1.82 in chips) 
Seat 8: MagomanBR ($5.16 in chips) 
Seat 9: INTIMIDATOR69 ($2.08 in chips) 
EdVince1970: posts small blind $0.01
henriquefjc: posts big blind $0.02
geroyapur: posts big blind $0.02
*** HOLE CARDS ***
Dealt to Dorex2007 [3s 4h]
RealKoi: folds 
MagomanBR: folds 
INTIMIDATOR69: folds 
SandroGPe: calls $0.02
Dorex2007: folds 
geroyapur: checks 
jaymesan has timed out
jaymesan: folds 
EdVince1970: folds 
henriquefjc: checks 
*** FLOP *** [7c 2d 4s]
henriquefjc: checks 
SandroGPe: bets $0.02
geroyapur: calls $0.02
henriquefjc: folds 
*** TURN *** [7c 2d 4s] [Th]
SandroGPe: bets $0.02
geroyapur: calls $0.02
*** RIVER *** [7c 2d 4s Th] [9d]
SandroGPe: bets $0.02
geroyapur: calls $0.02
*** SHOW DOWN ***
SandroGPe: shows [Jh 5d] (high card Jack)
geroyapur: shows [2h 6h] (a pair of Deuces)
geroyapur collected $0.18 from pot
*** SUMMARY ***
Total pot $0.19 | Rake $0.01 
Board [7c 2d 4s Th 9d]
Seat 1: SandroGPe showed [Jh 5d] and lost with high card Jack
Seat 2: Dorex2007 folded before Flop (didn't bet)
Seat 3: geroyapur showed [2h 6h] and won ($0.18) with a pair of Deuces
Seat 4: jaymesan (button) folded before Flop (didn't bet)
Seat 5: EdVince1970 (small blind) folded before Flop
Seat 6: henriquefjc (big blind) folded on the Flop
Seat 7: RealKoi folded before Flop (didn't bet)
Seat 8: MagomanBR folded before Flop (didn't bet)
Seat 9: INTIMIDATOR69 folded before Flop (didn't bet)



PokerStars Hand #237149213595:  Hold'em No Limit ($0.01/$0.02 USD) - 2022/07/03 20:44:36 PT [2022/07/03 23:44:36 ET]
Table 'Barto II' 9-max Seat #5 is the button
Seat 1: SandroGPe ($1.53 in chips) 
Seat 2: Dorex2007 ($2 in chips) 
Seat 3: geroyapur ($1.70 in chips) 
Seat 4: jaymesan ($1.18 in chips) 
Seat 5: EdVince1970 ($2.19 in chips) 
Seat 6: henriquefjc ($1.03 in chips) 
Seat 7: RealKoi ($1.82 in chips) 
Seat 8: MagomanBR ($5.16 in chips) 
Seat 9: INTIMIDATOR69 ($2.08 in chips) 
henriquefjc: posts small blind $0.01
RealKoi: posts big blind $0.02
*** HOLE CARDS ***
Dealt to Dorex2007 [4d Qs]
MagomanBR: folds 
INTIMIDATOR69: calls $0.02
SandroGPe: calls $0.02
Dorex2007: folds 
geroyapur: folds 
jaymesan: folds 
EdVince1970: raises $0.04 to $0.06
henriquefjc: calls $0.05
RealKoi: raises $0.04 to $0.10
INTIMIDATOR69: folds 
SandroGPe: calls $0.08
EdVince1970: calls $0.04
henriquefjc: calls $0.04
*** FLOP *** [7s Th 6d]
henriquefjc: checks 
RealKoi: bets $0.12
SandroGPe: calls $0.12
EdVince1970: folds 
henriquefjc: raises $0.39 to $0.51
RealKoi: raises $1.21 to $1.72 and is all-in
SandroGPe: folds 
henriquefjc: calls $0.42 and is all-in
Uncalled bet ($0.79) returned to RealKoi
*** TURN *** [7s Th 6d] [8s]
*** RIVER *** [7s Th 6d 8s] [Qd]
*** SHOW DOWN ***
henriquefjc: shows [7h 7c] (three of a kind, Sevens)
RealKoi: shows [Ah Ad] (a pair of Aces)
henriquefjc collected $2.32 from pot
RealKoi cashed out the hand for $0.22
*** SUMMARY ***
Total pot $2.40 | Rake $0.08 
Board [7s Th 6d 8s Qd]
Seat 1: SandroGPe folded on the Flop
Seat 2: Dorex2007 folded before Flop (didn't bet)
Seat 3: geroyapur folded before Flop (didn't bet)
Seat 4: jaymesan folded before Flop (didn't bet)
Seat 5: EdVince1970 (button) folded on the Flop
Seat 6: henriquefjc (small blind) showed [7h 7c] and won ($2.32) with three of a kind, Sevens
Seat 7: RealKoi (big blind) showed [Ah Ad] and lost with a pair of Aces (cashed out).
Seat 8: MagomanBR folded before Flop (didn't bet)
Seat 9: INTIMIDATOR69 folded before Flop



PokerStars Hand #237149235610:  Hold'em No Limit ($0.01/$0.02 USD) - 2022/07/03 20:46:13 PT [2022/07/03 23:46:13 ET]
Table 'Barto II' 9-max Seat #6 is the button
Seat 1: SandroGPe ($1.31 in chips) 
Seat 2: Dorex2007 ($2 in chips) 
Seat 3: geroyapur ($1.70 in chips) 
Seat 4: jaymesan ($1.18 in chips) 
Seat 5: EdVince1970 ($2.09 in chips) 
Seat 6: henriquefjc ($2.32 in chips) 
Seat 7: RealKoi ($1.01 in chips) 
Seat 8: MagomanBR ($5.16 in chips) 
Seat 9: INTIMIDATOR69 ($2.06 in chips) 
RealKoi: posts small blind $0.01
MagomanBR: posts big blind $0.02
*** HOLE CARDS ***
Dealt to Dorex2007 [Qs 9h]
INTIMIDATOR69: folds 
SandroGPe: calls $0.02
Dorex2007: folds 
geroyapur: folds 
jaymesan has timed out
jaymesan: folds 
EdVince1970: folds 
henriquefjc: folds 
RealKoi: calls $0.01
MagomanBR: checks 
*** FLOP *** [Td Th 5c]
RealKoi: checks 
MagomanBR: checks 
SandroGPe: bets $0.02
RealKoi: folds 
MagomanBR: folds 
Uncalled bet ($0.02) returned to SandroGPe
SandroGPe collected $0.06 from pot
*** SUMMARY ***
Total pot $0.06 | Rake $0 
Board [Td Th 5c]
Seat 1: SandroGPe collected ($0.06)
Seat 2: Dorex2007 folded before Flop (didn't bet)
Seat 3: geroyapur folded before Flop (didn't bet)
Seat 4: jaymesan folded before Flop (didn't bet)
Seat 5: EdVince1970 folded before Flop (didn't bet)
Seat 6: henriquefjc (button) folded before Flop (didn't bet)
Seat 7: RealKoi (small blind) folded on the Flop
Seat 8: MagomanBR (big blind) folded on the Flop
Seat 9: INTIMIDATOR69 folded before Flop (didn't bet)



PokerStars Hand #237149241401:  Hold'em No Limit ($0.01/$0.02 USD) - 2022/07/03 20:46:59 PT [2022/07/03 23:46:59 ET]
Table 'Barto II' 9-max Seat #7 is the button
Seat 1: SandroGPe ($1.35 in chips) 
Seat 2: Dorex2007 ($2 in chips) 
Seat 3: geroyapur ($1.70 in chips) 
Seat 4: jaymesan ($1.18 in chips) 
Seat 5: EdVince1970 ($2.09 in chips) 
Seat 6: henriquefjc ($2.32 in chips) 
Seat 7: RealKoi ($0.99 in chips) 
Seat 8: MagomanBR ($5.14 in chips) 
Seat 9: INTIMIDATOR69 ($2.06 in chips) 
MagomanBR: posts small blind $0.01
INTIMIDATOR69: posts big blind $0.02
*** HOLE CARDS ***
Dealt to Dorex2007 [8d 9c]
SandroGPe: calls $0.02
Dorex2007: folds 
geroyapur: folds 
jaymesan: folds 
EdVince1970: folds 
henriquefjc: folds 
RealKoi: folds 
MagomanBR: folds 
INTIMIDATOR69: checks 
*** FLOP *** [9s 8s 2d]
INTIMIDATOR69: bets $0.06
SandroGPe: calls $0.06
*** TURN *** [9s 8s 2d] [Jd]
INTIMIDATOR69: checks 
SandroGPe: bets $0.02
INTIMIDATOR69: calls $0.02
*** RIVER *** [9s 8s 2d Jd] [5c]
INTIMIDATOR69: checks 
SandroGPe: bets $0.10
INTIMIDATOR69: folds 
Uncalled bet ($0.10) returned to SandroGPe
SandroGPe collected $0.20 from pot
*** SUMMARY ***
Total pot $0.21 | Rake $0.01 
Board [9s 8s 2d Jd 5c]
Seat 1: SandroGPe collected ($0.20)
Seat 2: Dorex2007 folded before Flop (didn't bet)
Seat 3: geroyapur folded before Flop (didn't bet)
Seat 4: jaymesan folded before Flop (didn't bet)
Seat 5: EdVince1970 folded before Flop (didn't bet)
Seat 6: henriquefjc folded before Flop (didn't bet)
Seat 7: RealKoi (button) folded before Flop (didn't bet)
Seat 8: MagomanBR (small blind) folded before Flop
Seat 9: INTIMIDATOR69 (big blind) folded on the River



PokerStars Hand #237149247243:  Hold'em No Limit ($0.01/$0.02 USD) - 2022/07/03 20:47:45 PT [2022/07/03 23:47:45 ET]
Table 'Barto II' 9-max Seat #8 is the button
Seat 1: SandroGPe ($1.45 in chips) 
Seat 2: Dorex2007 ($2 in chips) 
Seat 3: geroyapur ($1.70 in chips) 
Seat 4: jaymesan ($1.18 in chips) 
Seat 5: EdVince1970 ($2.09 in chips) 
Seat 6: henriquefjc ($2.32 in chips) 
Seat 7: RealKoi ($0.99 in chips) 
Seat 8: MagomanBR ($5.13 in chips) 
Seat 9: INTIMIDATOR69 ($1.96 in chips) 
INTIMIDATOR69: posts small blind $0.01
SandroGPe: posts big blind $0.02
*** HOLE CARDS ***
Dealt to Dorex2007 [Kh 9h]
Dorex2007: folds 
geroyapur: folds 
jaymesan: folds 
EdVince1970: folds 
henriquefjc: raises $0.04 to $0.06
RealKoi: folds 
MagomanBR: calls $0.06
INTIMIDATOR69: folds 
SandroGPe: calls $0.04
*** FLOP *** [3h Qs 6h]
SandroGPe: bets $0.02
henriquefjc: folds 
MagomanBR: raises $0.05 to $0.07
SandroGPe: calls $0.05
*** TURN *** [3h Qs 6h] [Kc]
SandroGPe: bets $0.02
MagomanBR: raises $0.25 to $0.27
SandroGPe: folds 
Uncalled bet ($0.25) returned to MagomanBR
MagomanBR collected $0.36 from pot
*** SUMMARY ***
Total pot $0.37 | Rake $0.01 
Board [3h Qs 6h Kc]
Seat 1: SandroGPe (big blind) folded on the Turn
Seat 2: Dorex2007 folded before Flop (didn't bet)
Seat 3: geroyapur folded before Flop (didn't bet)
Seat 4: jaymesan folded before Flop (didn't bet)
Seat 5: EdVince1970 folded before Flop (didn't bet)
Seat 6: henriquefjc folded on the Flop
Seat 7: RealKoi folded before Flop (didn't bet)
Seat 8: MagomanBR (button) collected ($0.36)
Seat 9: INTIMIDATOR69 (small blind) folded before Flop



PokerStars Hand #237149253734:  Hold'em No Limit ($0.01/$0.02 USD) - 2022/07/03 20:48:37 PT [2022/07/03 23:48:37 ET]
Table 'Barto II' 9-max Seat #9 is the button
Seat 1: SandroGPe ($1.30 in chips) 
Seat 2: Dorex2007 ($2 in chips) 
Seat 3: geroyapur ($1.70 in chips) 
Seat 4: jaymesan ($1.18 in chips) 
Seat 5: EdVince1970 ($2.09 in chips) 
Seat 6: henriquefjc ($2.26 in chips) 
Seat 7: RealKoi ($0.99 in chips) 
Seat 8: MagomanBR ($5.34 in chips) 
Seat 9: INTIMIDATOR69 ($1.95 in chips) 
SandroGPe: posts small blind $0.01
Dorex2007: posts big blind $0.02
*** HOLE CARDS ***
Dealt to Dorex2007 [4s Ad]
geroyapur: folds 
jaymesan: calls $0.02
EdVince1970: folds 
henriquefjc: folds 
RealKoi: folds 
MagomanBR: raises $0.02 to $0.04
INTIMIDATOR69: calls $0.04
SandroGPe: calls $0.03
Dorex2007: folds 
jaymesan: calls $0.02
*** FLOP *** [3d As 3s]
SandroGPe: checks 
jaymesan: checks 
MagomanBR: checks 
INTIMIDATOR69: checks 
*** TURN *** [3d As 3s] [6s]
SandroGPe: checks 
jaymesan: checks 
MagomanBR: checks 
INTIMIDATOR69: checks 
*** RIVER *** [3d As 3s 6s] [Kc]
SandroGPe: bets $0.02
jaymesan: folds 
MagomanBR: folds 
INTIMIDATOR69: calls $0.02
*** SHOW DOWN ***
SandroGPe: shows [5c 9h] (a pair of Threes)
INTIMIDATOR69: shows [9d 6h] (two pair, Sixes and Threes)
INTIMIDATOR69 collected $0.21 from pot
*** SUMMARY ***
Total pot $0.22 | Rake $0.01 
Board [3d As 3s 6s Kc]
Seat 1: SandroGPe (small blind) showed [5c 9h] and lost with a pair of Threes
Seat 2: Dorex2007 (big blind) folded before Flop
Seat 3: geroyapur folded before Flop (didn't bet)
Seat 4: jaymesan folded on the River
Seat 5: EdVince1970 folded before Flop (didn't bet)
Seat 6: henriquefjc folded before Flop (didn't bet)
Seat 7: RealKoi folded before Flop (didn't bet)
Seat 8: MagomanBR folded on the River
Seat 9: INTIMIDATOR69 (button) showed [9d 6h] and won ($0.21) with two pair, Sixes and Threes



PokerStars Hand #237149259895:  Hold'em No Limit ($0.01/$0.02 USD) - 2022/07/03 20:49:27 PT [2022/07/03 23:49:27 ET]
Table 'Barto II' 9-max Seat #1 is the button
Seat 1: SandroGPe ($1.24 in chips) 
Seat 2: Dorex2007 ($2 in chips) 
Seat 3: geroyapur ($1.70 in chips) 
Seat 4: jaymesan ($1.14 in chips) 
Seat 5: EdVince1970 ($2.09 in chips) 
Seat 6: henriquefjc ($2.26 in chips) 
Seat 7: RealKoi ($0.99 in chips) 
Seat 8: MagomanBR ($5.30 in chips) 
Seat 9: INTIMIDATOR69 ($2.10 in chips) 
Dorex2007: posts small blind $0.01
geroyapur: posts big blind $0.02
*** HOLE CARDS ***
Dealt to Dorex2007 [Qc 9d]
jaymesan: folds 
EdVince1970: raises $0.04 to $0.06
henriquefjc: folds 
RealKoi: folds 
MagomanBR: calls $0.06
INTIMIDATOR69: calls $0.06
SandroGPe: calls $0.06
Dorex2007: folds 
geroyapur: calls $0.04
*** FLOP *** [2h 9c Jc]
geroyapur: checks 
EdVince1970: checks 
MagomanBR: checks 
INTIMIDATOR69: checks 
SandroGPe: bets $0.15
geroyapur: folds 
geroyapur leaves the table
EdVince1970: folds 
MagomanBR: folds 
INTIMIDATOR69: folds 
Uncalled bet ($0.15) returned to SandroGPe
SandroGPe collected $0.30 from pot
*** SUMMARY ***
Total pot $0.31 | Rake $0.01 
Board [2h 9c Jc]
Seat 1: SandroGPe (button) collected ($0.30)
Seat 2: Dorex2007 (small blind) folded before Flop
Seat 3: geroyapur (big blind) folded on the Flop
Seat 4: jaymesan folded before Flop (didn't bet)
Seat 5: EdVince1970 folded on the Flop
Seat 6: henriquefjc folded before Flop (didn't bet)
Seat 7: RealKoi folded before Flop (didn't bet)
Seat 8: MagomanBR folded on the Flop
Seat 9: INTIMIDATOR69 folded on the Flop



PokerStars Hand #237149266215:  Hold'em No Limit ($0.01/$0.02 USD) - 2022/07/03 20:50:17 PT [2022/07/03 23:50:17 ET]
Table 'Barto II' 9-max Seat #2 is the button
Seat 1: SandroGPe ($1.48 in chips) 
Seat 2: Dorex2007 ($2 in chips) 
Seat 4: jaymesan ($1.14 in chips) 
Seat 5: EdVince1970 ($2.03 in chips) 
Seat 6: henriquefjc ($2.26 in chips) 
Seat 7: RealKoi ($0.99 in chips) 
Seat 8: MagomanBR ($5.24 in chips) 
Seat 9: INTIMIDATOR69 ($2.04 in chips) 
jaymesan: posts small blind $0.01
EdVince1970: posts big blind $0.02
*** HOLE CARDS ***
Dealt to Dorex2007 [7d 8s]
henriquefjc: raises $0.04 to $0.06
RealKoi: folds 
MagomanBR: folds 
INTIMIDATOR69: folds 
SandroGPe: calls $0.06
Dorex2007: folds 
jaymesan: folds 
EdVince1970: folds 
*** FLOP *** [7h 7s 2h]
henriquefjc: bets $0.07
SandroGPe: folds 
Uncalled bet ($0.07) returned to henriquefjc
henriquefjc collected $0.14 from pot
*** SUMMARY ***
Total pot $0.15 | Rake $0.01 
Board [7h 7s 2h]
Seat 1: SandroGPe folded on the Flop
Seat 2: Dorex2007 (button) folded before Flop (didn't bet)
Seat 4: jaymesan (small blind) folded before Flop
Seat 5: EdVince1970 (big blind) folded before Flop
Seat 6: henriquefjc collected ($0.14)
Seat 7: RealKoi folded before Flop (didn't bet)
Seat 8: MagomanBR folded before Flop (didn't bet)
Seat 9: INTIMIDATOR69 folded before Flop (didn't bet)



PokerStars Hand #237149270122:  Hold'em No Limit ($0.01/$0.02 USD) - 2022/07/03 20:50:48 PT [2022/07/03 23:50:48 ET]
Table 'Barto II' 9-max Seat #4 is the button
Seat 1: SandroGPe ($1.42 in chips) 
Seat 2: Dorex2007 ($2 in chips) 
Seat 4: jaymesan ($1.13 in chips) 
Seat 5: EdVince1970 ($2.01 in chips) 
Seat 6: henriquefjc ($2.34 in chips) 
Seat 7: RealKoi ($0.99 in chips) 
Seat 8: MagomanBR ($5.24 in chips) 
Seat 9: INTIMIDATOR69 ($2.04 in chips) 
EdVince1970: posts small blind $0.01
henriquefjc: posts big blind $0.02
*** HOLE CARDS ***
Dealt to Dorex2007 [6h Tc]
RealKoi: calls $0.02
MagomanBR: folds 
INTIMIDATOR69: calls $0.02
SandroGPe: calls $0.02
Dorex2007: folds 
jaymesan: folds 
EdVince1970: folds 
henriquefjc: checks 
*** FLOP *** [3d 9s 7c]
henriquefjc: checks 
RealKoi: bets $0.04
INTIMIDATOR69: raises $0.17 to $0.21
SandroGPe: folds 
henriquefjc: folds 
RealKoi: calls $0.17
*** TURN *** [3d 9s 7c] [As]
RealKoi: bets $0.24
INTIMIDATOR69: raises $0.97 to $1.21
RealKoi: folds 
Uncalled bet ($0.97) returned to INTIMIDATOR69
INTIMIDATOR69 collected $0.96 from pot
*** SUMMARY ***
Total pot $0.99 | Rake $0.03 
Board [3d 9s 7c As]
Seat 1: SandroGPe folded on the Flop
Seat 2: Dorex2007 folded before Flop (didn't bet)
Seat 4: jaymesan (button) folded before Flop (didn't bet)
Seat 5: EdVince1970 (small blind) folded before Flop
Seat 6: henriquefjc (big blind) folded on the Flop
Seat 7: RealKoi folded on the Turn
Seat 8: MagomanBR folded before Flop (didn't bet)
Seat 9: INTIMIDATOR69 collected ($0.96)



PokerStars Hand #237149278970:  Hold'em No Limit ($0.01/$0.02 USD) - 2022/07/03 20:52:00 PT [2022/07/03 23:52:00 ET]
Table 'Barto II' 9-max Seat #5 is the button
Seat 1: SandroGPe ($1.40 in chips) 
Seat 2: Dorex2007 ($2 in chips) 
Seat 4: jaymesan ($1.13 in chips) 
Seat 5: EdVince1970 ($2 in chips) 
Seat 6: henriquefjc ($2.32 in chips) 
Seat 7: RealKoi ($0.52 in chips) 
Seat 8: MagomanBR ($5.24 in chips) 
Seat 9: INTIMIDATOR69 ($2.53 in chips) 
henriquefjc: posts small blind $0.01
RealKoi: posts big blind $0.02
*** HOLE CARDS ***
Dealt to Dorex2007 [5s Ad]
MagomanBR: folds 
INTIMIDATOR69: calls $0.02
SandroGPe: calls $0.02
Dorex2007: folds 
jaymesan: folds 
EdVince1970 has timed out
EdVince1970: folds 
henriquefjc: calls $0.01
RealKoi: checks 
*** FLOP *** [Qs Jd 7s]
henriquefjc: checks 
RealKoi: checks 
INTIMIDATOR69: checks 
SandroGPe: bets $0.02
henriquefjc: calls $0.02
RealKoi: folds 
INTIMIDATOR69: calls $0.02
*** TURN *** [Qs Jd 7s] [Js]
henriquefjc: checks 
INTIMIDATOR69: bets $0.14
SandroGPe: folds 
henriquefjc: folds 
Uncalled bet ($0.14) returned to INTIMIDATOR69
INTIMIDATOR69 collected $0.14 from pot
*** SUMMARY ***
Total pot $0.14 | Rake $0 
Board [Qs Jd 7s Js]
Seat 1: SandroGPe folded on the Turn
Seat 2: Dorex2007 folded before Flop (didn't bet)
Seat 4: jaymesan folded before Flop (didn't bet)
Seat 5: EdVince1970 (button) folded before Flop (didn't bet)
Seat 6: henriquefjc (small blind) folded on the Turn
Seat 7: RealKoi (big blind) folded on the Flop
Seat 8: MagomanBR folded before Flop (didn't bet)
Seat 9: INTIMIDATOR69 collected ($0.14)



PokerStars Hand #237149285719:  Hold'em No Limit ($0.01/$0.02 USD) - 2022/07/03 20:52:56 PT [2022/07/03 23:52:56 ET]
Table 'Barto II' 9-max Seat #6 is the button
Seat 1: SandroGPe ($1.36 in chips) 
Seat 2: Dorex2007 ($2 in chips) 
Seat 4: jaymesan ($1.13 in chips) 
Seat 5: EdVince1970 ($2 in chips) 
Seat 6: henriquefjc ($2.28 in chips) 
Seat 7: RealKoi ($0.50 in chips) 
Seat 8: MagomanBR ($5.24 in chips) 
Seat 9: INTIMIDATOR69 ($2.63 in chips) 
RealKoi: posts small blind $0.01
MagomanBR: posts big blind $0.02
*** HOLE CARDS ***
Dealt to Dorex2007 [9s Jd]
INTIMIDATOR69: folds 
SandroGPe: calls $0.02
Dorex2007: folds 
jaymesan: folds 
EdVince1970: folds 
henriquefjc: folds 
RealKoi: folds 
MagomanBR: checks 
*** FLOP *** [5c Qc Tc]
MagomanBR: checks 
SandroGPe: bets $0.02
MagomanBR: calls $0.02
*** TURN *** [5c Qc Tc] [Qd]
MagomanBR: checks 
SandroGPe: bets $0.02
MagomanBR: raises $0.07 to $0.09
SandroGPe: folds 
Uncalled bet ($0.07) returned to MagomanBR
MagomanBR collected $0.13 from pot
*** SUMMARY ***
Total pot $0.13 | Rake $0 
Board [5c Qc Tc Qd]
Seat 1: SandroGPe folded on the Turn
Seat 2: Dorex2007 folded before Flop (didn't bet)
Seat 4: jaymesan folded before Flop (didn't bet)
Seat 5: EdVince1970 folded before Flop (didn't bet)
Seat 6: henriquefjc (button) folded before Flop (didn't bet)
Seat 7: RealKoi (small blind) folded before Flop
Seat 8: MagomanBR (big blind) collected ($0.13)
Seat 9: INTIMIDATOR69 folded before Flop (didn't bet)



PokerStars Hand #237149290228:  Hold'em No Limit ($0.01/$0.02 USD) - 2022/07/03 20:53:33 PT [2022/07/03 23:53:33 ET]
Table 'Barto II' 9-max Seat #7 is the button
Seat 1: SandroGPe ($1.30 in chips) 
Seat 2: Dorex2007 ($2 in chips) 
Seat 4: jaymesan ($1.13 in chips) 
Seat 5: EdVince1970 ($2 in chips) 
Seat 6: henriquefjc ($2.28 in chips) 
Seat 7: RealKoi ($0.49 in chips) 
Seat 8: MagomanBR ($5.31 in chips) 
Seat 9: INTIMIDATOR69 ($2.63 in chips) 
MagomanBR: posts small blind $0.01
INTIMIDATOR69: posts big blind $0.02
*** HOLE CARDS ***
Dealt to Dorex2007 [3s Ah]
SandroGPe: calls $0.02
Dorex2007: folds 
jaymesan: calls $0.02
EdVince1970: folds 
henriquefjc: calls $0.02
RealKoi: calls $0.02
MagomanBR: folds 
INTIMIDATOR69: checks 
*** FLOP *** [7s Qd 8d]
INTIMIDATOR69: checks 
SandroGPe: bets $0.02
jaymesan: folds 
henriquefjc: raises $0.15 to $0.17
RealKoi: raises $0.30 to $0.47 and is all-in
INTIMIDATOR69: folds 
SandroGPe: folds 
henriquefjc: calls $0.30
*** TURN *** [7s Qd 8d] [Qs]
*** RIVER *** [7s Qd 8d Qs] [7h]
*** SHOW DOWN ***
henriquefjc: shows [Ad 5d] (two pair, Queens and Sevens)
RealKoi: shows [9c Qh] (a full house, Queens full of Sevens)
RealKoi collected $1.03 from pot
*** SUMMARY ***
Total pot $1.07 | Rake $0.04 
Board [7s Qd 8d Qs 7h]
Seat 1: SandroGPe folded on the Flop
Seat 2: Dorex2007 folded before Flop (didn't bet)
Seat 4: jaymesan folded on the Flop
Seat 5: EdVince1970 folded before Flop (didn't bet)
Seat 6: henriquefjc showed [Ad 5d] and lost with two pair, Queens and Sevens
Seat 7: RealKoi (button) showed [9c Qh] and won ($1.03) with a full house, Queens full of Sevens
Seat 8: MagomanBR (small blind) folded before Flop
Seat 9: INTIMIDATOR69 (big blind) folded on the Flop



PokerStars Hand #237149297904:  Hold'em No Limit ($0.01/$0.02 USD) - 2022/07/03 20:54:37 PT [2022/07/03 23:54:37 ET]
Table 'Barto II' 9-max Seat #8 is the button
Seat 1: SandroGPe ($1.26 in chips) 
Seat 2: Dorex2007 ($2 in chips) 
Seat 4: jaymesan ($1.11 in chips) 
Seat 5: EdVince1970 ($2 in chips) 
Seat 6: henriquefjc ($1.79 in chips) 
Seat 7: RealKoi ($1.03 in chips) 
Seat 8: MagomanBR ($5.30 in chips) 
Seat 9: INTIMIDATOR69 ($2.61 in chips) 
INTIMIDATOR69: posts small blind $0.01
SandroGPe: posts big blind $0.02
*** HOLE CARDS ***
Dealt to Dorex2007 [9d 5d]
Dorex2007: folds 
jaymesan: folds 
EdVince1970: raises $0.04 to $0.06
henriquefjc: folds 
RealKoi: calls $0.06
MagomanBR: folds 
INTIMIDATOR69: calls $0.05
SandroGPe: calls $0.04
*** FLOP *** [Kd 4h Kh]
INTIMIDATOR69: checks 
SandroGPe: checks 
EdVince1970: checks 
RealKoi: checks 
*** TURN *** [Kd 4h Kh] [Kc]
INTIMIDATOR69: checks 
SandroGPe: bets $0.11
EdVince1970: calls $0.11
RealKoi: folds 
INTIMIDATOR69: folds 
*** RIVER *** [Kd 4h Kh Kc] [5s]
SandroGPe: bets $0.22
EdVince1970: folds 
Uncalled bet ($0.22) returned to SandroGPe
SandroGPe collected $0.44 from pot
*** SUMMARY ***
Total pot $0.46 | Rake $0.02 
Board [Kd 4h Kh Kc 5s]
Seat 1: SandroGPe (big blind) collected ($0.44)
Seat 2: Dorex2007 folded before Flop (didn't bet)
Seat 4: jaymesan folded before Flop (didn't bet)
Seat 5: EdVince1970 folded on the River
Seat 6: henriquefjc folded before Flop (didn't bet)
Seat 7: RealKoi folded on the Turn
Seat 8: MagomanBR (button) folded before Flop (didn't bet)
Seat 9: INTIMIDATOR69 (small blind) folded on the Turn



PokerStars Hand #237149305527:  Hold'em No Limit ($0.01/$0.02 USD) - 2022/07/03 20:55:46 PT [2022/07/03 23:55:46 ET]
Table 'Barto II' 9-max Seat #9 is the button
Seat 1: SandroGPe ($1.53 in chips) 
Seat 2: Dorex2007 ($2 in chips) 
Seat 4: jaymesan ($1.11 in chips) 
Seat 5: EdVince1970 ($1.83 in chips) 
Seat 6: henriquefjc ($1.79 in chips) 
Seat 7: RealKoi ($0.97 in chips) 
Seat 8: MagomanBR ($5.30 in chips) 
Seat 9: INTIMIDATOR69 ($2.55 in chips) 
SandroGPe: posts small blind $0.01
Dorex2007: posts big blind $0.02
*** HOLE CARDS ***
Dealt to Dorex2007 [5d Ts]
jaymesan: folds 
EdVince1970: folds 
henriquefjc: folds 
RealKoi: calls $0.02
MagomanBR: folds 
INTIMIDATOR69: calls $0.02
SandroGPe: calls $0.01
Dorex2007: checks 
*** FLOP *** [Jh 6h 7c]
SandroGPe: checks 
jaymesan leaves the table
Dorex2007: checks 
RealKoi: checks 
INTIMIDATOR69: bets $0.18
SandroGPe: folds 
Dorex2007: folds 
RealKoi: folds 
Uncalled bet ($0.18) returned to INTIMIDATOR69
INTIMIDATOR69 collected $0.08 from pot
*** SUMMARY ***
Total pot $0.08 | Rake $0 
Board [Jh 6h 7c]
Seat 1: SandroGPe (small blind) folded on the Flop
Seat 2: Dorex2007 (big blind) folded on the Flop
Seat 4: jaymesan folded before Flop (didn't bet)
Seat 5: EdVince1970 folded before Flop (didn't bet)
Seat 6: henriquefjc folded before Flop (didn't bet)
Seat 7: RealKoi folded on the Flop
Seat 8: MagomanBR folded before Flop (didn't bet)
Seat 9: INTIMIDATOR69 (button) collected ($0.08)



PokerStars Hand #237149309754:  Hold'em No Limit ($0.01/$0.02 USD) - 2022/07/03 20:56:27 PT [2022/07/03 23:56:27 ET]
Table 'Barto II' 9-max Seat #1 is the button
Seat 1: SandroGPe ($1.51 in chips) 
Seat 2: Dorex2007 ($2 in chips) 
Seat 5: EdVince1970 ($1.83 in chips) 
Seat 6: henriquefjc ($1.79 in chips) 
Seat 7: RealKoi ($0.95 in chips) 
Seat 8: MagomanBR ($5.30 in chips) 
Seat 9: INTIMIDATOR69 ($2.61 in chips) 
Dorex2007: posts small blind $0.01
EdVince1970: posts big blind $0.02
*** HOLE CARDS ***
Dealt to Dorex2007 [Ad Js]
henriquefjc: calls $0.02
RealKoi: folds 
MagomanBR: folds 
INTIMIDATOR69: folds 
SandroGPe: calls $0.02
Dorex2007: calls $0.01
EdVince1970: checks 
*** FLOP *** [7d Qc 3h]
Dorex2007: checks 
EdVince1970: checks 
henriquefjc: checks 
SandroGPe: checks 
*** TURN *** [7d Qc 3h] [Jh]
Dorex2007: bets $0.04
EdVince1970: folds 
henriquefjc: folds 
SandroGPe: folds 
Uncalled bet ($0.04) returned to Dorex2007
Dorex2007 collected $0.08 from pot
*** SUMMARY ***
Total pot $0.08 | Rake $0 
Board [7d Qc 3h Jh]
Seat 1: SandroGPe (button) folded on the Turn
Seat 2: Dorex2007 (small blind) collected ($0.08)
Seat 5: EdVince1970 (big blind) folded on the Turn
Seat 6: henriquefjc folded on the Turn
Seat 7: RealKoi folded before Flop (didn't bet)
Seat 8: MagomanBR folded before Flop (didn't bet)
Seat 9: INTIMIDATOR69 folded before Flop (didn't bet)



PokerStars Hand #237149313929:  Hold'em No Limit ($0.01/$0.02 USD) - 2022/07/03 20:57:09 PT [2022/07/03 23:57:09 ET]
Table 'Barto II' 9-max Seat #2 is the button
Seat 1: SandroGPe ($1.49 in chips) 
Seat 2: Dorex2007 ($2.06 in chips) 
Seat 5: EdVince1970 ($1.81 in chips) 
Seat 6: henriquefjc ($1.77 in chips) 
Seat 7: RealKoi ($0.95 in chips) 
Seat 8: MagomanBR ($5.30 in chips) 
Seat 9: INTIMIDATOR69 ($2.61 in chips) 
EdVince1970: posts small blind $0.01
henriquefjc: posts big blind $0.02
*** HOLE CARDS ***
Dealt to Dorex2007 [Ac Qs]
RealKoi: folds 
MagomanBR: folds 
INTIMIDATOR69: calls $0.02
SandroGPe: calls $0.02
Dorex2007: raises $0.04 to $0.06
EdVince1970: folds 
henriquefjc: folds 
INTIMIDATOR69: calls $0.04
SandroGPe: calls $0.04
*** FLOP *** [6s 5h Kd]
INTIMIDATOR69: checks 
SandroGPe: checks 
Dorex2007: bets $0.10
INTIMIDATOR69: folds 
SandroGPe: folds 
Uncalled bet ($0.10) returned to Dorex2007
Dorex2007 collected $0.20 from pot
*** SUMMARY ***
Total pot $0.21 | Rake $0.01 
Board [6s 5h Kd]
Seat 1: SandroGPe folded on the Flop
Seat 2: Dorex2007 (button) collected ($0.20)
Seat 5: EdVince1970 (small blind) folded before Flop
Seat 6: henriquefjc (big blind) folded before Flop
Seat 7: RealKoi folded before Flop (didn't bet)
Seat 8: MagomanBR folded before Flop (didn't bet)
Seat 9: INTIMIDATOR69 folded on the Flop



PokerStars Hand #237149317192:  Hold'em No Limit ($0.01/$0.02 USD) - 2022/07/03 20:57:41 PT [2022/07/03 23:57:41 ET]
Table 'Barto II' 9-max Seat #5 is the button
Seat 1: SandroGPe ($1.43 in chips) 
Seat 2: Dorex2007 ($2.20 in chips) 
Seat 5: EdVince1970 ($1.80 in chips) 
Seat 6: henriquefjc ($1.75 in chips) 
Seat 7: RealKoi ($0.95 in chips) 
Seat 8: MagomanBR ($5.30 in chips) 
henriquefjc: posts small blind $0.01
RealKoi: posts big blind $0.02
*** HOLE CARDS ***
Dealt to Dorex2007 [Qc 5s]
MagomanBR: raises $0.02 to $0.04
SandroGPe: calls $0.04
Dorex2007: folds 
EdVince1970: folds 
henriquefjc: folds 
RealKoi: folds 
*** FLOP *** [6s 7h Jd]
MagomanBR: bets $0.03
SandroGPe: calls $0.03
*** TURN *** [6s 7h Jd] [9d]
MagomanBR: bets $0.12
SandroGPe: calls $0.12
*** RIVER *** [6s 7h Jd 9d] [8d]
MagomanBR: bets $0.71
SandroGPe: folds 
Uncalled bet ($0.71) returned to MagomanBR
MagomanBR collected $0.40 from pot
*** SUMMARY ***
Total pot $0.41 | Rake $0.01 
Board [6s 7h Jd 9d 8d]
Seat 1: SandroGPe folded on the River
Seat 2: Dorex2007 folded before Flop (didn't bet)
Seat 5: EdVince1970 (button) folded before Flop (didn't bet)
Seat 6: henriquefjc (small blind) folded before Flop
Seat 7: RealKoi (big blind) folded before Flop
Seat 8: MagomanBR collected ($0.40)



PokerStars Hand #237149321666:  Hold'em No Limit ($0.01/$0.02 USD) - 2022/07/03 20:58:24 PT [2022/07/03 23:58:24 ET]
Table 'Barto II' 9-max Seat #6 is the button
Seat 1: SandroGPe ($1.24 in chips) 
Seat 2: Dorex2007 ($2.20 in chips) 
Seat 5: EdVince1970 ($1.80 in chips) 
Seat 6: henriquefjc ($1.74 in chips) 
Seat 7: RealKoi ($0.93 in chips) 
Seat 8: MagomanBR ($5.51 in chips) 
RealKoi: posts small blind $0.01
MagomanBR: posts big blind $0.02
*** HOLE CARDS ***
Dealt to Dorex2007 [6s 4h]
SandroGPe: raises $0.02 to $0.04
Dorex2007: folds 
EdVince1970: folds 
henriquefjc: folds 
RealKoi: folds 
MagomanBR: folds 
Uncalled bet ($0.02) returned to SandroGPe
exhilarancy joins the table at seat #3 
SandroGPe collected $0.05 from pot
*** SUMMARY ***
Total pot $0.05 | Rake $0 
Seat 1: SandroGPe collected ($0.05)
Seat 2: Dorex2007 folded before Flop (didn't bet)
Seat 5: EdVince1970 folded before Flop (didn't bet)
Seat 6: henriquefjc (button) folded before Flop (didn't bet)
Seat 7: RealKoi (small blind) folded before Flop
Seat 8: MagomanBR (big blind) folded before Flop



PokerStars Hand #237149323208:  Hold'em No Limit ($0.01/$0.02 USD) - 2022/07/03 20:58:39 PT [2022/07/03 23:58:39 ET]
Table 'Barto II' 9-max Seat #7 is the button
Seat 1: SandroGPe ($1.27 in chips) 
Seat 2: Dorex2007 ($2.20 in chips) 
Seat 5: EdVince1970 ($1.80 in chips) 
Seat 6: henriquefjc ($1.74 in chips) 
Seat 7: RealKoi ($0.92 in chips) 
Seat 8: MagomanBR ($5.49 in chips) 
MagomanBR: posts small blind $0.01
SandroGPe: posts big blind $0.02
exhilarancy: sits out 
*** HOLE CARDS ***
Dealt to Dorex2007 [Jc 3s]
Dorex2007: folds 
EdVince1970: raises $0.05 to $0.07
henriquefjc: folds 
RealKoi: folds 
MagomanBR: folds 
SandroGPe: calls $0.05
*** FLOP *** [Ad 9h 9s]
SandroGPe: checks 
EdVince1970: bets $0.06
SandroGPe: calls $0.06
*** TURN *** [Ad 9h 9s] [5s]
Tronkiwo joins the table at seat #4 
SandroGPe: checks 
EdVince1970: checks 
*** RIVER *** [Ad 9h 9s 5s] [As]
SandroGPe: bets $0.13
EdVince1970: folds 
Uncalled bet ($0.13) returned to SandroGPe
SandroGPe collected $0.26 from pot
*** SUMMARY ***
Total pot $0.27 | Rake $0.01 
Board [Ad 9h 9s 5s As]
Seat 1: SandroGPe (big blind) collected ($0.26)
Seat 2: Dorex2007 folded before Flop (didn't bet)
Seat 5: EdVince1970 folded on the River
Seat 6: henriquefjc folded before Flop (didn't bet)
Seat 7: RealKoi (button) folded before Flop (didn't bet)
Seat 8: MagomanBR (small blind) folded before Flop



PokerStars Hand #237149328817:  Hold'em No Limit ($0.01/$0.02 USD) - 2022/07/03 20:59:33 PT [2022/07/03 23:59:33 ET]
Table 'Barto II' 9-max Seat #8 is the button
Seat 1: SandroGPe ($1.40 in chips) 
Seat 2: Dorex2007 ($2.20 in chips) 
Seat 5: EdVince1970 ($1.67 in chips) 
Seat 6: henriquefjc ($1.74 in chips) 
Seat 7: RealKoi ($0.92 in chips) 
Seat 8: MagomanBR ($5.48 in chips) 
SandroGPe: posts small blind $0.01
Dorex2007: posts big blind $0.02
exhilarancy: sits out 
Tronkiwo: sits out 
*** HOLE CARDS ***
Dealt to Dorex2007 [4c Kd]
EdVince1970: folds 
henriquefjc: folds 
RealKoi: folds 
MagomanBR: raises $0.02 to $0.04
SandroGPe: calls $0.03
Dorex2007: folds 
*** FLOP *** [3d Js Qs]
SandroGPe: bets $0.02
MagomanBR: raises $0.07 to $0.09
SandroGPe: folds 
Uncalled bet ($0.07) returned to MagomanBR
MagomanBR collected $0.14 from pot
*** SUMMARY ***
Total pot $0.14 | Rake $0 
Board [3d Js Qs]
Seat 1: SandroGPe (small blind) folded on the Flop
Seat 2: Dorex2007 (big blind) folded before Flop
Seat 5: EdVince1970 folded before Flop (didn't bet)
Seat 6: henriquefjc folded before Flop (didn't bet)
Seat 7: RealKoi folded before Flop (didn't bet)
Seat 8: MagomanBR (button) collected ($0.14)



