PokerStars Hand #224287987395:  Hold'em No Limit ($0.01/$0.02 USD) - 2021/02/27 14:04:14 PT [2021/02/27 17:04:14 ET]
Table 'Tauris' 9-max Seat #4 is the button
Seat 1: Kahlemann ($1.82 in chips) 
Seat 2: ChepoyOskar ($0.66 in chips) 
Seat 3: GHOSTMK ($1.88 in chips) 
Seat 4: marc633 ($0.24 in chips) 
Seat 5: GodIn2019 ($2.53 in chips) 
Seat 6: Dorex2007 ($1.50 in chips) 
Seat 7: Tanya14081993 ($0.98 in chips) 
Seat 8: mr_expert1 ($2.92 in chips) 
Seat 9: GummyJ ($1.55 in chips) 
GodIn2019: posts small blind $0.01
Dorex2007: posts big blind $0.02
mr_expert1: posts small & big blinds $0.03
*** HOLE CARDS ***
Dealt to Dorex2007 [Ah Ks]
Tanya14081993: folds 
mr_expert1: checks 
GummyJ: folds 
Kahlemann: calls $0.02
ChepoyOskar: folds 
GHOSTMK: folds 
marc633: folds 
GodIn2019: folds 
Dorex2007: raises $0.04 to $0.06
mr_expert1: folds 
Kahlemann: calls $0.04
*** FLOP *** [6d 2h 8c]
Dorex2007: checks 
Kahlemann: checks 
*** TURN *** [6d 2h 8c] [7d]
Dorex2007: checks 
Kahlemann: bets $0.02
Dorex2007: calls $0.02
*** RIVER *** [6d 2h 8c 7d] [7s]
Dorex2007: checks 
Kahlemann: bets $0.12
Dorex2007: folds 
Uncalled bet ($0.12) returned to Kahlemann
Kahlemann collected $0.19 from pot
Kahlemann: doesn't show hand 
*** SUMMARY ***
Total pot $0.20 | Rake $0.01 
Board [6d 2h 8c 7d 7s]
Seat 1: Kahlemann collected ($0.19)
Seat 2: ChepoyOskar folded before Flop (didn't bet)
Seat 3: GHOSTMK folded before Flop (didn't bet)
Seat 4: marc633 (button) folded before Flop (didn't bet)
Seat 5: GodIn2019 (small blind) folded before Flop
Seat 6: Dorex2007 (big blind) folded on the River
Seat 7: Tanya14081993 folded before Flop (didn't bet)
Seat 8: mr_expert1 folded before Flop (didn't bet)
Seat 9: GummyJ folded before Flop (didn't bet)



PokerStars Hand #224288034778:  Hold'em No Limit ($0.01/$0.02 USD) - 2021/02/27 14:05:16 PT [2021/02/27 17:05:16 ET]
Table 'Tauris' 9-max Seat #5 is the button
Seat 1: Kahlemann ($1.93 in chips) 
Seat 2: ChepoyOskar ($0.66 in chips) 
Seat 3: GHOSTMK ($1.88 in chips) 
Seat 4: marc633 ($0.24 in chips) 
Seat 5: GodIn2019 ($2.52 in chips) 
Seat 6: Dorex2007 ($1.42 in chips) 
Seat 7: Tanya14081993 ($0.98 in chips) 
Seat 8: mr_expert1 ($2.89 in chips) 
Seat 9: GummyJ ($1.55 in chips) 
Dorex2007: posts small blind $0.01
Tanya14081993: posts big blind $0.02
*** HOLE CARDS ***
Dealt to Dorex2007 [9s Jc]
mr_expert1: folds 
GummyJ: folds 
Kahlemann: calls $0.02
ChepoyOskar: folds 
GHOSTMK: calls $0.02
marc633: folds 
GodIn2019: raises $0.09 to $0.11
Dorex2007: folds 
Tanya14081993: folds 
Kahlemann: folds 
GHOSTMK: folds 
Uncalled bet ($0.09) returned to GodIn2019
GodIn2019 collected $0.09 from pot
*** SUMMARY ***
Total pot $0.09 | Rake $0 
Seat 1: Kahlemann folded before Flop
Seat 2: ChepoyOskar folded before Flop (didn't bet)
Seat 3: GHOSTMK folded before Flop
Seat 4: marc633 folded before Flop (didn't bet)
Seat 5: GodIn2019 (button) collected ($0.09)
Seat 6: Dorex2007 (small blind) folded before Flop
Seat 7: Tanya14081993 (big blind) folded before Flop
Seat 8: mr_expert1 folded before Flop (didn't bet)
Seat 9: GummyJ folded before Flop (didn't bet)



PokerStars Hand #224288064893:  Hold'em No Limit ($0.01/$0.02 USD) - 2021/02/27 14:05:47 PT [2021/02/27 17:05:47 ET]
Table 'Tauris' 9-max Seat #6 is the button
Seat 1: Kahlemann ($1.91 in chips) 
Seat 2: ChepoyOskar ($0.66 in chips) 
Seat 3: GHOSTMK ($1.86 in chips) 
Seat 4: marc633 ($0.24 in chips) 
Seat 5: GodIn2019 ($2.59 in chips) 
Seat 6: Dorex2007 ($1.41 in chips) 
Seat 7: Tanya14081993 ($0.96 in chips) 
Seat 8: mr_expert1 ($2.89 in chips) 
Seat 9: GummyJ ($1.55 in chips) 
Tanya14081993: posts small blind $0.01
mr_expert1: posts big blind $0.02
*** HOLE CARDS ***
Dealt to Dorex2007 [3s 4c]
GummyJ: folds 
Kahlemann: folds 
ChepoyOskar: folds 
GHOSTMK: folds 
marc633: folds 
GodIn2019: raises $2.57 to $2.59 and is all-in
Dorex2007: folds 
Tanya14081993: folds 
mr_expert1: folds 
Uncalled bet ($2.57) returned to GodIn2019
GodIn2019 collected $0.05 from pot
*** SUMMARY ***
Total pot $0.05 | Rake $0 
Seat 1: Kahlemann folded before Flop (didn't bet)
Seat 2: ChepoyOskar folded before Flop (didn't bet)
Seat 3: GHOSTMK folded before Flop (didn't bet)
Seat 4: marc633 folded before Flop (didn't bet)
Seat 5: GodIn2019 collected ($0.05)
Seat 6: Dorex2007 (button) folded before Flop (didn't bet)
Seat 7: Tanya14081993 (small blind) folded before Flop
Seat 8: mr_expert1 (big blind) folded before Flop
Seat 9: GummyJ folded before Flop (didn't bet)



PokerStars Hand #224288091028:  Hold'em No Limit ($0.01/$0.02 USD) - 2021/02/27 14:06:21 PT [2021/02/27 17:06:21 ET]
Table 'Tauris' 9-max Seat #7 is the button
Seat 1: Kahlemann ($1.91 in chips) 
Seat 2: ChepoyOskar ($0.66 in chips) 
Seat 3: GHOSTMK ($1.86 in chips) 
Seat 4: marc633 ($0.24 in chips) 
Seat 5: GodIn2019 ($2.62 in chips) 
Seat 6: Dorex2007 ($1.41 in chips) 
Seat 7: Tanya14081993 ($0.95 in chips) 
Seat 8: mr_expert1 ($2.87 in chips) 
Seat 9: GummyJ ($1.55 in chips) 
mr_expert1: posts small blind $0.01
GummyJ: posts big blind $0.02
*** HOLE CARDS ***
Dealt to Dorex2007 [6h Jh]
Kahlemann: folds 
ChepoyOskar: folds 
GHOSTMK: raises $0.04 to $0.06
marc633: folds 
GodIn2019: folds 
GodIn2019 leaves the table
Dorex2007: folds 
dvc1972 joins the table at seat #5 
Tanya14081993: calls $0.06
mr_expert1: folds 
GummyJ: folds 
*** FLOP *** [Ac 2c Qd]
GHOSTMK: bets $0.07
Tanya14081993: folds 
Uncalled bet ($0.07) returned to GHOSTMK
GHOSTMK collected $0.14 from pot
GHOSTMK: doesn't show hand 
*** SUMMARY ***
Total pot $0.15 | Rake $0.01 
Board [Ac 2c Qd]
Seat 1: Kahlemann folded before Flop (didn't bet)
Seat 2: ChepoyOskar folded before Flop (didn't bet)
Seat 3: GHOSTMK collected ($0.14)
Seat 4: marc633 folded before Flop (didn't bet)
Seat 5: GodIn2019 folded before Flop (didn't bet)
Seat 6: Dorex2007 folded before Flop (didn't bet)
Seat 7: Tanya14081993 (button) folded on the Flop
Seat 8: mr_expert1 (small blind) folded before Flop
Seat 9: GummyJ (big blind) folded before Flop



PokerStars Hand #224288122568:  Hold'em No Limit ($0.01/$0.02 USD) - 2021/02/27 14:07:03 PT [2021/02/27 17:07:03 ET]
Table 'Tauris' 9-max Seat #8 is the button
Seat 1: Kahlemann ($1.91 in chips) 
Seat 2: ChepoyOskar ($0.66 in chips) 
Seat 3: GHOSTMK ($1.94 in chips) 
Seat 4: marc633 ($0.24 in chips) 
Seat 6: Dorex2007 ($1.41 in chips) 
Seat 7: Tanya14081993 ($0.89 in chips) 
Seat 8: mr_expert1 ($2.86 in chips) 
Seat 9: GummyJ ($1.53 in chips) 
GummyJ: posts small blind $0.01
Kahlemann: posts big blind $0.02
dvc1972: sits out 
*** HOLE CARDS ***
Dealt to Dorex2007 [Jh 6h]
ChepoyOskar: folds 
GHOSTMK: folds 
marc633: calls $0.02
Dorex2007: folds 
Tanya14081993: calls $0.02
mr_expert1: calls $0.02
GummyJ: calls $0.01
Kahlemann: checks 
*** FLOP *** [8h 5c 4d]
GummyJ: checks 
Kahlemann: checks 
marc633: checks 
Tanya14081993: bets $0.02
mr_expert1: calls $0.02
GummyJ: raises $0.12 to $0.14
Kahlemann: folds 
marc633: folds 
Tanya14081993: folds 
mr_expert1: folds 
Uncalled bet ($0.12) returned to GummyJ
GummyJ collected $0.15 from pot
*** SUMMARY ***
Total pot $0.16 | Rake $0.01 
Board [8h 5c 4d]
Seat 1: Kahlemann (big blind) folded on the Flop
Seat 2: ChepoyOskar folded before Flop (didn't bet)
Seat 3: GHOSTMK folded before Flop (didn't bet)
Seat 4: marc633 folded on the Flop
Seat 6: Dorex2007 folded before Flop (didn't bet)
Seat 7: Tanya14081993 folded on the Flop
Seat 8: mr_expert1 (button) folded on the Flop
Seat 9: GummyJ (small blind) collected ($0.15)



PokerStars Hand #224288169662:  Hold'em No Limit ($0.01/$0.02 USD) - 2021/02/27 14:08:04 PT [2021/02/27 17:08:04 ET]
Table 'Tauris' 9-max Seat #9 is the button
Seat 1: Kahlemann ($1.89 in chips) 
Seat 2: ChepoyOskar ($0.66 in chips) 
Seat 3: GHOSTMK ($1.94 in chips) 
Seat 4: marc633 ($0.22 in chips) 
Seat 6: Dorex2007 ($1.41 in chips) 
Seat 7: Tanya14081993 ($0.85 in chips) 
Seat 8: mr_expert1 ($2.82 in chips) 
Seat 9: GummyJ ($1.64 in chips) 
Kahlemann: posts small blind $0.01
ChepoyOskar: posts big blind $0.02
dvc1972: sits out 
*** HOLE CARDS ***
Dealt to Dorex2007 [6s 7d]
GHOSTMK: folds 
marc633: folds 
Dorex2007: folds 
Tanya14081993: folds 
mr_expert1: folds 
GummyJ: folds 
Kahlemann: calls $0.01
ChepoyOskar: checks 
*** FLOP *** [2d Ah Js]
Kahlemann: checks 
ChepoyOskar: checks 
*** TURN *** [2d Ah Js] [9h]
Kahlemann: bets $0.02
GummyJ leaves the table
ChepoyOskar: folds 
Uncalled bet ($0.02) returned to Kahlemann
Kahlemann collected $0.04 from pot
Kahlemann: doesn't show hand 
*** SUMMARY ***
Total pot $0.04 | Rake $0 
Board [2d Ah Js 9h]
Seat 1: Kahlemann (small blind) collected ($0.04)
Seat 2: ChepoyOskar (big blind) folded on the Turn
Seat 3: GHOSTMK folded before Flop (didn't bet)
Seat 4: marc633 folded before Flop (didn't bet)
Seat 6: Dorex2007 folded before Flop (didn't bet)
Seat 7: Tanya14081993 folded before Flop (didn't bet)
Seat 8: mr_expert1 folded before Flop (didn't bet)
Seat 9: GummyJ (button) folded before Flop (didn't bet)



PokerStars Hand #224288209339:  Hold'em No Limit ($0.01/$0.02 USD) - 2021/02/27 14:08:57 PT [2021/02/27 17:08:57 ET]
Table 'Tauris' 9-max Seat #1 is the button
Seat 1: Kahlemann ($1.91 in chips) 
Seat 2: ChepoyOskar ($0.64 in chips) 
Seat 3: GHOSTMK ($1.94 in chips) 
Seat 4: marc633 ($0.22 in chips) 
Seat 6: Dorex2007 ($1.41 in chips) 
Seat 7: Tanya14081993 ($0.85 in chips) 
Seat 8: mr_expert1 ($2.82 in chips) 
ChepoyOskar: posts small blind $0.01
GHOSTMK: posts big blind $0.02
dvc1972: sits out 
*** HOLE CARDS ***
Dealt to Dorex2007 [6d Jc]
Dr.Butcher23 joins the table at seat #9 
marc633: folds 
Dorex2007: folds 
Tanya14081993: folds 
mr_expert1: folds 
Kahlemann: folds 
ChepoyOskar: calls $0.01
GHOSTMK: checks 
*** FLOP *** [6h 7c Ac]
ChepoyOskar: bets $0.04
GHOSTMK: folds 
Uncalled bet ($0.04) returned to ChepoyOskar
ChepoyOskar collected $0.04 from pot
ChepoyOskar: doesn't show hand 
*** SUMMARY ***
Total pot $0.04 | Rake $0 
Board [6h 7c Ac]
Seat 1: Kahlemann (button) folded before Flop (didn't bet)
Seat 2: ChepoyOskar (small blind) collected ($0.04)
Seat 3: GHOSTMK (big blind) folded on the Flop
Seat 4: marc633 folded before Flop (didn't bet)
Seat 6: Dorex2007 folded before Flop (didn't bet)
Seat 7: Tanya14081993 folded before Flop (didn't bet)
Seat 8: mr_expert1 folded before Flop (didn't bet)



PokerStars Hand #224288232916:  Hold'em No Limit ($0.01/$0.02 USD) - 2021/02/27 14:09:28 PT [2021/02/27 17:09:28 ET]
Table 'Tauris' 9-max Seat #2 is the button
Seat 1: Kahlemann ($1.91 in chips) 
Seat 2: ChepoyOskar ($0.66 in chips) 
Seat 3: GHOSTMK ($1.92 in chips) 
Seat 4: marc633 ($0.22 in chips) 
Seat 6: Dorex2007 ($1.41 in chips) 
Seat 7: Tanya14081993 ($0.85 in chips) 
Seat 8: mr_expert1 ($2.82 in chips) 
GHOSTMK: posts small blind $0.01
marc633: posts big blind $0.02
dvc1972: sits out 
Dr.Butcher23: sits out 
*** HOLE CARDS ***
Dealt to Dorex2007 [Jd 5c]
Dorex2007: folds 
Tanya14081993: calls $0.02
mr_expert1: folds 
Kahlemann: folds 
ChepoyOskar: calls $0.02
GHOSTMK: calls $0.01
marc633: checks 
*** FLOP *** [Kh 6c 7h]
GHOSTMK: checks 
marc633: checks 
Tanya14081993: checks 
ChepoyOskar: checks 
*** TURN *** [Kh 6c 7h] [3c]
GHOSTMK: bets $0.04
marc633: calls $0.04
Tanya14081993: raises $0.16 to $0.20
ChepoyOskar: folds 
GHOSTMK: folds 
marc633: calls $0.16 and is all-in
*** RIVER *** [Kh 6c 7h 3c] [Ad]
*** SHOW DOWN ***
marc633: shows [6h 6s] (three of a kind, Sixes)
Tanya14081993: shows [As Ks] (two pair, Aces and Kings)
marc633 collected $0.50 from pot
*** SUMMARY ***
Total pot $0.52 | Rake $0.02 
Board [Kh 6c 7h 3c Ad]
Seat 1: Kahlemann folded before Flop (didn't bet)
Seat 2: ChepoyOskar (button) folded on the Turn
Seat 3: GHOSTMK (small blind) folded on the Turn
Seat 4: marc633 (big blind) showed [6h 6s] and won ($0.50) with three of a kind, Sixes
Seat 6: Dorex2007 folded before Flop (didn't bet)
Seat 7: Tanya14081993 showed [As Ks] and lost with two pair, Aces and Kings
Seat 8: mr_expert1 folded before Flop (didn't bet)



PokerStars Hand #224288287024:  Hold'em No Limit ($0.01/$0.02 USD) - 2021/02/27 14:10:40 PT [2021/02/27 17:10:40 ET]
Table 'Tauris' 9-max Seat #3 is the button
Seat 1: Kahlemann ($1.91 in chips) 
Seat 2: ChepoyOskar ($0.64 in chips) 
Seat 3: GHOSTMK ($1.86 in chips) 
Seat 4: marc633 ($0.50 in chips) 
Seat 5: dvc1972 ($2 in chips) 
Seat 6: Dorex2007 ($1.41 in chips) 
Seat 7: Tanya14081993 ($0.63 in chips) 
Seat 8: mr_expert1 ($2.82 in chips) 
marc633: posts small blind $0.01
dvc1972: posts big blind $0.02
Dr.Butcher23: sits out 
*** HOLE CARDS ***
Dealt to Dorex2007 [Ad 3c]
Dorex2007: folds 
Tanya14081993: folds 
mr_expert1: raises $0.04 to $0.06
Kahlemann: folds 
ChepoyOskar: calls $0.06
GHOSTMK: folds 
marc633: folds 
dvc1972: folds 
*** FLOP *** [Jc 5h 2h]
mr_expert1: bets $0.07
ChepoyOskar: folds 
Uncalled bet ($0.07) returned to mr_expert1
mr_expert1 collected $0.14 from pot
*** SUMMARY ***
Total pot $0.15 | Rake $0.01 
Board [Jc 5h 2h]
Seat 1: Kahlemann folded before Flop (didn't bet)
Seat 2: ChepoyOskar folded on the Flop
Seat 3: GHOSTMK (button) folded before Flop (didn't bet)
Seat 4: marc633 (small blind) folded before Flop
Seat 5: dvc1972 (big blind) folded before Flop
Seat 6: Dorex2007 folded before Flop (didn't bet)
Seat 7: Tanya14081993 folded before Flop (didn't bet)
Seat 8: mr_expert1 collected ($0.14)



PokerStars Hand #224288315844:  Hold'em No Limit ($0.01/$0.02 USD) - 2021/02/27 14:11:18 PT [2021/02/27 17:11:18 ET]
Table 'Tauris' 9-max Seat #4 is the button
Seat 1: Kahlemann ($1.91 in chips) 
Seat 2: ChepoyOskar ($0.58 in chips) 
Seat 3: GHOSTMK ($1.86 in chips) 
Seat 4: marc633 ($0.49 in chips) 
Seat 5: dvc1972 ($2 in chips) 
Seat 6: Dorex2007 ($1.41 in chips) 
Seat 7: Tanya14081993 ($0.63 in chips) 
Seat 8: mr_expert1 ($2.90 in chips) 
dvc1972: posts small blind $0.01
Dorex2007: posts big blind $0.02
Dr.Butcher23: sits out 
*** HOLE CARDS ***
Dealt to Dorex2007 [3h 8c]
Tanya14081993: folds 
mr_expert1: folds 
Kahlemann: calls $0.02
ChepoyOskar: folds 
GHOSTMK: folds 
marc633: calls $0.02
dvc1972: calls $0.01
Dorex2007: checks 
*** FLOP *** [Td 4s 6h]
dvc1972: checks 
Dorex2007: checks 
Kahlemann: bets $0.04
marc633: folds 
dvc1972: folds 
Dorex2007: folds 
Uncalled bet ($0.04) returned to Kahlemann
Kahlemann collected $0.08 from pot
Kahlemann: doesn't show hand 
*** SUMMARY ***
Total pot $0.08 | Rake $0 
Board [Td 4s 6h]
Seat 1: Kahlemann collected ($0.08)
Seat 2: ChepoyOskar folded before Flop (didn't bet)
Seat 3: GHOSTMK folded before Flop (didn't bet)
Seat 4: marc633 (button) folded on the Flop
Seat 5: dvc1972 (small blind) folded on the Flop
Seat 6: Dorex2007 (big blind) folded on the Flop
Seat 7: Tanya14081993 folded before Flop (didn't bet)
Seat 8: mr_expert1 folded before Flop (didn't bet)



PokerStars Hand #224288359340:  Hold'em No Limit ($0.01/$0.02 USD) - 2021/02/27 14:12:16 PT [2021/02/27 17:12:16 ET]
Table 'Tauris' 9-max Seat #5 is the button
Seat 1: Kahlemann ($1.97 in chips) 
Seat 2: ChepoyOskar ($0.58 in chips) 
Seat 3: GHOSTMK ($1.86 in chips) 
Seat 4: marc633 ($0.47 in chips) 
Seat 5: dvc1972 ($2 in chips) 
Seat 6: Dorex2007 ($1.39 in chips) 
Seat 7: Tanya14081993 ($0.63 in chips) 
Seat 8: mr_expert1 ($2.90 in chips) 
Dorex2007: posts small blind $0.01
Tanya14081993: posts big blind $0.02
Dr.Butcher23: sits out 
*** HOLE CARDS ***
Dealt to Dorex2007 [Js 7d]
mr_expert1: folds 
Kahlemann: calls $0.02
ChepoyOskar: folds 
GHOSTMK: folds 
marc633: calls $0.02
dvc1972: folds 
Dorex2007: folds 
Tanya14081993: raises $0.61 to $0.63 and is all-in
Kahlemann: folds 
marc633: folds 
Uncalled bet ($0.61) returned to Tanya14081993
Tanya14081993 collected $0.07 from pot
Tanya14081993: doesn't show hand 
*** SUMMARY ***
Total pot $0.07 | Rake $0 
Seat 1: Kahlemann folded before Flop
Seat 2: ChepoyOskar folded before Flop (didn't bet)
Seat 3: GHOSTMK folded before Flop (didn't bet)
Seat 4: marc633 folded before Flop
Seat 5: dvc1972 (button) folded before Flop (didn't bet)
Seat 6: Dorex2007 (small blind) folded before Flop
Seat 7: Tanya14081993 (big blind) collected ($0.07)
Seat 8: mr_expert1 folded before Flop (didn't bet)



PokerStars Hand #224288388040:  Hold'em No Limit ($0.01/$0.02 USD) - 2021/02/27 14:12:54 PT [2021/02/27 17:12:54 ET]
Table 'Tauris' 9-max Seat #6 is the button
Seat 1: Kahlemann ($1.95 in chips) 
Seat 2: ChepoyOskar ($0.58 in chips) 
Seat 3: GHOSTMK ($1.86 in chips) 
Seat 4: marc633 ($0.45 in chips) 
Seat 5: dvc1972 ($2 in chips) 
Seat 6: Dorex2007 ($1.38 in chips) 
Seat 7: Tanya14081993 ($0.68 in chips) 
Seat 8: mr_expert1 ($2.90 in chips) 
Tanya14081993: posts small blind $0.01
mr_expert1: posts big blind $0.02
Dr.Butcher23: sits out 
*** HOLE CARDS ***
Dealt to Dorex2007 [5c 9h]
Kahlemann: folds 
ChepoyOskar: folds 
GHOSTMK: folds 
marc633 has timed out
marc633: folds 
dvc1972: folds 
Dorex2007: folds 
Tanya14081993: raises $0.04 to $0.06
Dr.Butcher23 leaves the table
mr_expert1: folds 
Uncalled bet ($0.04) returned to Tanya14081993
Tanya14081993 collected $0.04 from pot
Tanya14081993: doesn't show hand 
*** SUMMARY ***
Total pot $0.04 | Rake $0 
Seat 1: Kahlemann folded before Flop (didn't bet)
Seat 2: ChepoyOskar folded before Flop (didn't bet)
Seat 3: GHOSTMK folded before Flop (didn't bet)
Seat 4: marc633 folded before Flop (didn't bet)
Seat 5: dvc1972 folded before Flop (didn't bet)
Seat 6: Dorex2007 (button) folded before Flop (didn't bet)
Seat 7: Tanya14081993 (small blind) collected ($0.04)
Seat 8: mr_expert1 (big blind) folded before Flop



PokerStars Hand #224288432860:  Hold'em No Limit ($0.01/$0.02 USD) - 2021/02/27 14:13:50 PT [2021/02/27 17:13:50 ET]
Table 'Tauris' 9-max Seat #7 is the button
Seat 1: Kahlemann ($1.95 in chips) 
Seat 2: ChepoyOskar ($0.58 in chips) 
Seat 3: GHOSTMK ($1.86 in chips) 
Seat 4: marc633 ($0.45 in chips) 
Seat 5: dvc1972 ($2 in chips) 
Seat 6: Dorex2007 ($1.38 in chips) 
Seat 7: Tanya14081993 ($0.70 in chips) 
Seat 8: mr_expert1 ($2.88 in chips) 
mr_expert1: posts small blind $0.01
Kahlemann: posts big blind $0.02
*** HOLE CARDS ***
Dealt to Dorex2007 [As 4h]
ChepoyOskar: folds 
GHOSTMK: folds 
Danskiiii joins the table at seat #9 
marc633: calls $0.02
dvc1972: folds 
Dorex2007: folds 
Tanya14081993: raises $0.02 to $0.04
mr_expert1: calls $0.03
Kahlemann: calls $0.02
marc633: calls $0.02
*** FLOP *** [7h Ah 6c]
mr_expert1: checks 
Kahlemann: checks 
marc633: checks 
Tanya14081993: bets $0.06
mr_expert1: folds 
Kahlemann: folds 
marc633: calls $0.06
*** TURN *** [7h Ah 6c] [5s]
marc633: checks 
Tanya14081993: bets $0.10
marc633: folds 
Uncalled bet ($0.10) returned to Tanya14081993
Tanya14081993 collected $0.27 from pot
Tanya14081993: doesn't show hand 
*** SUMMARY ***
Total pot $0.28 | Rake $0.01 
Board [7h Ah 6c 5s]
Seat 1: Kahlemann (big blind) folded on the Flop
Seat 2: ChepoyOskar folded before Flop (didn't bet)
Seat 3: GHOSTMK folded before Flop (didn't bet)
Seat 4: marc633 folded on the Turn
Seat 5: dvc1972 folded before Flop (didn't bet)
Seat 6: Dorex2007 folded before Flop (didn't bet)
Seat 7: Tanya14081993 (button) collected ($0.27)
Seat 8: mr_expert1 (small blind) folded on the Flop



PokerStars Hand #224288510405:  Hold'em No Limit ($0.01/$0.02 USD) - 2021/02/27 14:15:34 PT [2021/02/27 17:15:34 ET]
Table 'Tauris' 9-max Seat #8 is the button
Seat 1: Kahlemann ($1.91 in chips) 
Seat 2: ChepoyOskar ($0.58 in chips) 
Seat 3: GHOSTMK ($1.86 in chips) 
Seat 4: marc633 ($0.35 in chips) 
Seat 5: dvc1972 ($2 in chips) 
Seat 6: Dorex2007 ($1.38 in chips) 
Seat 7: Tanya14081993 ($0.87 in chips) 
Seat 8: mr_expert1 ($2.84 in chips) 
Kahlemann: posts small blind $0.01
ChepoyOskar: posts big blind $0.02
*** HOLE CARDS ***
Dealt to Dorex2007 [9s Jd]
GHOSTMK: raises $0.04 to $0.06
marc633: folds 
dvc1972: folds 
Dorex2007: folds 
Tanya14081993: folds 
mr_expert1: folds 
Kahlemann: calls $0.05
ChepoyOskar: calls $0.04
*** FLOP *** [Ac Jc 7s]
Kahlemann: checks 
ChepoyOskar: checks 
GHOSTMK: bets $0.09
Kahlemann: calls $0.09
ChepoyOskar: calls $0.09
*** TURN *** [Ac Jc 7s] [Ks]
Kahlemann: checks 
ChepoyOskar: checks 
GHOSTMK: checks 
*** RIVER *** [Ac Jc 7s Ks] [Kh]
Kahlemann: bets $0.16
ChepoyOskar: calls $0.16
GHOSTMK: folds 
*** SHOW DOWN ***
Kahlemann: shows [Qs Ad] (two pair, Aces and Kings)
ChepoyOskar: mucks hand 
Kahlemann collected $0.74 from pot
*** SUMMARY ***
Total pot $0.77 | Rake $0.03 
Board [Ac Jc 7s Ks Kh]
Seat 1: Kahlemann (small blind) showed [Qs Ad] and won ($0.74) with two pair, Aces and Kings
Seat 2: ChepoyOskar (big blind) mucked [5d Js]
Seat 3: GHOSTMK folded on the River
Seat 4: marc633 folded before Flop (didn't bet)
Seat 5: dvc1972 folded before Flop (didn't bet)
Seat 6: Dorex2007 folded before Flop (didn't bet)
Seat 7: Tanya14081993 folded before Flop (didn't bet)
Seat 8: mr_expert1 (button) folded before Flop (didn't bet)



PokerStars Hand #224288564189:  Hold'em No Limit ($0.01/$0.02 USD) - 2021/02/27 14:16:48 PT [2021/02/27 17:16:48 ET]
Table 'Tauris' 9-max Seat #1 is the button
Seat 1: Kahlemann ($2.34 in chips) 
Seat 2: ChepoyOskar ($0.27 in chips) 
Seat 3: GHOSTMK ($1.71 in chips) 
Seat 4: marc633 ($0.35 in chips) 
Seat 5: dvc1972 ($2 in chips) 
Seat 6: Dorex2007 ($1.38 in chips) 
Seat 7: Tanya14081993 ($0.87 in chips) 
Seat 8: mr_expert1 ($2.84 in chips) 
ChepoyOskar: posts small blind $0.01
GHOSTMK: posts big blind $0.02
Danskiiii: sits out 
*** HOLE CARDS ***
Dealt to Dorex2007 [3s 7h]
marc633: folds 
dvc1972: folds 
Dorex2007: folds 
Tanya14081993: calls $0.02
mr_expert1: folds 
Kahlemann: calls $0.02
ChepoyOskar: raises $0.25 to $0.27 and is all-in
GHOSTMK: folds 
Tanya14081993: folds 
Kahlemann: folds 
Uncalled bet ($0.25) returned to ChepoyOskar
ChepoyOskar collected $0.08 from pot
ChepoyOskar: doesn't show hand 
*** SUMMARY ***
Total pot $0.08 | Rake $0 
Seat 1: Kahlemann (button) folded before Flop
Seat 2: ChepoyOskar (small blind) collected ($0.08)
Seat 3: GHOSTMK (big blind) folded before Flop
Seat 4: marc633 folded before Flop (didn't bet)
Seat 5: dvc1972 folded before Flop (didn't bet)
Seat 6: Dorex2007 folded before Flop (didn't bet)
Seat 7: Tanya14081993 folded before Flop
Seat 8: mr_expert1 folded before Flop (didn't bet)



PokerStars Hand #224288587086:  Hold'em No Limit ($0.01/$0.02 USD) - 2021/02/27 14:17:13 PT [2021/02/27 17:17:13 ET]
Table 'Tauris' 9-max Seat #2 is the button
Seat 1: Kahlemann ($2.32 in chips) 
Seat 2: ChepoyOskar ($0.33 in chips) 
Seat 3: GHOSTMK ($1.69 in chips) 
Seat 4: marc633 ($0.35 in chips) 
Seat 5: dvc1972 ($2 in chips) 
Seat 6: Dorex2007 ($1.38 in chips) 
Seat 7: Tanya14081993 ($0.85 in chips) 
Seat 8: mr_expert1 ($2.84 in chips) 
GHOSTMK: posts small blind $0.01
marc633: posts big blind $0.02
Danskiiii: sits out 
*** HOLE CARDS ***
Dealt to Dorex2007 [Qc Ad]
dvc1972: raises $0.04 to $0.06
Dorex2007: calls $0.06
Tanya14081993: folds 
mr_expert1: folds 
Kahlemann: folds 
ChepoyOskar: folds 
GHOSTMK: folds 
marc633: folds 
*** FLOP *** [Ts 2c 5s]
dvc1972: bets $0.02
Dorex2007: raises $0.04 to $0.06
dvc1972: calls $0.04
*** TURN *** [Ts 2c 5s] [8d]
dvc1972: bets $0.02
Dorex2007: calls $0.02
*** RIVER *** [Ts 2c 5s 8d] [Kc]
dvc1972: checks 
Dorex2007: bets $0.23
dvc1972: folds 
Uncalled bet ($0.23) returned to Dorex2007
Dorex2007 collected $0.30 from pot
Dorex2007: doesn't show hand 
*** SUMMARY ***
Total pot $0.31 | Rake $0.01 
Board [Ts 2c 5s 8d Kc]
Seat 1: Kahlemann folded before Flop (didn't bet)
Seat 2: ChepoyOskar (button) folded before Flop (didn't bet)
Seat 3: GHOSTMK (small blind) folded before Flop
Seat 4: marc633 (big blind) folded before Flop
Seat 5: dvc1972 folded on the River
Seat 6: Dorex2007 collected ($0.30)
Seat 7: Tanya14081993 folded before Flop (didn't bet)
Seat 8: mr_expert1 folded before Flop (didn't bet)



PokerStars Hand #224288664448:  Hold'em No Limit ($0.01/$0.02 USD) - 2021/02/27 14:18:57 PT [2021/02/27 17:18:57 ET]
Table 'Tauris' 9-max Seat #3 is the button
Seat 1: Kahlemann ($2.32 in chips) 
Seat 2: ChepoyOskar ($0.33 in chips) 
Seat 3: GHOSTMK ($1.68 in chips) 
Seat 4: marc633 ($0.33 in chips) 
Seat 5: dvc1972 ($2 in chips) 
Seat 6: Dorex2007 ($1.54 in chips) 
Seat 7: Tanya14081993 ($0.85 in chips) 
Seat 8: mr_expert1 ($2.84 in chips) 
marc633: posts small blind $0.01
dvc1972: posts big blind $0.02
Danskiiii: sits out 
*** HOLE CARDS ***
Dealt to Dorex2007 [5h 5c]
Dorex2007: calls $0.02
Tanya14081993: folds 
mr_expert1: folds 
Kahlemann: calls $0.02
ChepoyOskar: calls $0.02
GHOSTMK: folds 
marc633: calls $0.01
dvc1972: checks 
*** FLOP *** [6d Js Kc]
marc633: checks 
dvc1972: checks 
Dorex2007: bets $0.08
Kahlemann: folds 
ChepoyOskar: folds 
marc633: folds 
dvc1972: folds 
Uncalled bet ($0.08) returned to Dorex2007
Dorex2007 collected $0.10 from pot
Dorex2007: doesn't show hand 
*** SUMMARY ***
Total pot $0.10 | Rake $0 
Board [6d Js Kc]
Seat 1: Kahlemann folded on the Flop
Seat 2: ChepoyOskar folded on the Flop
Seat 3: GHOSTMK (button) folded before Flop (didn't bet)
Seat 4: marc633 (small blind) folded on the Flop
Seat 5: dvc1972 (big blind) folded on the Flop
Seat 6: Dorex2007 collected ($0.10)
Seat 7: Tanya14081993 folded before Flop (didn't bet)
Seat 8: mr_expert1 folded before Flop (didn't bet)



PokerStars Hand #224288721311:  Hold'em No Limit ($0.01/$0.02 USD) - 2021/02/27 14:20:04 PT [2021/02/27 17:20:04 ET]
Table 'Tauris' 9-max Seat #4 is the button
Seat 1: Kahlemann ($2.30 in chips) 
Seat 2: ChepoyOskar ($0.31 in chips) 
Seat 3: GHOSTMK ($1.68 in chips) 
Seat 4: marc633 ($0.31 in chips) 
Seat 5: dvc1972 ($2 in chips) 
Seat 6: Dorex2007 ($1.62 in chips) 
Seat 7: Tanya14081993 ($0.85 in chips) 
Seat 8: mr_expert1 ($2.84 in chips) 
dvc1972: posts small blind $0.01
Dorex2007: posts big blind $0.02
Danskiiii: sits out 
*** HOLE CARDS ***
Dealt to Dorex2007 [Qd 5c]
Tanya14081993: calls $0.02
mr_expert1: folds 
Kahlemann: folds 
ChepoyOskar: calls $0.02
GHOSTMK: folds 
marc633: calls $0.02
dvc1972: calls $0.01
Dorex2007: checks 
*** FLOP *** [Ac Ts 3c]
dvc1972: checks 
Dorex2007: checks 
Tanya14081993: checks 
ChepoyOskar: checks 
marc633: checks 
*** TURN *** [Ac Ts 3c] [Kd]
dvc1972: checks 
Dorex2007: checks 
Tanya14081993: bets $0.02
ChepoyOskar: calls $0.02
marc633: calls $0.02
dvc1972: folds 
Dorex2007: folds 
*** RIVER *** [Ac Ts 3c Kd] [Ah]
Tanya14081993: bets $0.26
ChepoyOskar: folds 
marc633: raises $0.01 to $0.27 and is all-in
Tanya14081993: calls $0.01
*** SHOW DOWN ***
marc633: shows [Kc Qs] (two pair, Aces and Kings)
Tanya14081993: shows [5s 6h] (a pair of Aces)
marc633 collected $0.68 from pot
*** SUMMARY ***
Total pot $0.70 | Rake $0.02 
Board [Ac Ts 3c Kd Ah]
Seat 1: Kahlemann folded before Flop (didn't bet)
Seat 2: ChepoyOskar folded on the River
Seat 3: GHOSTMK folded before Flop (didn't bet)
Seat 4: marc633 (button) showed [Kc Qs] and won ($0.68) with two pair, Aces and Kings
Seat 5: dvc1972 (small blind) folded on the Turn
Seat 6: Dorex2007 (big blind) folded on the Turn
Seat 7: Tanya14081993 showed [5s 6h] and lost with a pair of Aces
Seat 8: mr_expert1 folded before Flop (didn't bet)



PokerStars Hand #224288806099:  Hold'em No Limit ($0.01/$0.02 USD) - 2021/02/27 14:22:00 PT [2021/02/27 17:22:00 ET]
Table 'Tauris' 9-max Seat #5 is the button
Seat 1: Kahlemann ($2.30 in chips) 
Seat 2: ChepoyOskar ($0.27 in chips) 
Seat 3: GHOSTMK ($1.68 in chips) 
Seat 4: marc633 ($0.68 in chips) 
Seat 5: dvc1972 ($2 in chips) 
Seat 6: Dorex2007 ($1.60 in chips) 
Seat 7: Tanya14081993 ($0.54 in chips) 
Seat 8: mr_expert1 ($2.84 in chips) 
Dorex2007: posts small blind $0.01
Tanya14081993: posts big blind $0.02
Danskiiii: sits out 
*** HOLE CARDS ***
Dealt to Dorex2007 [5c Js]
mr_expert1: folds 
Kahlemann: calls $0.02
ChepoyOskar: folds 
GHOSTMK: folds 
marc633: calls $0.02
dvc1972: folds 
Dorex2007: calls $0.01
Tanya14081993: checks 
*** FLOP *** [8d 6d Ah]
Dorex2007: checks 
Tanya14081993: checks 
Kahlemann: bets $0.02
marc633: calls $0.02
Dorex2007: folds 
Tanya14081993: folds 
*** TURN *** [8d 6d Ah] [8h]
Kahlemann: bets $0.02
marc633: calls $0.02
*** RIVER *** [8d 6d Ah 8h] [3h]
Kahlemann: bets $0.12
marc633: folds 
Uncalled bet ($0.12) returned to Kahlemann
Kahlemann collected $0.15 from pot
Kahlemann: doesn't show hand 
*** SUMMARY ***
Total pot $0.16 | Rake $0.01 
Board [8d 6d Ah 8h 3h]
Seat 1: Kahlemann collected ($0.15)
Seat 2: ChepoyOskar folded before Flop (didn't bet)
Seat 3: GHOSTMK folded before Flop (didn't bet)
Seat 4: marc633 folded on the River
Seat 5: dvc1972 (button) folded before Flop (didn't bet)
Seat 6: Dorex2007 (small blind) folded on the Flop
Seat 7: Tanya14081993 (big blind) folded on the Flop
Seat 8: mr_expert1 folded before Flop (didn't bet)



PokerStars Hand #224288857160:  Hold'em No Limit ($0.01/$0.02 USD) - 2021/02/27 14:23:10 PT [2021/02/27 17:23:10 ET]
Table 'Tauris' 9-max Seat #6 is the button
Seat 1: Kahlemann ($2.39 in chips) 
Seat 2: ChepoyOskar ($0.27 in chips) 
Seat 3: GHOSTMK ($1.68 in chips) 
Seat 4: marc633 ($0.62 in chips) 
Seat 5: dvc1972 ($2 in chips) 
Seat 6: Dorex2007 ($1.58 in chips) 
Seat 7: Tanya14081993 ($0.52 in chips) 
Seat 8: mr_expert1 ($2.84 in chips) 
Tanya14081993: posts small blind $0.01
mr_expert1: posts big blind $0.02
Danskiiii: sits out 
*** HOLE CARDS ***
Dealt to Dorex2007 [Kd 3c]
Kahlemann: folds 
ChepoyOskar: calls $0.02
GHOSTMK: folds 
marc633: folds 
dvc1972 has timed out
dvc1972: folds 
Dorex2007: folds 
Tanya14081993: calls $0.01
mr_expert1: checks 
*** FLOP *** [Ad Jh 4s]
Tanya14081993: bets $0.02
mr_expert1: folds 
ChepoyOskar: calls $0.02
*** TURN *** [Ad Jh 4s] [5h]
Tanya14081993: bets $0.02
ChepoyOskar: calls $0.02
*** RIVER *** [Ad Jh 4s 5h] [7h]
Tanya14081993: bets $0.10
ChepoyOskar: calls $0.10
*** SHOW DOWN ***
Tanya14081993: shows [3d Ts] (high card Ace)
ChepoyOskar: shows [Jd Ks] (a pair of Jacks)
ChepoyOskar collected $0.33 from pot
*** SUMMARY ***
Total pot $0.34 | Rake $0.01 
Board [Ad Jh 4s 5h 7h]
Seat 1: Kahlemann folded before Flop (didn't bet)
Seat 2: ChepoyOskar showed [Jd Ks] and won ($0.33) with a pair of Jacks
Seat 3: GHOSTMK folded before Flop (didn't bet)
Seat 4: marc633 folded before Flop (didn't bet)
Seat 5: dvc1972 folded before Flop (didn't bet)
Seat 6: Dorex2007 (button) folded before Flop (didn't bet)
Seat 7: Tanya14081993 (small blind) showed [3d Ts] and lost with high card Ace
Seat 8: mr_expert1 (big blind) folded on the Flop



PokerStars Hand #224288899268:  Hold'em No Limit ($0.01/$0.02 USD) - 2021/02/27 14:24:08 PT [2021/02/27 17:24:08 ET]
Table 'Tauris' 9-max Seat #7 is the button
Seat 1: Kahlemann ($2.39 in chips) 
Seat 2: ChepoyOskar ($0.44 in chips) 
Seat 3: GHOSTMK ($1.68 in chips) 
Seat 4: marc633 ($0.62 in chips) 
Seat 5: dvc1972 ($2 in chips) 
Seat 6: Dorex2007 ($1.58 in chips) 
Seat 7: Tanya14081993 ($0.36 in chips) 
Seat 8: mr_expert1 ($2.82 in chips) 
Seat 9: Danskiiii ($2 in chips) 
mr_expert1: posts small blind $0.01
Danskiiii: posts big blind $0.02
*** HOLE CARDS ***
Dealt to Dorex2007 [Ad Js]
Kahlemann: folds 
ChepoyOskar: folds 
GHOSTMK: folds 
marc633: folds 
dvc1972: folds 
Dorex2007: raises $0.04 to $0.06
Tanya14081993: raises $0.30 to $0.36 and is all-in
mr_expert1: folds 
Danskiiii: folds 
Dorex2007: calls $0.30
*** FLOP *** [Ac Qh Qc]
*** TURN *** [Ac Qh Qc] [8d]
*** RIVER *** [Ac Qh Qc 8d] [3h]
*** SHOW DOWN ***
Dorex2007: shows [Ad Js] (two pair, Aces and Queens)
Tanya14081993: shows [5c 5h] (two pair, Queens and Fives)
Dorex2007 collected $0.72 from pot
*** SUMMARY ***
Total pot $0.75 | Rake $0.03 
Board [Ac Qh Qc 8d 3h]
Seat 1: Kahlemann folded before Flop (didn't bet)
Seat 2: ChepoyOskar folded before Flop (didn't bet)
Seat 3: GHOSTMK folded before Flop (didn't bet)
Seat 4: marc633 folded before Flop (didn't bet)
Seat 5: dvc1972 folded before Flop (didn't bet)
Seat 6: Dorex2007 showed [Ad Js] and won ($0.72) with two pair, Aces and Queens
Seat 7: Tanya14081993 (button) showed [5c 5h] and lost with two pair, Queens and Fives
Seat 8: mr_expert1 (small blind) folded before Flop
Seat 9: Danskiiii (big blind) folded before Flop



PokerStars Hand #224288940371:  Hold'em No Limit ($0.01/$0.02 USD) - 2021/02/27 14:25:06 PT [2021/02/27 17:25:06 ET]
Table 'Tauris' 9-max Seat #8 is the button
Seat 1: Kahlemann ($2.39 in chips) 
Seat 2: ChepoyOskar ($0.44 in chips) 
Seat 3: GHOSTMK ($1.68 in chips) 
Seat 4: marc633 ($0.62 in chips) 
Seat 5: dvc1972 ($2 in chips) 
Seat 6: Dorex2007 ($1.94 in chips) 
Seat 8: mr_expert1 ($2.81 in chips) 
Seat 9: Danskiiii ($1.98 in chips) 
Danskiiii: posts small blind $0.01
Kahlemann: posts big blind $0.02
*** HOLE CARDS ***
Dealt to Dorex2007 [2h Jh]
ChepoyOskar: folds 
GHOSTMK: folds 
marc633: folds 
dvc1972: raises $0.04 to $0.06
Dorex2007: folds 
mr_expert1: folds 
Danskiiii: folds 
Kahlemann: calls $0.04
*** FLOP *** [3c 3d Kh]
Kahlemann: checks 
dvc1972: bets $0.07
Kahlemann: folds 
Uncalled bet ($0.07) returned to dvc1972
dvc1972 collected $0.13 from pot
dvc1972: doesn't show hand 
*** SUMMARY ***
Total pot $0.13 | Rake $0 
Board [3c 3d Kh]
Seat 1: Kahlemann (big blind) folded on the Flop
Seat 2: ChepoyOskar folded before Flop (didn't bet)
Seat 3: GHOSTMK folded before Flop (didn't bet)
Seat 4: marc633 folded before Flop (didn't bet)
Seat 5: dvc1972 collected ($0.13)
Seat 6: Dorex2007 folded before Flop (didn't bet)
Seat 8: mr_expert1 (button) folded before Flop (didn't bet)
Seat 9: Danskiiii (small blind) folded before Flop



PokerStars Hand #224288963461:  Hold'em No Limit ($0.01/$0.02 USD) - 2021/02/27 14:25:38 PT [2021/02/27 17:25:38 ET]
Table 'Tauris' 9-max Seat #9 is the button
Seat 1: Kahlemann ($2.33 in chips) 
Seat 2: ChepoyOskar ($0.44 in chips) 
Seat 3: GHOSTMK ($1.68 in chips) 
Seat 4: marc633 ($0.62 in chips) 
Seat 5: dvc1972 ($2.07 in chips) 
Seat 6: Dorex2007 ($1.94 in chips) 
Seat 7: Tanya14081993 ($0.80 in chips) 
Seat 8: mr_expert1 ($2.81 in chips) 
Seat 9: Danskiiii ($1.97 in chips) 
Kahlemann: posts small blind $0.01
ChepoyOskar: posts big blind $0.02
*** HOLE CARDS ***
Dealt to Dorex2007 [4c As]
GHOSTMK: folds 
marc633: folds 
dvc1972: raises $0.04 to $0.06
Dorex2007: folds 
Tanya14081993: folds 
mr_expert1: raises $0.15 to $0.21
Danskiiii: calls $0.21
Kahlemann: folds 
ChepoyOskar: folds 
dvc1972: calls $0.15
*** FLOP *** [8s Qd 7d]
dvc1972: checks 
mr_expert1: bets $0.64
Danskiiii: calls $0.64
dvc1972: folds 
*** TURN *** [8s Qd 7d] [5c]
mr_expert1: bets $1.87
Danskiiii: folds 
Uncalled bet ($1.87) returned to mr_expert1
mr_expert1 collected $1.87 from pot
*** SUMMARY ***
Total pot $1.94 | Rake $0.07 
Board [8s Qd 7d 5c]
Seat 1: Kahlemann (small blind) folded before Flop
Seat 2: ChepoyOskar (big blind) folded before Flop
Seat 3: GHOSTMK folded before Flop (didn't bet)
Seat 4: marc633 folded before Flop (didn't bet)
Seat 5: dvc1972 folded on the Flop
Seat 6: Dorex2007 folded before Flop (didn't bet)
Seat 7: Tanya14081993 folded before Flop (didn't bet)
Seat 8: mr_expert1 collected ($1.87)
Seat 9: Danskiiii (button) folded on the Turn



PokerStars Hand #224289002367:  Hold'em No Limit ($0.01/$0.02 USD) - 2021/02/27 14:26:33 PT [2021/02/27 17:26:33 ET]
Table 'Tauris' 9-max Seat #1 is the button
Seat 1: Kahlemann ($2.32 in chips) 
Seat 2: ChepoyOskar ($0.42 in chips) 
Seat 3: GHOSTMK ($1.68 in chips) 
Seat 4: marc633 ($0.62 in chips) 
Seat 5: dvc1972 ($2 in chips) 
Seat 6: Dorex2007 ($1.94 in chips) 
Seat 7: Tanya14081993 ($0.80 in chips) 
Seat 8: mr_expert1 ($3.83 in chips) 
Seat 9: Danskiiii ($1.12 in chips) 
ChepoyOskar: posts small blind $0.01
GHOSTMK: posts big blind $0.02
*** HOLE CARDS ***
Dealt to Dorex2007 [Qd 5d]
marc633: calls $0.02
dvc1972: raises $0.06 to $0.08
Dorex2007: folds 
Tanya14081993: folds 
mr_expert1: folds 
Danskiiii: folds 
Kahlemann: calls $0.08
ChepoyOskar: folds 
GHOSTMK: folds 
marc633: calls $0.06
*** FLOP *** [Ts Jd Kd]
marc633: checks 
dvc1972: bets $0.14
Kahlemann: calls $0.14
marc633: folds 
*** TURN *** [Ts Jd Kd] [Th]
dvc1972: bets $0.18
Kahlemann: raises $0.18 to $0.36
dvc1972: calls $0.18
*** RIVER *** [Ts Jd Kd Th] [7d]
dvc1972: checks 
Kahlemann: bets $1.74 and is all-in
dvc1972: calls $1.42 and is all-in
Uncalled bet ($0.32) returned to Kahlemann
*** SHOW DOWN ***
Kahlemann: shows [Ah Td] (three of a kind, Tens)
dvc1972: shows [Ac Kh] (two pair, Kings and Tens)
Kahlemann collected $3.97 from pot
*** SUMMARY ***
Total pot $4.11 | Rake $0.14 
Board [Ts Jd Kd Th 7d]
Seat 1: Kahlemann (button) showed [Ah Td] and won ($3.97) with three of a kind, Tens
Seat 2: ChepoyOskar (small blind) folded before Flop
Seat 3: GHOSTMK (big blind) folded before Flop
Seat 4: marc633 folded on the Flop
Seat 5: dvc1972 showed [Ac Kh] and lost with two pair, Kings and Tens
Seat 6: Dorex2007 folded before Flop (didn't bet)
Seat 7: Tanya14081993 folded before Flop (didn't bet)
Seat 8: mr_expert1 folded before Flop (didn't bet)
Seat 9: Danskiiii folded before Flop (didn't bet)



PokerStars Hand #224289062941:  Hold'em No Limit ($0.01/$0.02 USD) - 2021/02/27 14:27:57 PT [2021/02/27 17:27:57 ET]
Table 'Tauris' 9-max Seat #2 is the button
Seat 1: Kahlemann ($4.29 in chips) 
Seat 2: ChepoyOskar ($0.41 in chips) 
Seat 3: GHOSTMK ($1.66 in chips) 
Seat 4: marc633 ($0.54 in chips) 
Seat 5: dvc1972 ($2 in chips) 
Seat 6: Dorex2007 ($1.94 in chips) 
Seat 7: Tanya14081993 ($0.80 in chips) 
Seat 8: mr_expert1 ($3.83 in chips) 
Seat 9: Danskiiii ($1.12 in chips) 
GHOSTMK: posts small blind $0.01
marc633: posts big blind $0.02
*** HOLE CARDS ***
Dealt to Dorex2007 [Ah 3s]
dvc1972: calls $0.02
Dorex2007: folds 
Tanya14081993: calls $0.02
mr_expert1: raises $0.04 to $0.06
Danskiiii: calls $0.06
Kahlemann: calls $0.06
ChepoyOskar: folds 
GHOSTMK: calls $0.05
marc633: calls $0.04
dvc1972: calls $0.04
Tanya14081993: calls $0.04
*** FLOP *** [6s 7s Qc]
GHOSTMK: checks 
marc633: checks 
dvc1972: checks 
Tanya14081993: bets $0.02
mr_expert1: folds 
Danskiiii: raises $0.23 to $0.25
Kahlemann: folds 
GHOSTMK: folds 
marc633: folds 
dvc1972: folds 
Tanya14081993: raises $0.49 to $0.74 and is all-in
Danskiiii: calls $0.49
*** TURN *** [6s 7s Qc] [5s]
*** RIVER *** [6s 7s Qc 5s] [2s]
*** SHOW DOWN ***
Tanya14081993: shows [Jc Kd] (high card King)
Danskiiii: shows [9s 8s] (a straight flush, Five to Nine)
Danskiiii collected $1.83 from pot
*** SUMMARY ***
Total pot $1.90 | Rake $0.07 
Board [6s 7s Qc 5s 2s]
Seat 1: Kahlemann folded on the Flop
Seat 2: ChepoyOskar (button) folded before Flop (didn't bet)
Seat 3: GHOSTMK (small blind) folded on the Flop
Seat 4: marc633 (big blind) folded on the Flop
Seat 5: dvc1972 folded on the Flop
Seat 6: Dorex2007 folded before Flop (didn't bet)
Seat 7: Tanya14081993 showed [Jc Kd] and lost with high card King
Seat 8: mr_expert1 folded on the Flop
Seat 9: Danskiiii showed [9s 8s] and won ($1.83) with a straight flush, Five to Nine



PokerStars Hand #224289131805:  Hold'em No Limit ($0.01/$0.02 USD) - 2021/02/27 14:29:30 PT [2021/02/27 17:29:30 ET]
Table 'Tauris' 9-max Seat #3 is the button
Seat 1: Kahlemann ($4.23 in chips) 
Seat 2: ChepoyOskar ($0.41 in chips) 
Seat 3: GHOSTMK ($1.60 in chips) 
Seat 4: marc633 ($0.48 in chips) 
Seat 5: dvc1972 ($2 in chips) 
Seat 6: Dorex2007 ($1.94 in chips) 
Seat 8: mr_expert1 ($3.77 in chips) 
Seat 9: Danskiiii ($2.15 in chips) 
marc633: posts small blind $0.01
dvc1972: posts big blind $0.02
*** HOLE CARDS ***
Dealt to Dorex2007 [6h 3s]
Dorex2007: folds 
mr_expert1: folds 
Danskiiii: folds 
Kahlemann: folds 
ChepoyOskar: calls $0.02
Tanya14081993 leaves the table
GHOSTMK: calls $0.02
marc633: folds 
Danskiiii said, "straight flushhh"
dvc1972: checks 
*** FLOP *** [7s 5d Qs]
dvc1972: checks 
ChepoyOskar: checks 
GHOSTMK: bets $0.04
dvc1972: folds 
Gd-cribeiro joins the table at seat #7 
ChepoyOskar: calls $0.04
*** TURN *** [7s 5d Qs] [7d]
ChepoyOskar: checks 
GHOSTMK: checks 
*** RIVER *** [7s 5d Qs 7d] [Ad]
ChepoyOskar: bets $0.13
GHOSTMK: folds 
Uncalled bet ($0.13) returned to ChepoyOskar
ChepoyOskar collected $0.14 from pot
ChepoyOskar: doesn't show hand 
*** SUMMARY ***
Total pot $0.15 | Rake $0.01 
Board [7s 5d Qs 7d Ad]
Seat 1: Kahlemann folded before Flop (didn't bet)
Seat 2: ChepoyOskar collected ($0.14)
Seat 3: GHOSTMK (button) folded on the River
Seat 4: marc633 (small blind) folded before Flop
Seat 5: dvc1972 (big blind) folded on the Flop
Seat 6: Dorex2007 folded before Flop (didn't bet)
Seat 8: mr_expert1 folded before Flop (didn't bet)
Seat 9: Danskiiii folded before Flop (didn't bet)



PokerStars Hand #224289182483:  Hold'em No Limit ($0.01/$0.02 USD) - 2021/02/27 14:30:41 PT [2021/02/27 17:30:41 ET]
Table 'Tauris' 9-max Seat #4 is the button
Seat 1: Kahlemann ($4.23 in chips) 
Seat 2: ChepoyOskar ($0.49 in chips) 
Seat 3: GHOSTMK ($1.54 in chips) 
Seat 4: marc633 ($0.47 in chips) 
Seat 5: dvc1972 ($2 in chips) 
Seat 6: Dorex2007 ($1.94 in chips) 
Seat 8: mr_expert1 ($3.77 in chips) 
Seat 9: Danskiiii ($2.15 in chips) 
dvc1972: posts small blind $0.01
Dorex2007: posts big blind $0.02
Gd-cribeiro: sits out 
*** HOLE CARDS ***
Dealt to Dorex2007 [Js 4c]
mr_expert1: folds 
Danskiiii: raises $0.04 to $0.06
Kahlemann: calls $0.06
ChepoyOskar: folds 
GHOSTMK: folds 
marc633: folds 
dvc1972: calls $0.05
Dorex2007: folds 
*** FLOP *** [7c 6c Qd]
dvc1972: checks 
Danskiiii: bets $0.19
Kahlemann: calls $0.19
dvc1972: calls $0.19
*** TURN *** [7c 6c Qd] [8s]
dvc1972: checks 
Danskiiii: checks 
Kahlemann: bets $0.40
dvc1972: calls $0.40
Danskiiii: folds 
*** RIVER *** [7c 6c Qd 8s] [Kd]
dvc1972: bets $0.79
Kahlemann: calls $0.79
*** SHOW DOWN ***
dvc1972: shows [8c Tc] (a pair of Eights)
Kahlemann: shows [Ks Qs] (two pair, Kings and Queens)
Kahlemann collected $3.04 from pot
*** SUMMARY ***
Total pot $3.15 | Rake $0.11 
Board [7c 6c Qd 8s Kd]
Seat 1: Kahlemann showed [Ks Qs] and won ($3.04) with two pair, Kings and Queens
Seat 2: ChepoyOskar folded before Flop (didn't bet)
Seat 3: GHOSTMK folded before Flop (didn't bet)
Seat 4: marc633 (button) folded before Flop (didn't bet)
Seat 5: dvc1972 (small blind) showed [8c Tc] and lost with a pair of Eights
Seat 6: Dorex2007 (big blind) folded before Flop
Seat 8: mr_expert1 folded before Flop (didn't bet)
Seat 9: Danskiiii folded on the Turn



PokerStars Hand #224289218850:  Hold'em No Limit ($0.01/$0.02 USD) - 2021/02/27 14:31:33 PT [2021/02/27 17:31:33 ET]
Table 'Tauris' 9-max Seat #5 is the button
Seat 1: Kahlemann ($5.83 in chips) 
Seat 2: ChepoyOskar ($0.49 in chips) 
Seat 3: GHOSTMK ($1.54 in chips) 
Seat 4: marc633 ($0.47 in chips) 
Seat 5: dvc1972 ($2 in chips) 
Seat 6: Dorex2007 ($1.92 in chips) 
Seat 7: Gd-cribeiro ($2 in chips) 
Seat 8: mr_expert1 ($3.77 in chips) 
Seat 9: Danskiiii ($1.90 in chips) 
Dorex2007: posts small blind $0.01
Gd-cribeiro: posts big blind $0.02
*** HOLE CARDS ***
Dealt to Dorex2007 [Ac 4s]
mr_expert1: calls $0.02
Danskiiii: folds 
Kahlemann: folds 
ChepoyOskar: calls $0.02
GHOSTMK: folds 
Kahlemann leaves the table
marc633: folds 
dvc1972: folds 
kenaaah joins the table at seat #1 
Dorex2007: folds 
Gd-cribeiro: checks 
*** FLOP *** [8d Th 5c]
kenaaah leaves the table
allofyx joins the table at seat #1 
Gd-cribeiro: checks 
mr_expert1: checks 
ChepoyOskar: checks 
*** TURN *** [8d Th 5c] [7h]
Gd-cribeiro: checks 
mr_expert1: checks 
ChepoyOskar: checks 
*** RIVER *** [8d Th 5c 7h] [Ks]
Gd-cribeiro: checks 
mr_expert1: checks 
Danskiiii leaves the table
ChepoyOskar: bets $0.47 and is all-in
Gd-cribeiro: folds 
mr_expert1: folds 
Uncalled bet ($0.47) returned to ChepoyOskar
ChepoyOskar collected $0.07 from pot
ChepoyOskar: doesn't show hand 
*** SUMMARY ***
Total pot $0.07 | Rake $0 
Board [8d Th 5c 7h Ks]
Seat 1: Kahlemann folded before Flop (didn't bet)
Seat 2: ChepoyOskar collected ($0.07)
Seat 3: GHOSTMK folded before Flop (didn't bet)
Seat 4: marc633 folded before Flop (didn't bet)
Seat 5: dvc1972 (button) folded before Flop (didn't bet)
Seat 6: Dorex2007 (small blind) folded before Flop
Seat 7: Gd-cribeiro (big blind) folded on the River
Seat 8: mr_expert1 folded on the River
Seat 9: Danskiiii folded before Flop (didn't bet)



PokerStars Hand #224289298121:  Hold'em No Limit ($0.01/$0.02 USD) - 2021/02/27 14:33:27 PT [2021/02/27 17:33:27 ET]
Table 'Tauris' 9-max Seat #6 is the button
Seat 1: allofyx ($2 in chips) 
Seat 2: ChepoyOskar ($0.54 in chips) 
Seat 3: GHOSTMK ($1.54 in chips) 
Seat 4: marc633 ($0.47 in chips) 
Seat 5: dvc1972 ($2 in chips) 
Seat 6: Dorex2007 ($1.91 in chips) 
Seat 7: Gd-cribeiro ($2 in chips) 
Seat 8: mr_expert1 ($3.75 in chips) 
Gd-cribeiro: posts small blind $0.01
mr_expert1: posts big blind $0.02
allofyx: posts big blind $0.02
*** HOLE CARDS ***
Dealt to Dorex2007 [5d 6c]
allofyx: checks 
ChepoyOskar: calls $0.02
GHOSTMK: folds 
marc633: folds 
dvc1972: calls $0.02
Dorex2007: folds 
Gd-cribeiro: folds 
mr_expert1: checks 
*** FLOP *** [Ts 7s 8c]
mr_expert1: checks 
allofyx: checks 
ChepoyOskar: checks 
dvc1972: checks 
*** TURN *** [Ts 7s 8c] [Kc]
mr_expert1: checks 
allofyx: checks 
ChepoyOskar: bets $0.08
dvc1972: folds 
mr_expert1: folds 
allofyx: folds 
Uncalled bet ($0.08) returned to ChepoyOskar
ChepoyOskar collected $0.09 from pot
ChepoyOskar: doesn't show hand 
*** SUMMARY ***
Total pot $0.09 | Rake $0 
Board [Ts 7s 8c Kc]
Seat 1: allofyx folded on the Turn (didn't bet)
Seat 2: ChepoyOskar collected ($0.09)
Seat 3: GHOSTMK folded before Flop (didn't bet)
Seat 4: marc633 folded before Flop (didn't bet)
Seat 5: dvc1972 folded on the Turn
Seat 6: Dorex2007 (button) folded before Flop (didn't bet)
Seat 7: Gd-cribeiro (small blind) folded before Flop
Seat 8: mr_expert1 (big blind) folded on the Turn



PokerStars Hand #224289343170:  Hold'em No Limit ($0.01/$0.02 USD) - 2021/02/27 14:34:32 PT [2021/02/27 17:34:32 ET]
Table 'Tauris' 9-max Seat #7 is the button
Seat 1: allofyx ($1.98 in chips) 
Seat 2: ChepoyOskar ($0.61 in chips) 
Seat 3: GHOSTMK ($1.54 in chips) 
Seat 4: marc633 ($0.47 in chips) 
Seat 5: dvc1972 ($2 in chips) 
Seat 6: Dorex2007 ($1.91 in chips) 
Seat 7: Gd-cribeiro ($2 in chips) 
Seat 8: mr_expert1 ($3.73 in chips) 
mr_expert1: posts small blind $0.01
allofyx: posts big blind $0.02
*** HOLE CARDS ***
Dealt to Dorex2007 [3d 3h]
ChepoyOskar: folds 
GHOSTMK: folds 
marc633: folds 
dvc1972: folds 
Dorex2007: calls $0.02
Gd-cribeiro: raises $0.06 to $0.08
mr_expert1: folds 
allofyx: folds 
Dorex2007: calls $0.06
*** FLOP *** [9h 7d 6d]
Dorex2007: checks 
Dikkiedank joins the table at seat #9 
Gd-cribeiro: bets $0.12
Dorex2007: raises $0.12 to $0.24
Gd-cribeiro: folds 
Uncalled bet ($0.12) returned to Dorex2007
Dorex2007 collected $0.41 from pot
Dorex2007: doesn't show hand 
*** SUMMARY ***
Total pot $0.43 | Rake $0.02 
Board [9h 7d 6d]
Seat 1: allofyx (big blind) folded before Flop
Seat 2: ChepoyOskar folded before Flop (didn't bet)
Seat 3: GHOSTMK folded before Flop (didn't bet)
Seat 4: marc633 folded before Flop (didn't bet)
Seat 5: dvc1972 folded before Flop (didn't bet)
Seat 6: Dorex2007 collected ($0.41)
Seat 7: Gd-cribeiro (button) folded on the Flop
Seat 8: mr_expert1 (small blind) folded before Flop



PokerStars Hand #224289382309:  Hold'em No Limit ($0.01/$0.02 USD) - 2021/02/27 14:35:28 PT [2021/02/27 17:35:28 ET]
Table 'Tauris' 9-max Seat #8 is the button
Seat 1: allofyx ($1.96 in chips) 
Seat 2: ChepoyOskar ($0.61 in chips) 
Seat 3: GHOSTMK ($1.54 in chips) 
Seat 4: marc633 ($0.47 in chips) 
Seat 5: dvc1972 ($2 in chips) 
Seat 6: Dorex2007 ($2.12 in chips) 
Seat 7: Gd-cribeiro ($2 in chips) 
Seat 8: mr_expert1 ($3.72 in chips) 
allofyx: posts small blind $0.01
ChepoyOskar: posts big blind $0.02
*** HOLE CARDS ***
Dealt to Dorex2007 [9h Ks]
GHOSTMK: raises $0.02 to $0.04
marc633: folds 
dvc1972: raises $0.08 to $0.12
Dorex2007: folds 
Gd-cribeiro: folds 
mr_expert1: folds 
allofyx: folds 
ChepoyOskar is disconnected 
ChepoyOskar is connected 
ChepoyOskar: folds 
GHOSTMK: calls $0.08
*** FLOP *** [Qc Qh 8s]
GHOSTMK: checks 
dvc1972: checks 
*** TURN *** [Qc Qh 8s] [Jh]
GHOSTMK: bets $0.13
dvc1972: calls $0.13
*** RIVER *** [Qc Qh 8s Jh] [2d]
GHOSTMK: bets $0.17
dvc1972: folds 
Uncalled bet ($0.17) returned to GHOSTMK
GHOSTMK collected $0.51 from pot
GHOSTMK: doesn't show hand 
*** SUMMARY ***
Total pot $0.53 | Rake $0.02 
Board [Qc Qh 8s Jh 2d]
Seat 1: allofyx (small blind) folded before Flop
Seat 2: ChepoyOskar (big blind) folded before Flop
Seat 3: GHOSTMK collected ($0.51)
Seat 4: marc633 folded before Flop (didn't bet)
Seat 5: dvc1972 folded on the River
Seat 6: Dorex2007 folded before Flop (didn't bet)
Seat 7: Gd-cribeiro folded before Flop (didn't bet)
Seat 8: mr_expert1 (button) folded before Flop (didn't bet)



PokerStars Hand #224289438532:  Hold'em No Limit ($0.01/$0.02 USD) - 2021/02/27 14:36:48 PT [2021/02/27 17:36:48 ET]
Table 'Tauris' 9-max Seat #1 is the button
Seat 1: allofyx ($1.95 in chips) 
Seat 2: ChepoyOskar ($0.59 in chips) 
Seat 3: GHOSTMK ($1.80 in chips) 
Seat 4: marc633 ($0.47 in chips) 
Seat 5: dvc1972 ($2 in chips) 
Seat 6: Dorex2007 ($2.12 in chips) 
Seat 7: Gd-cribeiro ($2 in chips) 
Seat 8: mr_expert1 ($3.72 in chips) 
Seat 9: Dikkiedank ($2 in chips) 
ChepoyOskar: posts small blind $0.01
GHOSTMK: posts big blind $0.02
Dikkiedank: posts big blind $0.02
*** HOLE CARDS ***
Dealt to Dorex2007 [3d 9d]
marc633 has timed out
marc633: folds 
dvc1972: calls $0.02
Dorex2007: folds 
Gd-cribeiro: folds 
mr_expert1: folds 
Dikkiedank: checks 
allofyx: raises $0.02 to $0.04
ChepoyOskar: calls $0.03
GHOSTMK: calls $0.02
dvc1972: calls $0.02
Dikkiedank: calls $0.02
*** FLOP *** [2c 7d Jh]
ChepoyOskar: checks 
GHOSTMK: checks 
dvc1972: bets $0.06
Dikkiedank: folds 
allofyx: calls $0.06
ChepoyOskar: calls $0.06
GHOSTMK: folds 
*** TURN *** [2c 7d Jh] [3h]
ChepoyOskar: checks 
dvc1972: bets $0.19
allofyx: folds 
ChepoyOskar: calls $0.19
*** RIVER *** [2c 7d Jh 3h] [9h]
ChepoyOskar: checks 
dvc1972: checks 
*** SHOW DOWN ***
ChepoyOskar: shows [Js 4d] (a pair of Jacks)
dvc1972: shows [Jd Qd] (a pair of Jacks - Queen kicker)
dvc1972 collected $0.73 from pot
*** SUMMARY ***
Total pot $0.76 | Rake $0.03 
Board [2c 7d Jh 3h 9h]
Seat 1: allofyx (button) folded on the Turn
Seat 2: ChepoyOskar (small blind) showed [Js 4d] and lost with a pair of Jacks
Seat 3: GHOSTMK (big blind) folded on the Flop
Seat 4: marc633 folded before Flop (didn't bet)
Seat 5: dvc1972 showed [Jd Qd] and won ($0.73) with a pair of Jacks
Seat 6: Dorex2007 folded before Flop (didn't bet)
Seat 7: Gd-cribeiro folded before Flop (didn't bet)
Seat 8: mr_expert1 folded before Flop (didn't bet)
Seat 9: Dikkiedank folded on the Flop



PokerStars Hand #224289519176:  Hold'em No Limit ($0.01/$0.02 USD) - 2021/02/27 14:38:32 PT [2021/02/27 17:38:32 ET]
Table 'Tauris' 9-max Seat #2 is the button
Seat 1: allofyx ($1.85 in chips) 
Seat 2: ChepoyOskar ($0.30 in chips) 
Seat 3: GHOSTMK ($1.76 in chips) 
Seat 4: marc633 ($0.47 in chips) 
Seat 5: dvc1972 ($2.44 in chips) 
Seat 6: Dorex2007 ($2.12 in chips) 
Seat 7: Gd-cribeiro ($2 in chips) 
Seat 8: mr_expert1 ($3.72 in chips) 
Seat 9: Dikkiedank ($2 in chips) 
GHOSTMK: posts small blind $0.01
marc633: posts big blind $0.02
*** HOLE CARDS ***
Dealt to Dorex2007 [6d 2c]
dvc1972: folds 
Dorex2007: folds 
Gd-cribeiro: folds 
mr_expert1: folds 
Dikkiedank: raises $0.04 to $0.06
allofyx: calls $0.06
ChepoyOskar: folds 
GHOSTMK: calls $0.05
marc633: folds 
*** FLOP *** [Js Kh Qd]
GHOSTMK: checks 
Dikkiedank: bets $0.08
allofyx: calls $0.08
GHOSTMK: folds 
*** TURN *** [Js Kh Qd] [As]
Dikkiedank: checks 
allofyx: bets $0.23
Dikkiedank: folds 
Uncalled bet ($0.23) returned to allofyx
allofyx collected $0.35 from pot
allofyx: doesn't show hand 
*** SUMMARY ***
Total pot $0.36 | Rake $0.01 
Board [Js Kh Qd As]
Seat 1: allofyx collected ($0.35)
Seat 2: ChepoyOskar (button) folded before Flop (didn't bet)
Seat 3: GHOSTMK (small blind) folded on the Flop
Seat 4: marc633 (big blind) folded before Flop
Seat 5: dvc1972 folded before Flop (didn't bet)
Seat 6: Dorex2007 folded before Flop (didn't bet)
Seat 7: Gd-cribeiro folded before Flop (didn't bet)
Seat 8: mr_expert1 folded before Flop (didn't bet)
Seat 9: Dikkiedank folded on the Turn



PokerStars Hand #224289569134:  Hold'em No Limit ($0.01/$0.02 USD) - 2021/02/27 14:39:41 PT [2021/02/27 17:39:41 ET]
Table 'Tauris' 9-max Seat #3 is the button
Seat 1: allofyx ($2.06 in chips) 
Seat 2: ChepoyOskar ($0.30 in chips) 
Seat 3: GHOSTMK ($1.70 in chips) 
Seat 4: marc633 ($0.45 in chips) 
Seat 5: dvc1972 ($2.44 in chips) 
Seat 6: Dorex2007 ($2.12 in chips) 
Seat 7: Gd-cribeiro ($2 in chips) 
Seat 8: mr_expert1 ($3.72 in chips) 
Seat 9: Dikkiedank ($2 in chips) 
marc633: posts small blind $0.01
dvc1972: posts big blind $0.02
*** HOLE CARDS ***
Dealt to Dorex2007 [Qh 3c]
Dorex2007: folds 
Gd-cribeiro: folds 
mr_expert1: folds 
Dikkiedank: folds 
Dikkiedank leaves the table
allofyx: calls $0.02
ChepoyOskar: folds 
GHOSTMK: folds 
marc633: folds 
dvc1972: checks 
*** FLOP *** [Kh 7c 5s]
Ded_Pichto70 joins the table at seat #9 
dvc1972: checks 
allofyx: bets $0.03
dvc1972: folds 
Uncalled bet ($0.03) returned to allofyx
allofyx collected $0.05 from pot
allofyx: doesn't show hand 
*** SUMMARY ***
Total pot $0.05 | Rake $0 
Board [Kh 7c 5s]
Seat 1: allofyx collected ($0.05)
Seat 2: ChepoyOskar folded before Flop (didn't bet)
Seat 3: GHOSTMK (button) folded before Flop (didn't bet)
Seat 4: marc633 (small blind) folded before Flop
Seat 5: dvc1972 (big blind) folded on the Flop
Seat 6: Dorex2007 folded before Flop (didn't bet)
Seat 7: Gd-cribeiro folded before Flop (didn't bet)
Seat 8: mr_expert1 folded before Flop (didn't bet)
Seat 9: Dikkiedank folded before Flop (didn't bet)



PokerStars Hand #224289604361:  Hold'em No Limit ($0.01/$0.02 USD) - 2021/02/27 14:40:33 PT [2021/02/27 17:40:33 ET]
Table 'Tauris' 9-max Seat #4 is the button
Seat 1: allofyx ($2.09 in chips) 
Seat 2: ChepoyOskar ($0.30 in chips) 
Seat 3: GHOSTMK ($1.70 in chips) 
Seat 4: marc633 ($0.44 in chips) 
Seat 5: dvc1972 ($2.42 in chips) 
Seat 6: Dorex2007 ($2.12 in chips) 
Seat 7: Gd-cribeiro ($2 in chips) 
Seat 8: mr_expert1 ($3.72 in chips) 
Seat 9: Ded_Pichto70 ($0.80 in chips) 
dvc1972: posts small blind $0.01
Dorex2007: posts big blind $0.02
Ded_Pichto70: posts big blind $0.02
*** HOLE CARDS ***
Dealt to Dorex2007 [3h 9d]
Gd-cribeiro: folds 
mr_expert1: calls $0.02
Ded_Pichto70: checks 
allofyx: folds 
ChepoyOskar: folds 
GHOSTMK: calls $0.02
marc633: folds 
dvc1972: folds 
Dorex2007: checks 
*** FLOP *** [5s Kh Qh]
Dorex2007: checks 
mr_expert1: checks 
Gd-cribeiro leaves the table
Ded_Pichto70: checks 
GHOSTMK: bets $0.06
Dorex2007: folds 
mr_expert1: folds 
Ded_Pichto70: calls $0.06
*** TURN *** [5s Kh Qh] [7d]
Ded_Pichto70: bets $0.72 and is all-in
GHOSTMK: calls $0.72
*** RIVER *** [5s Kh Qh 7d] [6h]
*** SHOW DOWN ***
Ded_Pichto70: shows [Ts 6c] (a pair of Sixes)
GHOSTMK: shows [Kc Qs] (two pair, Kings and Queens)
GHOSTMK collected $1.59 from pot
*** SUMMARY ***
Total pot $1.65 | Rake $0.06 
Board [5s Kh Qh 7d 6h]
Seat 1: allofyx folded before Flop (didn't bet)
Seat 2: ChepoyOskar folded before Flop (didn't bet)
Seat 3: GHOSTMK showed [Kc Qs] and won ($1.59) with two pair, Kings and Queens
Seat 4: marc633 (button) folded before Flop (didn't bet)
Seat 5: dvc1972 (small blind) folded before Flop
Seat 6: Dorex2007 (big blind) folded on the Flop
Seat 7: Gd-cribeiro folded before Flop (didn't bet)
Seat 8: mr_expert1 folded on the Flop
Seat 9: Ded_Pichto70 showed [Ts 6c] and lost with a pair of Sixes



PokerStars Hand #224289686291:  Hold'em No Limit ($0.01/$0.02 USD) - 2021/02/27 14:42:35 PT [2021/02/27 17:42:35 ET]
Table 'Tauris' 9-max Seat #5 is the button
Seat 1: allofyx ($2.09 in chips) 
Seat 2: ChepoyOskar ($0.30 in chips) 
Seat 3: GHOSTMK ($2.49 in chips) 
Seat 4: marc633 ($0.44 in chips) 
Seat 5: dvc1972 ($2.41 in chips) 
Seat 6: Dorex2007 ($2.10 in chips) 
Seat 8: mr_expert1 ($3.70 in chips) 
Seat 9: Ded_Pichto70 ($0.80 in chips) 
Dorex2007: posts small blind $0.01
mr_expert1: posts big blind $0.02
*** HOLE CARDS ***
Dealt to Dorex2007 [Js Ac]
ChepoyOskar said, "lol"
Ded_Pichto70: raises $0.02 to $0.04
allofyx: folds 
ChepoyOskar: folds 
GHOSTMK: folds 
marc633: folds 
dvc1972: folds 
Dorex2007: calls $0.03
mr_expert1: folds 
*** FLOP *** [Kh 8c 7h]
Dorex2007: checks 
Ded_Pichto70: bets $0.10
Dorex2007: folds 
Uncalled bet ($0.10) returned to Ded_Pichto70
Ded_Pichto70 collected $0.10 from pot
Ded_Pichto70: doesn't show hand 
*** SUMMARY ***
Total pot $0.10 | Rake $0 
Board [Kh 8c 7h]
Seat 1: allofyx folded before Flop (didn't bet)
Seat 2: ChepoyOskar folded before Flop (didn't bet)
Seat 3: GHOSTMK folded before Flop (didn't bet)
Seat 4: marc633 folded before Flop (didn't bet)
Seat 5: dvc1972 (button) folded before Flop (didn't bet)
Seat 6: Dorex2007 (small blind) folded on the Flop
Seat 8: mr_expert1 (big blind) folded before Flop
Seat 9: Ded_Pichto70 collected ($0.10)



PokerStars Hand #224289712291:  Hold'em No Limit ($0.01/$0.02 USD) - 2021/02/27 14:43:14 PT [2021/02/27 17:43:14 ET]
Table 'Tauris' 9-max Seat #6 is the button
Seat 1: allofyx ($2.09 in chips) 
Seat 2: ChepoyOskar ($0.30 in chips) 
Seat 3: GHOSTMK ($2.49 in chips) 
Seat 4: marc633 ($0.44 in chips) 
Seat 5: dvc1972 ($2.41 in chips) 
Seat 6: Dorex2007 ($2.06 in chips) 
Seat 8: mr_expert1 ($3.68 in chips) 
Seat 9: Ded_Pichto70 ($0.86 in chips) 
mr_expert1: posts small blind $0.01
Ded_Pichto70: posts big blind $0.02
*** HOLE CARDS ***
Dealt to Dorex2007 [7h 3h]
allofyx: calls $0.02
ChepoyOskar: folds 
GHOSTMK: folds 
marc633: folds 
dvc1972: folds 
Dorex2007: folds 
mr_expert1: folds 
Ded_Pichto70: raises $0.05 to $0.07
allofyx: folds 
Uncalled bet ($0.05) returned to Ded_Pichto70
Ded_Pichto70 collected $0.05 from pot
Ded_Pichto70: doesn't show hand 
*** SUMMARY ***
Total pot $0.05 | Rake $0 
Seat 1: allofyx folded before Flop
Seat 2: ChepoyOskar folded before Flop (didn't bet)
Seat 3: GHOSTMK folded before Flop (didn't bet)
Seat 4: marc633 folded before Flop (didn't bet)
Seat 5: dvc1972 folded before Flop (didn't bet)
Seat 6: Dorex2007 (button) folded before Flop (didn't bet)
Seat 8: mr_expert1 (small blind) folded before Flop
Seat 9: Ded_Pichto70 (big blind) collected ($0.05)



PokerStars Hand #224289727041:  Hold'em No Limit ($0.01/$0.02 USD) - 2021/02/27 14:43:35 PT [2021/02/27 17:43:35 ET]
Table 'Tauris' 9-max Seat #8 is the button
Seat 1: allofyx ($2.07 in chips) 
Seat 2: ChepoyOskar ($0.30 in chips) 
Seat 3: GHOSTMK ($2.49 in chips) 
Seat 4: marc633 ($0.44 in chips) 
Seat 5: dvc1972 ($2.41 in chips) 
Seat 6: Dorex2007 ($2.06 in chips) 
Seat 8: mr_expert1 ($3.67 in chips) 
Seat 9: Ded_Pichto70 ($0.89 in chips) 
Ded_Pichto70: posts small blind $0.01
allofyx: posts big blind $0.02
*** HOLE CARDS ***
Dealt to Dorex2007 [6s 7s]
ChepoyOskar: folds 
GHOSTMK: folds 
Tigertailz77 joins the table at seat #7 
marc633: folds 
dvc1972: calls $0.02
Dorex2007: folds 
mr_expert1: folds 
Ded_Pichto70: raises $0.06 to $0.08
allofyx: folds 
dvc1972: calls $0.06
*** FLOP *** [4c 8d Ad]
Ded_Pichto70: bets $0.81 and is all-in
dvc1972: folds 
Uncalled bet ($0.81) returned to Ded_Pichto70
Ded_Pichto70 collected $0.17 from pot
Ded_Pichto70: doesn't show hand 
*** SUMMARY ***
Total pot $0.18 | Rake $0.01 
Board [4c 8d Ad]
Seat 1: allofyx (big blind) folded before Flop
Seat 2: ChepoyOskar folded before Flop (didn't bet)
Seat 3: GHOSTMK folded before Flop (didn't bet)
Seat 4: marc633 folded before Flop (didn't bet)
Seat 5: dvc1972 folded on the Flop
Seat 6: Dorex2007 folded before Flop (didn't bet)
Seat 8: mr_expert1 (button) folded before Flop (didn't bet)
Seat 9: Ded_Pichto70 (small blind) collected ($0.17)



PokerStars Hand #224289754327:  Hold'em No Limit ($0.01/$0.02 USD) - 2021/02/27 14:44:16 PT [2021/02/27 17:44:16 ET]
Table 'Tauris' 9-max Seat #9 is the button
Seat 1: allofyx ($2.05 in chips) 
Seat 2: ChepoyOskar ($0.30 in chips) 
Seat 3: GHOSTMK ($2.49 in chips) 
Seat 4: marc633 ($0.44 in chips) 
Seat 5: dvc1972 ($2.33 in chips) 
Seat 6: Dorex2007 ($2.06 in chips) 
Seat 7: Tigertailz77 ($2 in chips) 
Seat 8: mr_expert1 ($3.67 in chips) 
Seat 9: Ded_Pichto70 ($0.98 in chips) 
allofyx: posts small blind $0.01
ChepoyOskar: posts big blind $0.02
Tigertailz77: posts big blind $0.02
*** HOLE CARDS ***
Dealt to Dorex2007 [5s 8s]
GHOSTMK: folds 
marc633: folds 
dvc1972: folds 
Dorex2007 has timed out
Dorex2007: folds 
Tigertailz77: checks 
mr_expert1: folds 
Ded_Pichto70: raises $0.07 to $0.09
allofyx: folds 
ChepoyOskar: folds 
Tigertailz77: folds 
Uncalled bet ($0.07) returned to Ded_Pichto70
Ded_Pichto70 collected $0.07 from pot
Ded_Pichto70: doesn't show hand 
*** SUMMARY ***
Total pot $0.07 | Rake $0 
Seat 1: allofyx (small blind) folded before Flop
Seat 2: ChepoyOskar (big blind) folded before Flop
Seat 3: GHOSTMK folded before Flop (didn't bet)
Seat 4: marc633 folded before Flop (didn't bet)
Seat 5: dvc1972 folded before Flop (didn't bet)
Seat 6: Dorex2007 folded before Flop (didn't bet)
Seat 7: Tigertailz77 folded before Flop (didn't bet)
Seat 8: mr_expert1 folded before Flop (didn't bet)
Seat 9: Ded_Pichto70 (button) collected ($0.07)



PokerStars Hand #224289839968:  Hold'em No Limit ($0.01/$0.02 USD) - 2021/02/27 14:46:12 PT [2021/02/27 17:46:12 ET]
Table 'Tauris' 9-max Seat #3 is the button
Seat 1: allofyx ($2.04 in chips) 
Seat 2: ChepoyOskar ($0.20 in chips) 
Seat 3: GHOSTMK ($2.18 in chips) 
Seat 5: dvc1972 ($2.31 in chips) 
Seat 6: Dorex2007 ($2.06 in chips) 
Seat 7: Tigertailz77 ($1.93 in chips) 
Seat 8: mr_expert1 ($3.67 in chips) 
Seat 9: Ded_Pichto70 ($1.47 in chips) 
dvc1972: posts small blind $0.01
Dorex2007: posts big blind $0.02
*** HOLE CARDS ***
Dealt to Dorex2007 [5c Jd]
Tigertailz77: raises $0.03 to $0.05
mr_expert1: folds 
Ded_Pichto70: calls $0.05
allofyx: calls $0.05
ChepoyOskar: raises $0.15 to $0.20 and is all-in
GHOSTMK: folds 
dvc1972: folds 
Dorex2007: folds 
Tigertailz77: calls $0.15
Ded_Pichto70: calls $0.15
allofyx: folds 
*** FLOP *** [2h 3d 7d]
Tigertailz77: checks 
Ded_Pichto70: bets $1.27 and is all-in
Tigertailz77: folds 
Uncalled bet ($1.27) returned to Ded_Pichto70
*** TURN *** [2h 3d 7d] [Tc]
*** RIVER *** [2h 3d 7d Tc] [4h]
*** SHOW DOWN ***
Ded_Pichto70: shows [6h 4d] (a pair of Fours)
ChepoyOskar: shows [Ah Js] (high card Ace)
Ded_Pichto70 collected $0.66 from pot
*** SUMMARY ***
Total pot $0.68 | Rake $0.02 
Board [2h 3d 7d Tc 4h]
Seat 1: allofyx folded before Flop
Seat 2: ChepoyOskar showed [Ah Js] and lost with high card Ace
Seat 3: GHOSTMK (button) folded before Flop (didn't bet)
Seat 5: dvc1972 (small blind) folded before Flop
Seat 6: Dorex2007 (big blind) folded before Flop
Seat 7: Tigertailz77 folded on the Flop
Seat 8: mr_expert1 folded before Flop (didn't bet)
Seat 9: Ded_Pichto70 showed [6h 4d] and won ($0.66) with a pair of Fours



PokerStars Hand #224289887781:  Hold'em No Limit ($0.01/$0.02 USD) - 2021/02/27 14:47:13 PT [2021/02/27 17:47:13 ET]
Table 'Tauris' 9-max Seat #5 is the button
Seat 1: allofyx ($1.99 in chips) 
Seat 3: GHOSTMK ($2.18 in chips) 
Seat 4: marc633 ($0.44 in chips) 
Seat 5: dvc1972 ($2.30 in chips) 
Seat 6: Dorex2007 ($2.04 in chips) 
Seat 7: Tigertailz77 ($1.73 in chips) 
Seat 8: mr_expert1 ($3.67 in chips) 
Seat 9: Ded_Pichto70 ($1.93 in chips) 
Dorex2007: posts small blind $0.01
Tigertailz77: posts big blind $0.02
marc633: posts small & big blinds $0.03
*** HOLE CARDS ***
Dealt to Dorex2007 [As 6d]
mr_expert1: folds 
Ded_Pichto70: raises $0.08 to $0.10
allofyx: folds 
GHOSTMK: folds 
marc633: folds 
dvc1972: folds 
Dorex2007: folds 
Tigertailz77: folds 
Uncalled bet ($0.08) returned to Ded_Pichto70
Ded_Pichto70 collected $0.08 from pot
Ded_Pichto70: doesn't show hand 
*** SUMMARY ***
Total pot $0.08 | Rake $0 
Seat 1: allofyx folded before Flop (didn't bet)
Seat 3: GHOSTMK folded before Flop (didn't bet)
Seat 4: marc633 folded before Flop (didn't bet)
Seat 5: dvc1972 (button) folded before Flop (didn't bet)
Seat 6: Dorex2007 (small blind) folded before Flop
Seat 7: Tigertailz77 (big blind) folded before Flop
Seat 8: mr_expert1 folded before Flop (didn't bet)
Seat 9: Ded_Pichto70 collected ($0.08)



PokerStars Hand #224290064032:  Hold'em No Limit ($0.01/$0.02 USD) - 2021/02/27 14:51:39 PT [2021/02/27 17:51:39 ET]
Table 'Tauris' 9-max Seat #3 is the button
Seat 1: allofyx ($4.68 in chips) 
Seat 3: GHOSTMK ($2.06 in chips) 
Seat 4: marc633 ($0.39 in chips) 
Seat 5: dvc1972 ($2.30 in chips) 
Seat 6: Dorex2007 ($2.03 in chips) 
Seat 7: Tigertailz77 ($1.87 in chips) 
Seat 8: mr_expert1 ($3.60 in chips) 
Seat 9: Ded_Pichto70 ($1.66 in chips) 
marc633: posts small blind $0.01
dvc1972: posts big blind $0.02
*** HOLE CARDS ***
Dealt to Dorex2007 [3c As]
Dorex2007: folds 
Tigertailz77: folds 
mr_expert1: folds 
Ded_Pichto70: calls $0.02
allofyx: folds 
GHOSTMK: raises $0.07 to $0.09
marc633: folds 
dvc1972: folds 
Ded_Pichto70: folds 
Uncalled bet ($0.07) returned to GHOSTMK
GHOSTMK collected $0.07 from pot
GHOSTMK: doesn't show hand 
*** SUMMARY ***
Total pot $0.07 | Rake $0 
Seat 1: allofyx folded before Flop (didn't bet)
Seat 3: GHOSTMK (button) collected ($0.07)
Seat 4: marc633 (small blind) folded before Flop
Seat 5: dvc1972 (big blind) folded before Flop
Seat 6: Dorex2007 folded before Flop (didn't bet)
Seat 7: Tigertailz77 folded before Flop (didn't bet)
Seat 8: mr_expert1 folded before Flop (didn't bet)
Seat 9: Ded_Pichto70 folded before Flop



PokerStars Hand #224290096134:  Hold'em No Limit ($0.01/$0.02 USD) - 2021/02/27 14:52:28 PT [2021/02/27 17:52:28 ET]
Table 'Tauris' 9-max Seat #4 is the button
Seat 1: allofyx ($4.68 in chips) 
Seat 3: GHOSTMK ($2.11 in chips) 
Seat 4: marc633 ($0.38 in chips) 
Seat 5: dvc1972 ($2.28 in chips) 
Seat 6: Dorex2007 ($2.03 in chips) 
Seat 7: Tigertailz77 ($1.87 in chips) 
Seat 8: mr_expert1 ($3.60 in chips) 
Seat 9: Ded_Pichto70 ($1.64 in chips) 
dvc1972: posts small blind $0.01
Dorex2007: posts big blind $0.02
Abnerzs: sits out 
*** HOLE CARDS ***
Dealt to Dorex2007 [9c 4s]
Tigertailz77: folds 
mr_expert1: raises $0.04 to $0.06
Ded_Pichto70: folds 
allofyx: folds 
Abnerzs leaves the table
GHOSTMK: folds 
marc633: folds 
dvc1972: folds 
Dorex2007: folds 
Uncalled bet ($0.04) returned to mr_expert1
mr_expert1 collected $0.05 from pot
*** SUMMARY ***
Total pot $0.05 | Rake $0 
Seat 1: allofyx folded before Flop (didn't bet)
Seat 3: GHOSTMK folded before Flop (didn't bet)
Seat 4: marc633 (button) folded before Flop (didn't bet)
Seat 5: dvc1972 (small blind) folded before Flop
Seat 6: Dorex2007 (big blind) folded before Flop
Seat 7: Tigertailz77 folded before Flop (didn't bet)
Seat 8: mr_expert1 collected ($0.05)
Seat 9: Ded_Pichto70 folded before Flop (didn't bet)



PokerStars Hand #224290115327:  Hold'em No Limit ($0.01/$0.02 USD) - 2021/02/27 14:52:57 PT [2021/02/27 17:52:57 ET]
Table 'Tauris' 9-max Seat #5 is the button
Seat 1: allofyx ($4.68 in chips) 
Seat 3: GHOSTMK ($2.11 in chips) 
Seat 4: marc633 ($0.38 in chips) 
Seat 5: dvc1972 ($2.27 in chips) 
Seat 6: Dorex2007 ($2.01 in chips) 
Seat 7: Tigertailz77 ($1.87 in chips) 
Seat 8: mr_expert1 ($3.63 in chips) 
Seat 9: Ded_Pichto70 ($1.64 in chips) 
Dorex2007: posts small blind $0.01
Tigertailz77: posts big blind $0.02
*** HOLE CARDS ***
Dealt to Dorex2007 [8s Qs]
mr_expert1: folds 
Ded_Pichto70 has timed out
Ded_Pichto70: folds 
allofyx: folds 
GHOSTMK: folds 
marc633: folds 
dvc1972: folds 
Dorex2007: raises $0.04 to $0.06
Tigertailz77: calls $0.04
*** FLOP *** [Js 7d 7s]
nefastibu! joins the table at seat #2 
Dorex2007: bets $0.12
Tigertailz77: folds 
Uncalled bet ($0.12) returned to Dorex2007
Dorex2007 collected $0.12 from pot
Dorex2007: doesn't show hand 
*** SUMMARY ***
Total pot $0.12 | Rake $0 
Board [Js 7d 7s]
Seat 1: allofyx folded before Flop (didn't bet)
Seat 3: GHOSTMK folded before Flop (didn't bet)
Seat 4: marc633 folded before Flop (didn't bet)
Seat 5: dvc1972 (button) folded before Flop (didn't bet)
Seat 6: Dorex2007 (small blind) collected ($0.12)
Seat 7: Tigertailz77 (big blind) folded on the Flop
Seat 8: mr_expert1 folded before Flop (didn't bet)
Seat 9: Ded_Pichto70 folded before Flop (didn't bet)



PokerStars Hand #224290139335:  Hold'em No Limit ($0.01/$0.02 USD) - 2021/02/27 14:53:34 PT [2021/02/27 17:53:34 ET]
Table 'Tauris' 9-max Seat #6 is the button
Seat 1: allofyx ($4.68 in chips) 
Seat 3: GHOSTMK ($2.11 in chips) 
Seat 4: marc633 ($0.38 in chips) 
Seat 5: dvc1972 ($2.27 in chips) 
Seat 6: Dorex2007 ($2.07 in chips) 
Seat 7: Tigertailz77 ($1.81 in chips) 
Seat 8: mr_expert1 ($3.63 in chips) 
Seat 9: Ded_Pichto70 ($1.64 in chips) 
Tigertailz77: posts small blind $0.01
mr_expert1: posts big blind $0.02
nefastibu!: sits out 
*** HOLE CARDS ***
Dealt to Dorex2007 [Qs Jh]
Ded_Pichto70 has timed out
Ded_Pichto70: folds 
allofyx: calls $0.02
GHOSTMK: raises $0.04 to $0.06
marc633: folds 
dvc1972: folds 
Dorex2007: folds 
Tigertailz77: folds 
mr_expert1: calls $0.04
allofyx: folds 
*** FLOP *** [6d 8c 2d]
mr_expert1: checks 
GHOSTMK: bets $0.11
mr_expert1: folds 
Uncalled bet ($0.11) returned to GHOSTMK
GHOSTMK collected $0.14 from pot
GHOSTMK: doesn't show hand 
*** SUMMARY ***
Total pot $0.15 | Rake $0.01 
Board [6d 8c 2d]
Seat 1: allofyx folded before Flop
Seat 3: GHOSTMK collected ($0.14)
Seat 4: marc633 folded before Flop (didn't bet)
Seat 5: dvc1972 folded before Flop (didn't bet)
Seat 6: Dorex2007 (button) folded before Flop (didn't bet)
Seat 7: Tigertailz77 (small blind) folded before Flop
Seat 8: mr_expert1 (big blind) folded on the Flop
Seat 9: Ded_Pichto70 folded before Flop (didn't bet)



PokerStars Hand #224290176122:  Hold'em No Limit ($0.01/$0.02 USD) - 2021/02/27 14:54:31 PT [2021/02/27 17:54:31 ET]
Table 'Tauris' 9-max Seat #7 is the button
Seat 1: allofyx ($4.66 in chips) 
Seat 3: GHOSTMK ($2.19 in chips) 
Seat 4: marc633 ($0.38 in chips) 
Seat 5: dvc1972 ($2.27 in chips) 
Seat 6: Dorex2007 ($2.07 in chips) 
Seat 7: Tigertailz77 ($1.80 in chips) 
Seat 8: mr_expert1 ($3.57 in chips) 
mr_expert1: posts small blind $0.01
allofyx: posts big blind $0.02
nefastibu!: sits out 
*** HOLE CARDS ***
Dealt to Dorex2007 [3c 7d]
GHOSTMK: raises $0.04 to $0.06
marc633: folds 
dvc1972: folds 
Dorex2007: folds 
Tigertailz77: calls $0.06
mr_expert1: folds 
allofyx: folds 
*** FLOP *** [Td 8h 4d]
GHOSTMK: bets $0.07
Tigertailz77: calls $0.07
*** TURN *** [Td 8h 4d] [As]
GHOSTMK: bets $0.14
Tigertailz77: calls $0.14
*** RIVER *** [Td 8h 4d As] [9h]
GHOSTMK: checks 
Tigertailz77: bets $0.40
GHOSTMK: calls $0.40
*** SHOW DOWN ***
Tigertailz77: shows [Jd 8d] (a pair of Eights)
GHOSTMK: shows [8s Ad] (two pair, Aces and Eights)
GHOSTMK collected $1.32 from pot
*** SUMMARY ***
Total pot $1.37 | Rake $0.05 
Board [Td 8h 4d As 9h]
Seat 1: allofyx (big blind) folded before Flop
Seat 3: GHOSTMK showed [8s Ad] and won ($1.32) with two pair, Aces and Eights
Seat 4: marc633 folded before Flop (didn't bet)
Seat 5: dvc1972 folded before Flop (didn't bet)
Seat 6: Dorex2007 folded before Flop (didn't bet)
Seat 7: Tigertailz77 (button) showed [Jd 8d] and lost with a pair of Eights
Seat 8: mr_expert1 (small blind) folded before Flop



PokerStars Hand #224290214391:  Hold'em No Limit ($0.01/$0.02 USD) - 2021/02/27 14:55:36 PT [2021/02/27 17:55:36 ET]
Table 'Tauris' 9-max Seat #8 is the button
Seat 1: allofyx ($4.64 in chips) 
Seat 2: nefastibu! ($2 in chips) 
Seat 3: GHOSTMK ($2.84 in chips) 
Seat 4: marc633 ($0.38 in chips) 
Seat 5: dvc1972 ($2.27 in chips) 
Seat 6: Dorex2007 ($2.07 in chips) 
Seat 7: Tigertailz77 ($2 in chips) 
Seat 8: mr_expert1 ($3.56 in chips) 
allofyx: posts small blind $0.01
nefastibu!: posts big blind $0.02
*** HOLE CARDS ***
Dealt to Dorex2007 [Jc Jh]
GHOSTMK: folds 
marc633: folds 
dvc1972: folds 
Dorex2007: raises $0.02 to $0.04
Tigertailz77: folds 
mr_expert1: calls $0.04
allofyx: folds 
nefastibu!: raises $0.02 to $0.06
Dorex2007: folds 
mr_expert1: calls $0.02
*** FLOP *** [7s 9c Ac]
nefastibu!: bets $0.04
mr_expert1: folds 
Uncalled bet ($0.04) returned to nefastibu!
nefastibu! collected $0.16 from pot
nefastibu!: doesn't show hand 
*** SUMMARY ***
Total pot $0.17 | Rake $0.01 
Board [7s 9c Ac]
Seat 1: allofyx (small blind) folded before Flop
Seat 2: nefastibu! (big blind) collected ($0.16)
Seat 3: GHOSTMK folded before Flop (didn't bet)
Seat 4: marc633 folded before Flop (didn't bet)
Seat 5: dvc1972 folded before Flop (didn't bet)
Seat 6: Dorex2007 folded before Flop
Seat 7: Tigertailz77 folded before Flop (didn't bet)
Seat 8: mr_expert1 (button) folded on the Flop



PokerStars Hand #224290244430:  Hold'em No Limit ($0.01/$0.02 USD) - 2021/02/27 14:56:38 PT [2021/02/27 17:56:38 ET]
Table 'Tauris' 9-max Seat #1 is the button
Seat 1: allofyx ($4.63 in chips) 
Seat 2: nefastibu! ($2.10 in chips) 
Seat 3: GHOSTMK ($2.84 in chips) 
Seat 4: marc633 ($0.38 in chips) 
Seat 5: dvc1972 ($2.27 in chips) 
Seat 6: Dorex2007 ($2.03 in chips) 
Seat 7: Tigertailz77 ($2 in chips) 
Seat 8: mr_expert1 ($3.50 in chips) 
nefastibu!: posts small blind $0.01
GHOSTMK: posts big blind $0.02
Ded_Pichto70: sits out 
*** HOLE CARDS ***
Dealt to Dorex2007 [Kc 3d]
marc633: folds 
dvc1972: folds 
Dorex2007: folds 
Tigertailz77: folds 
mr_expert1: folds 
allofyx: folds 
nefastibu!: raises $0.04 to $0.06
GHOSTMK: calls $0.04
*** FLOP *** [Qh Th 3h]
nefastibu!: bets $0.02
GHOSTMK: raises $0.08 to $0.10
nefastibu!: calls $0.08
*** TURN *** [Qh Th 3h] [2h]
nefastibu!: checks 
GHOSTMK: checks 
*** RIVER *** [Qh Th 3h 2h] [Ad]
nefastibu!: bets $0.02
GHOSTMK: raises $0.12 to $0.14
nefastibu!: calls $0.12
*** SHOW DOWN ***
GHOSTMK: shows [6h 9h] (a flush, Queen high)
nefastibu!: mucks hand 
GHOSTMK collected $0.58 from pot
*** SUMMARY ***
Total pot $0.60 | Rake $0.02 
Board [Qh Th 3h 2h Ad]
Seat 1: allofyx (button) folded before Flop (didn't bet)
Seat 2: nefastibu! (small blind) mucked [Ks Qc]
Seat 3: GHOSTMK (big blind) showed [6h 9h] and won ($0.58) with a flush, Queen high
Seat 4: marc633 folded before Flop (didn't bet)
Seat 5: dvc1972 folded before Flop (didn't bet)
Seat 6: Dorex2007 folded before Flop (didn't bet)
Seat 7: Tigertailz77 folded before Flop (didn't bet)
Seat 8: mr_expert1 folded before Flop (didn't bet)



PokerStars Hand #224290271133:  Hold'em No Limit ($0.01/$0.02 USD) - 2021/02/27 14:57:34 PT [2021/02/27 17:57:34 ET]
Table 'Tauris' 9-max Seat #2 is the button
Seat 1: allofyx ($4.63 in chips) 
Seat 2: nefastibu! ($1.80 in chips) 
Seat 3: GHOSTMK ($3.12 in chips) 
Seat 4: marc633 ($0.38 in chips) 
Seat 5: dvc1972 ($2.27 in chips) 
Seat 6: Dorex2007 ($2.03 in chips) 
Seat 7: Tigertailz77 ($2 in chips) 
Seat 8: mr_expert1 ($3.50 in chips) 
GHOSTMK: posts small blind $0.01
marc633: posts big blind $0.02
Ded_Pichto70: sits out 
*** HOLE CARDS ***
Dealt to Dorex2007 [Qs Th]
dvc1972: folds 
Dorex2007: raises $0.04 to $0.06
Tigertailz77: calls $0.06
mr_expert1: folds 
allofyx: calls $0.06
nefastibu!: folds 
GHOSTMK: folds 
marc633: folds 
*** FLOP *** [6d Jh 4c]
Dorex2007: checks 
Tigertailz77: bets $0.06
allofyx: folds 
Dorex2007: calls $0.06
*** TURN *** [6d Jh 4c] [Ts]
Dorex2007: checks 
Tigertailz77: bets $0.22
Dorex2007: folds 
Uncalled bet ($0.22) returned to Tigertailz77
Tigertailz77 collected $0.32 from pot
Tigertailz77: doesn't show hand 
*** SUMMARY ***
Total pot $0.33 | Rake $0.01 
Board [6d Jh 4c Ts]
Seat 1: allofyx folded on the Flop
Seat 2: nefastibu! (button) folded before Flop (didn't bet)
Seat 3: GHOSTMK (small blind) folded before Flop
Seat 4: marc633 (big blind) folded before Flop
Seat 5: dvc1972 folded before Flop (didn't bet)
Seat 6: Dorex2007 folded on the Turn
Seat 7: Tigertailz77 collected ($0.32)
Seat 8: mr_expert1 folded before Flop (didn't bet)



PokerStars Hand #224290297172:  Hold'em No Limit ($0.01/$0.02 USD) - 2021/02/27 14:58:28 PT [2021/02/27 17:58:28 ET]
Table 'Tauris' 9-max Seat #3 is the button
Seat 1: allofyx ($4.57 in chips) 
Seat 2: nefastibu! ($1.80 in chips) 
Seat 3: GHOSTMK ($3.11 in chips) 
Seat 4: marc633 ($0.36 in chips) 
Seat 5: dvc1972 ($2.27 in chips) 
Seat 6: Dorex2007 ($1.91 in chips) 
Seat 7: Tigertailz77 ($2.20 in chips) 
Seat 8: mr_expert1 ($3.50 in chips) 
marc633: posts small blind $0.01
dvc1972: posts big blind $0.02
Ded_Pichto70: sits out 
*** HOLE CARDS ***
Dealt to Dorex2007 [Td Kh]
Dorex2007: folds 
Tigertailz77: raises $0.03 to $0.05
mr_expert1: calls $0.05
allofyx: folds 
nefastibu!: raises $0.03 to $0.08
GHOSTMK: folds 
marc633: folds 
dvc1972: folds 
Tigertailz77: calls $0.03
mr_expert1: calls $0.03
*** FLOP *** [9c Qh Ts]
Tigertailz77: checks 
mr_expert1: checks 
nefastibu!: checks 
*** TURN *** [9c Qh Ts] [7h]
Tigertailz77: bets $0.06
mr_expert1: calls $0.06
nefastibu!: folds 
*** RIVER *** [9c Qh Ts 7h] [Kc]
Tigertailz77: checks 
mr_expert1: bets $0.24
Tigertailz77: folds 
Uncalled bet ($0.24) returned to mr_expert1
mr_expert1 collected $0.38 from pot
*** SUMMARY ***
Total pot $0.39 | Rake $0.01 
Board [9c Qh Ts 7h Kc]
Seat 1: allofyx folded before Flop (didn't bet)
Seat 2: nefastibu! folded on the Turn
Seat 3: GHOSTMK (button) folded before Flop (didn't bet)
Seat 4: marc633 (small blind) folded before Flop
Seat 5: dvc1972 (big blind) folded before Flop
Seat 6: Dorex2007 folded before Flop (didn't bet)
Seat 7: Tigertailz77 folded on the River
Seat 8: mr_expert1 collected ($0.38)



PokerStars Hand #224290324231:  Hold'em No Limit ($0.01/$0.02 USD) - 2021/02/27 14:59:26 PT [2021/02/27 17:59:26 ET]
Table 'Tauris' 9-max Seat #4 is the button
Seat 1: allofyx ($4.57 in chips) 
Seat 2: nefastibu! ($1.72 in chips) 
Seat 3: GHOSTMK ($3.11 in chips) 
Seat 4: marc633 ($0.35 in chips) 
Seat 5: dvc1972 ($2.25 in chips) 
Seat 6: Dorex2007 ($1.91 in chips) 
Seat 7: Tigertailz77 ($2.06 in chips) 
Seat 8: mr_expert1 ($3.74 in chips) 
dvc1972: posts small blind $0.01
Dorex2007: posts big blind $0.02
Ded_Pichto70: sits out 
*** HOLE CARDS ***
Dealt to Dorex2007 [9s 6s]
Tigertailz77: folds 
mr_expert1: folds 
allofyx: folds 
nefastibu!: raises $0.02 to $0.04
GHOSTMK: folds 
marc633: folds 
dvc1972: calls $0.03
Dorex2007: calls $0.02
*** FLOP *** [8c Jh 2c]
dvc1972: checks 
Dorex2007: checks 
nefastibu!: bets $0.02
GHOSTMK leaves the table
dvc1972: calls $0.02
Dorex2007: folds 
*** TURN *** [8c Jh 2c] [Jc]
dvc1972: checks 
nefastibu!: checks 
*** RIVER *** [8c Jh 2c Jc] [5d]
dvc1972: checks 
nefastibu!: bets $0.08
dvc1972: folds 
Uncalled bet ($0.08) returned to nefastibu!
nefastibu! collected $0.15 from pot
nefastibu!: doesn't show hand 
*** SUMMARY ***
Total pot $0.16 | Rake $0.01 
Board [8c Jh 2c Jc 5d]
Seat 1: allofyx folded before Flop (didn't bet)
Seat 2: nefastibu! collected ($0.15)
Seat 3: GHOSTMK folded before Flop (didn't bet)
Seat 4: marc633 (button) folded before Flop (didn't bet)
Seat 5: dvc1972 (small blind) folded on the River
Seat 6: Dorex2007 (big blind) folded on the Flop
Seat 7: Tigertailz77 folded before Flop (didn't bet)
Seat 8: mr_expert1 folded before Flop (didn't bet)



PokerStars Hand #224290346838:  Hold'em No Limit ($0.01/$0.02 USD) - 2021/02/27 15:00:13 PT [2021/02/27 18:00:13 ET]
Table 'Tauris' 9-max Seat #5 is the button
Seat 1: allofyx ($4.57 in chips) 
Seat 2: nefastibu! ($1.81 in chips) 
Seat 4: marc633 ($0.35 in chips) 
Seat 5: dvc1972 ($2.19 in chips) 
Seat 6: Dorex2007 ($1.87 in chips) 
Seat 7: Tigertailz77 ($2.06 in chips) 
Seat 8: mr_expert1 ($3.74 in chips) 
Dorex2007: posts small blind $0.01
Tigertailz77: posts big blind $0.02
Ded_Pichto70: sits out 
*** HOLE CARDS ***
Dealt to Dorex2007 [6c 7d]
mr_expert1: folds 
allofyx: folds 
nefastibu!: folds 
marc633: folds 
dvc1972: folds 
Dorex2007: calls $0.01
Tigertailz77: checks 
*** FLOP *** [Ad Qh 2s]
Dorex2007: checks 
Tigertailz77: checks 
*** TURN *** [Ad Qh 2s] [5s]
Dorex2007: checks 
Tigertailz77: checks 
*** RIVER *** [Ad Qh 2s 5s] [5h]
Dorex2007: bets $0.03
Tigertailz77: folds 
Uncalled bet ($0.03) returned to Dorex2007
Dorex2007 collected $0.04 from pot
Dorex2007: doesn't show hand 
*** SUMMARY ***
Total pot $0.04 | Rake $0 
Board [Ad Qh 2s 5s 5h]
Seat 1: allofyx folded before Flop (didn't bet)
Seat 2: nefastibu! folded before Flop (didn't bet)
Seat 4: marc633 folded before Flop (didn't bet)
Seat 5: dvc1972 (button) folded before Flop (didn't bet)
Seat 6: Dorex2007 (small blind) collected ($0.04)
Seat 7: Tigertailz77 (big blind) folded on the River
Seat 8: mr_expert1 folded before Flop (didn't bet)



PokerStars Hand #224290366571:  Hold'em No Limit ($0.01/$0.02 USD) - 2021/02/27 15:00:50 PT [2021/02/27 18:00:50 ET]
Table 'Tauris' 9-max Seat #6 is the button
Seat 1: allofyx ($4.57 in chips) 
Seat 2: nefastibu! ($1.81 in chips) 
Seat 4: marc633 ($0.35 in chips) 
Seat 5: dvc1972 ($2.19 in chips) 
Seat 6: Dorex2007 ($1.89 in chips) 
Seat 7: Tigertailz77 ($2.04 in chips) 
Seat 8: mr_expert1 ($3.74 in chips) 
Tigertailz77: posts small blind $0.01
mr_expert1: posts big blind $0.02
Ded_Pichto70: sits out 
*** HOLE CARDS ***
Dealt to Dorex2007 [Kh Jh]
allofyx: folds 
nefastibu!: folds 
marc633: folds 
dvc1972: raises $0.04 to $0.06
Dorex2007: raises $0.10 to $0.16
Tigertailz77: calls $0.15
mr_expert1: folds 
dvc1972: calls $0.10
*** FLOP *** [2s 8c Ks]
Tigertailz77: checks 
dvc1972: checks 
Dorex2007: bets $0.48
Tigertailz77: folds 
dvc1972: folds 
Uncalled bet ($0.48) returned to Dorex2007
Dorex2007 collected $0.48 from pot
Dorex2007: doesn't show hand 
*** SUMMARY ***
Total pot $0.50 | Rake $0.02 
Board [2s 8c Ks]
Seat 1: allofyx folded before Flop (didn't bet)
Seat 2: nefastibu! folded before Flop (didn't bet)
Seat 4: marc633 folded before Flop (didn't bet)
Seat 5: dvc1972 folded on the Flop
Seat 6: Dorex2007 (button) collected ($0.48)
Seat 7: Tigertailz77 (small blind) folded on the Flop
Seat 8: mr_expert1 (big blind) folded before Flop



PokerStars Hand #224290396713:  Hold'em No Limit ($0.01/$0.02 USD) - 2021/02/27 15:01:42 PT [2021/02/27 18:01:42 ET]
Table 'Tauris' 9-max Seat #7 is the button
Seat 1: allofyx ($4.57 in chips) 
Seat 2: nefastibu! ($1.81 in chips) 
Seat 4: marc633 ($0.35 in chips) 
Seat 5: dvc1972 ($2.03 in chips) 
Seat 6: Dorex2007 ($2.21 in chips) 
Seat 7: Tigertailz77 ($1.88 in chips) 
Seat 8: mr_expert1 ($3.72 in chips) 
Seat 9: Ded_Pichto70 ($1.64 in chips) 
mr_expert1: posts small blind $0.01
Ded_Pichto70: posts big blind $0.02
*** HOLE CARDS ***
Dealt to Dorex2007 [Qh Jh]
allofyx: folds 
nefastibu!: folds 
marc633: folds 
dvc1972: folds 
Dorex2007 has timed out
Dorex2007: folds 
rcsb14 joins the table at seat #3 
Tigertailz77: raises $0.03 to $0.05
mr_expert1: folds 
Ded_Pichto70: calls $0.03
*** FLOP *** [2h 7d 6d]
Ded_Pichto70: bets $0.11
Tigertailz77: calls $0.11
*** TURN *** [2h 7d 6d] [2c]
Ded_Pichto70: bets $0.32
Tigertailz77: calls $0.32
*** RIVER *** [2h 7d 6d 2c] [5c]
Ded_Pichto70: bets $0.94
Tigertailz77: raises $0.46 to $1.40 and is all-in
Ded_Pichto70: calls $0.22 and is all-in
Uncalled bet ($0.24) returned to Tigertailz77
*** SHOW DOWN ***
Tigertailz77: shows [Tc Td] (two pair, Tens and Deuces)
Ded_Pichto70: shows [9c 7c] (two pair, Sevens and Deuces)
Tigertailz77 collected $3.17 from pot
*** SUMMARY ***
Total pot $3.29 | Rake $0.12 
Board [2h 7d 6d 2c 5c]
Seat 1: allofyx folded before Flop (didn't bet)
Seat 2: nefastibu! folded before Flop (didn't bet)
Seat 4: marc633 folded before Flop (didn't bet)
Seat 5: dvc1972 folded before Flop (didn't bet)
Seat 6: Dorex2007 folded before Flop (didn't bet)
Seat 7: Tigertailz77 (button) showed [Tc Td] and won ($3.17) with two pair, Tens and Deuces
Seat 8: mr_expert1 (small blind) folded before Flop
Seat 9: Ded_Pichto70 (big blind) showed [9c 7c] and lost with two pair, Sevens and Deuces



