PokerStars Hand #237653369544:  Hold'em No Limit ($0.02/$0.05 USD) - 2022/07/28 21:00:59 PT [2022/07/29 0:00:59 ET]
Table 'Mauritia II' 9-max Seat #9 is the button
Seat 1: onlyfoolsguy ($4.32 in chips) 
Seat 2: JuanDiego7 ($8.04 in chips) 
Seat 3: Alves6776 ($0.45 in chips) 
Seat 4: abbi555 ($5 in chips) 
Seat 5: Luigiams ($6.19 in chips) 
Seat 6: enixblr ($13.51 in chips) 
Seat 7: cubicroot ($6.12 in chips) 
Seat 9: Dorex2007 ($6.31 in chips) 
onlyfoolsguy: posts small blind $0.02
JuanDiego7: posts big blind $0.05
aktiverPuncher: sits out 
*** HOLE CARDS ***
Dealt to Dorex2007 [Jc 2d]
Alves6776: folds 
abbi555: folds 
Luigiams: folds 
enixblr: folds 
cubicroot: folds 
Dorex2007: folds 
onlyfoolsguy: folds 
Uncalled bet ($0.03) returned to JuanDiego7
JuanDiego7 collected $0.04 from pot
JuanDiego7: doesn't show hand 
*** SUMMARY ***
Total pot $0.04 | Rake $0 
Seat 1: onlyfoolsguy (small blind) folded before Flop
Seat 2: JuanDiego7 (big blind) collected ($0.04)
Seat 3: Alves6776 folded before Flop (didn't bet)
Seat 4: abbi555 folded before Flop (didn't bet)
Seat 5: Luigiams folded before Flop (didn't bet)
Seat 6: enixblr folded before Flop (didn't bet)
Seat 7: cubicroot folded before Flop (didn't bet)
Seat 9: Dorex2007 (button) folded before Flop (didn't bet)



PokerStars Hand #237653372964:  Hold'em No Limit ($0.02/$0.05 USD) - 2022/07/28 21:01:25 PT [2022/07/29 0:01:25 ET]
Table 'Mauritia II' 9-max Seat #1 is the button
Seat 1: onlyfoolsguy ($4.30 in chips) 
Seat 2: JuanDiego7 ($8.06 in chips) 
Seat 3: Alves6776 ($0.45 in chips) 
Seat 4: abbi555 ($5 in chips) 
Seat 5: Luigiams ($6.19 in chips) 
Seat 6: enixblr ($13.51 in chips) 
Seat 7: cubicroot ($6.12 in chips) 
Seat 9: Dorex2007 ($6.31 in chips) 
JuanDiego7: posts small blind $0.02
Alves6776: posts big blind $0.05
aktiverPuncher: sits out 
*** HOLE CARDS ***
Dealt to Dorex2007 [6s 2s]
abbi555: folds 
Luigiams: folds 
enixblr: folds 
cubicroot: folds 
Dorex2007: folds 
onlyfoolsguy: folds 
JuanDiego7: raises $0.10 to $0.15
Alves6776: raises $0.30 to $0.45 and is all-in
aktiverPuncher leaves the table
JuanDiego7: calls $0.30
*** FLOP *** [8h 9c 8c]
*** TURN *** [8h 9c 8c] [8d]
*** RIVER *** [8h 9c 8c 8d] [Jh]
aktiverPuncher joins the table at seat #8 
*** SHOW DOWN ***
JuanDiego7: shows [5d 5h] (a full house, Eights full of Fives)
Alves6776: shows [Td As] (three of a kind, Eights)
JuanDiego7 collected $0.86 from pot
Alves6776 cashed out the hand for $0.40
*** SUMMARY ***
Total pot $0.90 | Rake $0.04 
Board [8h 9c 8c 8d Jh]
Seat 1: onlyfoolsguy (button) folded before Flop (didn't bet)
Seat 2: JuanDiego7 (small blind) showed [5d 5h] and won ($0.86) with a full house, Eights full of Fives
Seat 3: Alves6776 (big blind) showed [Td As] and lost with three of a kind, Eights (cashed out).
Seat 4: abbi555 folded before Flop (didn't bet)
Seat 5: Luigiams folded before Flop (didn't bet)
Seat 6: enixblr folded before Flop (didn't bet)
Seat 7: cubicroot folded before Flop (didn't bet)
Seat 9: Dorex2007 folded before Flop (didn't bet)



PokerStars Hand #237653378660:  Hold'em No Limit ($0.02/$0.05 USD) - 2022/07/28 21:02:10 PT [2022/07/29 0:02:10 ET]
Table 'Mauritia II' 9-max Seat #2 is the button
Seat 1: onlyfoolsguy ($4.30 in chips) 
Seat 2: JuanDiego7 ($8.47 in chips) 
Seat 3: Alves6776 ($0.40 in chips) 
Seat 5: Luigiams ($6.19 in chips) 
Seat 6: enixblr ($13.51 in chips) 
Seat 7: cubicroot ($6.12 in chips) 
Seat 9: Dorex2007 ($6.31 in chips) 
Alves6776: posts small blind $0.02
abbi555: is sitting out 
Luigiams: posts big blind $0.05
aktiverPuncher: sits out 
*** HOLE CARDS ***
Dealt to Dorex2007 [5c 7d]
abbi555 leaves the table
enixblr: folds 
cubicroot: folds 
Dorex2007: folds 
onlyfoolsguy: raises $0.10 to $0.15
JuanDiego7: folds 
Alves6776: folds 
Luigiams: calls $0.10
*** FLOP *** [Qd 5s 4d]
Luigiams: checks 
onlyfoolsguy: bets $0.11
Luigiams: folds 
Uncalled bet ($0.11) returned to onlyfoolsguy
onlyfoolsguy collected $0.31 from pot
onlyfoolsguy: doesn't show hand 
*** SUMMARY ***
Total pot $0.32 | Rake $0.01 
Board [Qd 5s 4d]
Seat 1: onlyfoolsguy collected ($0.31)
Seat 2: JuanDiego7 (button) folded before Flop (didn't bet)
Seat 3: Alves6776 (small blind) folded before Flop
Seat 5: Luigiams (big blind) folded on the Flop
Seat 6: enixblr folded before Flop (didn't bet)
Seat 7: cubicroot folded before Flop (didn't bet)
Seat 9: Dorex2007 folded before Flop (didn't bet)



PokerStars Hand #237653383511:  Hold'em No Limit ($0.02/$0.05 USD) - 2022/07/28 21:02:47 PT [2022/07/29 0:02:47 ET]
Table 'Mauritia II' 9-max Seat #3 is the button
Seat 1: onlyfoolsguy ($4.46 in chips) 
Seat 2: JuanDiego7 ($8.47 in chips) 
Seat 3: Alves6776 ($0.38 in chips) 
Seat 5: Luigiams ($6.04 in chips) 
Seat 6: enixblr ($13.51 in chips) 
Seat 7: cubicroot ($6.12 in chips) 
Seat 9: Dorex2007 ($6.31 in chips) 
Luigiams: posts small blind $0.02
enixblr: posts big blind $0.05
aktiverPuncher: sits out 
*** HOLE CARDS ***
Dealt to Dorex2007 [9d Ah]
cubicroot: folds 
Dorex2007: folds 
onlyfoolsguy: folds 
AdamB8z joins the table at seat #4 
JuanDiego7: folds 
Alves6776: raises $0.33 to $0.38 and is all-in
Luigiams: folds 
enixblr: folds 
Uncalled bet ($0.33) returned to Alves6776
Alves6776 collected $0.12 from pot
*** SUMMARY ***
Total pot $0.12 | Rake $0 
Seat 1: onlyfoolsguy folded before Flop (didn't bet)
Seat 2: JuanDiego7 folded before Flop (didn't bet)
Seat 3: Alves6776 (button) collected ($0.12)
Seat 5: Luigiams (small blind) folded before Flop
Seat 6: enixblr (big blind) folded before Flop
Seat 7: cubicroot folded before Flop (didn't bet)
Seat 9: Dorex2007 folded before Flop (didn't bet)



PokerStars Hand #237653387113:  Hold'em No Limit ($0.02/$0.05 USD) - 2022/07/28 21:03:15 PT [2022/07/29 0:03:15 ET]
Table 'Mauritia II' 9-max Seat #5 is the button
Seat 1: onlyfoolsguy ($4.46 in chips) 
Seat 2: JuanDiego7 ($8.47 in chips) 
Seat 3: Alves6776 ($0.45 in chips) 
Seat 5: Luigiams ($6.02 in chips) 
Seat 6: enixblr ($13.46 in chips) 
Seat 7: cubicroot ($6.12 in chips) 
Seat 9: Dorex2007 ($6.31 in chips) 
enixblr: posts small blind $0.02
cubicroot: posts big blind $0.05
aktiverPuncher: sits out 
AdamB8z: sits out 
*** HOLE CARDS ***
Dealt to Dorex2007 [Qs 2c]
Dorex2007: folds 
onlyfoolsguy: folds 
JuanDiego7: folds 
Alves6776: raises $0.40 to $0.45 and is all-in
Luigiams: calls $0.45
enixblr: folds 
cubicroot: folds 
*** FLOP *** [Jd 9h Tc]
*** TURN *** [Jd 9h Tc] [Jh]
*** RIVER *** [Jd 9h Tc Jh] [3h]
*** SHOW DOWN ***
Alves6776: shows [Ah Qc] (a pair of Jacks)
Luigiams: shows [Ks Kd] (two pair, Kings and Jacks)
Luigiams collected $0.93 from pot
*** SUMMARY ***
Total pot $0.97 | Rake $0.04 
Board [Jd 9h Tc Jh 3h]
Seat 1: onlyfoolsguy folded before Flop (didn't bet)
Seat 2: JuanDiego7 folded before Flop (didn't bet)
Seat 3: Alves6776 showed [Ah Qc] and lost with a pair of Jacks
Seat 5: Luigiams (button) showed [Ks Kd] and won ($0.93) with two pair, Kings and Jacks
Seat 6: enixblr (small blind) folded before Flop
Seat 7: cubicroot (big blind) folded before Flop
Seat 9: Dorex2007 folded before Flop (didn't bet)



PokerStars Hand #237653392304:  Hold'em No Limit ($0.02/$0.05 USD) - 2022/07/28 21:03:55 PT [2022/07/29 0:03:55 ET]
Table 'Mauritia II' 9-max Seat #6 is the button
Seat 1: onlyfoolsguy ($4.46 in chips) 
Seat 2: JuanDiego7 ($8.47 in chips) 
Seat 4: AdamB8z ($4 in chips) 
Seat 5: Luigiams ($6.50 in chips) 
Seat 6: enixblr ($13.44 in chips) 
Seat 7: cubicroot ($6.07 in chips) 
Seat 8: aktiverPuncher ($2 in chips) 
Seat 9: Dorex2007 ($6.31 in chips) 
cubicroot: posts small blind $0.02
aktiverPuncher: posts big blind $0.05
AdamB8z: posts big blind $0.05
*** HOLE CARDS ***
Dealt to Dorex2007 [7d Ks]
Dorex2007: folds 
Alves6776 leaves the table
onlyfoolsguy: raises $0.10 to $0.15
JuanDiego7: folds 
AdamB8z: calls $0.10
Luigiams: folds 
enixblr: folds 
cubicroot: folds 
aktiverPuncher: folds 
*** FLOP *** [5h As 5c]
onlyfoolsguy: checks 
AdamB8z: checks 
*** TURN *** [5h As 5c] [6s]
onlyfoolsguy: checks 
AdamB8z: bets $0.10
onlyfoolsguy: calls $0.10
*** RIVER *** [5h As 5c 6s] [8s]
onlyfoolsguy: checks 
AdamB8z: checks 
*** SHOW DOWN ***
onlyfoolsguy: shows [Tc Ts] (two pair, Tens and Fives)
AdamB8z: mucks hand 
onlyfoolsguy collected $0.55 from pot
*** SUMMARY ***
Total pot $0.57 | Rake $0.02 
Board [5h As 5c 6s 8s]
Seat 1: onlyfoolsguy showed [Tc Ts] and won ($0.55) with two pair, Tens and Fives
Seat 2: JuanDiego7 folded before Flop (didn't bet)
Seat 4: AdamB8z mucked [3h Kh]
Seat 5: Luigiams folded before Flop (didn't bet)
Seat 6: enixblr (button) folded before Flop (didn't bet)
Seat 7: cubicroot (small blind) folded before Flop
Seat 8: aktiverPuncher (big blind) folded before Flop
Seat 9: Dorex2007 folded before Flop (didn't bet)



PokerStars Hand #237653399073:  Hold'em No Limit ($0.02/$0.05 USD) - 2022/07/28 21:04:46 PT [2022/07/29 0:04:46 ET]
Table 'Mauritia II' 9-max Seat #7 is the button
Seat 1: onlyfoolsguy ($4.76 in chips) 
Seat 2: JuanDiego7 ($8.47 in chips) 
Seat 4: AdamB8z ($3.75 in chips) 
Seat 5: Luigiams ($6.50 in chips) 
Seat 6: enixblr ($13.44 in chips) 
Seat 7: cubicroot ($6.05 in chips) 
Seat 8: aktiverPuncher ($1.95 in chips) 
Seat 9: Dorex2007 ($6.31 in chips) 
aktiverPuncher: posts small blind $0.02
Dorex2007: posts big blind $0.05
*** HOLE CARDS ***
Dealt to Dorex2007 [6s 8h]
onlyfoolsguy: folds 
JuanDiego7: folds 
AdamB8z: folds 
Luigiams: folds 
enixblr: folds 
cubicroot: folds 
aktiverPuncher: folds 
Uncalled bet ($0.03) returned to Dorex2007
Dorex2007 collected $0.04 from pot
Dorex2007: doesn't show hand 
*** SUMMARY ***
Total pot $0.04 | Rake $0 
Seat 1: onlyfoolsguy folded before Flop (didn't bet)
Seat 2: JuanDiego7 folded before Flop (didn't bet)
Seat 4: AdamB8z folded before Flop (didn't bet)
Seat 5: Luigiams folded before Flop (didn't bet)
Seat 6: enixblr folded before Flop (didn't bet)
Seat 7: cubicroot (button) folded before Flop (didn't bet)
Seat 8: aktiverPuncher (small blind) folded before Flop
Seat 9: Dorex2007 (big blind) collected ($0.04)



PokerStars Hand #237653401655:  Hold'em No Limit ($0.02/$0.05 USD) - 2022/07/28 21:05:06 PT [2022/07/29 0:05:06 ET]
Table 'Mauritia II' 9-max Seat #8 is the button
Seat 1: onlyfoolsguy ($4.76 in chips) 
Seat 2: JuanDiego7 ($8.47 in chips) 
Seat 4: AdamB8z ($3.75 in chips) 
Seat 5: Luigiams ($6.50 in chips) 
Seat 6: enixblr ($13.44 in chips) 
Seat 7: cubicroot ($6.05 in chips) 
Seat 8: aktiverPuncher ($1.93 in chips) 
Seat 9: Dorex2007 ($6.33 in chips) 
Dorex2007: posts small blind $0.02
onlyfoolsguy: posts big blind $0.05
*** HOLE CARDS ***
Dealt to Dorex2007 [Ac 4h]
JuanDiego7: raises $0.05 to $0.10
AdamB8z: calls $0.10
Luigiams: raises $0.20 to $0.30
enixblr: folds 
cubicroot: folds 
aktiverPuncher: folds 
Dorex2007: folds 
onlyfoolsguy: folds 
JuanDiego7: folds 
AdamB8z: calls $0.20
*** FLOP *** [5h 2h As]
AdamB8z: checks 
Luigiams: bets $0.37
AdamB8z: folds 
Uncalled bet ($0.37) returned to Luigiams
Luigiams collected $0.74 from pot
*** SUMMARY ***
Total pot $0.77 | Rake $0.03 
Board [5h 2h As]
Seat 1: onlyfoolsguy (big blind) folded before Flop
Seat 2: JuanDiego7 folded before Flop
Seat 4: AdamB8z folded on the Flop
Seat 5: Luigiams collected ($0.74)
Seat 6: enixblr folded before Flop (didn't bet)
Seat 7: cubicroot folded before Flop (didn't bet)
Seat 8: aktiverPuncher (button) folded before Flop (didn't bet)
Seat 9: Dorex2007 (small blind) folded before Flop



PokerStars Hand #237653407206:  Hold'em No Limit ($0.02/$0.05 USD) - 2022/07/28 21:05:50 PT [2022/07/29 0:05:50 ET]
Table 'Mauritia II' 9-max Seat #9 is the button
Seat 1: onlyfoolsguy ($4.71 in chips) 
Seat 2: JuanDiego7 ($8.37 in chips) 
Seat 4: AdamB8z ($3.45 in chips) 
Seat 5: Luigiams ($6.94 in chips) 
Seat 6: enixblr ($13.44 in chips) 
Seat 7: cubicroot ($6.05 in chips) 
Seat 8: aktiverPuncher ($1.93 in chips) 
Seat 9: Dorex2007 ($6.31 in chips) 
onlyfoolsguy: posts small blind $0.02
JuanDiego7: posts big blind $0.05
*** HOLE CARDS ***
Dealt to Dorex2007 [Qs 4c]
AdamB8z: raises $0.05 to $0.10
Luigiams: folds 
enixblr: folds 
cubicroot: calls $0.10
aktiverPuncher: folds 
Dorex2007: folds 
onlyfoolsguy: folds 
JuanDiego7: calls $0.05
*** FLOP *** [9c As 3s]
JuanDiego7: checks 
AdamB8z: bets $0.15
cubicroot: folds 
JuanDiego7: folds 
Uncalled bet ($0.15) returned to AdamB8z
AdamB8z collected $0.31 from pot
AdamB8z: doesn't show hand 
*** SUMMARY ***
Total pot $0.32 | Rake $0.01 
Board [9c As 3s]
Seat 1: onlyfoolsguy (small blind) folded before Flop
Seat 2: JuanDiego7 (big blind) folded on the Flop
Seat 4: AdamB8z collected ($0.31)
Seat 5: Luigiams folded before Flop (didn't bet)
Seat 6: enixblr folded before Flop (didn't bet)
Seat 7: cubicroot folded on the Flop
Seat 8: aktiverPuncher folded before Flop (didn't bet)
Seat 9: Dorex2007 (button) folded before Flop (didn't bet)



PokerStars Hand #237653413296:  Hold'em No Limit ($0.02/$0.05 USD) - 2022/07/28 21:06:37 PT [2022/07/29 0:06:37 ET]
Table 'Mauritia II' 9-max Seat #1 is the button
Seat 1: onlyfoolsguy ($4.69 in chips) 
Seat 2: JuanDiego7 ($8.27 in chips) 
Seat 4: AdamB8z ($3.66 in chips) 
Seat 5: Luigiams ($6.94 in chips) 
Seat 6: enixblr ($13.44 in chips) 
Seat 7: cubicroot ($5.95 in chips) 
Seat 8: aktiverPuncher ($1.93 in chips) 
Seat 9: Dorex2007 ($6.31 in chips) 
JuanDiego7: posts small blind $0.02
AdamB8z: posts big blind $0.05
*** HOLE CARDS ***
Dealt to Dorex2007 [As Kh]
Luigiams: calls $0.05
enixblr: folds 
cubicroot: folds 
aktiverPuncher: calls $0.05
Dorex2007: raises $0.10 to $0.15
onlyfoolsguy: folds 
JuanDiego7: folds 
AdamB8z: calls $0.10
Luigiams: calls $0.10
aktiverPuncher: calls $0.10
*** FLOP *** [5d Kd Qh]
AdamB8z: checks 
Luigiams: checks 
aktiverPuncher: checks 
Dorex2007: bets $0.59
AdamB8z: calls $0.59
Luigiams: folds 
aktiverPuncher: folds 
*** TURN *** [5d Kd Qh] [Ah]
AdamB8z: checks 
Dorex2007: bets $5.57 and is all-in
AdamB8z: calls $2.92 and is all-in
Uncalled bet ($2.65) returned to Dorex2007
*** RIVER *** [5d Kd Qh Ah] [8c]
*** SHOW DOWN ***
AdamB8z: shows [3d 6d] (high card Ace)
Dorex2007: shows [As Kh] (two pair, Aces and Kings)
Dorex2007 cashed out the hand for $5.92 | Cash Out Fee $0.06
*** SUMMARY ***
Total pot $7.64 | Rake $0.32 
Board [5d Kd Qh Ah 8c]
Seat 1: onlyfoolsguy (button) folded before Flop (didn't bet)
Seat 2: JuanDiego7 (small blind) folded before Flop
Seat 4: AdamB8z (big blind) showed [3d 6d] and lost with high card Ace
Seat 5: Luigiams folded on the Flop
Seat 6: enixblr folded before Flop (didn't bet)
Seat 7: cubicroot folded before Flop (didn't bet)
Seat 8: aktiverPuncher folded on the Flop
Seat 9: Dorex2007 showed [As Kh] and won ($7.32) with two pair, Aces and Kings (pot not awarded as player cashed out)



PokerStars Hand #237653421335:  Hold'em No Limit ($0.02/$0.05 USD) - 2022/07/28 21:07:40 PT [2022/07/29 0:07:40 ET]
Table 'Mauritia II' 9-max Seat #2 is the button
Seat 1: onlyfoolsguy ($4.69 in chips) 
Seat 2: JuanDiego7 ($8.25 in chips) 
Seat 5: Luigiams ($6.79 in chips) 
Seat 6: enixblr ($13.44 in chips) 
Seat 7: cubicroot ($5.95 in chips) 
Seat 8: aktiverPuncher ($1.78 in chips) 
Seat 9: Dorex2007 ($8.57 in chips) 
Luigiams: posts small blind $0.02
enixblr: posts big blind $0.05
*** HOLE CARDS ***
Dealt to Dorex2007 [8s 3c]
cubicroot: folds 
aktiverPuncher: folds 
Dorex2007: folds 
AdamB8z leaves the table
onlyfoolsguy: folds 
JuanDiego7: folds 
Luigiams: raises $0.15 to $0.20
enixblr: folds 
Uncalled bet ($0.15) returned to Luigiams
Luigiams collected $0.10 from pot
*** SUMMARY ***
Total pot $0.10 | Rake $0 
Seat 1: onlyfoolsguy folded before Flop (didn't bet)
Seat 2: JuanDiego7 (button) folded before Flop (didn't bet)
Seat 5: Luigiams (small blind) collected ($0.10)
Seat 6: enixblr (big blind) folded before Flop
Seat 7: cubicroot folded before Flop (didn't bet)
Seat 8: aktiverPuncher folded before Flop (didn't bet)
Seat 9: Dorex2007 folded before Flop (didn't bet)



PokerStars Hand #237653424440:  Hold'em No Limit ($0.02/$0.05 USD) - 2022/07/28 21:08:04 PT [2022/07/29 0:08:04 ET]
Table 'Mauritia II' 9-max Seat #5 is the button
Seat 2: JuanDiego7 ($8.25 in chips) 
Seat 5: Luigiams ($6.84 in chips) 
Seat 7: cubicroot ($5.95 in chips) 
Seat 8: aktiverPuncher ($1.78 in chips) 
Seat 9: Dorex2007 ($8.57 in chips) 
cubicroot: posts small blind $0.02
aktiverPuncher: posts big blind $0.05
*** HOLE CARDS ***
Dealt to Dorex2007 [4d Jd]
Dorex2007: folds 
JuanDiego7: folds 
Luigiams: folds 
cubicroot: raises $0.05 to $0.10
aktiverPuncher: folds 
Uncalled bet ($0.05) returned to cubicroot
cubicroot collected $0.10 from pot
cubicroot: doesn't show hand 
*** SUMMARY ***
Total pot $0.10 | Rake $0 
Seat 2: JuanDiego7 folded before Flop (didn't bet)
Seat 5: Luigiams (button) folded before Flop (didn't bet)
Seat 7: cubicroot (small blind) collected ($0.10)
Seat 8: aktiverPuncher (big blind) folded before Flop
Seat 9: Dorex2007 folded before Flop (didn't bet)



PokerStars Hand #237653426209:  Hold'em No Limit ($0.02/$0.05 USD) - 2022/07/28 21:08:18 PT [2022/07/29 0:08:18 ET]
Table 'Mauritia II' 9-max Seat #7 is the button
Seat 2: JuanDiego7 ($8.25 in chips) 
Seat 5: Luigiams ($6.84 in chips) 
Seat 7: cubicroot ($6 in chips) 
Seat 8: aktiverPuncher ($1.73 in chips) 
Seat 9: Dorex2007 ($8.57 in chips) 
aktiverPuncher: posts small blind $0.02
Dorex2007: posts big blind $0.05
*** HOLE CARDS ***
Dealt to Dorex2007 [Tc Jd]
JuanDiego7: folds 
enixblr leaves the table
Luigiams: raises $0.10 to $0.15
cubicroot: folds 
aktiverPuncher: calls $0.13
Dorex2007: folds 
*** FLOP *** [8h 2d 5s]
aktiverPuncher: checks 
Luigiams: checks 
*** TURN *** [8h 2d 5s] [2s]
aktiverPuncher: checks 
Luigiams: checks 
*** RIVER *** [8h 2d 5s 2s] [Qs]
aktiverPuncher: checks 
Luigiams: bets $0.30
aktiverPuncher: calls $0.30
*** SHOW DOWN ***
Luigiams: shows [Ks Jh] (a pair of Deuces)
aktiverPuncher: shows [Ac Kh] (a pair of Deuces - Ace kicker)
aktiverPuncher collected $0.90 from pot
*** SUMMARY ***
Total pot $0.95 | Rake $0.05 
Board [8h 2d 5s 2s Qs]
Seat 2: JuanDiego7 folded before Flop (didn't bet)
Seat 5: Luigiams showed [Ks Jh] and lost with a pair of Deuces
Seat 7: cubicroot (button) folded before Flop (didn't bet)
Seat 8: aktiverPuncher (small blind) showed [Ac Kh] and won ($0.90) with a pair of Deuces
Seat 9: Dorex2007 (big blind) folded before Flop



PokerStars Hand #237653431101:  Hold'em No Limit ($0.02/$0.05 USD) - 2022/07/28 21:08:56 PT [2022/07/29 0:08:56 ET]
Table 'Mauritia II' 9-max Seat #8 is the button
Seat 2: JuanDiego7 ($8.25 in chips) 
Seat 5: Luigiams ($6.39 in chips) 
Seat 7: cubicroot ($6 in chips) 
Seat 8: aktiverPuncher ($2.18 in chips) 
Seat 9: Dorex2007 ($8.52 in chips) 
Dorex2007: posts small blind $0.02
JuanDiego7: posts big blind $0.05
*** HOLE CARDS ***
Dealt to Dorex2007 [Js 9c]
Luigiams: raises $0.05 to $0.10
cubicroot: calls $0.10
aktiverPuncher: folds 
Dorex2007: folds 
JuanDiego7: calls $0.05
*** FLOP *** [Qd Jh Qh]
JuanDiego7: bets $0.10
Luigiams: calls $0.10
cubicroot: folds 
*** TURN *** [Qd Jh Qh] [Ts]
JuanDiego7: checks 
Luigiams: checks 
*** RIVER *** [Qd Jh Qh Ts] [Kc]
JuanDiego7: checks 
Luigiams: checks 
*** SHOW DOWN ***
JuanDiego7: shows [Jd 9d] (a straight, Nine to King)
Luigiams: mucks hand 
JuanDiego7 collected $0.50 from pot
*** SUMMARY ***
Total pot $0.52 | Rake $0.02 
Board [Qd Jh Qh Ts Kc]
Seat 2: JuanDiego7 (big blind) showed [Jd 9d] and won ($0.50) with a straight, Nine to King
Seat 5: Luigiams mucked [7d 7s]
Seat 7: cubicroot folded on the Flop
Seat 8: aktiverPuncher (button) folded before Flop (didn't bet)
Seat 9: Dorex2007 (small blind) folded before Flop



PokerStars Hand #237653436569:  Hold'em No Limit ($0.02/$0.05 USD) - 2022/07/28 21:09:40 PT [2022/07/29 0:09:40 ET]
Table 'Mauritia II' 9-max Seat #9 is the button
Seat 2: JuanDiego7 ($8.55 in chips) 
Seat 5: Luigiams ($6.19 in chips) 
Seat 7: cubicroot ($5.90 in chips) 
Seat 8: aktiverPuncher ($2.18 in chips) 
Seat 9: Dorex2007 ($8.50 in chips) 
JuanDiego7: posts small blind $0.02
Luigiams: posts big blind $0.05
*** HOLE CARDS ***
Dealt to Dorex2007 [4s 3h]
cubicroot: folds 
aktiverPuncher: calls $0.05
Dorex2007: folds 
JuanDiego7: calls $0.03
Luigiams: checks 
*** FLOP *** [7s 9h Kc]
JuanDiego7: checks 
Luigiams: bets $0.10
aktiverPuncher: calls $0.10
JuanDiego7: folds 
*** TURN *** [7s 9h Kc] [8h]
Piracicaba70 joins the table at seat #3 
Luigiams: bets $0.15
aktiverPuncher: raises $1.88 to $2.03 and is all-in
Luigiams: folds 
Uncalled bet ($1.88) returned to aktiverPuncher
aktiverPuncher collected $0.61 from pot
aktiverPuncher: doesn't show hand 
*** SUMMARY ***
Total pot $0.65 | Rake $0.04 
Board [7s 9h Kc 8h]
Seat 2: JuanDiego7 (small blind) folded on the Flop
Seat 5: Luigiams (big blind) folded on the Turn
Seat 7: cubicroot folded before Flop (didn't bet)
Seat 8: aktiverPuncher collected ($0.61)
Seat 9: Dorex2007 (button) folded before Flop (didn't bet)



PokerStars Hand #237653442269:  Hold'em No Limit ($0.02/$0.05 USD) - 2022/07/28 21:10:24 PT [2022/07/29 0:10:24 ET]
Table 'Mauritia II' 9-max Seat #2 is the button
Seat 2: JuanDiego7 ($8.50 in chips) 
Seat 5: Luigiams ($5.89 in chips) 
Seat 7: cubicroot ($5.90 in chips) 
Seat 8: aktiverPuncher ($2.49 in chips) 
Seat 9: Dorex2007 ($8.50 in chips) 
Luigiams: posts small blind $0.02
cubicroot: posts big blind $0.05
*** HOLE CARDS ***
Dealt to Dorex2007 [4d Jc]
aktiverPuncher: folds 
Manuelito180 joins the table at seat #4 
Dorex2007 has timed out
Dorex2007: folds 
JuanDiego7: folds 
Luigiams: calls $0.03
cubicroot: checks 
*** FLOP *** [8c Jd 5c]
Luigiams: checks 
enixblr joins the table at seat #6 
cubicroot: checks 
*** TURN *** [8c Jd 5c] [Th]
Luigiams: bets $0.10
cubicroot: calls $0.10
*** RIVER *** [8c Jd 5c Th] [Ah]
Luigiams: bets $0.20
cubicroot: folds 
Uncalled bet ($0.20) returned to Luigiams
Luigiams collected $0.29 from pot
*** SUMMARY ***
Total pot $0.30 | Rake $0.01 
Board [8c Jd 5c Th Ah]
Seat 2: JuanDiego7 (button) folded before Flop (didn't bet)
Seat 5: Luigiams (small blind) collected ($0.29)
Seat 7: cubicroot (big blind) folded on the River
Seat 8: aktiverPuncher folded before Flop (didn't bet)
Seat 9: Dorex2007 folded before Flop (didn't bet)



PokerStars Hand #237653450647:  Hold'em No Limit ($0.02/$0.05 USD) - 2022/07/28 21:11:30 PT [2022/07/29 0:11:30 ET]
Table 'Mauritia II' 9-max Seat #5 is the button
Seat 2: JuanDiego7 ($8.50 in chips) 
Seat 3: Piracicaba70 ($5 in chips) 
Seat 5: Luigiams ($6.03 in chips) 
Seat 7: cubicroot ($5.75 in chips) 
Seat 8: aktiverPuncher ($2.49 in chips) 
Seat 9: Dorex2007 ($8.50 in chips) 
cubicroot: posts small blind $0.02
aktiverPuncher: posts big blind $0.05
Piracicaba70: posts big blind $0.05
Manuelito180: sits out 
*** HOLE CARDS ***
Dealt to Dorex2007 [6h Kh]
Dorex2007: folds 
JuanDiego7: calls $0.05
Piracicaba70: checks 
Luigiams: calls $0.05
cubicroot: calls $0.03
aktiverPuncher: checks 
*** FLOP *** [4d Qs 6c]
cubicroot: checks 
aktiverPuncher: bets $0.05
JuanDiego7: folds 
Piracicaba70: folds 
Luigiams: folds 
cubicroot: folds 
Uncalled bet ($0.05) returned to aktiverPuncher
aktiverPuncher collected $0.24 from pot
aktiverPuncher: doesn't show hand 
*** SUMMARY ***
Total pot $0.25 | Rake $0.01 
Board [4d Qs 6c]
Seat 2: JuanDiego7 folded on the Flop
Seat 3: Piracicaba70 folded on the Flop (didn't bet)
Seat 5: Luigiams (button) folded on the Flop
Seat 7: cubicroot (small blind) folded on the Flop
Seat 8: aktiverPuncher (big blind) collected ($0.24)
Seat 9: Dorex2007 folded before Flop (didn't bet)



PokerStars Hand #237653456518:  Hold'em No Limit ($0.02/$0.05 USD) - 2022/07/28 21:12:16 PT [2022/07/29 0:12:16 ET]
Table 'Mauritia II' 9-max Seat #7 is the button
Seat 2: JuanDiego7 ($8.45 in chips) 
Seat 3: Piracicaba70 ($4.95 in chips) 
Seat 5: Luigiams ($5.98 in chips) 
Seat 7: cubicroot ($5.70 in chips) 
Seat 8: aktiverPuncher ($2.68 in chips) 
Seat 9: Dorex2007 ($8.50 in chips) 
aktiverPuncher: posts small blind $0.02
Dorex2007: posts big blind $0.05
Manuelito180: sits out 
enixblr: sits out 
*** HOLE CARDS ***
Dealt to Dorex2007 [6s Ah]
JuanDiego7: folds 
Piracicaba70: folds 
Luigiams: folds 
cubicroot: folds 
aktiverPuncher: calls $0.03
Dorex2007: checks 
*** FLOP *** [4d 4s Ks]
aktiverPuncher: checks 
Dorex2007: checks 
*** TURN *** [4d 4s Ks] [9s]
aktiverPuncher: checks 
Dorex2007: checks 
*** RIVER *** [4d 4s Ks 9s] [9d]
aktiverPuncher: checks 
Dorex2007: checks 
*** SHOW DOWN ***
aktiverPuncher: shows [Ad 8d] (two pair, Nines and Fours)
Dorex2007: shows [6s Ah] (two pair, Nines and Fours)
aktiverPuncher collected $0.05 from pot
Dorex2007 collected $0.05 from pot
*** SUMMARY ***
Total pot $0.10 | Rake $0 
Board [4d 4s Ks 9s 9d]
Seat 2: JuanDiego7 folded before Flop (didn't bet)
Seat 3: Piracicaba70 folded before Flop (didn't bet)
Seat 5: Luigiams folded before Flop (didn't bet)
Seat 7: cubicroot (button) folded before Flop (didn't bet)
Seat 8: aktiverPuncher (small blind) showed [Ad 8d] and won ($0.05) with two pair, Nines and Fours
Seat 9: Dorex2007 (big blind) showed [6s Ah] and won ($0.05) with two pair, Nines and Fours



PokerStars Hand #237653461993:  Hold'em No Limit ($0.02/$0.05 USD) - 2022/07/28 21:12:59 PT [2022/07/29 0:12:59 ET]
Table 'Mauritia II' 9-max Seat #8 is the button
Seat 2: JuanDiego7 ($8.45 in chips) 
Seat 3: Piracicaba70 ($4.95 in chips) 
Seat 5: Luigiams ($5.98 in chips) 
Seat 7: cubicroot ($5.70 in chips) 
Seat 8: aktiverPuncher ($2.68 in chips) 
Seat 9: Dorex2007 ($8.50 in chips) 
Dorex2007: posts small blind $0.02
JuanDiego7: posts big blind $0.05
Manuelito180: sits out 
enixblr: sits out 
*** HOLE CARDS ***
Dealt to Dorex2007 [4s 3h]
Piracicaba70: folds 
Luigiams: raises $0.10 to $0.15
cubicroot: folds 
aktiverPuncher: folds 
Dorex2007: folds 
JuanDiego7: folds 
Uncalled bet ($0.10) returned to Luigiams
Luigiams collected $0.12 from pot
*** SUMMARY ***
Total pot $0.12 | Rake $0 
Seat 2: JuanDiego7 (big blind) folded before Flop
Seat 3: Piracicaba70 folded before Flop (didn't bet)
Seat 5: Luigiams collected ($0.12)
Seat 7: cubicroot folded before Flop (didn't bet)
Seat 8: aktiverPuncher (button) folded before Flop (didn't bet)
Seat 9: Dorex2007 (small blind) folded before Flop



PokerStars Hand #237653464371:  Hold'em No Limit ($0.02/$0.05 USD) - 2022/07/28 21:13:17 PT [2022/07/29 0:13:17 ET]
Table 'Mauritia II' 9-max Seat #9 is the button
Seat 2: JuanDiego7 ($8.40 in chips) 
Seat 3: Piracicaba70 ($4.95 in chips) 
Seat 5: Luigiams ($6.05 in chips) 
Seat 7: cubicroot ($5.70 in chips) 
Seat 8: aktiverPuncher ($2.68 in chips) 
Seat 9: Dorex2007 ($8.48 in chips) 
JuanDiego7: posts small blind $0.02
Piracicaba70: posts big blind $0.05
Manuelito180: sits out 
enixblr: sits out 
*** HOLE CARDS ***
Dealt to Dorex2007 [2c 6d]
Luigiams: folds 
cubicroot: folds 
aktiverPuncher: folds 
Dorex2007: folds 
JuanDiego7: folds 
Uncalled bet ($0.03) returned to Piracicaba70
Piracicaba70 collected $0.04 from pot
Piracicaba70: doesn't show hand 
*** SUMMARY ***
Total pot $0.04 | Rake $0 
Seat 2: JuanDiego7 (small blind) folded before Flop
Seat 3: Piracicaba70 (big blind) collected ($0.04)
Seat 5: Luigiams folded before Flop (didn't bet)
Seat 7: cubicroot folded before Flop (didn't bet)
Seat 8: aktiverPuncher folded before Flop (didn't bet)
Seat 9: Dorex2007 (button) folded before Flop (didn't bet)



PokerStars Hand #237653465774:  Hold'em No Limit ($0.02/$0.05 USD) - 2022/07/28 21:13:27 PT [2022/07/29 0:13:27 ET]
Table 'Mauritia II' 9-max Seat #2 is the button
Seat 2: JuanDiego7 ($8.38 in chips) 
Seat 3: Piracicaba70 ($4.97 in chips) 
Seat 4: Manuelito180 ($5 in chips) 
Seat 5: Luigiams ($6.05 in chips) 
Seat 7: cubicroot ($5.70 in chips) 
Seat 8: aktiverPuncher ($2.68 in chips) 
Seat 9: Dorex2007 ($8.48 in chips) 
Piracicaba70: posts small blind $0.02
Manuelito180: posts big blind $0.05
enixblr: sits out 
*** HOLE CARDS ***
Dealt to Dorex2007 [Qh 3d]
Luigiams: raises $0.05 to $0.10
cubicroot: folds 
aktiverPuncher: folds 
Dorex2007: folds 
JuanDiego7: calls $0.10
Piracicaba70: calls $0.08
Manuelito180: folds 
*** FLOP *** [Js 5s 2s]
Piracicaba70: checks 
Luigiams: checks 
JuanDiego7: bets $0.20
Piracicaba70: folds 
Luigiams: folds 
Uncalled bet ($0.20) returned to JuanDiego7
JuanDiego7 collected $0.34 from pot
JuanDiego7: doesn't show hand 
*** SUMMARY ***
Total pot $0.35 | Rake $0.01 
Board [Js 5s 2s]
Seat 2: JuanDiego7 (button) collected ($0.34)
Seat 3: Piracicaba70 (small blind) folded on the Flop
Seat 4: Manuelito180 (big blind) folded before Flop
Seat 5: Luigiams folded on the Flop
Seat 7: cubicroot folded before Flop (didn't bet)
Seat 8: aktiverPuncher folded before Flop (didn't bet)
Seat 9: Dorex2007 folded before Flop (didn't bet)



PokerStars Hand #237653470049:  Hold'em No Limit ($0.02/$0.05 USD) - 2022/07/28 21:14:01 PT [2022/07/29 0:14:01 ET]
Table 'Mauritia II' 9-max Seat #3 is the button
Seat 2: JuanDiego7 ($8.62 in chips) 
Seat 3: Piracicaba70 ($4.87 in chips) 
Seat 4: Manuelito180 ($4.95 in chips) 
Seat 5: Luigiams ($5.95 in chips) 
Seat 7: cubicroot ($5.70 in chips) 
Seat 8: aktiverPuncher ($2.68 in chips) 
Seat 9: Dorex2007 ($8.48 in chips) 
Manuelito180: posts small blind $0.02
Luigiams: posts big blind $0.05
enixblr: sits out 
*** HOLE CARDS ***
Dealt to Dorex2007 [2d 9h]
cubicroot: folds 
aktiverPuncher: folds 
Dorex2007: folds 
JuanDiego7: folds 
Piracicaba70 has timed out
Piracicaba70: folds 
Manuelito180: raises $0.10 to $0.15
Luigiams: folds 
Uncalled bet ($0.10) returned to Manuelito180
Manuelito180 collected $0.10 from pot
Manuelito180: doesn't show hand 
*** SUMMARY ***
Total pot $0.10 | Rake $0 
Seat 2: JuanDiego7 folded before Flop (didn't bet)
Seat 3: Piracicaba70 (button) folded before Flop (didn't bet)
Seat 4: Manuelito180 (small blind) collected ($0.10)
Seat 5: Luigiams (big blind) folded before Flop
Seat 7: cubicroot folded before Flop (didn't bet)
Seat 8: aktiverPuncher folded before Flop (didn't bet)
Seat 9: Dorex2007 folded before Flop (didn't bet)



PokerStars Hand #237653474052:  Hold'em No Limit ($0.02/$0.05 USD) - 2022/07/28 21:14:32 PT [2022/07/29 0:14:32 ET]
Table 'Mauritia II' 9-max Seat #4 is the button
Seat 2: JuanDiego7 ($8.62 in chips) 
Seat 3: Piracicaba70 ($4.87 in chips) 
Seat 4: Manuelito180 ($5 in chips) 
Seat 5: Luigiams ($5.90 in chips) 
Seat 6: enixblr ($13.39 in chips) 
Seat 7: cubicroot ($5.70 in chips) 
Seat 8: aktiverPuncher ($2.68 in chips) 
Seat 9: Dorex2007 ($8.48 in chips) 
Luigiams: posts small blind $0.02
enixblr: posts big blind $0.05
*** HOLE CARDS ***
Dealt to Dorex2007 [Ks Kc]
cubicroot: folds 
aktiverPuncher: folds 
Dorex2007: raises $0.15 to $0.20
JuanDiego7: folds 
Piracicaba70: folds 
Manuelito180: folds 
Luigiams: folds 
enixblr: folds 
Uncalled bet ($0.15) returned to Dorex2007
Dorex2007 collected $0.12 from pot
Dorex2007: doesn't show hand 
*** SUMMARY ***
Total pot $0.12 | Rake $0 
Seat 2: JuanDiego7 folded before Flop (didn't bet)
Seat 3: Piracicaba70 folded before Flop (didn't bet)
Seat 4: Manuelito180 (button) folded before Flop (didn't bet)
Seat 5: Luigiams (small blind) folded before Flop
Seat 6: enixblr (big blind) folded before Flop
Seat 7: cubicroot folded before Flop (didn't bet)
Seat 8: aktiverPuncher folded before Flop (didn't bet)
Seat 9: Dorex2007 collected ($0.12)



PokerStars Hand #237653476807:  Hold'em No Limit ($0.02/$0.05 USD) - 2022/07/28 21:14:53 PT [2022/07/29 0:14:53 ET]
Table 'Mauritia II' 9-max Seat #5 is the button
Seat 2: JuanDiego7 ($8.62 in chips) 
Seat 3: Piracicaba70 ($4.87 in chips) 
Seat 4: Manuelito180 ($5 in chips) 
Seat 5: Luigiams ($5.88 in chips) 
Seat 6: enixblr ($13.34 in chips) 
Seat 7: cubicroot ($5.70 in chips) 
Seat 8: aktiverPuncher ($2.68 in chips) 
Seat 9: Dorex2007 ($8.55 in chips) 
enixblr: posts small blind $0.02
cubicroot: posts big blind $0.05
*** HOLE CARDS ***
Dealt to Dorex2007 [Jd Jc]
aktiverPuncher: folds 
Dorex2007: raises $0.10 to $0.15
JuanDiego7: folds 
Piracicaba70: folds 
Manuelito180: folds 
Luigiams: folds 
enixblr: calls $0.13
cubicroot: folds 
*** FLOP *** [Qd Jh Js]
enixblr: checks 
Dorex2007: checks 
*** TURN *** [Qd Jh Js] [5c]
enixblr: checks 
Dorex2007: checks 
*** RIVER *** [Qd Jh Js 5c] [5h]
enixblr: checks 
Dorex2007: bets $0.17
enixblr: folds 
Uncalled bet ($0.17) returned to Dorex2007
Dorex2007 collected $0.34 from pot
Dorex2007: doesn't show hand 
*** SUMMARY ***
Total pot $0.35 | Rake $0.01 
Board [Qd Jh Js 5c 5h]
Seat 2: JuanDiego7 folded before Flop (didn't bet)
Seat 3: Piracicaba70 folded before Flop (didn't bet)
Seat 4: Manuelito180 folded before Flop (didn't bet)
Seat 5: Luigiams (button) folded before Flop (didn't bet)
Seat 6: enixblr (small blind) folded on the River
Seat 7: cubicroot (big blind) folded before Flop
Seat 8: aktiverPuncher folded before Flop (didn't bet)
Seat 9: Dorex2007 collected ($0.34)



PokerStars Hand #237653485940:  Hold'em No Limit ($0.02/$0.05 USD) - 2022/07/28 21:16:00 PT [2022/07/29 0:16:00 ET]
Table 'Mauritia II' 9-max Seat #6 is the button
Seat 2: JuanDiego7 ($8.62 in chips) 
Seat 3: Piracicaba70 ($4.87 in chips) 
Seat 4: Manuelito180 ($5 in chips) 
Seat 5: Luigiams ($5.88 in chips) 
Seat 6: enixblr ($13.19 in chips) 
Seat 7: cubicroot ($5.65 in chips) 
Seat 8: aktiverPuncher ($2.68 in chips) 
Seat 9: Dorex2007 ($8.74 in chips) 
cubicroot: posts small blind $0.02
aktiverPuncher: posts big blind $0.05
*** HOLE CARDS ***
Dealt to Dorex2007 [4d 4h]
Dorex2007: folds 
JuanDiego7: folds 
Piracicaba70: raises $0.10 to $0.15
Manuelito180: folds 
Luigiams: calls $0.15
enixblr: folds 
cubicroot: folds 
aktiverPuncher: folds 
*** FLOP *** [Jc 5h 7d]
Piracicaba70: checks 
Luigiams: bets $0.15
Piracicaba70: folds 
Uncalled bet ($0.15) returned to Luigiams
Luigiams collected $0.35 from pot
*** SUMMARY ***
Total pot $0.37 | Rake $0.02 
Board [Jc 5h 7d]
Seat 2: JuanDiego7 folded before Flop (didn't bet)
Seat 3: Piracicaba70 folded on the Flop
Seat 4: Manuelito180 folded before Flop (didn't bet)
Seat 5: Luigiams collected ($0.35)
Seat 6: enixblr (button) folded before Flop (didn't bet)
Seat 7: cubicroot (small blind) folded before Flop
Seat 8: aktiverPuncher (big blind) folded before Flop
Seat 9: Dorex2007 folded before Flop (didn't bet)



PokerStars Hand #237653489933:  Hold'em No Limit ($0.02/$0.05 USD) - 2022/07/28 21:16:31 PT [2022/07/29 0:16:31 ET]
Table 'Mauritia II' 9-max Seat #7 is the button
Seat 2: JuanDiego7 ($8.62 in chips) 
Seat 3: Piracicaba70 ($4.72 in chips) 
Seat 4: Manuelito180 ($5 in chips) 
Seat 5: Luigiams ($6.08 in chips) 
Seat 6: enixblr ($13.19 in chips) 
Seat 7: cubicroot ($5.63 in chips) 
Seat 8: aktiverPuncher ($2.63 in chips) 
Seat 9: Dorex2007 ($8.74 in chips) 
aktiverPuncher: posts small blind $0.02
Dorex2007: posts big blind $0.05
*** HOLE CARDS ***
Dealt to Dorex2007 [Qs 4c]
JuanDiego7: calls $0.05
Piracicaba70: folds 
Manuelito180: raises $0.10 to $0.15
Luigiams: folds 
enixblr: folds 
cubicroot: folds 
aktiverPuncher: folds 
Dorex2007: folds 
JuanDiego7: calls $0.10
*** FLOP *** [Th 8s 2c]
JuanDiego7: checks 
Manuelito180: bets $0.17
JuanDiego7: folds 
Uncalled bet ($0.17) returned to Manuelito180
Manuelito180 collected $0.35 from pot
Manuelito180: doesn't show hand 
*** SUMMARY ***
Total pot $0.37 | Rake $0.02 
Board [Th 8s 2c]
Seat 2: JuanDiego7 folded on the Flop
Seat 3: Piracicaba70 folded before Flop (didn't bet)
Seat 4: Manuelito180 collected ($0.35)
Seat 5: Luigiams folded before Flop (didn't bet)
Seat 6: enixblr folded before Flop (didn't bet)
Seat 7: cubicroot (button) folded before Flop (didn't bet)
Seat 8: aktiverPuncher (small blind) folded before Flop
Seat 9: Dorex2007 (big blind) folded before Flop



PokerStars Hand #237653494572:  Hold'em No Limit ($0.02/$0.05 USD) - 2022/07/28 21:17:07 PT [2022/07/29 0:17:07 ET]
Table 'Mauritia II' 9-max Seat #8 is the button
Seat 2: JuanDiego7 ($8.47 in chips) 
Seat 3: Piracicaba70 ($4.72 in chips) 
Seat 4: Manuelito180 ($5.20 in chips) 
Seat 5: Luigiams ($6.08 in chips) 
Seat 6: enixblr ($13.19 in chips) 
Seat 7: cubicroot ($5.63 in chips) 
Seat 8: aktiverPuncher ($2.61 in chips) 
Seat 9: Dorex2007 ($8.69 in chips) 
Dorex2007: posts small blind $0.02
JuanDiego7: posts big blind $0.05
*** HOLE CARDS ***
Dealt to Dorex2007 [7h Qd]
Piracicaba70: raises $0.10 to $0.15
Manuelito180: folds 
Luigiams: calls $0.15
enixblr: folds 
cubicroot: folds 
aktiverPuncher: folds 
Dorex2007: folds 
JuanDiego7: folds 
*** FLOP *** [Kc 4s 3h]
Piracicaba70: checks 
Luigiams: bets $0.15
Piracicaba70: folds 
Uncalled bet ($0.15) returned to Luigiams
Luigiams collected $0.35 from pot
*** SUMMARY ***
Total pot $0.37 | Rake $0.02 
Board [Kc 4s 3h]
Seat 2: JuanDiego7 (big blind) folded before Flop
Seat 3: Piracicaba70 folded on the Flop
Seat 4: Manuelito180 folded before Flop (didn't bet)
Seat 5: Luigiams collected ($0.35)
Seat 6: enixblr folded before Flop (didn't bet)
Seat 7: cubicroot folded before Flop (didn't bet)
Seat 8: aktiverPuncher (button) folded before Flop (didn't bet)
Seat 9: Dorex2007 (small blind) folded before Flop



PokerStars Hand #237653497862:  Hold'em No Limit ($0.02/$0.05 USD) - 2022/07/28 21:17:33 PT [2022/07/29 0:17:33 ET]
Table 'Mauritia II' 9-max Seat #9 is the button
Seat 2: JuanDiego7 ($8.42 in chips) 
Seat 3: Piracicaba70 ($4.85 in chips) 
Seat 4: Manuelito180 ($5.20 in chips) 
Seat 5: Luigiams ($6.28 in chips) 
Seat 6: enixblr ($13.19 in chips) 
Seat 7: cubicroot ($5.63 in chips) 
Seat 8: aktiverPuncher ($2.61 in chips) 
Seat 9: Dorex2007 ($8.67 in chips) 
JuanDiego7: posts small blind $0.02
Piracicaba70: posts big blind $0.05
*** HOLE CARDS ***
Dealt to Dorex2007 [Ks 8s]
Manuelito180 has timed out
Manuelito180: folds 
Luigiams: folds 
enixblr: folds 
cubicroot: folds 
aktiverPuncher: calls $0.05
Dorex2007: folds 
JuanDiego7: calls $0.03
Piracicaba70: checks 
*** FLOP *** [5s Jc 8c]
JuanDiego7: checks 
Piracicaba70: checks 
aktiverPuncher: checks 
*** TURN *** [5s Jc 8c] [2c]
JuanDiego7: bets $0.07
Piracicaba70: folds 
aktiverPuncher: folds 
Uncalled bet ($0.07) returned to JuanDiego7
JuanDiego7 collected $0.14 from pot
JuanDiego7: doesn't show hand 
*** SUMMARY ***
Total pot $0.15 | Rake $0.01 
Board [5s Jc 8c 2c]
Seat 2: JuanDiego7 (small blind) collected ($0.14)
Seat 3: Piracicaba70 (big blind) folded on the Turn
Seat 4: Manuelito180 folded before Flop (didn't bet)
Seat 5: Luigiams folded before Flop (didn't bet)
Seat 6: enixblr folded before Flop (didn't bet)
Seat 7: cubicroot folded before Flop (didn't bet)
Seat 8: aktiverPuncher folded on the Turn
Seat 9: Dorex2007 (button) folded before Flop (didn't bet)



PokerStars Hand #237653503868:  Hold'em No Limit ($0.02/$0.05 USD) - 2022/07/28 21:18:20 PT [2022/07/29 0:18:20 ET]
Table 'Mauritia II' 9-max Seat #2 is the button
Seat 1: onlyfoolsguy ($4.69 in chips) 
Seat 2: JuanDiego7 ($8.51 in chips) 
Seat 3: Piracicaba70 ($4.80 in chips) 
Seat 4: Manuelito180 ($5.20 in chips) 
Seat 5: Luigiams ($6.28 in chips) 
Seat 6: enixblr ($13.19 in chips) 
Seat 7: cubicroot ($5.63 in chips) 
Seat 8: aktiverPuncher ($2.56 in chips) 
Seat 9: Dorex2007 ($8.67 in chips) 
Piracicaba70: posts small blind $0.02
Manuelito180: posts big blind $0.05
onlyfoolsguy: posts small & big blinds $0.07
*** HOLE CARDS ***
Dealt to Dorex2007 [4d 4h]
Luigiams: calls $0.05
enixblr: folds 
cubicroot: calls $0.05
aktiverPuncher: folds 
Dorex2007: calls $0.05
onlyfoolsguy: checks 
JuanDiego7: calls $0.05
Piracicaba70: raises $0.05 to $0.10
Manuelito180: calls $0.05
Luigiams: calls $0.05
cubicroot: calls $0.05
Dorex2007: calls $0.05
onlyfoolsguy: folds 
JuanDiego7: calls $0.05
*** FLOP *** [Qc 4s 7c]
Piracicaba70: bets $0.32
Manuelito180: folds 
Luigiams: folds 
cubicroot: folds 
Dorex2007: raises $0.32 to $0.64
JuanDiego7: folds 
Piracicaba70: calls $0.32
*** TURN *** [Qc 4s 7c] [8s]
Piracicaba70: checks 
Dorex2007: bets $7.93 and is all-in
Piracicaba70: calls $4.06 and is all-in
Uncalled bet ($3.87) returned to Dorex2007
*** RIVER *** [Qc 4s 7c 8s] [Kc]
*** SHOW DOWN ***
Piracicaba70: shows [9c Ac] (a flush, Ace high)
Dorex2007: shows [4d 4h] (three of a kind, Fours)
Piracicaba70 cashed out the hand for $1.52 | Cash Out Fee $0.02
Dorex2007 cashed out the hand for $8.03 | Cash Out Fee $0.08
*** SUMMARY ***
Total pot $10.07 | Rake $0.42 
Board [Qc 4s 7c 8s Kc]
Seat 1: onlyfoolsguy folded before Flop (didn't bet)
Seat 2: JuanDiego7 (button) folded on the Flop
Seat 3: Piracicaba70 (small blind) showed [9c Ac] and won ($9.65) with a flush, Ace high (pot not awarded as player cashed out)
Seat 4: Manuelito180 (big blind) folded on the Flop
Seat 5: Luigiams folded on the Flop
Seat 6: enixblr folded before Flop (didn't bet)
Seat 7: cubicroot folded on the Flop
Seat 8: aktiverPuncher folded before Flop (didn't bet)
Seat 9: Dorex2007 showed [4d 4h] and lost with three of a kind, Fours (cashed out).



PokerStars Hand #237653530027:  Hold'em No Limit ($0.02/$0.05 USD) - 2022/07/28 21:20:15 PT [2022/07/29 0:20:15 ET]
Table 'Mauritia II' 9-max Seat #3 is the button
Seat 1: onlyfoolsguy ($4.62 in chips) 
Seat 2: JuanDiego7 ($8.41 in chips) 
Seat 3: Piracicaba70 ($1.52 in chips) 
Seat 4: Manuelito180 ($5.10 in chips) 
Seat 5: Luigiams ($6.18 in chips) 
Seat 6: enixblr ($13.19 in chips) 
Seat 7: cubicroot ($5.53 in chips) 
Seat 8: aktiverPuncher ($2.56 in chips) 
Seat 9: Dorex2007 ($11.90 in chips) 
Manuelito180: posts small blind $0.02
Luigiams: posts big blind $0.05
*** HOLE CARDS ***
Dealt to Dorex2007 [2h 3s]
enixblr: folds 
cubicroot: folds 
aktiverPuncher: folds 
Dorex2007: folds 
onlyfoolsguy: folds 
JuanDiego7 has timed out
JuanDiego7: folds 
Piracicaba70: folds 
Manuelito180: folds 
Uncalled bet ($0.03) returned to Luigiams
Luigiams collected $0.04 from pot
*** SUMMARY ***
Total pot $0.04 | Rake $0 
Seat 1: onlyfoolsguy folded before Flop (didn't bet)
Seat 2: JuanDiego7 folded before Flop (didn't bet)
Seat 3: Piracicaba70 (button) folded before Flop (didn't bet)
Seat 4: Manuelito180 (small blind) folded before Flop
Seat 5: Luigiams (big blind) collected ($0.04)
Seat 6: enixblr folded before Flop (didn't bet)
Seat 7: cubicroot folded before Flop (didn't bet)
Seat 8: aktiverPuncher folded before Flop (didn't bet)
Seat 9: Dorex2007 folded before Flop (didn't bet)



PokerStars Hand #237653534619:  Hold'em No Limit ($0.02/$0.05 USD) - 2022/07/28 21:20:52 PT [2022/07/29 0:20:52 ET]
Table 'Mauritia II' 9-max Seat #4 is the button
Seat 1: onlyfoolsguy ($4.62 in chips) 
Seat 3: Piracicaba70 ($1.52 in chips) 
Seat 4: Manuelito180 ($5.08 in chips) 
Seat 5: Luigiams ($6.20 in chips) 
Seat 6: enixblr ($13.19 in chips) 
Seat 7: cubicroot ($5.53 in chips) 
Seat 8: aktiverPuncher ($2.56 in chips) 
Seat 9: Dorex2007 ($11.90 in chips) 
Luigiams: posts small blind $0.02
enixblr: posts big blind $0.05
*** HOLE CARDS ***
Dealt to Dorex2007 [5c 5s]
cubicroot: folds 
aktiverPuncher: folds 
Dorex2007: calls $0.05
onlyfoolsguy: folds 
Piracicaba70: raises $0.10 to $0.15
Manuelito180: folds 
Luigiams: folds 
enixblr: folds 
Dorex2007: calls $0.10
*** FLOP *** [Kh 9s Jc]
Dorex2007: checks 
Piracicaba70: checks 
*** TURN *** [Kh 9s Jc] [Jh]
Dorex2007: bets $0.17
Piracicaba70: calls $0.17
*** RIVER *** [Kh 9s Jc Jh] [6s]
Dorex2007: checks 
Piracicaba70: checks 
*** SHOW DOWN ***
Dorex2007: shows [5c 5s] (two pair, Jacks and Fives)
Piracicaba70: shows [7d 9d] (two pair, Jacks and Nines)
Piracicaba70 collected $0.68 from pot
*** SUMMARY ***
Total pot $0.71 | Rake $0.03 
Board [Kh 9s Jc Jh 6s]
Seat 1: onlyfoolsguy folded before Flop (didn't bet)
Seat 3: Piracicaba70 showed [7d 9d] and won ($0.68) with two pair, Jacks and Nines
Seat 4: Manuelito180 (button) folded before Flop (didn't bet)
Seat 5: Luigiams (small blind) folded before Flop
Seat 6: enixblr (big blind) folded before Flop
Seat 7: cubicroot folded before Flop (didn't bet)
Seat 8: aktiverPuncher folded before Flop (didn't bet)
Seat 9: Dorex2007 showed [5c 5s] and lost with two pair, Jacks and Fives



PokerStars Hand #237653541939:  Hold'em No Limit ($0.02/$0.05 USD) - 2022/07/28 21:21:51 PT [2022/07/29 0:21:51 ET]
Table 'Mauritia II' 9-max Seat #5 is the button
Seat 1: onlyfoolsguy ($4.62 in chips) 
Seat 2: JuanDiego7 ($8.41 in chips) 
Seat 3: Piracicaba70 ($5 in chips) 
Seat 4: Manuelito180 ($5.08 in chips) 
Seat 5: Luigiams ($6.18 in chips) 
Seat 6: enixblr ($13.14 in chips) 
Seat 7: cubicroot ($5.53 in chips) 
Seat 8: aktiverPuncher ($2.56 in chips) 
Seat 9: Dorex2007 ($11.58 in chips) 
enixblr: posts small blind $0.02
cubicroot: posts big blind $0.05
*** HOLE CARDS ***
Dealt to Dorex2007 [6h 9c]
aktiverPuncher: calls $0.05
Dorex2007: folds 
onlyfoolsguy: folds 
JuanDiego7: folds 
Piracicaba70: raises $0.10 to $0.15
Manuelito180: folds 
Luigiams: folds 
enixblr: calls $0.13
cubicroot: folds 
aktiverPuncher: calls $0.10
*** FLOP *** [6s 9h 3c]
enixblr: checks 
aktiverPuncher: checks 
Piracicaba70: bets $0.34
enixblr: folds 
aktiverPuncher: folds 
Uncalled bet ($0.34) returned to Piracicaba70
Piracicaba70 collected $0.48 from pot
Piracicaba70: doesn't show hand 
*** SUMMARY ***
Total pot $0.50 | Rake $0.02 
Board [6s 9h 3c]
Seat 1: onlyfoolsguy folded before Flop (didn't bet)
Seat 2: JuanDiego7 folded before Flop (didn't bet)
Seat 3: Piracicaba70 collected ($0.48)
Seat 4: Manuelito180 folded before Flop (didn't bet)
Seat 5: Luigiams (button) folded before Flop (didn't bet)
Seat 6: enixblr (small blind) folded on the Flop
Seat 7: cubicroot (big blind) folded before Flop
Seat 8: aktiverPuncher folded on the Flop
Seat 9: Dorex2007 folded before Flop (didn't bet)



PokerStars Hand #237653548246:  Hold'em No Limit ($0.02/$0.05 USD) - 2022/07/28 21:22:41 PT [2022/07/29 0:22:41 ET]
Table 'Mauritia II' 9-max Seat #6 is the button
Seat 2: JuanDiego7 ($8.41 in chips) 
Seat 3: Piracicaba70 ($5.33 in chips) 
Seat 4: Manuelito180 ($5.08 in chips) 
Seat 5: Luigiams ($6.18 in chips) 
Seat 6: enixblr ($12.99 in chips) 
Seat 7: cubicroot ($5.48 in chips) 
Seat 8: aktiverPuncher ($2.41 in chips) 
Seat 9: Dorex2007 ($11.58 in chips) 
cubicroot: posts small blind $0.02
aktiverPuncher: posts big blind $0.05
*** HOLE CARDS ***
Dealt to Dorex2007 [Ks 7c]
Dorex2007: folds 
JuanDiego7: folds 
Piracicaba70: folds 
Manuelito180: raises $0.05 to $0.10
Luigiams: calls $0.10
enixblr: raises $0.55 to $0.65
cubicroot: calls $0.63
aktiverPuncher: folds 
Manuelito180: folds 
Luigiams: folds 
*** FLOP *** [6h Kc 7d]
cubicroot: checks 
enixblr: bets $0.99
cubicroot: folds 
Uncalled bet ($0.99) returned to enixblr
enixblr collected $1.49 from pot
enixblr: doesn't show hand 
*** SUMMARY ***
Total pot $1.55 | Rake $0.06 
Board [6h Kc 7d]
Seat 2: JuanDiego7 folded before Flop (didn't bet)
Seat 3: Piracicaba70 folded before Flop (didn't bet)
Seat 4: Manuelito180 folded before Flop
Seat 5: Luigiams folded before Flop
Seat 6: enixblr (button) collected ($1.49)
Seat 7: cubicroot (small blind) folded on the Flop
Seat 8: aktiverPuncher (big blind) folded before Flop
Seat 9: Dorex2007 folded before Flop (didn't bet)



