PokerStars Hand #227775730497:  Hold'em No Limit ($0.01/$0.02 USD) - 2021/06/22 14:25:20 PT [2021/06/22 17:25:20 ET]
Table 'Ekard II' 9-max Seat #5 is the button
Seat 2: CitizenPU ($2 in chips) 
Seat 3: Apostol108 ($3.40 in chips) 
Seat 4: Dorex2007 ($2 in chips) 
Seat 5: Boomz25 ($1.67 in chips) 
Seat 6: timasch10 ($0.73 in chips) 
Seat 7: Dr_Poliakov ($2.82 in chips) 
Seat 8: Fugazi Nemesis ($1.89 in chips) 
Seat 9: orlovac1995 ($4.56 in chips) 
timasch10: posts small blind $0.01
Dr_Poliakov: posts big blind $0.02
Dorex2007: posts big blind $0.02
*** HOLE CARDS ***
Dealt to Dorex2007 [Ks 6d]
Fugazi Nemesis: folds 
orlovac1995: folds 
CitizenPU: folds 
Apostol108: folds 
Dorex2007: checks 
Boomz25: calls $0.02
timasch10: calls $0.01
Dr_Poliakov: checks 
*** FLOP *** [9d 4h 2h]
timasch10: checks 
Dr_Poliakov: bets $0.05
Dorex2007: folds 
Boomz25: raises $0.05 to $0.10
timasch10: folds 
Dr_Poliakov: calls $0.05
*** TURN *** [9d 4h 2h] [7s]
Dr_Poliakov: checks 
Boomz25: bets $0.18
Tomiclashgolf is disconnected 
Dr_Poliakov: folds 
Uncalled bet ($0.18) returned to Boomz25
Boomz25 collected $0.27 from pot
Boomz25: doesn't show hand 
*** SUMMARY ***
Total pot $0.28 | Rake $0.01 
Board [9d 4h 2h 7s]
Seat 2: CitizenPU folded before Flop (didn't bet)
Seat 3: Apostol108 folded before Flop (didn't bet)
Seat 4: Dorex2007 folded on the Flop (didn't bet)
Seat 5: Boomz25 (button) collected ($0.27)
Seat 6: timasch10 (small blind) folded on the Flop
Seat 7: Dr_Poliakov (big blind) folded on the Turn
Seat 8: Fugazi Nemesis folded before Flop (didn't bet)
Seat 9: orlovac1995 folded before Flop (didn't bet)



PokerStars Hand #227775756865:  Hold'em No Limit ($0.01/$0.02 USD) - 2021/06/22 14:26:21 PT [2021/06/22 17:26:21 ET]
Table 'Ekard II' 9-max Seat #6 is the button
Seat 2: CitizenPU ($2 in chips) 
Seat 3: Apostol108 ($3.40 in chips) 
Seat 4: Dorex2007 ($1.98 in chips) 
Seat 5: Boomz25 ($1.82 in chips) 
Seat 6: timasch10 ($0.71 in chips) 
Seat 7: Dr_Poliakov ($2.70 in chips) 
Seat 8: Fugazi Nemesis ($1.89 in chips) 
Seat 9: orlovac1995 ($4.56 in chips) 
Dr_Poliakov: posts small blind $0.01
Fugazi Nemesis: posts big blind $0.02
*** HOLE CARDS ***
Dealt to Dorex2007 [Kh Qh]
orlovac1995: folds 
CitizenPU: calls $0.02
Apostol108: raises $0.04 to $0.06
Dorex2007: calls $0.06
Boomz25: folds 
timasch10: folds 
Dr_Poliakov: folds 
Fugazi Nemesis: folds 
CitizenPU: calls $0.04
*** FLOP *** [Ac Qs As]
CitizenPU: checks 
Apostol108: bets $0.08
Dorex2007: calls $0.08
CitizenPU: folds 
*** TURN *** [Ac Qs As] [2d]
Apostol108: bets $0.10
Dorex2007: calls $0.10
*** RIVER *** [Ac Qs As 2d] [9c]
Apostol108: bets $0.10
Dorex2007: calls $0.10
*** SHOW DOWN ***
Apostol108: shows [Th Ad] (three of a kind, Aces)
Dorex2007: mucks hand 
Apostol108 collected $0.74 from pot
*** SUMMARY ***
Total pot $0.77 | Rake $0.03 
Board [Ac Qs As 2d 9c]
Seat 2: CitizenPU folded on the Flop
Seat 3: Apostol108 showed [Th Ad] and won ($0.74) with three of a kind, Aces
Seat 4: Dorex2007 mucked [Kh Qh]
Seat 5: Boomz25 folded before Flop (didn't bet)
Seat 6: timasch10 (button) folded before Flop (didn't bet)
Seat 7: Dr_Poliakov (small blind) folded before Flop
Seat 8: Fugazi Nemesis (big blind) folded before Flop
Seat 9: orlovac1995 folded before Flop (didn't bet)



PokerStars Hand #227775781145:  Hold'em No Limit ($0.01/$0.02 USD) - 2021/06/22 14:27:17 PT [2021/06/22 17:27:17 ET]
Table 'Ekard II' 9-max Seat #7 is the button
Seat 2: CitizenPU ($2 in chips) 
Seat 3: Apostol108 ($3.80 in chips) 
Seat 4: Dorex2007 ($1.64 in chips) 
Seat 5: Boomz25 ($1.82 in chips) 
Seat 6: timasch10 ($0.71 in chips) 
Seat 7: Dr_Poliakov ($2.69 in chips) 
Seat 8: Fugazi Nemesis ($1.87 in chips) 
Seat 9: orlovac1995 ($4.56 in chips) 
Fugazi Nemesis: posts small blind $0.01
orlovac1995: posts big blind $0.02
*** HOLE CARDS ***
Dealt to Dorex2007 [Jd 7c]
CitizenPU: folds 
Apostol108: folds 
Dorex2007: folds 
Boomz25: folds 
timasch10: folds 
Dr_Poliakov has timed out
Dr_Poliakov: folds 
Fugazi Nemesis: raises $0.06 to $0.08
orlovac1995: folds 
Uncalled bet ($0.06) returned to Fugazi Nemesis
Fugazi Nemesis collected $0.04 from pot
Fugazi Nemesis: doesn't show hand 
*** SUMMARY ***
Total pot $0.04 | Rake $0 
Seat 2: CitizenPU folded before Flop (didn't bet)
Seat 3: Apostol108 folded before Flop (didn't bet)
Seat 4: Dorex2007 folded before Flop (didn't bet)
Seat 5: Boomz25 folded before Flop (didn't bet)
Seat 6: timasch10 folded before Flop (didn't bet)
Seat 7: Dr_Poliakov (button) folded before Flop (didn't bet)
Seat 8: Fugazi Nemesis (small blind) collected ($0.04)
Seat 9: orlovac1995 (big blind) folded before Flop



PokerStars Hand #227775792644:  Hold'em No Limit ($0.01/$0.02 USD) - 2021/06/22 14:27:44 PT [2021/06/22 17:27:44 ET]
Table 'Ekard II' 9-max Seat #8 is the button
Seat 2: CitizenPU ($2 in chips) 
Seat 3: Apostol108 ($3.80 in chips) 
Seat 4: Dorex2007 ($2 in chips) 
Seat 5: Boomz25 ($1.82 in chips) 
Seat 6: timasch10 ($0.71 in chips) 
Seat 7: Dr_Poliakov ($2.69 in chips) 
Seat 8: Fugazi Nemesis ($1.89 in chips) 
Seat 9: orlovac1995 ($4.54 in chips) 
orlovac1995: posts small blind $0.01
CitizenPU: posts big blind $0.02
*** HOLE CARDS ***
Dealt to Dorex2007 [Ad 8c]
Apostol108: folds 
Dorex2007: folds 
Boomz25: folds 
timasch10: raises $0.02 to $0.04
Dr_Poliakov: folds 
Fugazi Nemesis: folds 
orlovac1995: calls $0.03
CitizenPU: folds 
*** FLOP *** [Jh 9h Qd]
orlovac1995: checks 
timasch10: bets $0.06
orlovac1995: folds 
Uncalled bet ($0.06) returned to timasch10
timasch10 collected $0.10 from pot
timasch10: doesn't show hand 
*** SUMMARY ***
Total pot $0.10 | Rake $0 
Board [Jh 9h Qd]
Seat 2: CitizenPU (big blind) folded before Flop
Seat 3: Apostol108 folded before Flop (didn't bet)
Seat 4: Dorex2007 folded before Flop (didn't bet)
Seat 5: Boomz25 folded before Flop (didn't bet)
Seat 6: timasch10 collected ($0.10)
Seat 7: Dr_Poliakov folded before Flop (didn't bet)
Seat 8: Fugazi Nemesis (button) folded before Flop (didn't bet)
Seat 9: orlovac1995 (small blind) folded on the Flop



PokerStars Hand #227775812212:  Hold'em No Limit ($0.01/$0.02 USD) - 2021/06/22 14:28:30 PT [2021/06/22 17:28:30 ET]
Table 'Ekard II' 9-max Seat #9 is the button
Seat 2: CitizenPU ($2 in chips) 
Seat 4: Dorex2007 ($2 in chips) 
Seat 5: Boomz25 ($1.82 in chips) 
Seat 6: timasch10 ($0.77 in chips) 
Seat 7: Dr_Poliakov ($2.69 in chips) 
Seat 8: Fugazi Nemesis ($1.89 in chips) 
Seat 9: orlovac1995 ($4.50 in chips) 
CitizenPU: posts small blind $0.01
Apostol108: is sitting out 
Dorex2007: posts big blind $0.02
*** HOLE CARDS ***
Dealt to Dorex2007 [3d 9d]
Boomz25: folds 
timasch10: folds 
Dr_Poliakov: folds 
Fugazi Nemesis: folds 
orlovac1995: folds 
CitizenPU: raises $0.06 to $0.08
Dorex2007: folds 
Uncalled bet ($0.06) returned to CitizenPU
CitizenPU collected $0.04 from pot
CitizenPU: doesn't show hand 
*** SUMMARY ***
Total pot $0.04 | Rake $0 
Seat 2: CitizenPU (small blind) collected ($0.04)
Seat 4: Dorex2007 (big blind) folded before Flop
Seat 5: Boomz25 folded before Flop (didn't bet)
Seat 6: timasch10 folded before Flop (didn't bet)
Seat 7: Dr_Poliakov folded before Flop (didn't bet)
Seat 8: Fugazi Nemesis folded before Flop (didn't bet)
Seat 9: orlovac1995 (button) folded before Flop (didn't bet)



PokerStars Hand #227775822248:  Hold'em No Limit ($0.01/$0.02 USD) - 2021/06/22 14:28:54 PT [2021/06/22 17:28:54 ET]
Table 'Ekard II' 9-max Seat #2 is the button
Seat 2: CitizenPU ($2.02 in chips) 
Seat 4: Dorex2007 ($1.98 in chips) 
Seat 5: Boomz25 ($1.82 in chips) 
Seat 6: timasch10 ($0.77 in chips) 
Seat 7: Dr_Poliakov ($2.69 in chips) 
Seat 8: Fugazi Nemesis ($1.89 in chips) 
Seat 9: orlovac1995 ($4.50 in chips) 
Dorex2007: posts small blind $0.01
Boomz25: posts big blind $0.02
*** HOLE CARDS ***
Dealt to Dorex2007 [5s 8s]
timasch10: folds 
Dr_Poliakov: folds 
Fugazi Nemesis: folds 
orlovac1995: folds 
CitizenPU: folds 
Dorex2007: folds 
Uncalled bet ($0.01) returned to Boomz25
Boomz25 collected $0.02 from pot
Boomz25: doesn't show hand 
*** SUMMARY ***
Total pot $0.02 | Rake $0 
Seat 2: CitizenPU (button) folded before Flop (didn't bet)
Seat 4: Dorex2007 (small blind) folded before Flop
Seat 5: Boomz25 (big blind) collected ($0.02)
Seat 6: timasch10 folded before Flop (didn't bet)
Seat 7: Dr_Poliakov folded before Flop (didn't bet)
Seat 8: Fugazi Nemesis folded before Flop (didn't bet)
Seat 9: orlovac1995 folded before Flop (didn't bet)



PokerStars Hand #227775828112:  Hold'em No Limit ($0.01/$0.02 USD) - 2021/06/22 14:29:08 PT [2021/06/22 17:29:08 ET]
Table 'Ekard II' 9-max Seat #4 is the button
Seat 2: CitizenPU ($2.02 in chips) 
Seat 4: Dorex2007 ($1.97 in chips) 
Seat 5: Boomz25 ($1.83 in chips) 
Seat 6: timasch10 ($0.77 in chips) 
Seat 7: Dr_Poliakov ($2.69 in chips) 
Seat 8: Fugazi Nemesis ($1.89 in chips) 
Seat 9: orlovac1995 ($4.50 in chips) 
Boomz25: posts small blind $0.01
timasch10: posts big blind $0.02
*** HOLE CARDS ***
Dealt to Dorex2007 [5c Jd]
Dr_Poliakov: raises $0.04 to $0.06
Fugazi Nemesis: folds 
orlovac1995: folds 
CitizenPU: folds 
Dorex2007: folds 
Boomz25: folds 
timasch10: calls $0.04
*** FLOP *** [9h Qc 4s]
timasch10: checks 
Dr_Poliakov: bets $0.09
timasch10: folds 
Uncalled bet ($0.09) returned to Dr_Poliakov
Dr_Poliakov collected $0.13 from pot
Dr_Poliakov: doesn't show hand 
*** SUMMARY ***
Total pot $0.13 | Rake $0 
Board [9h Qc 4s]
Seat 2: CitizenPU folded before Flop (didn't bet)
Seat 4: Dorex2007 (button) folded before Flop (didn't bet)
Seat 5: Boomz25 (small blind) folded before Flop
Seat 6: timasch10 (big blind) folded on the Flop
Seat 7: Dr_Poliakov collected ($0.13)
Seat 8: Fugazi Nemesis folded before Flop (didn't bet)
Seat 9: orlovac1995 folded before Flop (didn't bet)



PokerStars Hand #227775844198:  Hold'em No Limit ($0.01/$0.02 USD) - 2021/06/22 14:29:45 PT [2021/06/22 17:29:45 ET]
Table 'Ekard II' 9-max Seat #5 is the button
Seat 2: CitizenPU ($2.02 in chips) 
Seat 4: Dorex2007 ($1.97 in chips) 
Seat 5: Boomz25 ($1.82 in chips) 
Seat 6: timasch10 ($0.71 in chips) 
Seat 7: Dr_Poliakov ($2.76 in chips) 
Seat 8: Fugazi Nemesis ($1.89 in chips) 
Seat 9: orlovac1995 ($4.50 in chips) 
timasch10: posts small blind $0.01
Dr_Poliakov: posts big blind $0.02
*** HOLE CARDS ***
Dealt to Dorex2007 [8s 9s]
Fugazi Nemesis: raises $0.06 to $0.08
orlovac1995: folds 
CitizenPU: folds 
Dorex2007: calls $0.08
Boomz25: folds 
timasch10: folds 
Dr_Poliakov: folds 
*** FLOP *** [Kd 9d 4h]
Fugazi Nemesis: bets $0.20
Dorex2007: folds 
Uncalled bet ($0.20) returned to Fugazi Nemesis
Fugazi Nemesis collected $0.18 from pot
Fugazi Nemesis: doesn't show hand 
*** SUMMARY ***
Total pot $0.19 | Rake $0.01 
Board [Kd 9d 4h]
Seat 2: CitizenPU folded before Flop (didn't bet)
Seat 4: Dorex2007 folded on the Flop
Seat 5: Boomz25 (button) folded before Flop (didn't bet)
Seat 6: timasch10 (small blind) folded before Flop
Seat 7: Dr_Poliakov (big blind) folded before Flop
Seat 8: Fugazi Nemesis collected ($0.18)
Seat 9: orlovac1995 folded before Flop (didn't bet)



PokerStars Hand #227775854843:  Hold'em No Limit ($0.01/$0.02 USD) - 2021/06/22 14:30:10 PT [2021/06/22 17:30:10 ET]
Table 'Ekard II' 9-max Seat #6 is the button
Seat 2: CitizenPU ($2.02 in chips) 
Seat 4: Dorex2007 ($1.89 in chips) 
Seat 5: Boomz25 ($1.82 in chips) 
Seat 6: timasch10 ($0.70 in chips) 
Seat 7: Dr_Poliakov ($2.74 in chips) 
Seat 8: Fugazi Nemesis ($1.99 in chips) 
Seat 9: orlovac1995 ($4.50 in chips) 
Dr_Poliakov: posts small blind $0.01
Fugazi Nemesis: posts big blind $0.02
*** HOLE CARDS ***
Dealt to Dorex2007 [Jh Qd]
orlovac1995: calls $0.02
CitizenPU: calls $0.02
Dorex2007: folds 
Boomz25: folds 
timasch10: folds 
Dr_Poliakov: folds 
Fugazi Nemesis: checks 
*** FLOP *** [9c 8s Qs]
Fugazi Nemesis: checks 
orlovac1995: bets $0.04
CitizenPU: calls $0.04
Fugazi Nemesis: folds 
*** TURN *** [9c 8s Qs] [8d]
orlovac1995: bets $0.09
CitizenPU: folds 
Uncalled bet ($0.09) returned to orlovac1995
orlovac1995 collected $0.14 from pot
*** SUMMARY ***
Total pot $0.15 | Rake $0.01 
Board [9c 8s Qs 8d]
Seat 2: CitizenPU folded on the Turn
Seat 4: Dorex2007 folded before Flop (didn't bet)
Seat 5: Boomz25 folded before Flop (didn't bet)
Seat 6: timasch10 (button) folded before Flop (didn't bet)
Seat 7: Dr_Poliakov (small blind) folded before Flop
Seat 8: Fugazi Nemesis (big blind) folded on the Flop
Seat 9: orlovac1995 collected ($0.14)



PokerStars Hand #227775869739:  Hold'em No Limit ($0.01/$0.02 USD) - 2021/06/22 14:30:45 PT [2021/06/22 17:30:45 ET]
Table 'Ekard II' 9-max Seat #7 is the button
Seat 4: Dorex2007 ($1.89 in chips) 
Seat 5: Boomz25 ($1.82 in chips) 
Seat 6: timasch10 ($0.70 in chips) 
Seat 7: Dr_Poliakov ($2.73 in chips) 
Seat 8: Fugazi Nemesis ($1.97 in chips) 
Fugazi Nemesis: posts small blind $0.01
orlovac1995: is sitting out 
CitizenPU: is sitting out 
Dorex2007: posts big blind $0.02
*** HOLE CARDS ***
Dealt to Dorex2007 [Td 3c]
Boomz25: calls $0.02
timasch10: calls $0.02
Dr_Poliakov: folds 
Fugazi Nemesis: folds 
Dorex2007: checks 
*** FLOP *** [6h 4s Jc]
Dorex2007: checks 
Dr_Poliakov leaves the table
Boomz25: checks 
timasch10: checks 
*** TURN *** [6h 4s Jc] [Ah]
Dorex2007: checks 
Boomz25: checks 
timasch10: checks 
*** RIVER *** [6h 4s Jc Ah] [4c]
Dorex2007: checks 
Boomz25: checks 
timasch10: checks 
*** SHOW DOWN ***
Dorex2007: shows [Td 3c] (a pair of Fours)
Boomz25: shows [2d 2h] (two pair, Fours and Deuces)
timasch10: mucks hand 
Boomz25 collected $0.07 from pot
*** SUMMARY ***
Total pot $0.07 | Rake $0 
Board [6h 4s Jc Ah 4c]
Seat 4: Dorex2007 (big blind) showed [Td 3c] and lost with a pair of Fours
Seat 5: Boomz25 showed [2d 2h] and won ($0.07) with two pair, Fours and Deuces
Seat 6: timasch10 mucked [7d 9d]
Seat 7: Dr_Poliakov (button) folded before Flop (didn't bet)
Seat 8: Fugazi Nemesis (small blind) folded before Flop



