PokerStars Hand #237977549312:  Hold'em No Limit ($0.02/$0.05 USD) - 2022/08/13 21:00:05 PT [2022/08/14 0:00:05 ET]
Table 'Salome II' 9-max Seat #8 is the button
Seat 1: Dorex2007 ($6.04 in chips) 
Seat 2: only6-6lol ($7.82 in chips) 
Seat 3: AntonioBabic98 ($4.50 in chips) 
Seat 5: OSO-456 ($5.69 in chips) 
Seat 7: geniuss ($5 in chips) 
Seat 8: abobora71 ($7.13 in chips) 
Seat 9: LukeWinsGames ($8.50 in chips) 
LukeWinsGames: posts small blind $0.02
Dorex2007: posts big blind $0.05
*** HOLE CARDS ***
Dealt to Dorex2007 [5s Ac]
only6-6lol: raises $0.05 to $0.10
AntonioBabic98: calls $0.10
OSO-456: folds 
geniuss: folds 
abobora71: folds 
LukeWinsGames: folds 
Dorex2007: folds 
*** FLOP *** [Qs Kh 9c]
only6-6lol: bets $0.65
AntonioBabic98: folds 
Uncalled bet ($0.65) returned to only6-6lol
only6-6lol collected $0.26 from pot
*** SUMMARY ***
Total pot $0.27 | Rake $0.01 
Board [Qs Kh 9c]
Seat 1: Dorex2007 (big blind) folded before Flop
Seat 2: only6-6lol collected ($0.26)
Seat 3: AntonioBabic98 folded on the Flop
Seat 5: OSO-456 folded before Flop (didn't bet)
Seat 7: geniuss folded before Flop (didn't bet)
Seat 8: abobora71 (button) folded before Flop (didn't bet)
Seat 9: LukeWinsGames (small blind) folded before Flop



PokerStars Hand #237977555344:  Hold'em No Limit ($0.02/$0.05 USD) - 2022/08/13 21:00:55 PT [2022/08/14 0:00:55 ET]
Table 'Salome II' 9-max Seat #9 is the button
Seat 1: Dorex2007 ($5.99 in chips) 
Seat 2: only6-6lol ($7.98 in chips) 
Seat 3: AntonioBabic98 ($4.40 in chips) 
Seat 5: OSO-456 ($5.69 in chips) 
Seat 7: geniuss ($5 in chips) 
Seat 8: abobora71 ($7.13 in chips) 
Seat 9: LukeWinsGames ($8.48 in chips) 
Dorex2007: posts small blind $0.02
only6-6lol: posts big blind $0.05
*** HOLE CARDS ***
Dealt to Dorex2007 [Tc 9c]
AntonioBabic98: folds 
OSO-456: folds 
geniuss: folds 
abobora71: folds 
LukeWinsGames: raises $0.10 to $0.15
Dorex2007: calls $0.13
only6-6lol: raises $0.45 to $0.60
LukeWinsGames: folds 
Dorex2007: folds 
Uncalled bet ($0.45) returned to only6-6lol
only6-6lol collected $0.45 from pot
*** SUMMARY ***
Total pot $0.45 | Rake $0 
Seat 1: Dorex2007 (small blind) folded before Flop
Seat 2: only6-6lol (big blind) collected ($0.45)
Seat 3: AntonioBabic98 folded before Flop (didn't bet)
Seat 5: OSO-456 folded before Flop (didn't bet)
Seat 7: geniuss folded before Flop (didn't bet)
Seat 8: abobora71 folded before Flop (didn't bet)
Seat 9: LukeWinsGames (button) folded before Flop



PokerStars Hand #237977558865:  Hold'em No Limit ($0.02/$0.05 USD) - 2022/08/13 21:01:23 PT [2022/08/14 0:01:23 ET]
Table 'Salome II' 9-max Seat #1 is the button
Seat 1: Dorex2007 ($5.84 in chips) 
Seat 2: only6-6lol ($8.28 in chips) 
Seat 3: AntonioBabic98 ($4.40 in chips) 
Seat 4: AGVsmarT ($5.05 in chips) 
Seat 5: OSO-456 ($5.69 in chips) 
Seat 7: geniuss ($5 in chips) 
Seat 8: abobora71 ($7.13 in chips) 
Seat 9: LukeWinsGames ($8.33 in chips) 
only6-6lol: posts small blind $0.02
AntonioBabic98: posts big blind $0.05
*** HOLE CARDS ***
Dealt to Dorex2007 [8s Jc]
AGVsmarT: calls $0.05
OSO-456: raises $0.19 to $0.24
geniuss: folds 
abobora71: folds 
LukeWinsGames: folds 
Dorex2007: folds 
only6-6lol: calls $0.22
AntonioBabic98: folds 
AGVsmarT: folds 
*** FLOP *** [Kh 2d Ac]
only6-6lol: checks 
OSO-456: checks 
*** TURN *** [Kh 2d Ac] [9c]
only6-6lol: checks 
OSO-456: bets $0.42
only6-6lol: raises $0.42 to $0.84
foldea22 joins the table at seat #6 
OSO-456: calls $0.42
*** RIVER *** [Kh 2d Ac 9c] [6s]
only6-6lol: bets $2.50
OSO-456: folds 
Uncalled bet ($2.50) returned to only6-6lol
only6-6lol collected $2.17 from pot
*** SUMMARY ***
Total pot $2.26 | Rake $0.09 
Board [Kh 2d Ac 9c 6s]
Seat 1: Dorex2007 (button) folded before Flop (didn't bet)
Seat 2: only6-6lol (small blind) collected ($2.17)
Seat 3: AntonioBabic98 (big blind) folded before Flop
Seat 4: AGVsmarT folded before Flop
Seat 5: OSO-456 folded on the River
Seat 7: geniuss folded before Flop (didn't bet)
Seat 8: abobora71 folded before Flop (didn't bet)
Seat 9: LukeWinsGames folded before Flop (didn't bet)



PokerStars Hand #237977574821:  Hold'em No Limit ($0.02/$0.05 USD) - 2022/08/13 21:03:26 PT [2022/08/14 0:03:26 ET]
Table 'Salome II' 9-max Seat #2 is the button
Seat 1: Dorex2007 ($5.84 in chips) 
Seat 2: only6-6lol ($9.37 in chips) 
Seat 3: AntonioBabic98 ($4.35 in chips) 
Seat 4: AGVsmarT ($5 in chips) 
Seat 5: OSO-456 ($4.61 in chips) 
Seat 7: geniuss ($5 in chips) 
Seat 8: abobora71 ($7.13 in chips) 
Seat 9: LukeWinsGames ($8.33 in chips) 
AntonioBabic98: posts small blind $0.02
AGVsmarT: posts big blind $0.05
foldea22: is sitting out 
*** HOLE CARDS ***
Dealt to Dorex2007 [Jc 8c]
foldea22 leaves the table
OSO-456: folds 
geniuss: folds 
abobora71: folds 
LukeWinsGames: raises $0.10 to $0.15
Dorex2007: folds 
only6-6lol: calls $0.15
AntonioBabic98: folds 
AGVsmarT: folds 
*** FLOP *** [Qh Tc 6d]
LukeWinsGames: checks 
only6-6lol: checks 
*** TURN *** [Qh Tc 6d] [Ks]
LukeWinsGames: checks 
Seco031 joins the table at seat #6 
only6-6lol: checks 
*** RIVER *** [Qh Tc 6d Ks] [Kh]
LukeWinsGames: bets $0.17
only6-6lol: folds 
Uncalled bet ($0.17) returned to LukeWinsGames
LukeWinsGames collected $0.35 from pot
LukeWinsGames: doesn't show hand 
*** SUMMARY ***
Total pot $0.37 | Rake $0.02 
Board [Qh Tc 6d Ks Kh]
Seat 1: Dorex2007 folded before Flop (didn't bet)
Seat 2: only6-6lol (button) folded on the River
Seat 3: AntonioBabic98 (small blind) folded before Flop
Seat 4: AGVsmarT (big blind) folded before Flop
Seat 5: OSO-456 folded before Flop (didn't bet)
Seat 7: geniuss folded before Flop (didn't bet)
Seat 8: abobora71 folded before Flop (didn't bet)
Seat 9: LukeWinsGames collected ($0.35)



PokerStars Hand #237977582598:  Hold'em No Limit ($0.02/$0.05 USD) - 2022/08/13 21:04:26 PT [2022/08/14 0:04:26 ET]
Table 'Salome II' 9-max Seat #3 is the button
Seat 1: Dorex2007 ($5.84 in chips) 
Seat 2: only6-6lol ($9.22 in chips) 
Seat 3: AntonioBabic98 ($4.33 in chips) 
Seat 4: AGVsmarT ($4.95 in chips) 
Seat 5: OSO-456 ($4.61 in chips) 
Seat 7: geniuss ($5 in chips) 
Seat 8: abobora71 ($7.13 in chips) 
Seat 9: LukeWinsGames ($8.53 in chips) 
AGVsmarT: posts small blind $0.02
OSO-456: posts big blind $0.05
Seco031: sits out 
*** HOLE CARDS ***
Dealt to Dorex2007 [9h 7d]
geniuss: folds 
abobora71: folds 
LukeWinsGames: folds 
Dorex2007: folds 
only6-6lol: folds 
AntonioBabic98: folds 
AGVsmarT: folds 
Uncalled bet ($0.03) returned to OSO-456
OSO-456 collected $0.04 from pot
OSO-456: doesn't show hand 
*** SUMMARY ***
Total pot $0.04 | Rake $0 
Seat 1: Dorex2007 folded before Flop (didn't bet)
Seat 2: only6-6lol folded before Flop (didn't bet)
Seat 3: AntonioBabic98 (button) folded before Flop (didn't bet)
Seat 4: AGVsmarT (small blind) folded before Flop
Seat 5: OSO-456 (big blind) collected ($0.04)
Seat 7: geniuss folded before Flop (didn't bet)
Seat 8: abobora71 folded before Flop (didn't bet)
Seat 9: LukeWinsGames folded before Flop (didn't bet)



PokerStars Hand #237977585944:  Hold'em No Limit ($0.02/$0.05 USD) - 2022/08/13 21:04:51 PT [2022/08/14 0:04:51 ET]
Table 'Salome II' 9-max Seat #4 is the button
Seat 1: Dorex2007 ($5.84 in chips) 
Seat 2: only6-6lol ($9.22 in chips) 
Seat 3: AntonioBabic98 ($4.33 in chips) 
Seat 4: AGVsmarT ($4.93 in chips) 
Seat 5: OSO-456 ($4.63 in chips) 
Seat 6: Seco031 ($2 in chips) 
Seat 7: geniuss ($5 in chips) 
Seat 8: abobora71 ($7.13 in chips) 
Seat 9: LukeWinsGames ($8.53 in chips) 
OSO-456: posts small blind $0.02
Seco031: posts big blind $0.05
*** HOLE CARDS ***
Dealt to Dorex2007 [Ad Qd]
geniuss: folds 
abobora71: folds 
LukeWinsGames: raises $0.10 to $0.15
Dorex2007: calls $0.15
only6-6lol: calls $0.15
AntonioBabic98: folds 
AGVsmarT: folds 
OSO-456: folds 
Seco031: calls $0.10
*** FLOP *** [Qh 5h 6h]
Seco031: checks 
LukeWinsGames: bets $0.15
Dorex2007: folds 
only6-6lol: calls $0.15
Seco031: calls $0.15
*** TURN *** [Qh 5h 6h] [6c]
Seco031: checks 
LukeWinsGames: checks 
only6-6lol: checks 
*** RIVER *** [Qh 5h 6h 6c] [7s]
Seco031: checks 
LukeWinsGames: bets $0.25
only6-6lol: raises $1.70 to $1.95
Seco031: folds 
LukeWinsGames: calls $1.70
*** SHOW DOWN ***
only6-6lol: shows [Th 7h] (a flush, Queen high)
LukeWinsGames: shows [Js Jc] (two pair, Jacks and Sixes)
only6-6lol collected $4.76 from pot
*** SUMMARY ***
Total pot $4.97 | Rake $0.21 
Board [Qh 5h 6h 6c 7s]
Seat 1: Dorex2007 folded on the Flop
Seat 2: only6-6lol showed [Th 7h] and won ($4.76) with a flush, Queen high
Seat 3: AntonioBabic98 folded before Flop (didn't bet)
Seat 4: AGVsmarT (button) folded before Flop (didn't bet)
Seat 5: OSO-456 (small blind) folded before Flop
Seat 6: Seco031 (big blind) folded on the River
Seat 7: geniuss folded before Flop (didn't bet)
Seat 8: abobora71 folded before Flop (didn't bet)
Seat 9: LukeWinsGames showed [Js Jc] and lost with two pair, Jacks and Sixes



PokerStars Hand #237977599519:  Hold'em No Limit ($0.02/$0.05 USD) - 2022/08/13 21:06:36 PT [2022/08/14 0:06:36 ET]
Table 'Salome II' 9-max Seat #5 is the button
Seat 1: Dorex2007 ($5.69 in chips) 
Seat 2: only6-6lol ($11.73 in chips) 
Seat 3: AntonioBabic98 ($4.33 in chips) 
Seat 4: AGVsmarT ($4.93 in chips) 
Seat 5: OSO-456 ($4.61 in chips) 
Seat 6: Seco031 ($1.70 in chips) 
Seat 7: geniuss ($5 in chips) 
Seat 8: abobora71 ($7.13 in chips) 
Seat 9: LukeWinsGames ($6.28 in chips) 
Seco031: posts small blind $0.02
geniuss: posts big blind $0.05
*** HOLE CARDS ***
Dealt to Dorex2007 [Qc 4d]
abobora71: folds 
LukeWinsGames: folds 
Dorex2007: folds 
only6-6lol: calls $0.05
AntonioBabic98: folds 
AGVsmarT: calls $0.05
OSO-456: raises $0.23 to $0.28
Seco031: folds 
geniuss: folds 
only6-6lol: folds 
AGVsmarT: calls $0.23
*** FLOP *** [Js Th 7c]
AGVsmarT: bets $0.10
OSO-456: calls $0.10
*** TURN *** [Js Th 7c] [Qs]
AGVsmarT: checks 
OSO-456: checks 
*** RIVER *** [Js Th 7c Qs] [4s]
AGVsmarT: checks 
OSO-456: checks 
*** SHOW DOWN ***
AGVsmarT: shows [3h 3c] (a pair of Threes)
OSO-456: shows [Td Ad] (a pair of Tens)
OSO-456 collected $0.84 from pot
*** SUMMARY ***
Total pot $0.88 | Rake $0.04 
Board [Js Th 7c Qs 4s]
Seat 1: Dorex2007 folded before Flop (didn't bet)
Seat 2: only6-6lol folded before Flop
Seat 3: AntonioBabic98 folded before Flop (didn't bet)
Seat 4: AGVsmarT showed [3h 3c] and lost with a pair of Threes
Seat 5: OSO-456 (button) showed [Td Ad] and won ($0.84) with a pair of Tens
Seat 6: Seco031 (small blind) folded before Flop
Seat 7: geniuss (big blind) folded before Flop
Seat 8: abobora71 folded before Flop (didn't bet)
Seat 9: LukeWinsGames folded before Flop (didn't bet)



PokerStars Hand #237977611257:  Hold'em No Limit ($0.02/$0.05 USD) - 2022/08/13 21:08:08 PT [2022/08/14 0:08:08 ET]
Table 'Salome II' 9-max Seat #6 is the button
Seat 1: Dorex2007 ($5.69 in chips) 
Seat 2: only6-6lol ($11.68 in chips) 
Seat 3: AntonioBabic98 ($4.33 in chips) 
Seat 4: AGVsmarT ($4.55 in chips) 
Seat 5: OSO-456 ($5.07 in chips) 
Seat 6: Seco031 ($1.68 in chips) 
Seat 7: geniuss ($5 in chips) 
Seat 8: abobora71 ($7.13 in chips) 
Seat 9: LukeWinsGames ($6.28 in chips) 
geniuss: posts small blind $0.02
abobora71: posts big blind $0.05
*** HOLE CARDS ***
Dealt to Dorex2007 [5h 2c]
LukeWinsGames: folds 
Dorex2007: folds 
only6-6lol: calls $0.05
AntonioBabic98: folds 
AGVsmarT: folds 
OSO-456: folds 
Seco031: calls $0.05
geniuss: folds 
abobora71: checks 
*** FLOP *** [Qd 4c 5s]
abobora71: checks 
only6-6lol: checks 
Seco031: bets $0.20
abobora71: folds 
only6-6lol: folds 
Uncalled bet ($0.20) returned to Seco031
Seco031 collected $0.16 from pot
*** SUMMARY ***
Total pot $0.17 | Rake $0.01 
Board [Qd 4c 5s]
Seat 1: Dorex2007 folded before Flop (didn't bet)
Seat 2: only6-6lol folded on the Flop
Seat 3: AntonioBabic98 folded before Flop (didn't bet)
Seat 4: AGVsmarT folded before Flop (didn't bet)
Seat 5: OSO-456 folded before Flop (didn't bet)
Seat 6: Seco031 (button) collected ($0.16)
Seat 7: geniuss (small blind) folded before Flop
Seat 8: abobora71 (big blind) folded on the Flop
Seat 9: LukeWinsGames folded before Flop (didn't bet)



PokerStars Hand #237977618080:  Hold'em No Limit ($0.02/$0.05 USD) - 2022/08/13 21:09:00 PT [2022/08/14 0:09:00 ET]
Table 'Salome II' 9-max Seat #7 is the button
Seat 1: Dorex2007 ($5.69 in chips) 
Seat 2: only6-6lol ($11.63 in chips) 
Seat 3: AntonioBabic98 ($4.33 in chips) 
Seat 4: AGVsmarT ($4.55 in chips) 
Seat 5: OSO-456 ($5.07 in chips) 
Seat 6: Seco031 ($1.79 in chips) 
Seat 7: geniuss ($5 in chips) 
Seat 8: abobora71 ($7.08 in chips) 
Seat 9: LukeWinsGames ($6.28 in chips) 
abobora71: posts small blind $0.02
LukeWinsGames: posts big blind $0.05
*** HOLE CARDS ***
Dealt to Dorex2007 [3s Kh]
Dorex2007: folds 
only6-6lol: calls $0.05
AntonioBabic98: folds 
AGVsmarT: folds 
OSO-456: folds 
Seco031: calls $0.05
geniuss: folds 
abobora71: raises $0.05 to $0.10
LukeWinsGames: folds 
only6-6lol: calls $0.05
Seco031: raises $0.25 to $0.35
abobora71: calls $0.25
only6-6lol: folds 
*** FLOP *** [8d 2h 6h]
abobora71: checks 
Seco031: bets $1.44 and is all-in
abobora71: calls $1.44
*** TURN *** [8d 2h 6h] [2c]
*** RIVER *** [8d 2h 6h 2c] [6d]
*** SHOW DOWN ***
abobora71: shows [9h 9s] (two pair, Nines and Sixes)
Seco031: shows [Ad 5h] (two pair, Sixes and Deuces)
abobora71 cashed out the hand for $2.99 | Cash Out Fee $0.03
*** SUMMARY ***
Total pot $3.73 | Rake $0.15 
Board [8d 2h 6h 2c 6d]
Seat 1: Dorex2007 folded before Flop (didn't bet)
Seat 2: only6-6lol folded before Flop
Seat 3: AntonioBabic98 folded before Flop (didn't bet)
Seat 4: AGVsmarT folded before Flop (didn't bet)
Seat 5: OSO-456 folded before Flop (didn't bet)
Seat 6: Seco031 showed [Ad 5h] and lost with two pair, Sixes and Deuces
Seat 7: geniuss (button) folded before Flop (didn't bet)
Seat 8: abobora71 (small blind) showed [9h 9s] and won ($3.58) with two pair, Nines and Sixes (pot not awarded as player cashed out)
Seat 9: LukeWinsGames (big blind) folded before Flop



PokerStars Hand #237977626783:  Hold'em No Limit ($0.02/$0.05 USD) - 2022/08/13 21:10:07 PT [2022/08/14 0:10:07 ET]
Table 'Salome II' 9-max Seat #8 is the button
Seat 1: Dorex2007 ($5.69 in chips) 
Seat 2: only6-6lol ($11.53 in chips) 
Seat 3: AntonioBabic98 ($4.33 in chips) 
Seat 4: AGVsmarT ($4.55 in chips) 
Seat 5: OSO-456 ($5.07 in chips) 
Seat 7: geniuss ($5 in chips) 
Seat 8: abobora71 ($8.28 in chips) 
Seat 9: LukeWinsGames ($6.23 in chips) 
LukeWinsGames: posts small blind $0.02
Dorex2007: posts big blind $0.05
*** HOLE CARDS ***
Dealt to Dorex2007 [9h 3h]
only6-6lol: calls $0.05
AntonioBabic98: folds 
AGVsmarT: calls $0.05
OSO-456: folds 
geniuss has timed out
geniuss: folds 
abobora71: calls $0.05
LukeWinsGames: folds 
Dorex2007: checks 
*** FLOP *** [2c 4h Jh]
Dorex2007: checks 
only6-6lol: checks 
AGVsmarT: bets $0.21
abobora71: folds 
Dorex2007: folds 
only6-6lol: folds 
Uncalled bet ($0.21) returned to AGVsmarT
AGVsmarT collected $0.21 from pot
*** SUMMARY ***
Total pot $0.22 | Rake $0.01 
Board [2c 4h Jh]
Seat 1: Dorex2007 (big blind) folded on the Flop
Seat 2: only6-6lol folded on the Flop
Seat 3: AntonioBabic98 folded before Flop (didn't bet)
Seat 4: AGVsmarT collected ($0.21)
Seat 5: OSO-456 folded before Flop (didn't bet)
Seat 7: geniuss folded before Flop (didn't bet)
Seat 8: abobora71 (button) folded on the Flop
Seat 9: LukeWinsGames (small blind) folded before Flop



PokerStars Hand #237977637088:  Hold'em No Limit ($0.02/$0.05 USD) - 2022/08/13 21:11:28 PT [2022/08/14 0:11:28 ET]
Table 'Salome II' 9-max Seat #9 is the button
Seat 1: Dorex2007 ($5.64 in chips) 
Seat 2: only6-6lol ($11.48 in chips) 
Seat 3: AntonioBabic98 ($4.33 in chips) 
Seat 4: AGVsmarT ($4.71 in chips) 
Seat 5: OSO-456 ($5.07 in chips) 
Seat 8: abobora71 ($8.23 in chips) 
Seat 9: LukeWinsGames ($6.21 in chips) 
Dorex2007: posts small blind $0.02
only6-6lol: posts big blind $0.05
*** HOLE CARDS ***
Dealt to Dorex2007 [8c 6h]
AntonioBabic98: raises $0.10 to $0.15
AGVsmarT: folds 
OSO-456: folds 
abobora71: folds 
LukeWinsGames: folds 
Dorex2007: folds 
only6-6lol: calls $0.10
*** FLOP *** [5c Qd 4d]
only6-6lol: bets $0.31
AntonioBabic98: calls $0.31
*** TURN *** [5c Qd 4d] [As]
only6-6lol: checks 
AntonioBabic98: checks 
*** RIVER *** [5c Qd 4d As] [3h]
only6-6lol: checks 
AntonioBabic98: bets $0.45
only6-6lol: folds 
Uncalled bet ($0.45) returned to AntonioBabic98
AntonioBabic98 collected $0.90 from pot
AntonioBabic98: doesn't show hand 
*** SUMMARY ***
Total pot $0.94 | Rake $0.04 
Board [5c Qd 4d As 3h]
Seat 1: Dorex2007 (small blind) folded before Flop
Seat 2: only6-6lol (big blind) folded on the River
Seat 3: AntonioBabic98 collected ($0.90)
Seat 4: AGVsmarT folded before Flop (didn't bet)
Seat 5: OSO-456 folded before Flop (didn't bet)
Seat 8: abobora71 folded before Flop (didn't bet)
Seat 9: LukeWinsGames (button) folded before Flop (didn't bet)



PokerStars Hand #237977644193:  Hold'em No Limit ($0.02/$0.05 USD) - 2022/08/13 21:12:24 PT [2022/08/14 0:12:24 ET]
Table 'Salome II' 9-max Seat #1 is the button
Seat 1: Dorex2007 ($5.62 in chips) 
Seat 2: only6-6lol ($11.02 in chips) 
Seat 4: AGVsmarT ($4.71 in chips) 
Seat 5: OSO-456 ($5.07 in chips) 
Seat 8: abobora71 ($8.23 in chips) 
Seat 9: LukeWinsGames ($6.21 in chips) 
only6-6lol: posts small blind $0.02
AntonioBabic98: is sitting out 
AGVsmarT: posts big blind $0.05
*** HOLE CARDS ***
Dealt to Dorex2007 [Tc 6s]
OSO-456: folds 
Seco031 is disconnected 
abobora71: folds 
LukeWinsGames: folds 
Dorex2007: folds 
only6-6lol: raises $0.05 to $0.10
AGVsmarT: calls $0.05
*** FLOP *** [9d Qd Jc]
only6-6lol: checks 
AGVsmarT: bets $0.05
only6-6lol: calls $0.05
*** TURN *** [9d Qd Jc] [Ah]
geniuss leaves the table
only6-6lol: checks 
WeNaSo_07 joins the table at seat #7 
AGVsmarT: checks 
*** RIVER *** [9d Qd Jc Ah] [9c]
only6-6lol: bets $0.50
AGVsmarT: folds 
Uncalled bet ($0.50) returned to only6-6lol
only6-6lol collected $0.29 from pot
*** SUMMARY ***
Total pot $0.30 | Rake $0.01 
Board [9d Qd Jc Ah 9c]
Seat 1: Dorex2007 (button) folded before Flop (didn't bet)
Seat 2: only6-6lol (small blind) collected ($0.29)
Seat 4: AGVsmarT (big blind) folded on the River
Seat 5: OSO-456 folded before Flop (didn't bet)
Seat 8: abobora71 folded before Flop (didn't bet)
Seat 9: LukeWinsGames folded before Flop (didn't bet)



PokerStars Hand #237977663336:  Hold'em No Limit ($0.02/$0.05 USD) - 2022/08/13 21:13:14 PT [2022/08/14 0:13:14 ET]
Table 'Salome II' 9-max Seat #2 is the button
Seat 1: Dorex2007 ($5.62 in chips) 
Seat 2: only6-6lol ($11.16 in chips) 
Seat 4: AGVsmarT ($4.56 in chips) 
Seat 5: OSO-456 ($5.07 in chips) 
Seat 8: abobora71 ($8.23 in chips) 
Seat 9: LukeWinsGames ($6.21 in chips) 
AGVsmarT: posts small blind $0.02
OSO-456: posts big blind $0.05
WeNaSo_07: sits out 
*** HOLE CARDS ***
Dealt to Dorex2007 [Kc 2s]
abobora71: folds 
LukeWinsGames: folds 
Dorex2007 has timed out
Dorex2007: folds 
only6-6lol: calls $0.05
AGVsmarT: folds 
OSO-456: checks 
*** FLOP *** [Ad 7d 3c]
OSO-456: checks 
only6-6lol: checks 
*** TURN *** [Ad 7d 3c] [7h]
OSO-456: checks 
only6-6lol: checks 
*** RIVER *** [Ad 7d 3c 7h] [6h]
OSO-456: checks 
only6-6lol: checks 
*** SHOW DOWN ***
OSO-456: shows [Jc 2d] (a pair of Sevens)
only6-6lol: mucks hand 
OSO-456 collected $0.12 from pot
*** SUMMARY ***
Total pot $0.12 | Rake $0 
Board [Ad 7d 3c 7h 6h]
Seat 1: Dorex2007 folded before Flop (didn't bet)
Seat 2: only6-6lol (button) mucked [4h 8c]
Seat 4: AGVsmarT (small blind) folded before Flop
Seat 5: OSO-456 (big blind) showed [Jc 2d] and won ($0.12) with a pair of Sevens
Seat 8: abobora71 folded before Flop (didn't bet)
Seat 9: LukeWinsGames folded before Flop (didn't bet)



PokerStars Hand #237977669184:  Hold'em No Limit ($0.02/$0.05 USD) - 2022/08/13 21:14:00 PT [2022/08/14 0:14:00 ET]
Table 'Salome II' 9-max Seat #4 is the button
Seat 1: Dorex2007 ($5.62 in chips) 
Seat 2: only6-6lol ($11.11 in chips) 
Seat 3: AntonioBabic98 ($4.77 in chips) 
Seat 4: AGVsmarT ($4.54 in chips) 
Seat 5: OSO-456 ($5.14 in chips) 
Seat 7: WeNaSo_07 ($2.95 in chips) 
Seat 8: abobora71 ($8.23 in chips) 
Seat 9: LukeWinsGames ($6.21 in chips) 
OSO-456: posts small blind $0.02
WeNaSo_07: posts big blind $0.05
AntonioBabic98: posts small & big blinds $0.07
*** HOLE CARDS ***
Dealt to Dorex2007 [Qh Qs]
abobora71: folds 
LukeWinsGames: folds 
Dorex2007: raises $0.15 to $0.20
Seco031 is disconnected 
only6-6lol: calls $0.20
AntonioBabic98: folds 
AGVsmarT has timed out
AGVsmarT: folds 
OSO-456: folds 
WeNaSo_07: folds 
*** FLOP *** [9d 4d 9h]
Dorex2007: bets $0.52
only6-6lol: calls $0.52
*** TURN *** [9d 4d 9h] [6s]
Dorex2007: checks 
only6-6lol: checks 
*** RIVER *** [9d 4d 9h 6s] [9c]
Dorex2007: bets $1.51
only6-6lol: folds 
Uncalled bet ($1.51) returned to Dorex2007
Dorex2007 collected $1.51 from pot
Dorex2007: doesn't show hand 
*** SUMMARY ***
Total pot $1.58 | Rake $0.07 
Board [9d 4d 9h 6s 9c]
Seat 1: Dorex2007 collected ($1.51)
Seat 2: only6-6lol folded on the River
Seat 3: AntonioBabic98 folded before Flop (didn't bet)
Seat 4: AGVsmarT (button) folded before Flop (didn't bet)
Seat 5: OSO-456 (small blind) folded before Flop
Seat 7: WeNaSo_07 (big blind) folded before Flop
Seat 8: abobora71 folded before Flop (didn't bet)
Seat 9: LukeWinsGames folded before Flop (didn't bet)



PokerStars Hand #237977681382:  Hold'em No Limit ($0.02/$0.05 USD) - 2022/08/13 21:15:35 PT [2022/08/14 0:15:35 ET]
Table 'Salome II' 9-max Seat #5 is the button
Seat 1: Dorex2007 ($6.41 in chips) 
Seat 2: only6-6lol ($10.39 in chips) 
Seat 3: AntonioBabic98 ($4.70 in chips) 
Seat 5: OSO-456 ($5.12 in chips) 
Seat 7: WeNaSo_07 ($2.90 in chips) 
Seat 9: LukeWinsGames ($6.21 in chips) 
WeNaSo_07: posts small blind $0.02
LukeWinsGames: posts big blind $0.05
*** HOLE CARDS ***
Dealt to Dorex2007 [Qs 9s]
Dorex2007: folds 
only6-6lol: raises $0.12 to $0.17
AntonioBabic98: folds 
OSO-456: folds 
WeNaSo_07: folds 
LukeWinsGames: folds 
Uncalled bet ($0.12) returned to only6-6lol
only6-6lol collected $0.12 from pot
*** SUMMARY ***
Total pot $0.12 | Rake $0 
Seat 1: Dorex2007 folded before Flop (didn't bet)
Seat 2: only6-6lol collected ($0.12)
Seat 3: AntonioBabic98 folded before Flop (didn't bet)
Seat 5: OSO-456 (button) folded before Flop (didn't bet)
Seat 7: WeNaSo_07 (small blind) folded before Flop
Seat 9: LukeWinsGames (big blind) folded before Flop



PokerStars Hand #237977684233:  Hold'em No Limit ($0.02/$0.05 USD) - 2022/08/13 21:15:58 PT [2022/08/14 0:15:58 ET]
Table 'Salome II' 9-max Seat #7 is the button
Seat 1: Dorex2007 ($6.41 in chips) 
Seat 2: only6-6lol ($10.46 in chips) 
Seat 3: AntonioBabic98 ($4.70 in chips) 
Seat 4: AGVsmarT ($4.54 in chips) 
Seat 5: OSO-456 ($5.12 in chips) 
Seat 7: WeNaSo_07 ($2.88 in chips) 
Seat 9: LukeWinsGames ($6.16 in chips) 
LukeWinsGames: posts small blind $0.02
Dorex2007: posts big blind $0.05
*** HOLE CARDS ***
Dealt to Dorex2007 [Ts 8s]
only6-6lol: calls $0.05
AntonioBabic98: raises $0.15 to $0.20
AGVsmarT: folds 
OSO-456: folds 
WeNaSo_07: folds 
LukeWinsGames: folds 
Dorex2007: folds 
only6-6lol: calls $0.15
*** FLOP *** [Ah 5h 2s]
only6-6lol: checks 
AntonioBabic98: checks 
*** TURN *** [Ah 5h 2s] [Tc]
only6-6lol: bets $0.05
AntonioBabic98: raises $0.20 to $0.25
only6-6lol: raises $0.20 to $0.45
AntonioBabic98: raises $0.45 to $0.90
only6-6lol: raises $9.36 to $10.26 and is all-in
AntonioBabic98: calls $3.60 and is all-in
Uncalled bet ($5.76) returned to only6-6lol
*** RIVER *** [Ah 5h 2s Tc] [Qc]
*** SHOW DOWN ***
only6-6lol: shows [2h 2d] (three of a kind, Deuces)
AntonioBabic98: shows [Ad Ac] (three of a kind, Aces)
AntonioBabic98 collected $9.08 from pot
*** SUMMARY ***
Total pot $9.47 | Rake $0.39 
Board [Ah 5h 2s Tc Qc]
Seat 1: Dorex2007 (big blind) folded before Flop
Seat 2: only6-6lol showed [2h 2d] and lost with three of a kind, Deuces
Seat 3: AntonioBabic98 showed [Ad Ac] and won ($9.08) with three of a kind, Aces
Seat 4: AGVsmarT folded before Flop (didn't bet)
Seat 5: OSO-456 folded before Flop (didn't bet)
Seat 7: WeNaSo_07 (button) folded before Flop (didn't bet)
Seat 9: LukeWinsGames (small blind) folded before Flop



PokerStars Hand #237977697219:  Hold'em No Limit ($0.02/$0.05 USD) - 2022/08/13 21:17:37 PT [2022/08/14 0:17:37 ET]
Table 'Salome II' 9-max Seat #9 is the button
Seat 1: Dorex2007 ($6.36 in chips) 
Seat 2: only6-6lol ($5.76 in chips) 
Seat 3: AntonioBabic98 ($9.08 in chips) 
Seat 4: AGVsmarT ($4.54 in chips) 
Seat 5: OSO-456 ($5.12 in chips) 
Seat 7: WeNaSo_07 ($2.88 in chips) 
Seat 9: LukeWinsGames ($6.14 in chips) 
Dorex2007: posts small blind $0.02
only6-6lol: posts big blind $0.05
abobora71: sits out 
*** HOLE CARDS ***
Dealt to Dorex2007 [7s 3d]
AntonioBabic98: folds 
AGVsmarT: raises $0.12 to $0.17
OSO-456: folds 
WeNaSo_07: folds 
LukeWinsGames: folds 
Dorex2007: folds 
only6-6lol: raises $0.36 to $0.53
AGVsmarT: calls $0.36
*** FLOP *** [9d Kh 6c]
only6-6lol: checks 
AGVsmarT: bets $0.52
only6-6lol: calls $0.52
*** TURN *** [9d Kh 6c] [Jd]
only6-6lol: checks 
AGVsmarT: checks 
*** RIVER *** [9d Kh 6c Jd] [7c]
only6-6lol: checks 
AGVsmarT: checks 
*** SHOW DOWN ***
only6-6lol: shows [8c 8h] (a pair of Eights)
AGVsmarT: shows [Qh Qd] (a pair of Queens)
AGVsmarT collected $2.03 from pot
*** SUMMARY ***
Total pot $2.12 | Rake $0.09 
Board [9d Kh 6c Jd 7c]
Seat 1: Dorex2007 (small blind) folded before Flop
Seat 2: only6-6lol (big blind) showed [8c 8h] and lost with a pair of Eights
Seat 3: AntonioBabic98 folded before Flop (didn't bet)
Seat 4: AGVsmarT showed [Qh Qd] and won ($2.03) with a pair of Queens
Seat 5: OSO-456 folded before Flop (didn't bet)
Seat 7: WeNaSo_07 folded before Flop (didn't bet)
Seat 9: LukeWinsGames (button) folded before Flop (didn't bet)



PokerStars Hand #237977703920:  Hold'em No Limit ($0.02/$0.05 USD) - 2022/08/13 21:18:29 PT [2022/08/14 0:18:29 ET]
Table 'Salome II' 9-max Seat #1 is the button
Seat 1: Dorex2007 ($6.34 in chips) 
Seat 2: only6-6lol ($4.71 in chips) 
Seat 3: AntonioBabic98 ($9.08 in chips) 
Seat 4: AGVsmarT ($5.52 in chips) 
Seat 5: OSO-456 ($5.12 in chips) 
Seat 7: WeNaSo_07 ($2.88 in chips) 
Seat 9: LukeWinsGames ($6.14 in chips) 
only6-6lol: posts small blind $0.02
AntonioBabic98: posts big blind $0.05
abobora71: sits out 
*** HOLE CARDS ***
Dealt to Dorex2007 [7h Kd]
AGVsmarT: folds 
OSO-456: raises $0.10 to $0.15
WeNaSo_07: folds 
LukeWinsGames: folds 
Dorex2007: folds 
only6-6lol: raises $0.10 to $0.25
AntonioBabic98: folds 
OSO-456: raises $0.61 to $0.86
only6-6lol: folds 
Uncalled bet ($0.61) returned to OSO-456
OSO-456 collected $0.55 from pot
OSO-456: doesn't show hand 
*** SUMMARY ***
Total pot $0.55 | Rake $0 
Seat 1: Dorex2007 (button) folded before Flop (didn't bet)
Seat 2: only6-6lol (small blind) folded before Flop
Seat 3: AntonioBabic98 (big blind) folded before Flop
Seat 4: AGVsmarT folded before Flop (didn't bet)
Seat 5: OSO-456 collected ($0.55)
Seat 7: WeNaSo_07 folded before Flop (didn't bet)
Seat 9: LukeWinsGames folded before Flop (didn't bet)



PokerStars Hand #237977716085:  Hold'em No Limit ($0.02/$0.05 USD) - 2022/08/13 21:19:32 PT [2022/08/14 0:19:32 ET]
Table 'Salome II' 9-max Seat #2 is the button
Seat 1: Dorex2007 ($6.34 in chips) 
Seat 2: only6-6lol ($4.46 in chips) 
Seat 3: AntonioBabic98 ($9.03 in chips) 
Seat 4: AGVsmarT ($5.52 in chips) 
Seat 5: OSO-456 ($5.42 in chips) 
Seat 7: WeNaSo_07 ($2.88 in chips) 
Seat 9: LukeWinsGames ($6.14 in chips) 
AntonioBabic98: posts small blind $0.02
AGVsmarT: posts big blind $0.05
abobora71: sits out 
*** HOLE CARDS ***
Dealt to Dorex2007 [9d 2h]
OSO-456: folds 
WeNaSo_07: folds 
LukeWinsGames: raises $0.10 to $0.15
Dorex2007: folds 
only6-6lol: calls $0.15
AntonioBabic98: folds 
AGVsmarT: folds 
*** FLOP *** [5c Kd 9s]
LukeWinsGames: bets $0.17
only6-6lol: calls $0.17
*** TURN *** [5c Kd 9s] [8c]
LukeWinsGames: checks 
only6-6lol: checks 
*** RIVER *** [5c Kd 9s 8c] [3c]
LukeWinsGames: bets $0.68
only6-6lol: calls $0.68
*** SHOW DOWN ***
LukeWinsGames: shows [As 2s] (high card Ace)
only6-6lol: shows [Kh 6c] (a pair of Kings)
only6-6lol collected $1.98 from pot
*** SUMMARY ***
Total pot $2.07 | Rake $0.09 
Board [5c Kd 9s 8c 3c]
Seat 1: Dorex2007 folded before Flop (didn't bet)
Seat 2: only6-6lol (button) showed [Kh 6c] and won ($1.98) with a pair of Kings
Seat 3: AntonioBabic98 (small blind) folded before Flop
Seat 4: AGVsmarT (big blind) folded before Flop
Seat 5: OSO-456 folded before Flop (didn't bet)
Seat 7: WeNaSo_07 folded before Flop (didn't bet)
Seat 9: LukeWinsGames showed [As 2s] and lost with high card Ace



PokerStars Hand #237977722167:  Hold'em No Limit ($0.02/$0.05 USD) - 2022/08/13 21:20:19 PT [2022/08/14 0:20:19 ET]
Table 'Salome II' 9-max Seat #3 is the button
Seat 1: Dorex2007 ($6.34 in chips) 
Seat 2: only6-6lol ($5.44 in chips) 
Seat 3: AntonioBabic98 ($9.01 in chips) 
Seat 4: AGVsmarT ($5.47 in chips) 
Seat 5: OSO-456 ($5.42 in chips) 
Seat 7: WeNaSo_07 ($2.88 in chips) 
Seat 9: LukeWinsGames ($5.14 in chips) 
AGVsmarT: posts small blind $0.02
OSO-456: posts big blind $0.05
abobora71: sits out 
*** HOLE CARDS ***
Dealt to Dorex2007 [Ah Qh]
WeNaSo_07: folds 
LukeWinsGames: folds 
Dorex2007: raises $0.15 to $0.20
only6-6lol: calls $0.20
AntonioBabic98: folds 
AGVsmarT: folds 
OSO-456: folds 
*** FLOP *** [2c Ks 8h]
Dorex2007: checks 
only6-6lol: checks 
*** TURN *** [2c Ks 8h] [5d]
Dorex2007: checks 
only6-6lol: checks 
*** RIVER *** [2c Ks 8h 5d] [8d]
Dorex2007: checks 
only6-6lol: checks 
*** SHOW DOWN ***
Dorex2007: shows [Ah Qh] (a pair of Eights)
only6-6lol: mucks hand 
Dorex2007 collected $0.45 from pot
*** SUMMARY ***
Total pot $0.47 | Rake $0.02 
Board [2c Ks 8h 5d 8d]
Seat 1: Dorex2007 showed [Ah Qh] and won ($0.45) with a pair of Eights
Seat 2: only6-6lol mucked [9s Th]
Seat 3: AntonioBabic98 (button) folded before Flop (didn't bet)
Seat 4: AGVsmarT (small blind) folded before Flop
Seat 5: OSO-456 (big blind) folded before Flop
Seat 7: WeNaSo_07 folded before Flop (didn't bet)
Seat 9: LukeWinsGames folded before Flop (didn't bet)



PokerStars Hand #237977729236:  Hold'em No Limit ($0.02/$0.05 USD) - 2022/08/13 21:21:15 PT [2022/08/14 0:21:15 ET]
Table 'Salome II' 9-max Seat #4 is the button
Seat 1: Dorex2007 ($6.59 in chips) 
Seat 2: only6-6lol ($5.24 in chips) 
Seat 3: AntonioBabic98 ($9.01 in chips) 
Seat 4: AGVsmarT ($5.45 in chips) 
Seat 5: OSO-456 ($5.37 in chips) 
Seat 7: WeNaSo_07 ($2.88 in chips) 
Seat 9: LukeWinsGames ($5.14 in chips) 
OSO-456: posts small blind $0.02
WeNaSo_07: posts big blind $0.05
abobora71: sits out 
*** HOLE CARDS ***
Dealt to Dorex2007 [6d 2d]
LukeWinsGames: folds 
Dorex2007: folds 
only6-6lol: calls $0.05
AntonioBabic98: folds 
AGVsmarT: folds 
OSO-456: folds 
WeNaSo_07: checks 
*** FLOP *** [3c Td Jd]
WeNaSo_07: checks 
only6-6lol: checks 
*** TURN *** [3c Td Jd] [4c]
WeNaSo_07: checks 
only6-6lol: checks 
*** RIVER *** [3c Td Jd 4c] [Qs]
WeNaSo_07: checks 
only6-6lol: checks 
*** SHOW DOWN ***
WeNaSo_07: shows [6s Ah] (high card Ace)
only6-6lol: shows [2c Th] (a pair of Tens)
only6-6lol collected $0.12 from pot
*** SUMMARY ***
Total pot $0.12 | Rake $0 
Board [3c Td Jd 4c Qs]
Seat 1: Dorex2007 folded before Flop (didn't bet)
Seat 2: only6-6lol showed [2c Th] and won ($0.12) with a pair of Tens
Seat 3: AntonioBabic98 folded before Flop (didn't bet)
Seat 4: AGVsmarT (button) folded before Flop (didn't bet)
Seat 5: OSO-456 (small blind) folded before Flop
Seat 7: WeNaSo_07 (big blind) showed [6s Ah] and lost with high card Ace
Seat 9: LukeWinsGames folded before Flop (didn't bet)



PokerStars Hand #237977733150:  Hold'em No Limit ($0.02/$0.05 USD) - 2022/08/13 21:21:46 PT [2022/08/14 0:21:46 ET]
Table 'Salome II' 9-max Seat #5 is the button
Seat 1: Dorex2007 ($6.59 in chips) 
Seat 2: only6-6lol ($5.31 in chips) 
Seat 3: AntonioBabic98 ($9.01 in chips) 
Seat 4: AGVsmarT ($5.45 in chips) 
Seat 5: OSO-456 ($5.35 in chips) 
Seat 7: WeNaSo_07 ($2.83 in chips) 
Seat 8: abobora71 ($8.23 in chips) 
Seat 9: LukeWinsGames ($5.14 in chips) 
WeNaSo_07: posts small blind $0.02
abobora71: posts big blind $0.05
*** HOLE CARDS ***
Dealt to Dorex2007 [6s Jh]
LukeWinsGames: folds 
Dorex2007: folds 
only6-6lol: calls $0.05
AntonioBabic98: folds 
AGVsmarT: folds 
OSO-456: folds 
WeNaSo_07: folds 
abobora71: checks 
*** FLOP *** [6c Qc As]
abobora71: checks 
only6-6lol: checks 
*** TURN *** [6c Qc As] [Kd]
abobora71: checks 
only6-6lol: checks 
*** RIVER *** [6c Qc As Kd] [7c]
abobora71: checks 
only6-6lol: checks 
*** SHOW DOWN ***
abobora71: shows [5h 9c] (high card Ace)
only6-6lol: shows [3d 6d] (a pair of Sixes)
only6-6lol collected $0.12 from pot
*** SUMMARY ***
Total pot $0.12 | Rake $0 
Board [6c Qc As Kd 7c]
Seat 1: Dorex2007 folded before Flop (didn't bet)
Seat 2: only6-6lol showed [3d 6d] and won ($0.12) with a pair of Sixes
Seat 3: AntonioBabic98 folded before Flop (didn't bet)
Seat 4: AGVsmarT folded before Flop (didn't bet)
Seat 5: OSO-456 (button) folded before Flop (didn't bet)
Seat 7: WeNaSo_07 (small blind) folded before Flop
Seat 8: abobora71 (big blind) showed [5h 9c] and lost with high card Ace
Seat 9: LukeWinsGames folded before Flop (didn't bet)



PokerStars Hand #237977741793:  Hold'em No Limit ($0.02/$0.05 USD) - 2022/08/13 21:22:54 PT [2022/08/14 0:22:54 ET]
Table 'Salome II' 9-max Seat #7 is the button
Seat 1: Dorex2007 ($6.59 in chips) 
Seat 2: only6-6lol ($5.38 in chips) 
Seat 3: AntonioBabic98 ($9.01 in chips) 
Seat 4: AGVsmarT ($5.45 in chips) 
Seat 5: OSO-456 ($5.35 in chips) 
Seat 7: WeNaSo_07 ($2.81 in chips) 
Seat 9: LukeWinsGames ($5.14 in chips) 
LukeWinsGames: posts small blind $0.02
Dorex2007: posts big blind $0.05
*** HOLE CARDS ***
Dealt to Dorex2007 [Qs Kd]
only6-6lol: raises $0.12 to $0.17
AntonioBabic98: folds 
AGVsmarT: folds 
OSO-456: folds 
WeNaSo_07: folds 
LukeWinsGames: folds 
Dorex2007: calls $0.12
*** FLOP *** [Js 8s Jc]
Dorex2007: bets $0.17
only6-6lol: calls $0.17
*** TURN *** [Js 8s Jc] [7c]
Dorex2007: checks 
only6-6lol: checks 
*** RIVER *** [Js 8s Jc 7c] [Jh]
Dorex2007: bets $0.33
only6-6lol: calls $0.33
*** SHOW DOWN ***
Dorex2007: shows [Qs Kd] (three of a kind, Jacks)
only6-6lol: shows [Th Ad] (three of a kind, Jacks - Ace kicker)
only6-6lol collected $1.30 from pot
*** SUMMARY ***
Total pot $1.36 | Rake $0.06 
Board [Js 8s Jc 7c Jh]
Seat 1: Dorex2007 (big blind) showed [Qs Kd] and lost with three of a kind, Jacks
Seat 2: only6-6lol showed [Th Ad] and won ($1.30) with three of a kind, Jacks
Seat 3: AntonioBabic98 folded before Flop (didn't bet)
Seat 4: AGVsmarT folded before Flop (didn't bet)
Seat 5: OSO-456 folded before Flop (didn't bet)
Seat 7: WeNaSo_07 (button) folded before Flop (didn't bet)
Seat 9: LukeWinsGames (small blind) folded before Flop



PokerStars Hand #237977748121:  Hold'em No Limit ($0.02/$0.05 USD) - 2022/08/13 21:23:44 PT [2022/08/14 0:23:44 ET]
Table 'Salome II' 9-max Seat #9 is the button
Seat 1: Dorex2007 ($5.92 in chips) 
Seat 2: only6-6lol ($6.01 in chips) 
Seat 3: AntonioBabic98 ($9.01 in chips) 
Seat 4: AGVsmarT ($5.45 in chips) 
Seat 5: OSO-456 ($5.35 in chips) 
Seat 7: WeNaSo_07 ($2.81 in chips) 
Seat 9: LukeWinsGames ($5.12 in chips) 
Dorex2007: posts small blind $0.02
only6-6lol: posts big blind $0.05
*** HOLE CARDS ***
Dealt to Dorex2007 [Ad 3d]
AntonioBabic98: folds 
AGVsmarT: folds 
OSO-456: raises $0.10 to $0.15
WeNaSo_07: folds 
LukeWinsGames: folds 
Dorex2007: folds 
only6-6lol: calls $0.10
*** FLOP *** [Ac 5s 7h]
only6-6lol: checks 
Seco031 leaves the table
OSO-456: checks 
*** TURN *** [Ac 5s 7h] [3s]
only6-6lol: checks 
OSO-456: checks 
*** RIVER *** [Ac 5s 7h 3s] [Kd]
only6-6lol: bets $0.31
OSO-456: calls $0.31
*** SHOW DOWN ***
only6-6lol: shows [7c 8c] (a pair of Sevens)
OSO-456: shows [Kh Jc] (a pair of Kings)
OSO-456 collected $0.90 from pot
*** SUMMARY ***
Total pot $0.94 | Rake $0.04 
Board [Ac 5s 7h 3s Kd]
Seat 1: Dorex2007 (small blind) folded before Flop
Seat 2: only6-6lol (big blind) showed [7c 8c] and lost with a pair of Sevens
Seat 3: AntonioBabic98 folded before Flop (didn't bet)
Seat 4: AGVsmarT folded before Flop (didn't bet)
Seat 5: OSO-456 showed [Kh Jc] and won ($0.90) with a pair of Kings
Seat 7: WeNaSo_07 folded before Flop (didn't bet)
Seat 9: LukeWinsGames (button) folded before Flop (didn't bet)



PokerStars Hand #237977755988:  Hold'em No Limit ($0.02/$0.05 USD) - 2022/08/13 21:24:47 PT [2022/08/14 0:24:47 ET]
Table 'Salome II' 9-max Seat #1 is the button
Seat 1: Dorex2007 ($5.90 in chips) 
Seat 2: only6-6lol ($5.55 in chips) 
Seat 3: AntonioBabic98 ($9.01 in chips) 
Seat 4: AGVsmarT ($5.45 in chips) 
Seat 5: OSO-456 ($5.79 in chips) 
Seat 7: WeNaSo_07 ($2.81 in chips) 
Seat 9: LukeWinsGames ($5.12 in chips) 
only6-6lol: posts small blind $0.02
AntonioBabic98: posts big blind $0.05
*** HOLE CARDS ***
Dealt to Dorex2007 [Jd Ts]
Templar85 joins the table at seat #6 
AGVsmarT: raises $0.12 to $0.17
OSO-456: folds 
WeNaSo_07: folds 
LukeWinsGames: calls $0.17
Dorex2007: folds 
only6-6lol: calls $0.15
AntonioBabic98: folds 
*** FLOP *** [9d Ad 8s]
only6-6lol: checks 
AGVsmarT: checks 
LukeWinsGames: bets $0.27
only6-6lol: folds 
AGVsmarT: folds 
Uncalled bet ($0.27) returned to LukeWinsGames
LukeWinsGames collected $0.54 from pot
LukeWinsGames: doesn't show hand 
*** SUMMARY ***
Total pot $0.56 | Rake $0.02 
Board [9d Ad 8s]
Seat 1: Dorex2007 (button) folded before Flop (didn't bet)
Seat 2: only6-6lol (small blind) folded on the Flop
Seat 3: AntonioBabic98 (big blind) folded before Flop
Seat 4: AGVsmarT folded on the Flop
Seat 5: OSO-456 folded before Flop (didn't bet)
Seat 7: WeNaSo_07 folded before Flop (didn't bet)
Seat 9: LukeWinsGames collected ($0.54)



PokerStars Hand #237977760032:  Hold'em No Limit ($0.02/$0.05 USD) - 2022/08/13 21:25:19 PT [2022/08/14 0:25:19 ET]
Table 'Salome II' 9-max Seat #2 is the button
Seat 1: Dorex2007 ($5.90 in chips) 
Seat 2: only6-6lol ($5.38 in chips) 
Seat 3: AntonioBabic98 ($8.96 in chips) 
Seat 4: AGVsmarT ($5.28 in chips) 
Seat 5: OSO-456 ($5.79 in chips) 
Seat 7: WeNaSo_07 ($2.81 in chips) 
Seat 9: LukeWinsGames ($5.49 in chips) 
AntonioBabic98: posts small blind $0.02
AGVsmarT: posts big blind $0.05
Templar85: sits out 
*** HOLE CARDS ***
Dealt to Dorex2007 [4h 3c]
OSO-456: folds 
WeNaSo_07: folds 
LukeWinsGames: folds 
Dorex2007: folds 
only6-6lol: calls $0.05
AntonioBabic98: raises $0.10 to $0.15
AGVsmarT: folds 
only6-6lol: calls $0.10
*** FLOP *** [7s Ac 7h]
AntonioBabic98: checks 
only6-6lol: checks 
*** TURN *** [7s Ac 7h] [7c]
AntonioBabic98: checks 
only6-6lol: checks 
*** RIVER *** [7s Ac 7h 7c] [5c]
AntonioBabic98: bets $0.34
only6-6lol: raises $4.89 to $5.23 and is all-in
Templar85 leaves the table
AntonioBabic98: calls $4.89
*** SHOW DOWN ***
only6-6lol: shows [7d 5s] (four of a kind, Sevens)
AntonioBabic98: shows [Ad Ts] (a full house, Sevens full of Aces)
only6-6lol collected $10.36 from pot
*** SUMMARY ***
Total pot $10.81 | Rake $0.45 
Board [7s Ac 7h 7c 5c]
Seat 1: Dorex2007 folded before Flop (didn't bet)
Seat 2: only6-6lol (button) showed [7d 5s] and won ($10.36) with four of a kind, Sevens
Seat 3: AntonioBabic98 (small blind) showed [Ad Ts] and lost with a full house, Sevens full of Aces
Seat 4: AGVsmarT (big blind) folded before Flop
Seat 5: OSO-456 folded before Flop (didn't bet)
Seat 7: WeNaSo_07 folded before Flop (didn't bet)
Seat 9: LukeWinsGames folded before Flop (didn't bet)



