PokerStars Hand #225474671367:  Hold'em No Limit ($0.01/$0.02 USD) - 2021/04/03 15:23:18 PT [2021/04/03 18:23:18 ET]
Table 'Alcinoos II' 9-max Seat #1 is the button
Seat 1: Tutanhamon15 ($2.47 in chips) 
Seat 2: pickel951 ($2.82 in chips) 
Seat 3: xandeskt ($2.58 in chips) 
Seat 4: SultAAnofSw1ngs ($3.27 in chips) 
Seat 5: alex_mas2 ($2.54 in chips) 
Seat 6: wlyanna ($1.99 in chips) 
Seat 7: floriano1946 ($2.99 in chips) 
Seat 8: goctoja ($2.23 in chips) 
Seat 9: Dorex2007 ($1.50 in chips) 
pickel951: posts small blind $0.01
xandeskt: posts big blind $0.02
Dorex2007: posts big blind $0.02
*** HOLE CARDS ***
Dealt to Dorex2007 [7d Ac]
SultAAnofSw1ngs: folds 
alex_mas2: folds 
wlyanna: folds 
floriano1946: raises $0.02 to $0.04
goctoja: folds 
Dorex2007: folds 
Tutanhamon15: folds 
pickel951: folds 
xandeskt: folds 
Uncalled bet ($0.02) returned to floriano1946
floriano1946 collected $0.07 from pot
floriano1946: doesn't show hand 
*** SUMMARY ***
Total pot $0.07 | Rake $0 
Seat 1: Tutanhamon15 (button) folded before Flop (didn't bet)
Seat 2: pickel951 (small blind) folded before Flop
Seat 3: xandeskt (big blind) folded before Flop
Seat 4: SultAAnofSw1ngs folded before Flop (didn't bet)
Seat 5: alex_mas2 folded before Flop (didn't bet)
Seat 6: wlyanna folded before Flop (didn't bet)
Seat 7: floriano1946 collected ($0.07)
Seat 8: goctoja folded before Flop (didn't bet)
Seat 9: Dorex2007 folded before Flop (didn't bet)



PokerStars Hand #225474685640:  Hold'em No Limit ($0.01/$0.02 USD) - 2021/04/03 15:23:44 PT [2021/04/03 18:23:44 ET]
Table 'Alcinoos II' 9-max Seat #2 is the button
Seat 1: Tutanhamon15 ($2.47 in chips) 
Seat 2: pickel951 ($2.81 in chips) 
Seat 3: xandeskt ($2.56 in chips) 
Seat 4: SultAAnofSw1ngs ($3.27 in chips) 
Seat 5: alex_mas2 ($2.54 in chips) 
Seat 6: wlyanna ($1.99 in chips) 
Seat 7: floriano1946 ($3.04 in chips) 
Seat 8: goctoja ($2.23 in chips) 
Seat 9: Dorex2007 ($1.48 in chips) 
xandeskt: posts small blind $0.01
SultAAnofSw1ngs: posts big blind $0.02
*** HOLE CARDS ***
Dealt to Dorex2007 [As 5d]
alex_mas2: folds 
wlyanna: folds 
floriano1946: raises $0.04 to $0.06
goctoja: folds 
Dorex2007: folds 
Tutanhamon15: folds 
pickel951: calls $0.06
xandeskt: folds 
SultAAnofSw1ngs: calls $0.04
*** FLOP *** [Jh Js Qs]
SultAAnofSw1ngs: checks 
floriano1946: bets $0.08
pickel951: folds 
SultAAnofSw1ngs: folds 
Uncalled bet ($0.08) returned to floriano1946
floriano1946 collected $0.18 from pot
floriano1946: doesn't show hand 
*** SUMMARY ***
Total pot $0.19 | Rake $0.01 
Board [Jh Js Qs]
Seat 1: Tutanhamon15 folded before Flop (didn't bet)
Seat 2: pickel951 (button) folded on the Flop
Seat 3: xandeskt (small blind) folded before Flop
Seat 4: SultAAnofSw1ngs (big blind) folded on the Flop
Seat 5: alex_mas2 folded before Flop (didn't bet)
Seat 6: wlyanna folded before Flop (didn't bet)
Seat 7: floriano1946 collected ($0.18)
Seat 8: goctoja folded before Flop (didn't bet)
Seat 9: Dorex2007 folded before Flop (didn't bet)



PokerStars Hand #225474711804:  Hold'em No Limit ($0.01/$0.02 USD) - 2021/04/03 15:24:32 PT [2021/04/03 18:24:32 ET]
Table 'Alcinoos II' 9-max Seat #3 is the button
Seat 1: Tutanhamon15 ($2.47 in chips) 
Seat 2: pickel951 ($2.75 in chips) 
Seat 3: xandeskt ($2.55 in chips) 
Seat 4: SultAAnofSw1ngs ($3.21 in chips) 
Seat 5: alex_mas2 ($2.54 in chips) 
Seat 6: wlyanna ($1.99 in chips) 
Seat 7: floriano1946 ($3.16 in chips) 
Seat 8: goctoja ($2.23 in chips) 
Seat 9: Dorex2007 ($1.48 in chips) 
SultAAnofSw1ngs: posts small blind $0.01
alex_mas2: posts big blind $0.02
*** HOLE CARDS ***
Dealt to Dorex2007 [Ah 9s]
wlyanna: raises $0.02 to $0.04
floriano1946: folds 
goctoja: folds 
Dorex2007: folds 
Tutanhamon15: folds 
pickel951: folds 
xandeskt: calls $0.04
SultAAnofSw1ngs: folds 
alex_mas2: calls $0.02
*** FLOP *** [6h 8s As]
alex_mas2: checks 
wlyanna: checks 
xandeskt: checks 
*** TURN *** [6h 8s As] [7d]
alex_mas2: checks 
wlyanna: checks 
xandeskt: checks 
*** RIVER *** [6h 8s As 7d] [7c]
alex_mas2: bets $0.13
wlyanna: folds 
xandeskt: folds 
Uncalled bet ($0.13) returned to alex_mas2
alex_mas2 collected $0.13 from pot
alex_mas2: doesn't show hand 
*** SUMMARY ***
Total pot $0.13 | Rake $0 
Board [6h 8s As 7d 7c]
Seat 1: Tutanhamon15 folded before Flop (didn't bet)
Seat 2: pickel951 folded before Flop (didn't bet)
Seat 3: xandeskt (button) folded on the River
Seat 4: SultAAnofSw1ngs (small blind) folded before Flop
Seat 5: alex_mas2 (big blind) collected ($0.13)
Seat 6: wlyanna folded on the River
Seat 7: floriano1946 folded before Flop (didn't bet)
Seat 8: goctoja folded before Flop (didn't bet)
Seat 9: Dorex2007 folded before Flop (didn't bet)



PokerStars Hand #225474742361:  Hold'em No Limit ($0.01/$0.02 USD) - 2021/04/03 15:25:27 PT [2021/04/03 18:25:27 ET]
Table 'Alcinoos II' 9-max Seat #4 is the button
Seat 1: Tutanhamon15 ($2.47 in chips) 
Seat 2: pickel951 ($2.75 in chips) 
Seat 3: xandeskt ($2.51 in chips) 
Seat 4: SultAAnofSw1ngs ($3.20 in chips) 
Seat 5: alex_mas2 ($2.63 in chips) 
Seat 6: wlyanna ($1.95 in chips) 
Seat 7: floriano1946 ($3.16 in chips) 
Seat 8: goctoja ($2.23 in chips) 
Seat 9: Dorex2007 ($1.48 in chips) 
alex_mas2: posts small blind $0.01
wlyanna: posts big blind $0.02
*** HOLE CARDS ***
Dealt to Dorex2007 [7c Ts]
floriano1946: folds 
goctoja: folds 
Dorex2007: folds 
Tutanhamon15: folds 
pickel951: folds 
xandeskt: calls $0.02
SultAAnofSw1ngs: folds 
alex_mas2: calls $0.01
wlyanna: checks 
*** FLOP *** [Kd Jc 7h]
alex_mas2: checks 
wlyanna: checks 
xandeskt: checks 
*** TURN *** [Kd Jc 7h] [Td]
alex_mas2: bets $0.02
wlyanna: folds 
xandeskt: calls $0.02
*** RIVER *** [Kd Jc 7h Td] [Tc]
alex_mas2: bets $0.10
xandeskt: calls $0.10
*** SHOW DOWN ***
alex_mas2: shows [5s Th] (three of a kind, Tens)
xandeskt: mucks hand 
alex_mas2 collected $0.29 from pot
*** SUMMARY ***
Total pot $0.30 | Rake $0.01 
Board [Kd Jc 7h Td Tc]
Seat 1: Tutanhamon15 folded before Flop (didn't bet)
Seat 2: pickel951 folded before Flop (didn't bet)
Seat 3: xandeskt mucked [8s Js]
Seat 4: SultAAnofSw1ngs (button) folded before Flop (didn't bet)
Seat 5: alex_mas2 (small blind) showed [5s Th] and won ($0.29) with three of a kind, Tens
Seat 6: wlyanna (big blind) folded on the Turn
Seat 7: floriano1946 folded before Flop (didn't bet)
Seat 8: goctoja folded before Flop (didn't bet)
Seat 9: Dorex2007 folded before Flop (didn't bet)



PokerStars Hand #225474769917:  Hold'em No Limit ($0.01/$0.02 USD) - 2021/04/03 15:26:17 PT [2021/04/03 18:26:17 ET]
Table 'Alcinoos II' 9-max Seat #5 is the button
Seat 1: Tutanhamon15 ($2.47 in chips) 
Seat 2: pickel951 ($2.75 in chips) 
Seat 3: xandeskt ($2.37 in chips) 
Seat 4: SultAAnofSw1ngs ($3.20 in chips) 
Seat 5: alex_mas2 ($2.78 in chips) 
Seat 6: wlyanna ($1.93 in chips) 
Seat 7: floriano1946 ($3.16 in chips) 
Seat 8: goctoja ($2.23 in chips) 
Seat 9: Dorex2007 ($1.48 in chips) 
wlyanna: posts small blind $0.01
floriano1946: posts big blind $0.02
*** HOLE CARDS ***
Dealt to Dorex2007 [Kc Ah]
goctoja: folds 
Dorex2007: raises $0.04 to $0.06
Tutanhamon15: folds 
pickel951: folds 
xandeskt: folds 
SultAAnofSw1ngs: folds 
alex_mas2: folds 
wlyanna: folds 
floriano1946: folds 
Uncalled bet ($0.04) returned to Dorex2007
Dorex2007 collected $0.05 from pot
Dorex2007: doesn't show hand 
*** SUMMARY ***
Total pot $0.05 | Rake $0 
Seat 1: Tutanhamon15 folded before Flop (didn't bet)
Seat 2: pickel951 folded before Flop (didn't bet)
Seat 3: xandeskt folded before Flop (didn't bet)
Seat 4: SultAAnofSw1ngs folded before Flop (didn't bet)
Seat 5: alex_mas2 (button) folded before Flop (didn't bet)
Seat 6: wlyanna (small blind) folded before Flop
Seat 7: floriano1946 (big blind) folded before Flop
Seat 8: goctoja folded before Flop (didn't bet)
Seat 9: Dorex2007 collected ($0.05)



PokerStars Hand #225474786411:  Hold'em No Limit ($0.01/$0.02 USD) - 2021/04/03 15:26:46 PT [2021/04/03 18:26:46 ET]
Table 'Alcinoos II' 9-max Seat #6 is the button
Seat 1: Tutanhamon15 ($2.47 in chips) 
Seat 2: pickel951 ($2.75 in chips) 
Seat 3: xandeskt ($2.37 in chips) 
Seat 4: SultAAnofSw1ngs ($3.20 in chips) 
Seat 5: alex_mas2 ($2.78 in chips) 
Seat 6: wlyanna ($1.92 in chips) 
Seat 7: floriano1946 ($3.14 in chips) 
Seat 8: goctoja ($2.23 in chips) 
Seat 9: Dorex2007 ($1.51 in chips) 
floriano1946: posts small blind $0.01
goctoja: posts big blind $0.02
*** HOLE CARDS ***
Dealt to Dorex2007 [Kc 9s]
Dorex2007: folds 
Tutanhamon15: calls $0.02
pickel951: folds 
xandeskt: calls $0.02
SultAAnofSw1ngs: folds 
alex_mas2: folds 
wlyanna: folds 
floriano1946: folds 
goctoja: checks 
*** FLOP *** [Js Ks 7h]
goctoja: checks 
Tutanhamon15: checks 
xandeskt: bets $0.04
goctoja: calls $0.04
Tutanhamon15: folds 
*** TURN *** [Js Ks 7h] [As]
goctoja: checks 
xandeskt: bets $0.04
goctoja: calls $0.04
*** RIVER *** [Js Ks 7h As] [7s]
goctoja: checks 
xandeskt: checks 
*** SHOW DOWN ***
goctoja: shows [2d 7c] (three of a kind, Sevens)
xandeskt: shows [3s 2s] (a flush, Ace high)
xandeskt collected $0.22 from pot
*** SUMMARY ***
Total pot $0.23 | Rake $0.01 
Board [Js Ks 7h As 7s]
Seat 1: Tutanhamon15 folded on the Flop
Seat 2: pickel951 folded before Flop (didn't bet)
Seat 3: xandeskt showed [3s 2s] and won ($0.22) with a flush, Ace high
Seat 4: SultAAnofSw1ngs folded before Flop (didn't bet)
Seat 5: alex_mas2 folded before Flop (didn't bet)
Seat 6: wlyanna (button) folded before Flop (didn't bet)
Seat 7: floriano1946 (small blind) folded before Flop
Seat 8: goctoja (big blind) showed [2d 7c] and lost with three of a kind, Sevens
Seat 9: Dorex2007 folded before Flop (didn't bet)



PokerStars Hand #225474820331:  Hold'em No Limit ($0.01/$0.02 USD) - 2021/04/03 15:27:47 PT [2021/04/03 18:27:47 ET]
Table 'Alcinoos II' 9-max Seat #7 is the button
Seat 1: Tutanhamon15 ($2.45 in chips) 
Seat 2: pickel951 ($2.75 in chips) 
Seat 3: xandeskt ($2.49 in chips) 
Seat 4: SultAAnofSw1ngs ($3.20 in chips) 
Seat 5: alex_mas2 ($2.78 in chips) 
Seat 6: wlyanna ($1.92 in chips) 
Seat 7: floriano1946 ($3.13 in chips) 
Seat 8: goctoja ($2.13 in chips) 
Seat 9: Dorex2007 ($1.51 in chips) 
goctoja: posts small blind $0.01
Dorex2007: posts big blind $0.02
*** HOLE CARDS ***
Dealt to Dorex2007 [Qd 3c]
Tutanhamon15: raises $0.06 to $0.08
pickel951: folds 
xandeskt: folds 
SultAAnofSw1ngs: folds 
alex_mas2: folds 
wlyanna: folds 
floriano1946: folds 
goctoja: folds 
Dorex2007: folds 
Uncalled bet ($0.06) returned to Tutanhamon15
Tutanhamon15 collected $0.05 from pot
Tutanhamon15: doesn't show hand 
*** SUMMARY ***
Total pot $0.05 | Rake $0 
Seat 1: Tutanhamon15 collected ($0.05)
Seat 2: pickel951 folded before Flop (didn't bet)
Seat 3: xandeskt folded before Flop (didn't bet)
Seat 4: SultAAnofSw1ngs folded before Flop (didn't bet)
Seat 5: alex_mas2 folded before Flop (didn't bet)
Seat 6: wlyanna folded before Flop (didn't bet)
Seat 7: floriano1946 (button) folded before Flop (didn't bet)
Seat 8: goctoja (small blind) folded before Flop
Seat 9: Dorex2007 (big blind) folded before Flop



PokerStars Hand #225474834319:  Hold'em No Limit ($0.01/$0.02 USD) - 2021/04/03 15:28:13 PT [2021/04/03 18:28:13 ET]
Table 'Alcinoos II' 9-max Seat #8 is the button
Seat 2: pickel951 ($2.75 in chips) 
Seat 3: xandeskt ($2.49 in chips) 
Seat 4: SultAAnofSw1ngs ($3.20 in chips) 
Seat 5: alex_mas2 ($2.78 in chips) 
Seat 6: wlyanna ($1.92 in chips) 
Seat 7: floriano1946 ($3.13 in chips) 
Seat 8: goctoja ($2.12 in chips) 
Seat 9: Dorex2007 ($1.98 in chips) 
Dorex2007: posts small blind $0.01
Tutanhamon15: is sitting out 
Tutanhamon15 leaves the table
pickel951: posts big blind $0.02
*** HOLE CARDS ***
Dealt to Dorex2007 [7h Kh]
xandeskt: folds 
OtherBill joins the table at seat #1 
SultAAnofSw1ngs: folds 
alex_mas2: folds 
wlyanna: folds 
floriano1946: raises $0.02 to $0.04
goctoja: calls $0.04
Dorex2007: calls $0.03
pickel951: raises $0.04 to $0.08
floriano1946: calls $0.04
goctoja: calls $0.04
Dorex2007: calls $0.04
*** FLOP *** [Ks 3s 4h]
Dorex2007: bets $0.16
pickel951: folds 
floriano1946: folds 
goctoja: raises $0.22 to $0.38
Dorex2007: calls $0.22
*** TURN *** [Ks 3s 4h] [Ah]
Dorex2007: checks 
goctoja: bets $0.46
Dorex2007: raises $1.06 to $1.52 and is all-in
goctoja: calls $1.06
*** RIVER *** [Ks 3s 4h Ah] [5s]
*** SHOW DOWN ***
Dorex2007: shows [7h Kh] (a pair of Kings)
goctoja: shows [Kd 4d] (two pair, Kings and Fours)
goctoja cashed out the hand for $2.59 | Cash Out Fee $0.03
*** SUMMARY ***
Total pot $4.12 | Rake $0.14 
Board [Ks 3s 4h Ah 5s]
Seat 2: pickel951 (big blind) folded on the Flop
Seat 3: xandeskt folded before Flop (didn't bet)
Seat 4: SultAAnofSw1ngs folded before Flop (didn't bet)
Seat 5: alex_mas2 folded before Flop (didn't bet)
Seat 6: wlyanna folded before Flop (didn't bet)
Seat 7: floriano1946 folded on the Flop
Seat 8: goctoja (button) showed [Kd 4d] and won ($3.98) with two pair, Kings and Fours (pot not awarded as player cashed out)
Seat 9: Dorex2007 (small blind) showed [7h Kh] and lost with a pair of Kings



PokerStars Hand #225474934556:  Hold'em No Limit ($0.01/$0.02 USD) - 2021/04/03 15:31:14 PT [2021/04/03 18:31:14 ET]
Table 'Alcinoos II' 9-max Seat #3 is the button
Seat 1: OtherBill ($2 in chips) 
Seat 2: pickel951 ($2.67 in chips) 
Seat 3: xandeskt ($2.45 in chips) 
Seat 4: SultAAnofSw1ngs ($3.16 in chips) 
Seat 5: alex_mas2 ($2.78 in chips) 
Seat 6: wlyanna ($1.92 in chips) 
Seat 7: floriano1946 ($3.05 in chips) 
Seat 8: goctoja ($2.81 in chips) 
Seat 9: Dorex2007 ($2 in chips) 
SultAAnofSw1ngs: posts small blind $0.01
alex_mas2: posts big blind $0.02
OtherBill: posts big blind $0.02
*** HOLE CARDS ***
Dealt to Dorex2007 [8s 5s]
wlyanna: folds 
floriano1946: folds 
goctoja: folds 
Dorex2007: folds 
OtherBill: checks 
pickel951: folds 
xandeskt: folds 
SultAAnofSw1ngs: folds 
alex_mas2: checks 
*** FLOP *** [5h Ts 3h]
alex_mas2: checks 
OtherBill: checks 
*** TURN *** [5h Ts 3h] [Ah]
alex_mas2: checks 
OtherBill: bets $0.05
alex_mas2: folds 
Uncalled bet ($0.05) returned to OtherBill
OtherBill collected $0.05 from pot
OtherBill: doesn't show hand 
*** SUMMARY ***
Total pot $0.05 | Rake $0 
Board [5h Ts 3h Ah]
Seat 1: OtherBill collected ($0.05)
Seat 2: pickel951 folded before Flop (didn't bet)
Seat 3: xandeskt (button) folded before Flop (didn't bet)
Seat 4: SultAAnofSw1ngs (small blind) folded before Flop
Seat 5: alex_mas2 (big blind) folded on the Turn
Seat 6: wlyanna folded before Flop (didn't bet)
Seat 7: floriano1946 folded before Flop (didn't bet)
Seat 8: goctoja folded before Flop (didn't bet)
Seat 9: Dorex2007 folded before Flop (didn't bet)



PokerStars Hand #225474966099:  Hold'em No Limit ($0.01/$0.02 USD) - 2021/04/03 15:32:10 PT [2021/04/03 18:32:10 ET]
Table 'Alcinoos II' 9-max Seat #4 is the button
Seat 1: OtherBill ($2.03 in chips) 
Seat 2: pickel951 ($2.67 in chips) 
Seat 3: xandeskt ($2.45 in chips) 
Seat 4: SultAAnofSw1ngs ($3.15 in chips) 
Seat 5: alex_mas2 ($2.76 in chips) 
Seat 6: wlyanna ($1.92 in chips) 
Seat 7: floriano1946 ($3.05 in chips) 
Seat 8: goctoja ($2.81 in chips) 
Seat 9: Dorex2007 ($2 in chips) 
alex_mas2: posts small blind $0.01
wlyanna: posts big blind $0.02
*** HOLE CARDS ***
Dealt to Dorex2007 [8c Tc]
floriano1946: folds 
goctoja: calls $0.02
Dorex2007: folds 
OtherBill: folds 
pickel951: folds 
xandeskt: folds 
SultAAnofSw1ngs: folds 
alex_mas2: raises $0.04 to $0.06
wlyanna: folds 
goctoja: calls $0.04
*** FLOP *** [3s 8s 9s]
alex_mas2: bets $0.14
goctoja: raises $0.14 to $0.28
alex_mas2: raises $0.35 to $0.63
goctoja: raises $2.12 to $2.75 and is all-in
alex_mas2: calls $2.07 and is all-in
Uncalled bet ($0.05) returned to goctoja
*** TURN *** [3s 8s 9s] [8d]
*** RIVER *** [3s 8s 9s 8d] [Ks]
*** SHOW DOWN ***
alex_mas2: shows [Qc Qh] (two pair, Queens and Eights)
goctoja: shows [Qs 7s] (a flush, King high)
goctoja collected $5.35 from pot
*** SUMMARY ***
Total pot $5.54 | Rake $0.19 
Board [3s 8s 9s 8d Ks]
Seat 1: OtherBill folded before Flop (didn't bet)
Seat 2: pickel951 folded before Flop (didn't bet)
Seat 3: xandeskt folded before Flop (didn't bet)
Seat 4: SultAAnofSw1ngs (button) folded before Flop (didn't bet)
Seat 5: alex_mas2 (small blind) showed [Qc Qh] and lost with two pair, Queens and Eights
Seat 6: wlyanna (big blind) folded before Flop
Seat 7: floriano1946 folded before Flop (didn't bet)
Seat 8: goctoja showed [Qs 7s] and won ($5.35) with a flush, King high
Seat 9: Dorex2007 folded before Flop (didn't bet)



PokerStars Hand #225475003680:  Hold'em No Limit ($0.01/$0.02 USD) - 2021/04/03 15:33:08 PT [2021/04/03 18:33:08 ET]
Table 'Alcinoos II' 9-max Seat #6 is the button
Seat 1: OtherBill ($2.03 in chips) 
Seat 2: pickel951 ($2.67 in chips) 
Seat 3: xandeskt ($2.45 in chips) 
Seat 4: SultAAnofSw1ngs ($3.15 in chips) 
Seat 6: wlyanna ($1.90 in chips) 
Seat 7: floriano1946 ($3.05 in chips) 
Seat 8: goctoja ($5.40 in chips) 
Seat 9: Dorex2007 ($2 in chips) 
floriano1946: posts small blind $0.01
goctoja: posts big blind $0.02
*** HOLE CARDS ***
Dealt to Dorex2007 [Ah Ac]
Dorex2007: raises $0.04 to $0.06
OtherBill: folds 
pickel951: folds 
xandeskt: folds 
SultAAnofSw1ngs: folds 
wlyanna: folds 
floriano1946: folds 
goctoja: calls $0.04
*** FLOP *** [5h 5s 3d]
goctoja: checks 
Dorex2007: checks 
*** TURN *** [5h 5s 3d] [2d]
goctoja: bets $0.02
Dorex2007: calls $0.02
*** RIVER *** [5h 5s 3d 2d] [Kc]
goctoja: checks 
Dorex2007: bets $0.16
goctoja: folds 
Uncalled bet ($0.16) returned to Dorex2007
Dorex2007 collected $0.16 from pot
Dorex2007: doesn't show hand 
*** SUMMARY ***
Total pot $0.17 | Rake $0.01 
Board [5h 5s 3d 2d Kc]
Seat 1: OtherBill folded before Flop (didn't bet)
Seat 2: pickel951 folded before Flop (didn't bet)
Seat 3: xandeskt folded before Flop (didn't bet)
Seat 4: SultAAnofSw1ngs folded before Flop (didn't bet)
Seat 6: wlyanna (button) folded before Flop (didn't bet)
Seat 7: floriano1946 (small blind) folded before Flop
Seat 8: goctoja (big blind) folded on the River
Seat 9: Dorex2007 collected ($0.16)



PokerStars Hand #225475029316:  Hold'em No Limit ($0.01/$0.02 USD) - 2021/04/03 15:33:55 PT [2021/04/03 18:33:55 ET]
Table 'Alcinoos II' 9-max Seat #7 is the button
Seat 1: OtherBill ($2.03 in chips) 
Seat 2: pickel951 ($2.67 in chips) 
Seat 3: xandeskt ($2.45 in chips) 
Seat 4: SultAAnofSw1ngs ($3.15 in chips) 
Seat 5: alex_mas2 ($2 in chips) 
Seat 6: wlyanna ($1.90 in chips) 
Seat 7: floriano1946 ($3.04 in chips) 
Seat 8: goctoja ($5.32 in chips) 
Seat 9: Dorex2007 ($2.08 in chips) 
goctoja: posts small blind $0.01
Dorex2007: posts big blind $0.02
*** HOLE CARDS ***
Dealt to Dorex2007 [Jd 9d]
OtherBill: folds 
pickel951: folds 
xandeskt: folds 
SultAAnofSw1ngs: folds 
alex_mas2: folds 
wlyanna: folds 
floriano1946: folds 
goctoja: calls $0.01
Dorex2007: checks 
*** FLOP *** [Tc 4h 5d]
goctoja: checks 
Dorex2007: checks 
*** TURN *** [Tc 4h 5d] [2h]
goctoja: checks 
Dorex2007: checks 
*** RIVER *** [Tc 4h 5d 2h] [8d]
goctoja: checks 
Dorex2007: checks 
*** SHOW DOWN ***
goctoja: shows [7d Ad] (high card Ace)
Dorex2007: mucks hand 
goctoja collected $0.04 from pot
*** SUMMARY ***
Total pot $0.04 | Rake $0 
Board [Tc 4h 5d 2h 8d]
Seat 1: OtherBill folded before Flop (didn't bet)
Seat 2: pickel951 folded before Flop (didn't bet)
Seat 3: xandeskt folded before Flop (didn't bet)
Seat 4: SultAAnofSw1ngs folded before Flop (didn't bet)
Seat 5: alex_mas2 folded before Flop (didn't bet)
Seat 6: wlyanna folded before Flop (didn't bet)
Seat 7: floriano1946 (button) folded before Flop (didn't bet)
Seat 8: goctoja (small blind) showed [7d Ad] and won ($0.04) with high card Ace
Seat 9: Dorex2007 (big blind) mucked [Jd 9d]



PokerStars Hand #225475051119:  Hold'em No Limit ($0.01/$0.02 USD) - 2021/04/03 15:34:35 PT [2021/04/03 18:34:35 ET]
Table 'Alcinoos II' 9-max Seat #8 is the button
Seat 1: OtherBill ($2.03 in chips) 
Seat 2: pickel951 ($2.67 in chips) 
Seat 3: xandeskt ($2.45 in chips) 
Seat 4: SultAAnofSw1ngs ($3.15 in chips) 
Seat 5: alex_mas2 ($2 in chips) 
Seat 6: wlyanna ($1.90 in chips) 
Seat 7: floriano1946 ($3.04 in chips) 
Seat 8: goctoja ($5.34 in chips) 
Seat 9: Dorex2007 ($2.06 in chips) 
Dorex2007: posts small blind $0.01
OtherBill: posts big blind $0.02
*** HOLE CARDS ***
Dealt to Dorex2007 [3c 3d]
pickel951: calls $0.02
xandeskt has timed out
xandeskt: folds 
SultAAnofSw1ngs: folds 
alex_mas2: folds 
wlyanna: folds 
floriano1946: folds 
goctoja: folds 
Dorex2007: calls $0.01
OtherBill: checks 
*** FLOP *** [Kd 4s 8s]
Dorex2007: checks 
OtherBill: bets $0.03
pickel951: calls $0.03
Dorex2007: folds 
*** TURN *** [Kd 4s 8s] [4d]
OtherBill: bets $0.06
pickel951: calls $0.06
*** RIVER *** [Kd 4s 8s 4d] [2s]
OtherBill: bets $0.12
pickel951: folds 
Uncalled bet ($0.12) returned to OtherBill
OtherBill collected $0.23 from pot
OtherBill: doesn't show hand 
*** SUMMARY ***
Total pot $0.24 | Rake $0.01 
Board [Kd 4s 8s 4d 2s]
Seat 1: OtherBill (big blind) collected ($0.23)
Seat 2: pickel951 folded on the River
Seat 3: xandeskt folded before Flop (didn't bet)
Seat 4: SultAAnofSw1ngs folded before Flop (didn't bet)
Seat 5: alex_mas2 folded before Flop (didn't bet)
Seat 6: wlyanna folded before Flop (didn't bet)
Seat 7: floriano1946 folded before Flop (didn't bet)
Seat 8: goctoja (button) folded before Flop (didn't bet)
Seat 9: Dorex2007 (small blind) folded on the Flop



PokerStars Hand #225475087880:  Hold'em No Limit ($0.01/$0.02 USD) - 2021/04/03 15:35:42 PT [2021/04/03 18:35:42 ET]
Table 'Alcinoos II' 9-max Seat #9 is the button
Seat 1: OtherBill ($2.15 in chips) 
Seat 2: pickel951 ($2.56 in chips) 
Seat 3: xandeskt ($2.45 in chips) 
Seat 4: SultAAnofSw1ngs ($3.15 in chips) 
Seat 5: alex_mas2 ($2 in chips) 
Seat 6: wlyanna ($1.90 in chips) 
Seat 7: floriano1946 ($3.04 in chips) 
Seat 8: goctoja ($5.34 in chips) 
Seat 9: Dorex2007 ($2.04 in chips) 
OtherBill: posts small blind $0.01
pickel951: posts big blind $0.02
*** HOLE CARDS ***
Dealt to Dorex2007 [Qh Ah]
xandeskt: folds 
SultAAnofSw1ngs: folds 
alex_mas2: folds 
wlyanna: folds 
floriano1946: folds 
goctoja: raises $0.05 to $0.07
Dorex2007: raises $0.13 to $0.20
OtherBill: folds 
pickel951: folds 
goctoja: raises $0.43 to $0.63
Dorex2007: calls $0.43
*** FLOP *** [6h 4c Th]
pickel951 leaves the table
goctoja: bets $0.40
Dorex2007: calls $0.40
*** TURN *** [6h 4c Th] [7s]
goctoja: bets $4.31 and is all-in
Dorex2007: calls $1.01 and is all-in
Uncalled bet ($3.30) returned to goctoja
*** RIVER *** [6h 4c Th 7s] [Ac]
*** SHOW DOWN ***
goctoja: shows [As Kd] (a pair of Aces)
Dorex2007: shows [Qh Ah] (a pair of Aces - lower kicker)
goctoja collected $3.97 from pot
*** SUMMARY ***
Total pot $4.11 | Rake $0.14 
Board [6h 4c Th 7s Ac]
Seat 1: OtherBill (small blind) folded before Flop
Seat 2: pickel951 (big blind) folded before Flop
Seat 3: xandeskt folded before Flop (didn't bet)
Seat 4: SultAAnofSw1ngs folded before Flop (didn't bet)
Seat 5: alex_mas2 folded before Flop (didn't bet)
Seat 6: wlyanna folded before Flop (didn't bet)
Seat 7: floriano1946 folded before Flop (didn't bet)
Seat 8: goctoja showed [As Kd] and won ($3.97) with a pair of Aces
Seat 9: Dorex2007 (button) showed [Qh Ah] and lost with a pair of Aces



