PokerStars Hand #232755415851:  Hold'em No Limit ($0.01/$0.02 USD) - 2022/01/02 12:39:02 PT [2022/01/02 15:39:02 ET]
Table 'Attila III' 9-max Seat #3 is the button
Seat 1: MyTHaeBoka ($7.06 in chips) 
Seat 2: Dorex2007 ($2 in chips) 
Seat 3: AndryiHaiduk ($2.16 in chips) 
Seat 4: AssosManiki ($2.01 in chips) 
Seat 5: Dyx76 ($4.40 in chips) 
Seat 6: Dawid 0_o ($4.16 in chips) 
Seat 7: Buckalak91 ($3.53 in chips) 
Seat 8: Andorrior ($1.56 in chips) 
Seat 9: Mike_Junction56 ($2.99 in chips) 
AssosManiki: posts small blind $0.01
Dyx76: posts big blind $0.02
Dorex2007: posts big blind $0.02
*** HOLE CARDS ***
Dealt to Dorex2007 [7h 4d]
Dawid 0_o: folds 
Buckalak91: raises $0.04 to $0.06
Andorrior: folds 
Mike_Junction56: folds 
MyTHaeBoka: folds 
Dorex2007: folds 
AndryiHaiduk has timed out
AndryiHaiduk: folds 
AssosManiki: folds 
Dyx76: folds 
Uncalled bet ($0.04) returned to Buckalak91
Buckalak91 collected $0.07 from pot
*** SUMMARY ***
Total pot $0.07 | Rake $0 
Seat 1: MyTHaeBoka folded before Flop (didn't bet)
Seat 2: Dorex2007 folded before Flop (didn't bet)
Seat 3: AndryiHaiduk (button) folded before Flop (didn't bet)
Seat 4: AssosManiki (small blind) folded before Flop
Seat 5: Dyx76 (big blind) folded before Flop
Seat 6: Dawid 0_o folded before Flop (didn't bet)
Seat 7: Buckalak91 collected ($0.07)
Seat 8: Andorrior folded before Flop (didn't bet)
Seat 9: Mike_Junction56 folded before Flop (didn't bet)



PokerStars Hand #232755441548:  Hold'em No Limit ($0.01/$0.02 USD) - 2022/01/02 12:39:36 PT [2022/01/02 15:39:36 ET]
Table 'Attila III' 9-max Seat #4 is the button
Seat 1: MyTHaeBoka ($7.06 in chips) 
Seat 2: Dorex2007 ($2 in chips) 
Seat 4: AssosManiki ($2 in chips) 
Seat 5: Dyx76 ($4.38 in chips) 
Seat 6: Dawid 0_o ($4.16 in chips) 
Seat 7: Buckalak91 ($3.58 in chips) 
Seat 8: Andorrior ($1.56 in chips) 
Seat 9: Mike_Junction56 ($2.99 in chips) 
Dyx76: posts small blind $0.01
Dawid 0_o: posts big blind $0.02
*** HOLE CARDS ***
Dealt to Dorex2007 [Ah 5h]
Buckalak91: calls $0.02
Andorrior has timed out
Andorrior: folds 
Mike_Junction56: folds 
MyTHaeBoka: folds 
Dorex2007: raises $0.04 to $0.06
AssosManiki: folds 
Dyx76: folds 
Dawid 0_o: folds 
Buckalak91: calls $0.04
*** FLOP *** [Th 6h Ac]
Buckalak91: checks 
Dorex2007: bets $0.09
Buckalak91: calls $0.09
*** TURN *** [Th 6h Ac] [5s]
Buckalak91: checks 
Dorex2007: bets $0.21
Buckalak91: folds 
Uncalled bet ($0.21) returned to Dorex2007
Dorex2007 collected $0.32 from pot
Dorex2007: doesn't show hand 
*** SUMMARY ***
Total pot $0.33 | Rake $0.01 
Board [Th 6h Ac 5s]
Seat 1: MyTHaeBoka folded before Flop (didn't bet)
Seat 2: Dorex2007 collected ($0.32)
Seat 4: AssosManiki (button) folded before Flop (didn't bet)
Seat 5: Dyx76 (small blind) folded before Flop
Seat 6: Dawid 0_o (big blind) folded before Flop
Seat 7: Buckalak91 folded on the Turn
Seat 8: Andorrior folded before Flop (didn't bet)
Seat 9: Mike_Junction56 folded before Flop (didn't bet)



PokerStars Hand #232755487484:  Hold'em No Limit ($0.01/$0.02 USD) - 2022/01/02 12:40:38 PT [2022/01/02 15:40:38 ET]
Table 'Attila III' 9-max Seat #5 is the button
Seat 1: MyTHaeBoka ($7.06 in chips) 
Seat 2: Dorex2007 ($2.17 in chips) 
Seat 4: AssosManiki ($2 in chips) 
Seat 5: Dyx76 ($4.37 in chips) 
Seat 6: Dawid 0_o ($4.14 in chips) 
Seat 7: Buckalak91 ($3.43 in chips) 
Seat 8: Andorrior ($1.56 in chips) 
Seat 9: Mike_Junction56 ($2.99 in chips) 
Dawid 0_o: posts small blind $0.01
Buckalak91: posts big blind $0.02
*** HOLE CARDS ***
Dealt to Dorex2007 [3h 6c]
Andorrior: folds 
Mike_Junction56: folds 
MyTHaeBoka: folds 
Dorex2007: folds 
AssosManiki: raises $0.03 to $0.05
Dyx76: folds 
Dawid 0_o: raises $0.11 to $0.16
Buckalak91: folds 
AssosManiki: folds 
Uncalled bet ($0.11) returned to Dawid 0_o
Dawid 0_o collected $0.12 from pot
Dawid 0_o: doesn't show hand 
*** SUMMARY ***
Total pot $0.12 | Rake $0 
Seat 1: MyTHaeBoka folded before Flop (didn't bet)
Seat 2: Dorex2007 folded before Flop (didn't bet)
Seat 4: AssosManiki folded before Flop
Seat 5: Dyx76 (button) folded before Flop (didn't bet)
Seat 6: Dawid 0_o (small blind) collected ($0.12)
Seat 7: Buckalak91 (big blind) folded before Flop
Seat 8: Andorrior folded before Flop (didn't bet)
Seat 9: Mike_Junction56 folded before Flop (didn't bet)



PokerStars Hand #232755510972:  Hold'em No Limit ($0.01/$0.02 USD) - 2022/01/02 12:41:09 PT [2022/01/02 15:41:09 ET]
Table 'Attila III' 9-max Seat #6 is the button
Seat 1: MyTHaeBoka ($7.06 in chips) 
Seat 2: Dorex2007 ($2.17 in chips) 
Seat 3: AndryiHaiduk ($2.16 in chips) 
Seat 4: AssosManiki ($1.95 in chips) 
Seat 5: Dyx76 ($4.37 in chips) 
Seat 6: Dawid 0_o ($4.21 in chips) 
Seat 7: Buckalak91 ($3.41 in chips) 
Seat 8: Andorrior ($1.56 in chips) 
Seat 9: Mike_Junction56 ($2.99 in chips) 
Buckalak91: posts small blind $0.01
Andorrior: posts big blind $0.02
*** HOLE CARDS ***
Dealt to Dorex2007 [5c Ks]
Mike_Junction56: folds 
MyTHaeBoka: folds 
Dorex2007: folds 
AndryiHaiduk: raises $0.04 to $0.06
AssosManiki: folds 
Dyx76: folds 
Dawid 0_o: folds 
Buckalak91: calls $0.05
Andorrior: folds 
*** FLOP *** [5s Ac Ad]
Buckalak91: checks 
AndryiHaiduk: checks 
*** TURN *** [5s Ac Ad] [9c]
Buckalak91: checks 
AndryiHaiduk: checks 
*** RIVER *** [5s Ac Ad 9c] [8h]
Buckalak91: bets $0.14
AndryiHaiduk: folds 
Uncalled bet ($0.14) returned to Buckalak91
Buckalak91 collected $0.14 from pot
*** SUMMARY ***
Total pot $0.14 | Rake $0 
Board [5s Ac Ad 9c 8h]
Seat 1: MyTHaeBoka folded before Flop (didn't bet)
Seat 2: Dorex2007 folded before Flop (didn't bet)
Seat 3: AndryiHaiduk folded on the River
Seat 4: AssosManiki folded before Flop (didn't bet)
Seat 5: Dyx76 folded before Flop (didn't bet)
Seat 6: Dawid 0_o (button) folded before Flop (didn't bet)
Seat 7: Buckalak91 (small blind) collected ($0.14)
Seat 8: Andorrior (big blind) folded before Flop
Seat 9: Mike_Junction56 folded before Flop (didn't bet)



PokerStars Hand #232755546871:  Hold'em No Limit ($0.01/$0.02 USD) - 2022/01/02 12:41:58 PT [2022/01/02 15:41:58 ET]
Table 'Attila III' 9-max Seat #7 is the button
Seat 1: MyTHaeBoka ($7.06 in chips) 
Seat 2: Dorex2007 ($2.17 in chips) 
Seat 3: AndryiHaiduk ($2.10 in chips) 
Seat 4: AssosManiki ($1.95 in chips) 
Seat 5: Dyx76 ($4.37 in chips) 
Seat 6: Dawid 0_o ($4.21 in chips) 
Seat 7: Buckalak91 ($3.49 in chips) 
Seat 8: Andorrior ($1.54 in chips) 
Seat 9: Mike_Junction56 ($2.99 in chips) 
Andorrior: posts small blind $0.01
Mike_Junction56: posts big blind $0.02
*** HOLE CARDS ***
Dealt to Dorex2007 [Th 2d]
MyTHaeBoka: folds 
Dorex2007: folds 
AndryiHaiduk: raises $0.04 to $0.06
AssosManiki: calls $0.06
Dyx76: folds 
Dawid 0_o: calls $0.06
Buckalak91: folds 
Andorrior: folds 
Mike_Junction56: folds 
*** FLOP *** [8h Ts 8c]
AndryiHaiduk: checks 
AssosManiki: checks 
Dawid 0_o: checks 
*** TURN *** [8h Ts 8c] [Kc]
AndryiHaiduk: checks 
AssosManiki: checks 
Dawid 0_o: checks 
*** RIVER *** [8h Ts 8c Kc] [5c]
AndryiHaiduk: checks 
AssosManiki: bets $0.09
Dawid 0_o: folds 
AndryiHaiduk: folds 
Uncalled bet ($0.09) returned to AssosManiki
AssosManiki collected $0.20 from pot
AssosManiki: doesn't show hand 
*** SUMMARY ***
Total pot $0.21 | Rake $0.01 
Board [8h Ts 8c Kc 5c]
Seat 1: MyTHaeBoka folded before Flop (didn't bet)
Seat 2: Dorex2007 folded before Flop (didn't bet)
Seat 3: AndryiHaiduk folded on the River
Seat 4: AssosManiki collected ($0.20)
Seat 5: Dyx76 folded before Flop (didn't bet)
Seat 6: Dawid 0_o folded on the River
Seat 7: Buckalak91 (button) folded before Flop (didn't bet)
Seat 8: Andorrior (small blind) folded before Flop
Seat 9: Mike_Junction56 (big blind) folded before Flop



PokerStars Hand #232755583198:  Hold'em No Limit ($0.01/$0.02 USD) - 2022/01/02 12:42:46 PT [2022/01/02 15:42:46 ET]
Table 'Attila III' 9-max Seat #8 is the button
Seat 1: MyTHaeBoka ($7.06 in chips) 
Seat 2: Dorex2007 ($2.17 in chips) 
Seat 3: AndryiHaiduk ($2.04 in chips) 
Seat 4: AssosManiki ($2.09 in chips) 
Seat 5: Dyx76 ($4.37 in chips) 
Seat 6: Dawid 0_o ($4.15 in chips) 
Seat 7: Buckalak91 ($3.49 in chips) 
Seat 8: Andorrior ($1.53 in chips) 
Seat 9: Mike_Junction56 ($2.97 in chips) 
Mike_Junction56: posts small blind $0.01
MyTHaeBoka: posts big blind $0.02
*** HOLE CARDS ***
Dealt to Dorex2007 [7d Js]
Dorex2007: folds 
AndryiHaiduk: folds 
AssosManiki: folds 
Dyx76: folds 
Dawid 0_o: raises $0.06 to $0.08
Buckalak91: folds 
Andorrior: folds 
Mike_Junction56: folds 
MyTHaeBoka: folds 
Uncalled bet ($0.06) returned to Dawid 0_o
Dawid 0_o collected $0.05 from pot
Dawid 0_o: doesn't show hand 
*** SUMMARY ***
Total pot $0.05 | Rake $0 
Seat 1: MyTHaeBoka (big blind) folded before Flop
Seat 2: Dorex2007 folded before Flop (didn't bet)
Seat 3: AndryiHaiduk folded before Flop (didn't bet)
Seat 4: AssosManiki folded before Flop (didn't bet)
Seat 5: Dyx76 folded before Flop (didn't bet)
Seat 6: Dawid 0_o collected ($0.05)
Seat 7: Buckalak91 folded before Flop (didn't bet)
Seat 8: Andorrior (button) folded before Flop (didn't bet)
Seat 9: Mike_Junction56 (small blind) folded before Flop



PokerStars Hand #232755605301:  Hold'em No Limit ($0.01/$0.02 USD) - 2022/01/02 12:43:16 PT [2022/01/02 15:43:16 ET]
Table 'Attila III' 9-max Seat #9 is the button
Seat 1: MyTHaeBoka ($7.04 in chips) 
Seat 2: Dorex2007 ($2.17 in chips) 
Seat 3: AndryiHaiduk ($2.04 in chips) 
Seat 4: AssosManiki ($2.09 in chips) 
Seat 5: Dyx76 ($4.37 in chips) 
Seat 6: Dawid 0_o ($4.18 in chips) 
Seat 7: Buckalak91 ($3.49 in chips) 
Seat 8: Andorrior ($1.53 in chips) 
Seat 9: Mike_Junction56 ($2.96 in chips) 
MyTHaeBoka: posts small blind $0.01
Dorex2007: posts big blind $0.02
*** HOLE CARDS ***
Dealt to Dorex2007 [4s 8d]
AndryiHaiduk: raises $0.04 to $0.06
AssosManiki: folds 
Dyx76: folds 
Dawid 0_o: folds 
Buckalak91: calls $0.06
Andorrior: folds 
Mike_Junction56: folds 
MyTHaeBoka: calls $0.05
Dorex2007: folds 
*** FLOP *** [8h 9h 3d]
MyTHaeBoka: checks 
AndryiHaiduk: checks 
Buckalak91: checks 
*** TURN *** [8h 9h 3d] [4d]
MyTHaeBoka: checks 
AndryiHaiduk: checks 
Buckalak91: checks 
*** RIVER *** [8h 9h 3d 4d] [Qd]
MyTHaeBoka: checks 
AndryiHaiduk: checks 
Buckalak91: checks 
*** SHOW DOWN ***
MyTHaeBoka: shows [Ah Kh] (high card Ace)
AndryiHaiduk: shows [Kc Ad] (high card Ace)
Buckalak91: mucks hand 
MyTHaeBoka collected $0.10 from pot
AndryiHaiduk collected $0.09 from pot
*** SUMMARY ***
Total pot $0.20 | Rake $0.01 
Board [8h 9h 3d 4d Qd]
Seat 1: MyTHaeBoka (small blind) showed [Ah Kh] and won ($0.10) with high card Ace
Seat 2: Dorex2007 (big blind) folded before Flop
Seat 3: AndryiHaiduk showed [Kc Ad] and won ($0.09) with high card Ace
Seat 4: AssosManiki folded before Flop (didn't bet)
Seat 5: Dyx76 folded before Flop (didn't bet)
Seat 6: Dawid 0_o folded before Flop (didn't bet)
Seat 7: Buckalak91 mucked [Ac 2s]
Seat 8: Andorrior folded before Flop (didn't bet)
Seat 9: Mike_Junction56 (button) folded before Flop (didn't bet)



PokerStars Hand #232755651610:  Hold'em No Limit ($0.01/$0.02 USD) - 2022/01/02 12:44:18 PT [2022/01/02 15:44:18 ET]
Table 'Attila III' 9-max Seat #1 is the button
Seat 1: MyTHaeBoka ($7.08 in chips) 
Seat 2: Dorex2007 ($2.15 in chips) 
Seat 3: AndryiHaiduk ($2.07 in chips) 
Seat 4: AssosManiki ($2.09 in chips) 
Seat 5: Dyx76 ($4.37 in chips) 
Seat 6: Dawid 0_o ($4.18 in chips) 
Seat 7: Buckalak91 ($3.43 in chips) 
Seat 8: Andorrior ($1.53 in chips) 
Seat 9: Mike_Junction56 ($2.96 in chips) 
Dorex2007: posts small blind $0.01
AndryiHaiduk: posts big blind $0.02
*** HOLE CARDS ***
Dealt to Dorex2007 [3s Ks]
AssosManiki: raises $0.03 to $0.05
Dyx76: folds 
Dawid 0_o: folds 
Buckalak91: calls $0.05
Andorrior: folds 
Mike_Junction56: folds 
MyTHaeBoka: folds 
Dorex2007: folds 
AndryiHaiduk: calls $0.03
*** FLOP *** [4h 6h 6c]
AndryiHaiduk: checks 
AssosManiki: bets $0.07
Buckalak91: calls $0.07
AndryiHaiduk: folds 
*** TURN *** [4h 6h 6c] [8c]
AssosManiki: bets $0.10
Buckalak91: calls $0.10
*** RIVER *** [4h 6h 6c 8c] [Th]
AssosManiki: checks 
Buckalak91: checks 
*** SHOW DOWN ***
AssosManiki: shows [7s 7d] (two pair, Sevens and Sixes)
Buckalak91: mucks hand 
AssosManiki collected $0.48 from pot
*** SUMMARY ***
Total pot $0.50 | Rake $0.02 
Board [4h 6h 6c 8c Th]
Seat 1: MyTHaeBoka (button) folded before Flop (didn't bet)
Seat 2: Dorex2007 (small blind) folded before Flop
Seat 3: AndryiHaiduk (big blind) folded on the Flop
Seat 4: AssosManiki showed [7s 7d] and won ($0.48) with two pair, Sevens and Sixes
Seat 5: Dyx76 folded before Flop (didn't bet)
Seat 6: Dawid 0_o folded before Flop (didn't bet)
Seat 7: Buckalak91 mucked [4d Kd]
Seat 8: Andorrior folded before Flop (didn't bet)
Seat 9: Mike_Junction56 folded before Flop (didn't bet)



PokerStars Hand #232755707858:  Hold'em No Limit ($0.01/$0.02 USD) - 2022/01/02 12:45:34 PT [2022/01/02 15:45:34 ET]
Table 'Attila III' 9-max Seat #2 is the button
Seat 1: MyTHaeBoka ($7.08 in chips) 
Seat 2: Dorex2007 ($2.14 in chips) 
Seat 3: AndryiHaiduk ($2.02 in chips) 
Seat 4: AssosManiki ($2.35 in chips) 
Seat 5: Dyx76 ($4.37 in chips) 
Seat 6: Dawid 0_o ($4.18 in chips) 
Seat 7: Buckalak91 ($3.21 in chips) 
Seat 8: Andorrior ($1.53 in chips) 
Seat 9: Mike_Junction56 ($2.96 in chips) 
AndryiHaiduk: posts small blind $0.01
AssosManiki: posts big blind $0.02
*** HOLE CARDS ***
Dealt to Dorex2007 [9c 5s]
Dyx76: folds 
Dawid 0_o: folds 
Buckalak91: raises $0.04 to $0.06
Andorrior: folds 
Mike_Junction56: folds 
MyTHaeBoka: folds 
Dorex2007: folds 
AndryiHaiduk: calls $0.05
AssosManiki: folds 
*** FLOP *** [Ac Js 6h]
AndryiHaiduk: bets $0.14
Buckalak91: calls $0.14
*** TURN *** [Ac Js 6h] [Jd]
AndryiHaiduk: bets $0.41
Buckalak91: folds 
Uncalled bet ($0.41) returned to AndryiHaiduk
AndryiHaiduk collected $0.41 from pot
*** SUMMARY ***
Total pot $0.42 | Rake $0.01 
Board [Ac Js 6h Jd]
Seat 1: MyTHaeBoka folded before Flop (didn't bet)
Seat 2: Dorex2007 (button) folded before Flop (didn't bet)
Seat 3: AndryiHaiduk (small blind) collected ($0.41)
Seat 4: AssosManiki (big blind) folded before Flop
Seat 5: Dyx76 folded before Flop (didn't bet)
Seat 6: Dawid 0_o folded before Flop (didn't bet)
Seat 7: Buckalak91 folded on the Turn
Seat 8: Andorrior folded before Flop (didn't bet)
Seat 9: Mike_Junction56 folded before Flop (didn't bet)



PokerStars Hand #232755755056:  Hold'em No Limit ($0.01/$0.02 USD) - 2022/01/02 12:46:33 PT [2022/01/02 15:46:33 ET]
Table 'Attila III' 9-max Seat #3 is the button
Seat 1: MyTHaeBoka ($7.08 in chips) 
Seat 2: Dorex2007 ($2.14 in chips) 
Seat 3: AndryiHaiduk ($2.23 in chips) 
Seat 4: AssosManiki ($2.33 in chips) 
Seat 5: Dyx76 ($4.37 in chips) 
Seat 6: Dawid 0_o ($4.18 in chips) 
Seat 7: Buckalak91 ($3.01 in chips) 
Seat 8: Andorrior ($1.53 in chips) 
Seat 9: Mike_Junction56 ($2.96 in chips) 
AssosManiki: posts small blind $0.01
Dyx76: posts big blind $0.02
*** HOLE CARDS ***
Dealt to Dorex2007 [Kc 7s]
Dawid 0_o: folds 
Buckalak91: calls $0.02
Andorrior: folds 
Mike_Junction56: raises $0.06 to $0.08
MyTHaeBoka: folds 
Dorex2007: folds 
AndryiHaiduk: folds 
AssosManiki: folds 
Dyx76: folds 
Buckalak91: calls $0.06
*** FLOP *** [7h Jc 4s]
Buckalak91: checks 
Mike_Junction56: bets $0.10
Buckalak91: calls $0.10
*** TURN *** [7h Jc 4s] [2h]
Buckalak91: checks 
Mike_Junction56: checks 
*** RIVER *** [7h Jc 4s 2h] [4h]
Buckalak91: checks 
Mike_Junction56: checks 
*** SHOW DOWN ***
Buckalak91: shows [Tc 8d] (a pair of Fours)
Mike_Junction56: shows [Ks Ah] (a pair of Fours - Ace kicker)
Mike_Junction56 collected $0.38 from pot
*** SUMMARY ***
Total pot $0.39 | Rake $0.01 
Board [7h Jc 4s 2h 4h]
Seat 1: MyTHaeBoka folded before Flop (didn't bet)
Seat 2: Dorex2007 folded before Flop (didn't bet)
Seat 3: AndryiHaiduk (button) folded before Flop (didn't bet)
Seat 4: AssosManiki (small blind) folded before Flop
Seat 5: Dyx76 (big blind) folded before Flop
Seat 6: Dawid 0_o folded before Flop (didn't bet)
Seat 7: Buckalak91 showed [Tc 8d] and lost with a pair of Fours
Seat 8: Andorrior folded before Flop (didn't bet)
Seat 9: Mike_Junction56 showed [Ks Ah] and won ($0.38) with a pair of Fours



PokerStars Hand #232755813419:  Hold'em No Limit ($0.01/$0.02 USD) - 2022/01/02 12:47:41 PT [2022/01/02 15:47:41 ET]
Table 'Attila III' 9-max Seat #4 is the button
Seat 1: MyTHaeBoka ($7.08 in chips) 
Seat 2: Dorex2007 ($2.14 in chips) 
Seat 3: AndryiHaiduk ($2.23 in chips) 
Seat 4: AssosManiki ($2.32 in chips) 
Seat 5: Dyx76 ($4.35 in chips) 
Seat 6: Dawid 0_o ($4.18 in chips) 
Seat 7: Buckalak91 ($2.83 in chips) 
Seat 8: Andorrior ($1.53 in chips) 
Seat 9: Mike_Junction56 ($3.16 in chips) 
Dyx76: posts small blind $0.01
Dawid 0_o: posts big blind $0.02
*** HOLE CARDS ***
Dealt to Dorex2007 [7s As]
Buckalak91: raises $0.02 to $0.04
Andorrior: folds 
Mike_Junction56: folds 
MyTHaeBoka: folds 
Dorex2007: folds 
AndryiHaiduk: calls $0.04
AssosManiki: folds 
Dyx76: folds 
Dawid 0_o: folds 
*** FLOP *** [Ac Th 5d]
Buckalak91: checks 
AndryiHaiduk: bets $0.11
Buckalak91: folds 
Uncalled bet ($0.11) returned to AndryiHaiduk
AndryiHaiduk collected $0.11 from pot
*** SUMMARY ***
Total pot $0.11 | Rake $0 
Board [Ac Th 5d]
Seat 1: MyTHaeBoka folded before Flop (didn't bet)
Seat 2: Dorex2007 folded before Flop (didn't bet)
Seat 3: AndryiHaiduk collected ($0.11)
Seat 4: AssosManiki (button) folded before Flop (didn't bet)
Seat 5: Dyx76 (small blind) folded before Flop
Seat 6: Dawid 0_o (big blind) folded before Flop
Seat 7: Buckalak91 folded on the Flop
Seat 8: Andorrior folded before Flop (didn't bet)
Seat 9: Mike_Junction56 folded before Flop (didn't bet)



PokerStars Hand #232755845692:  Hold'em No Limit ($0.01/$0.02 USD) - 2022/01/02 12:48:25 PT [2022/01/02 15:48:25 ET]
Table 'Attila III' 9-max Seat #5 is the button
Seat 1: MyTHaeBoka ($7.08 in chips) 
Seat 2: Dorex2007 ($2.14 in chips) 
Seat 3: AndryiHaiduk ($2.30 in chips) 
Seat 4: AssosManiki ($2.32 in chips) 
Seat 5: Dyx76 ($4.34 in chips) 
Seat 6: Dawid 0_o ($4.16 in chips) 
Seat 7: Buckalak91 ($2.79 in chips) 
Seat 8: Andorrior ($1.53 in chips) 
Seat 9: Mike_Junction56 ($3.16 in chips) 
Dawid 0_o: posts small blind $0.01
Buckalak91: posts big blind $0.02
*** HOLE CARDS ***
Dealt to Dorex2007 [As 2h]
Andorrior: folds 
Mike_Junction56: folds 
MyTHaeBoka: folds 
Dorex2007: folds 
AndryiHaiduk: folds 
AssosManiki: folds 
Dyx76: folds 
Dawid 0_o: raises $0.06 to $0.08
Buckalak91: calls $0.06
*** FLOP *** [3s Jd Qd]
Dawid 0_o: bets $0.10
Buckalak91: folds 
Uncalled bet ($0.10) returned to Dawid 0_o
Dawid 0_o collected $0.15 from pot
Dawid 0_o: doesn't show hand 
*** SUMMARY ***
Total pot $0.16 | Rake $0.01 
Board [3s Jd Qd]
Seat 1: MyTHaeBoka folded before Flop (didn't bet)
Seat 2: Dorex2007 folded before Flop (didn't bet)
Seat 3: AndryiHaiduk folded before Flop (didn't bet)
Seat 4: AssosManiki folded before Flop (didn't bet)
Seat 5: Dyx76 (button) folded before Flop (didn't bet)
Seat 6: Dawid 0_o (small blind) collected ($0.15)
Seat 7: Buckalak91 (big blind) folded on the Flop
Seat 8: Andorrior folded before Flop (didn't bet)
Seat 9: Mike_Junction56 folded before Flop (didn't bet)



PokerStars Hand #232755871065:  Hold'em No Limit ($0.01/$0.02 USD) - 2022/01/02 12:49:00 PT [2022/01/02 15:49:00 ET]
Table 'Attila III' 9-max Seat #6 is the button
Seat 1: MyTHaeBoka ($7.08 in chips) 
Seat 2: Dorex2007 ($2.14 in chips) 
Seat 3: AndryiHaiduk ($2.30 in chips) 
Seat 4: AssosManiki ($2.32 in chips) 
Seat 5: Dyx76 ($4.34 in chips) 
Seat 6: Dawid 0_o ($4.23 in chips) 
Seat 7: Buckalak91 ($2.71 in chips) 
Seat 8: Andorrior ($1.53 in chips) 
Seat 9: Mike_Junction56 ($3.16 in chips) 
Buckalak91: posts small blind $0.01
Andorrior: posts big blind $0.02
*** HOLE CARDS ***
Dealt to Dorex2007 [Qs 5c]
Mike_Junction56: folds 
MyTHaeBoka: folds 
Dorex2007: folds 
AndryiHaiduk: folds 
AssosManiki: folds 
Dyx76: folds 
Dawid 0_o: raises $0.06 to $0.08
Buckalak91: calls $0.07
Andorrior: folds 
*** FLOP *** [5d 7s 5s]
Buckalak91: bets $0.17
Dawid 0_o: folds 
Uncalled bet ($0.17) returned to Buckalak91
Buckalak91 collected $0.17 from pot
*** SUMMARY ***
Total pot $0.18 | Rake $0.01 
Board [5d 7s 5s]
Seat 1: MyTHaeBoka folded before Flop (didn't bet)
Seat 2: Dorex2007 folded before Flop (didn't bet)
Seat 3: AndryiHaiduk folded before Flop (didn't bet)
Seat 4: AssosManiki folded before Flop (didn't bet)
Seat 5: Dyx76 folded before Flop (didn't bet)
Seat 6: Dawid 0_o (button) folded on the Flop
Seat 7: Buckalak91 (small blind) collected ($0.17)
Seat 8: Andorrior (big blind) folded before Flop
Seat 9: Mike_Junction56 folded before Flop (didn't bet)



PokerStars Hand #232755900106:  Hold'em No Limit ($0.01/$0.02 USD) - 2022/01/02 12:49:39 PT [2022/01/02 15:49:39 ET]
Table 'Attila III' 9-max Seat #7 is the button
Seat 1: MyTHaeBoka ($7.08 in chips) 
Seat 2: Dorex2007 ($2.14 in chips) 
Seat 3: AndryiHaiduk ($2.30 in chips) 
Seat 4: AssosManiki ($2.32 in chips) 
Seat 5: Dyx76 ($4.34 in chips) 
Seat 6: Dawid 0_o ($4.15 in chips) 
Seat 7: Buckalak91 ($2.80 in chips) 
Seat 8: Andorrior ($1.51 in chips) 
Seat 9: Mike_Junction56 ($3.16 in chips) 
Andorrior: posts small blind $0.01
Mike_Junction56: posts big blind $0.02
*** HOLE CARDS ***
Dealt to Dorex2007 [6h 6c]
MyTHaeBoka: folds 
Dorex2007: folds 
AndryiHaiduk: folds 
AssosManiki: raises $0.03 to $0.05
Dyx76: folds 
Dawid 0_o: folds 
Buckalak91: calls $0.05
Andorrior: folds 
Mike_Junction56: folds 
*** FLOP *** [3d 3c 5h]
AssosManiki: checks 
Buckalak91: checks 
*** TURN *** [3d 3c 5h] [5c]
AssosManiki: checks 
Buckalak91: checks 
*** RIVER *** [3d 3c 5h 5c] [2d]
AssosManiki: checks 
Buckalak91: checks 
*** SHOW DOWN ***
AssosManiki: shows [Jh Kc] (two pair, Fives and Threes)
Buckalak91: mucks hand 
AssosManiki collected $0.13 from pot
*** SUMMARY ***
Total pot $0.13 | Rake $0 
Board [3d 3c 5h 5c 2d]
Seat 1: MyTHaeBoka folded before Flop (didn't bet)
Seat 2: Dorex2007 folded before Flop (didn't bet)
Seat 3: AndryiHaiduk folded before Flop (didn't bet)
Seat 4: AssosManiki showed [Jh Kc] and won ($0.13) with two pair, Fives and Threes
Seat 5: Dyx76 folded before Flop (didn't bet)
Seat 6: Dawid 0_o folded before Flop (didn't bet)
Seat 7: Buckalak91 (button) mucked [Td 8d]
Seat 8: Andorrior (small blind) folded before Flop
Seat 9: Mike_Junction56 (big blind) folded before Flop



PokerStars Hand #232755931963:  Hold'em No Limit ($0.01/$0.02 USD) - 2022/01/02 12:50:23 PT [2022/01/02 15:50:23 ET]
Table 'Attila III' 9-max Seat #8 is the button
Seat 1: MyTHaeBoka ($7.08 in chips) 
Seat 2: Dorex2007 ($2.14 in chips) 
Seat 3: AndryiHaiduk ($2.30 in chips) 
Seat 4: AssosManiki ($2.40 in chips) 
Seat 5: Dyx76 ($4.34 in chips) 
Seat 6: Dawid 0_o ($4.15 in chips) 
Seat 7: Buckalak91 ($2.75 in chips) 
Seat 8: Andorrior ($1.50 in chips) 
Seat 9: Mike_Junction56 ($3.14 in chips) 
Mike_Junction56: posts small blind $0.01
MyTHaeBoka: posts big blind $0.02
*** HOLE CARDS ***
Dealt to Dorex2007 [7h Ks]
Dorex2007: folds 
AndryiHaiduk: folds 
AssosManiki: folds 
Dyx76: folds 
Dawid 0_o: folds 
Buckalak91: calls $0.02
Andorrior: folds 
Mike_Junction56: folds 
MyTHaeBoka: checks 
*** FLOP *** [5d Td 8c]
MyTHaeBoka: checks 
Buckalak91: bets $0.02
MyTHaeBoka: calls $0.02
*** TURN *** [5d Td 8c] [Qs]
MyTHaeBoka: checks 
Buckalak91: bets $0.02
MyTHaeBoka: calls $0.02
*** RIVER *** [5d Td 8c Qs] [Jd]
MyTHaeBoka: checks 
Buckalak91: bets $0.13
MyTHaeBoka: folds 
Uncalled bet ($0.13) returned to Buckalak91
Buckalak91 collected $0.13 from pot
*** SUMMARY ***
Total pot $0.13 | Rake $0 
Board [5d Td 8c Qs Jd]
Seat 1: MyTHaeBoka (big blind) folded on the River
Seat 2: Dorex2007 folded before Flop (didn't bet)
Seat 3: AndryiHaiduk folded before Flop (didn't bet)
Seat 4: AssosManiki folded before Flop (didn't bet)
Seat 5: Dyx76 folded before Flop (didn't bet)
Seat 6: Dawid 0_o folded before Flop (didn't bet)
Seat 7: Buckalak91 collected ($0.13)
Seat 8: Andorrior (button) folded before Flop (didn't bet)
Seat 9: Mike_Junction56 (small blind) folded before Flop



