PokerStars Hand #238059267535:  Hold'em No Limit ($0.02/$0.05 USD) - 2022/08/17 22:13:00 PT [2022/08/18 1:13:00 ET]
Table 'Imhotep II' 9-max Seat #5 is the button
Seat 1: fcniemi ($4.09 in chips) 
Seat 2: SetOnesGoal ($9.15 in chips) 
Seat 3: MOONSP3LL ($4.31 in chips) 
Seat 4: Dorex2007 ($5 in chips) 
Seat 5: H4NGOV3R ($3.93 in chips) 
Seat 6: Jer(11:11)(x) ($5.15 in chips) 
Seat 7: zanozaN1 ($5.54 in chips) 
Seat 8: AzeRReis ($1.88 in chips) 
Seat 9: paragraf ($1.16 in chips) 
Jer(11:11)(x): posts small blind $0.02
zanozaN1: posts big blind $0.05
Dorex2007: posts big blind $0.05
*** HOLE CARDS ***
Dealt to Dorex2007 [7s Jc]
AzeRReis: folds 
paragraf: calls $0.05
fcniemi: folds 
SetOnesGoal: folds 
MOONSP3LL: raises $0.15 to $0.20
Dorex2007: folds 
H4NGOV3R: folds 
Jer(11:11)(x): folds 
zanozaN1: folds 
paragraf: calls $0.15
*** FLOP *** [3d 8c 2c]
paragraf: checks 
MOONSP3LL: bets $0.17
paragraf: folds 
Uncalled bet ($0.17) returned to MOONSP3LL
MOONSP3LL collected $0.50 from pot
MOONSP3LL: doesn't show hand 
*** SUMMARY ***
Total pot $0.52 | Rake $0.02 
Board [3d 8c 2c]
Seat 1: fcniemi folded before Flop (didn't bet)
Seat 2: SetOnesGoal folded before Flop (didn't bet)
Seat 3: MOONSP3LL collected ($0.50)
Seat 4: Dorex2007 folded before Flop (didn't bet)
Seat 5: H4NGOV3R (button) folded before Flop (didn't bet)
Seat 6: Jer(11:11)(x) (small blind) folded before Flop
Seat 7: zanozaN1 (big blind) folded before Flop
Seat 8: AzeRReis folded before Flop (didn't bet)
Seat 9: paragraf folded on the Flop



PokerStars Hand #238059271570:  Hold'em No Limit ($0.02/$0.05 USD) - 2022/08/17 22:13:36 PT [2022/08/18 1:13:36 ET]
Table 'Imhotep II' 9-max Seat #6 is the button
Seat 1: fcniemi ($4.09 in chips) 
Seat 2: SetOnesGoal ($9.15 in chips) 
Seat 3: MOONSP3LL ($4.61 in chips) 
Seat 4: Dorex2007 ($5 in chips) 
Seat 5: H4NGOV3R ($3.93 in chips) 
Seat 6: Jer(11:11)(x) ($5.13 in chips) 
Seat 7: zanozaN1 ($5.49 in chips) 
Seat 8: AzeRReis ($1.88 in chips) 
Seat 9: paragraf ($0.96 in chips) 
zanozaN1: posts small blind $0.02
AzeRReis: posts big blind $0.05
*** HOLE CARDS ***
Dealt to Dorex2007 [3h 7s]
paragraf: folds 
fcniemi: raises $0.07 to $0.12
SetOnesGoal: folds 
MOONSP3LL: folds 
Dorex2007: folds 
H4NGOV3R: folds 
Jer(11:11)(x): folds 
zanozaN1: folds 
AzeRReis: raises $0.26 to $0.38
fcniemi: calls $0.26
*** FLOP *** [5h 7c Tc]
AzeRReis: bets $0.75
fcniemi: folds 
Uncalled bet ($0.75) returned to AzeRReis
AzeRReis collected $0.75 from pot
*** SUMMARY ***
Total pot $0.78 | Rake $0.03 
Board [5h 7c Tc]
Seat 1: fcniemi folded on the Flop
Seat 2: SetOnesGoal folded before Flop (didn't bet)
Seat 3: MOONSP3LL folded before Flop (didn't bet)
Seat 4: Dorex2007 folded before Flop (didn't bet)
Seat 5: H4NGOV3R folded before Flop (didn't bet)
Seat 6: Jer(11:11)(x) (button) folded before Flop (didn't bet)
Seat 7: zanozaN1 (small blind) folded before Flop
Seat 8: AzeRReis (big blind) collected ($0.75)
Seat 9: paragraf folded before Flop (didn't bet)



PokerStars Hand #238059277355:  Hold'em No Limit ($0.02/$0.05 USD) - 2022/08/17 22:14:27 PT [2022/08/18 1:14:27 ET]
Table 'Imhotep II' 9-max Seat #7 is the button
Seat 1: fcniemi ($3.71 in chips) 
Seat 2: SetOnesGoal ($9.15 in chips) 
Seat 3: MOONSP3LL ($4.61 in chips) 
Seat 4: Dorex2007 ($5 in chips) 
Seat 5: H4NGOV3R ($3.93 in chips) 
Seat 6: Jer(11:11)(x) ($5.13 in chips) 
Seat 7: zanozaN1 ($5.47 in chips) 
Seat 8: AzeRReis ($2.25 in chips) 
Seat 9: paragraf ($0.96 in chips) 
AzeRReis: posts small blind $0.02
paragraf: posts big blind $0.05
*** HOLE CARDS ***
Dealt to Dorex2007 [Qh 2s]
fcniemi: folds 
SetOnesGoal: folds 
MOONSP3LL: folds 
Dorex2007: folds 
H4NGOV3R: folds 
Jer(11:11)(x): folds 
zanozaN1: raises $0.10 to $0.15
AzeRReis: folds 
paragraf: folds 
Uncalled bet ($0.10) returned to zanozaN1
zanozaN1 collected $0.12 from pot
zanozaN1: doesn't show hand 
*** SUMMARY ***
Total pot $0.12 | Rake $0 
Seat 1: fcniemi folded before Flop (didn't bet)
Seat 2: SetOnesGoal folded before Flop (didn't bet)
Seat 3: MOONSP3LL folded before Flop (didn't bet)
Seat 4: Dorex2007 folded before Flop (didn't bet)
Seat 5: H4NGOV3R folded before Flop (didn't bet)
Seat 6: Jer(11:11)(x) folded before Flop (didn't bet)
Seat 7: zanozaN1 (button) collected ($0.12)
Seat 8: AzeRReis (small blind) folded before Flop
Seat 9: paragraf (big blind) folded before Flop



PokerStars Hand #238059280860:  Hold'em No Limit ($0.02/$0.05 USD) - 2022/08/17 22:14:58 PT [2022/08/18 1:14:58 ET]
Table 'Imhotep II' 9-max Seat #8 is the button
Seat 2: SetOnesGoal ($9.15 in chips) 
Seat 3: MOONSP3LL ($4.61 in chips) 
Seat 4: Dorex2007 ($5 in chips) 
Seat 5: H4NGOV3R ($3.93 in chips) 
Seat 6: Jer(11:11)(x) ($5.13 in chips) 
Seat 7: zanozaN1 ($5.54 in chips) 
Seat 8: AzeRReis ($2.23 in chips) 
Seat 9: paragraf ($0.91 in chips) 
paragraf: posts small blind $0.02
fcniemi: is sitting out 
SetOnesGoal: posts big blind $0.05
*** HOLE CARDS ***
Dealt to Dorex2007 [5s Ad]
MOONSP3LL: raises $0.05 to $0.10
Dorex2007: folds 
H4NGOV3R: folds 
Jer(11:11)(x): calls $0.10
zanozaN1: calls $0.10
AzeRReis: folds 
paragraf: folds 
SetOnesGoal: calls $0.05
*** FLOP *** [5d 4h Qd]
SetOnesGoal: checks 
MOONSP3LL: checks 
Jer(11:11)(x): bets $0.20
zanozaN1: raises $0.40 to $0.60
SetOnesGoal: folds 
MOONSP3LL: folds 
Jer(11:11)(x): raises $1.82 to $2.42
zanozaN1: folds 
Uncalled bet ($1.82) returned to Jer(11:11)(x)
Jer(11:11)(x) collected $1.55 from pot
Jer(11:11)(x): doesn't show hand 
*** SUMMARY ***
Total pot $1.62 | Rake $0.07 
Board [5d 4h Qd]
Seat 2: SetOnesGoal (big blind) folded on the Flop
Seat 3: MOONSP3LL folded on the Flop
Seat 4: Dorex2007 folded before Flop (didn't bet)
Seat 5: H4NGOV3R folded before Flop (didn't bet)
Seat 6: Jer(11:11)(x) collected ($1.55)
Seat 7: zanozaN1 folded on the Flop
Seat 8: AzeRReis (button) folded before Flop (didn't bet)
Seat 9: paragraf (small blind) folded before Flop



PokerStars Hand #238059289306:  Hold'em No Limit ($0.02/$0.05 USD) - 2022/08/17 22:16:15 PT [2022/08/18 1:16:15 ET]
Table 'Imhotep II' 9-max Seat #9 is the button
Seat 2: SetOnesGoal ($9.05 in chips) 
Seat 3: MOONSP3LL ($4.51 in chips) 
Seat 4: Dorex2007 ($5 in chips) 
Seat 5: H4NGOV3R ($3.93 in chips) 
Seat 6: Jer(11:11)(x) ($5.98 in chips) 
Seat 7: zanozaN1 ($5 in chips) 
Seat 8: AzeRReis ($2.23 in chips) 
Seat 9: paragraf ($0.89 in chips) 
SetOnesGoal: posts small blind $0.02
MOONSP3LL: posts big blind $0.05
*** HOLE CARDS ***
Dealt to Dorex2007 [6s Kh]
Dorex2007: folds 
H4NGOV3R: folds 
Jer(11:11)(x): folds 
zanozaN1: folds 
AzeRReis: calls $0.05
paragraf: calls $0.05
SetOnesGoal: calls $0.03
MOONSP3LL: checks 
*** FLOP *** [Tc Qc 3h]
SetOnesGoal: checks 
MOONSP3LL: checks 
AzeRReis: checks 
paragraf: checks 
*** TURN *** [Tc Qc 3h] [3d]
SetOnesGoal: checks 
MOONSP3LL: checks 
AzeRReis: checks 
paragraf: checks 
*** RIVER *** [Tc Qc 3h 3d] [2h]
SetOnesGoal: checks 
MOONSP3LL: checks 
AzeRReis: checks 
paragraf: checks 
*** SHOW DOWN ***
SetOnesGoal: shows [Ts 8d] (two pair, Tens and Threes)
MOONSP3LL: mucks hand 
AzeRReis: mucks hand 
paragraf: mucks hand 
SetOnesGoal collected $0.19 from pot
*** SUMMARY ***
Total pot $0.20 | Rake $0.01 
Board [Tc Qc 3h 3d 2h]
Seat 2: SetOnesGoal (small blind) showed [Ts 8d] and won ($0.19) with two pair, Tens and Threes
Seat 3: MOONSP3LL (big blind) mucked [7h 6d]
Seat 4: Dorex2007 folded before Flop (didn't bet)
Seat 5: H4NGOV3R folded before Flop (didn't bet)
Seat 6: Jer(11:11)(x) folded before Flop (didn't bet)
Seat 7: zanozaN1 folded before Flop (didn't bet)
Seat 8: AzeRReis mucked [5s Ks]
Seat 9: paragraf (button) mucked [5h 4h]



PokerStars Hand #238059296720:  Hold'em No Limit ($0.02/$0.05 USD) - 2022/08/17 22:17:23 PT [2022/08/18 1:17:23 ET]
Table 'Imhotep II' 9-max Seat #2 is the button
Seat 2: SetOnesGoal ($9.19 in chips) 
Seat 3: MOONSP3LL ($4.46 in chips) 
Seat 4: Dorex2007 ($5 in chips) 
Seat 5: H4NGOV3R ($3.93 in chips) 
Seat 6: Jer(11:11)(x) ($5.98 in chips) 
Seat 7: zanozaN1 ($5 in chips) 
Seat 8: AzeRReis ($2.18 in chips) 
Seat 9: paragraf ($0.84 in chips) 
MOONSP3LL: posts small blind $0.02
Dorex2007: posts big blind $0.05
*** HOLE CARDS ***
Dealt to Dorex2007 [3d 2s]
H4NGOV3R: folds 
Jer(11:11)(x): folds 
zanozaN1: folds 
AzeRReis: folds 
paragraf: calls $0.05
SetOnesGoal: folds 
MOONSP3LL: raises $0.15 to $0.20
Dorex2007: folds 
paragraf: folds 
Uncalled bet ($0.15) returned to MOONSP3LL
MOONSP3LL collected $0.15 from pot
MOONSP3LL: doesn't show hand 
*** SUMMARY ***
Total pot $0.15 | Rake $0 
Seat 2: SetOnesGoal (button) folded before Flop (didn't bet)
Seat 3: MOONSP3LL (small blind) collected ($0.15)
Seat 4: Dorex2007 (big blind) folded before Flop
Seat 5: H4NGOV3R folded before Flop (didn't bet)
Seat 6: Jer(11:11)(x) folded before Flop (didn't bet)
Seat 7: zanozaN1 folded before Flop (didn't bet)
Seat 8: AzeRReis folded before Flop (didn't bet)
Seat 9: paragraf folded before Flop



PokerStars Hand #238059299716:  Hold'em No Limit ($0.02/$0.05 USD) - 2022/08/17 22:17:51 PT [2022/08/18 1:17:51 ET]
Table 'Imhotep II' 9-max Seat #3 is the button
Seat 2: SetOnesGoal ($9.19 in chips) 
Seat 3: MOONSP3LL ($4.56 in chips) 
Seat 4: Dorex2007 ($5 in chips) 
Seat 5: H4NGOV3R ($3.93 in chips) 
Seat 6: Jer(11:11)(x) ($5.98 in chips) 
Seat 7: zanozaN1 ($5 in chips) 
Seat 8: AzeRReis ($2.18 in chips) 
Seat 9: paragraf ($0.79 in chips) 
Dorex2007: posts small blind $0.02
H4NGOV3R: posts big blind $0.05
*** HOLE CARDS ***
Dealt to Dorex2007 [2h Js]
Jer(11:11)(x): folds 
zanozaN1: folds 
AzeRReis: folds 
paragraf: raises $0.05 to $0.10
SetOnesGoal: folds 
MOONSP3LL: raises $0.15 to $0.25
Dorex2007: folds 
H4NGOV3R: folds 
paragraf: raises $0.54 to $0.79 and is all-in
MOONSP3LL: calls $0.54
*** FLOP *** [6h 9h 8s]
*** TURN *** [6h 9h 8s] [Qs]
*** RIVER *** [6h 9h 8s Qs] [9s]
*** SHOW DOWN ***
paragraf: shows [Ks As] (a flush, Ace high)
MOONSP3LL: shows [Ad 7d] (a pair of Nines)
paragraf collected $1.56 from pot
*** SUMMARY ***
Total pot $1.65 | Rake $0.09 
Board [6h 9h 8s Qs 9s]
Seat 2: SetOnesGoal folded before Flop (didn't bet)
Seat 3: MOONSP3LL (button) showed [Ad 7d] and lost with a pair of Nines
Seat 4: Dorex2007 (small blind) folded before Flop
Seat 5: H4NGOV3R (big blind) folded before Flop
Seat 6: Jer(11:11)(x) folded before Flop (didn't bet)
Seat 7: zanozaN1 folded before Flop (didn't bet)
Seat 8: AzeRReis folded before Flop (didn't bet)
Seat 9: paragraf showed [Ks As] and won ($1.56) with a flush, Ace high



PokerStars Hand #238059304575:  Hold'em No Limit ($0.02/$0.05 USD) - 2022/08/17 22:18:36 PT [2022/08/18 1:18:36 ET]
Table 'Imhotep II' 9-max Seat #4 is the button
Seat 2: SetOnesGoal ($9.19 in chips) 
Seat 3: MOONSP3LL ($3.77 in chips) 
Seat 4: Dorex2007 ($5 in chips) 
Seat 5: H4NGOV3R ($3.88 in chips) 
Seat 6: Jer(11:11)(x) ($5.98 in chips) 
Seat 7: zanozaN1 ($5 in chips) 
Seat 8: AzeRReis ($2.18 in chips) 
Seat 9: paragraf ($1.56 in chips) 
H4NGOV3R: posts small blind $0.02
Jer(11:11)(x): posts big blind $0.05
*** HOLE CARDS ***
Dealt to Dorex2007 [7c 9c]
zanozaN1: folds 
AzeRReis: calls $0.05
paragraf: folds 
SetOnesGoal: raises $0.15 to $0.20
MOONSP3LL: raises $0.52 to $0.72
Dorex2007: folds 
H4NGOV3R: folds 
Jer(11:11)(x): folds 
AzeRReis: folds 
SetOnesGoal: calls $0.52
*** FLOP *** [3h 4c Ah]
SetOnesGoal: checks 
MOONSP3LL: bets $0.85
SetOnesGoal: raises $0.85 to $1.70
MOONSP3LL: raises $1.35 to $3.05 and is all-in
SetOnesGoal: calls $1.35
*** TURN *** [3h 4c Ah] [Jh]
*** RIVER *** [3h 4c Ah Jh] [Tc]
*** SHOW DOWN ***
SetOnesGoal: shows [As Kd] (a pair of Aces)
MOONSP3LL: shows [Ad Ks] (a pair of Aces)
SetOnesGoal collected $3.67 from pot
MOONSP3LL collected $3.63 from pot
*** SUMMARY ***
Total pot $7.66 | Rake $0.36 
Board [3h 4c Ah Jh Tc]
Seat 2: SetOnesGoal showed [As Kd] and won ($3.67) with a pair of Aces
Seat 3: MOONSP3LL showed [Ad Ks] and won ($3.63) with a pair of Aces
Seat 4: Dorex2007 (button) folded before Flop (didn't bet)
Seat 5: H4NGOV3R (small blind) folded before Flop
Seat 6: Jer(11:11)(x) (big blind) folded before Flop
Seat 7: zanozaN1 folded before Flop (didn't bet)
Seat 8: AzeRReis folded before Flop
Seat 9: paragraf folded before Flop (didn't bet)



PokerStars Hand #238059314800:  Hold'em No Limit ($0.02/$0.05 USD) - 2022/08/17 22:20:11 PT [2022/08/18 1:20:11 ET]
Table 'Imhotep II' 9-max Seat #5 is the button
Seat 2: SetOnesGoal ($9.09 in chips) 
Seat 3: MOONSP3LL ($3.63 in chips) 
Seat 4: Dorex2007 ($5 in chips) 
Seat 5: H4NGOV3R ($3.86 in chips) 
Seat 6: Jer(11:11)(x) ($5.93 in chips) 
Seat 7: zanozaN1 ($5 in chips) 
Seat 8: AzeRReis ($2.13 in chips) 
Seat 9: paragraf ($1.56 in chips) 
Jer(11:11)(x): posts small blind $0.02
zanozaN1: posts big blind $0.05
*** HOLE CARDS ***
Dealt to Dorex2007 [Ts 9h]
AzeRReis: folds 
paragraf: folds 
SetOnesGoal: folds 
MOONSP3LL: raises $0.10 to $0.15
Dorex2007: folds 
H4NGOV3R: folds 
Jer(11:11)(x): folds 
zanozaN1: calls $0.10
*** FLOP *** [Th 7h Js]
zanozaN1: checks 
SetOnesGoal leaves the table
MOONSP3LL: bets $0.10
kei635 joins the table at seat #2 
zanozaN1: raises $0.40 to $0.50
MOONSP3LL: calls $0.40
*** TURN *** [Th 7h Js] [5c]
kei635 leaves the table
zanozaN1: checks 
MOONSP3LL: checks 
*** RIVER *** [Th 7h Js 5c] [4h]
zanozaN1: checks 
MOONSP3LL: bets $0.89
fcniemi leaves the table
zanozaN1: folds 
Uncalled bet ($0.89) returned to MOONSP3LL
MOONSP3LL collected $1.26 from pot
MOONSP3LL: doesn't show hand 
*** SUMMARY ***
Total pot $1.32 | Rake $0.06 
Board [Th 7h Js 5c 4h]
Seat 2: SetOnesGoal folded before Flop (didn't bet)
Seat 3: MOONSP3LL collected ($1.26)
Seat 4: Dorex2007 folded before Flop (didn't bet)
Seat 5: H4NGOV3R (button) folded before Flop (didn't bet)
Seat 6: Jer(11:11)(x) (small blind) folded before Flop
Seat 7: zanozaN1 (big blind) folded on the River
Seat 8: AzeRReis folded before Flop (didn't bet)
Seat 9: paragraf folded before Flop (didn't bet)



PokerStars Hand #238059326738:  Hold'em No Limit ($0.02/$0.05 USD) - 2022/08/17 22:22:01 PT [2022/08/18 1:22:01 ET]
Table 'Imhotep II' 9-max Seat #6 is the button
Seat 3: MOONSP3LL ($4.24 in chips) 
Seat 4: Dorex2007 ($5 in chips) 
Seat 5: H4NGOV3R ($3.86 in chips) 
Seat 6: Jer(11:11)(x) ($5.91 in chips) 
Seat 7: zanozaN1 ($5 in chips) 
Seat 8: AzeRReis ($2.13 in chips) 
Seat 9: paragraf ($1.56 in chips) 
zanozaN1: posts small blind $0.02
AzeRReis: posts big blind $0.05
*** HOLE CARDS ***
Dealt to Dorex2007 [5s 8c]
paragraf: folds 
MOONSP3LL: folds 
Dorex2007: folds 
H4NGOV3R: raises $0.07 to $0.12
Jer(11:11)(x): folds 
zanozaN1: folds 
AzeRReis: calls $0.07
*** FLOP *** [Kh Th 7d]
AzeRReis: checks 
KidBananan joins the table at seat #1 
H4NGOV3R: bets $0.17
AzeRReis: folds 
Uncalled bet ($0.17) returned to H4NGOV3R
H4NGOV3R collected $0.25 from pot
H4NGOV3R: doesn't show hand 
*** SUMMARY ***
Total pot $0.26 | Rake $0.01 
Board [Kh Th 7d]
Seat 3: MOONSP3LL folded before Flop (didn't bet)
Seat 4: Dorex2007 folded before Flop (didn't bet)
Seat 5: H4NGOV3R collected ($0.25)
Seat 6: Jer(11:11)(x) (button) folded before Flop (didn't bet)
Seat 7: zanozaN1 (small blind) folded before Flop
Seat 8: AzeRReis (big blind) folded on the Flop
Seat 9: paragraf folded before Flop (didn't bet)



PokerStars Hand #238059330365:  Hold'em No Limit ($0.02/$0.05 USD) - 2022/08/17 22:22:34 PT [2022/08/18 1:22:34 ET]
Table 'Imhotep II' 9-max Seat #7 is the button
Seat 3: MOONSP3LL ($4.24 in chips) 
Seat 4: Dorex2007 ($5 in chips) 
Seat 5: H4NGOV3R ($3.99 in chips) 
Seat 6: Jer(11:11)(x) ($5.91 in chips) 
Seat 7: zanozaN1 ($5 in chips) 
Seat 8: AzeRReis ($2.01 in chips) 
Seat 9: paragraf ($1.56 in chips) 
AzeRReis: posts small blind $0.02
paragraf: posts big blind $0.05
KidBananan: sits out 
*** HOLE CARDS ***
Dealt to Dorex2007 [5h 2s]
BUTAW701 joins the table at seat #2 
MOONSP3LL: raises $0.07 to $0.12
Dorex2007: folds 
H4NGOV3R: folds 
Jer(11:11)(x): folds 
zanozaN1: folds 
AzeRReis: raises $0.29 to $0.41
paragraf: folds 
MOONSP3LL: folds 
Uncalled bet ($0.29) returned to AzeRReis
AzeRReis collected $0.29 from pot
*** SUMMARY ***
Total pot $0.29 | Rake $0 
Seat 3: MOONSP3LL folded before Flop
Seat 4: Dorex2007 folded before Flop (didn't bet)
Seat 5: H4NGOV3R folded before Flop (didn't bet)
Seat 6: Jer(11:11)(x) folded before Flop (didn't bet)
Seat 7: zanozaN1 (button) folded before Flop (didn't bet)
Seat 8: AzeRReis (small blind) collected ($0.29)
Seat 9: paragraf (big blind) folded before Flop



PokerStars Hand #238059335624:  Hold'em No Limit ($0.02/$0.05 USD) - 2022/08/17 22:23:23 PT [2022/08/18 1:23:23 ET]
Table 'Imhotep II' 9-max Seat #8 is the button
Seat 1: KidBananan ($5 in chips) 
Seat 3: MOONSP3LL ($4.12 in chips) 
Seat 4: Dorex2007 ($5 in chips) 
Seat 5: H4NGOV3R ($3.99 in chips) 
Seat 7: zanozaN1 ($5 in chips) 
Seat 8: AzeRReis ($2.18 in chips) 
Seat 9: paragraf ($1.51 in chips) 
paragraf: posts small blind $0.02
KidBananan: posts big blind $0.05
BUTAW701: sits out 
*** HOLE CARDS ***
Dealt to Dorex2007 [4d Kh]
MOONSP3LL: folds 
Dorex2007: folds 
H4NGOV3R: folds 
zanozaN1: folds 
AzeRReis: folds 
paragraf: folds 
Uncalled bet ($0.03) returned to KidBananan
KidBananan collected $0.04 from pot
KidBananan: doesn't show hand 
*** SUMMARY ***
Total pot $0.04 | Rake $0 
Seat 1: KidBananan (big blind) collected ($0.04)
Seat 3: MOONSP3LL folded before Flop (didn't bet)
Seat 4: Dorex2007 folded before Flop (didn't bet)
Seat 5: H4NGOV3R folded before Flop (didn't bet)
Seat 7: zanozaN1 folded before Flop (didn't bet)
Seat 8: AzeRReis (button) folded before Flop (didn't bet)
Seat 9: paragraf (small blind) folded before Flop



PokerStars Hand #238059340598:  Hold'em No Limit ($0.02/$0.05 USD) - 2022/08/17 22:23:43 PT [2022/08/18 1:23:43 ET]
Table 'Imhotep II' 9-max Seat #9 is the button
Seat 1: KidBananan ($5.02 in chips) 
Seat 2: BUTAW701 ($5 in chips) 
Seat 3: MOONSP3LL ($4.12 in chips) 
Seat 4: Dorex2007 ($5 in chips) 
Seat 5: H4NGOV3R ($3.99 in chips) 
Seat 7: zanozaN1 ($5 in chips) 
Seat 8: AzeRReis ($2.18 in chips) 
Seat 9: paragraf ($1.49 in chips) 
KidBananan: posts small blind $0.02
BUTAW701: posts big blind $0.05
*** HOLE CARDS ***
Dealt to Dorex2007 [3c 8s]
MOONSP3LL: folds 
Dorex2007: folds 
H4NGOV3R: folds 
zanozaN1: folds 
AzeRReis: folds 
paragraf: folds 
KidBananan: raises $0.10 to $0.15
BUTAW701: calls $0.10
*** FLOP *** [2s 5d Ks]
KidBananan: bets $0.15
BUTAW701: calls $0.15
*** TURN *** [2s 5d Ks] [5s]
KidBananan: checks 
BUTAW701: bets $0.29
KidBananan: calls $0.29
*** RIVER *** [2s 5d Ks 5s] [Kd]
KidBananan: bets $0.65
BUTAW701: folds 
Uncalled bet ($0.65) returned to KidBananan
KidBananan collected $1.13 from pot
KidBananan: doesn't show hand 
*** SUMMARY ***
Total pot $1.18 | Rake $0.05 
Board [2s 5d Ks 5s Kd]
Seat 1: KidBananan (small blind) collected ($1.13)
Seat 2: BUTAW701 (big blind) folded on the River
Seat 3: MOONSP3LL folded before Flop (didn't bet)
Seat 4: Dorex2007 folded before Flop (didn't bet)
Seat 5: H4NGOV3R folded before Flop (didn't bet)
Seat 7: zanozaN1 folded before Flop (didn't bet)
Seat 8: AzeRReis folded before Flop (didn't bet)
Seat 9: paragraf (button) folded before Flop (didn't bet)



PokerStars Hand #238059346457:  Hold'em No Limit ($0.02/$0.05 USD) - 2022/08/17 22:24:37 PT [2022/08/18 1:24:37 ET]
Table 'Imhotep II' 9-max Seat #1 is the button
Seat 1: KidBananan ($5.56 in chips) 
Seat 2: BUTAW701 ($4.41 in chips) 
Seat 3: MOONSP3LL ($4.12 in chips) 
Seat 4: Dorex2007 ($5 in chips) 
Seat 5: H4NGOV3R ($3.99 in chips) 
Seat 7: zanozaN1 ($5 in chips) 
Seat 8: AzeRReis ($2.18 in chips) 
Seat 9: paragraf ($1.49 in chips) 
BUTAW701: posts small blind $0.02
MOONSP3LL: posts big blind $0.05
*** HOLE CARDS ***
Dealt to Dorex2007 [8d 6h]
Dorex2007: folds 
H4NGOV3R: folds 
zanozaN1: calls $0.05
AzeRReis: raises $0.10 to $0.15
paragraf: folds 
KidBananan: folds 
BUTAW701: folds 
MOONSP3LL: calls $0.10
zanozaN1: folds 
*** FLOP *** [2s 3s Js]
MOONSP3LL: checks 
AzeRReis: bets $0.17
zanozaN1 leaves the table
MOONSP3LL: folds 
Uncalled bet ($0.17) returned to AzeRReis
AzeRReis collected $0.35 from pot
*** SUMMARY ***
Total pot $0.37 | Rake $0.02 
Board [2s 3s Js]
Seat 1: KidBananan (button) folded before Flop (didn't bet)
Seat 2: BUTAW701 (small blind) folded before Flop
Seat 3: MOONSP3LL (big blind) folded on the Flop
Seat 4: Dorex2007 folded before Flop (didn't bet)
Seat 5: H4NGOV3R folded before Flop (didn't bet)
Seat 7: zanozaN1 folded before Flop
Seat 8: AzeRReis collected ($0.35)
Seat 9: paragraf folded before Flop (didn't bet)



PokerStars Hand #238059354820:  Hold'em No Limit ($0.02/$0.05 USD) - 2022/08/17 22:25:41 PT [2022/08/18 1:25:41 ET]
Table 'Imhotep II' 9-max Seat #2 is the button
Seat 1: KidBananan ($5.56 in chips) 
Seat 2: BUTAW701 ($5 in chips) 
Seat 3: MOONSP3LL ($3.97 in chips) 
Seat 4: Dorex2007 ($5 in chips) 
Seat 5: H4NGOV3R ($3.99 in chips) 
Seat 8: AzeRReis ($2.38 in chips) 
Seat 9: paragraf ($1.49 in chips) 
MOONSP3LL: posts small blind $0.02
Dorex2007: posts big blind $0.05
*** HOLE CARDS ***
Dealt to Dorex2007 [Ks 8h]
H4NGOV3R: folds 
AzeRReis: folds 
paragraf: folds 
KidBananan: folds 
OMG DerClown joins the table at seat #7 
BUTAW701: raises $0.10 to $0.15
MOONSP3LL: folds 
Dorex2007: folds 
Uncalled bet ($0.10) returned to BUTAW701
BUTAW701 collected $0.12 from pot
BUTAW701: doesn't show hand 
*** SUMMARY ***
Total pot $0.12 | Rake $0 
Seat 1: KidBananan folded before Flop (didn't bet)
Seat 2: BUTAW701 (button) collected ($0.12)
Seat 3: MOONSP3LL (small blind) folded before Flop
Seat 4: Dorex2007 (big blind) folded before Flop
Seat 5: H4NGOV3R folded before Flop (didn't bet)
Seat 8: AzeRReis folded before Flop (didn't bet)
Seat 9: paragraf folded before Flop (didn't bet)



PokerStars Hand #238059358004:  Hold'em No Limit ($0.02/$0.05 USD) - 2022/08/17 22:26:10 PT [2022/08/18 1:26:10 ET]
Table 'Imhotep II' 9-max Seat #3 is the button
Seat 1: KidBananan ($5.56 in chips) 
Seat 2: BUTAW701 ($5.07 in chips) 
Seat 3: MOONSP3LL ($3.95 in chips) 
Seat 4: Dorex2007 ($5 in chips) 
Seat 5: H4NGOV3R ($3.99 in chips) 
Seat 8: AzeRReis ($2.38 in chips) 
Seat 9: paragraf ($1.49 in chips) 
Dorex2007: posts small blind $0.02
H4NGOV3R: posts big blind $0.05
OMG DerClown: sits out 
*** HOLE CARDS ***
Dealt to Dorex2007 [3c 5c]
AzeRReis: raises $0.05 to $0.10
paragraf: folds 
KidBananan: folds 
BUTAW701 has timed out
BUTAW701: folds 
MOONSP3LL: folds 
Dorex2007: folds 
H4NGOV3R: calls $0.05
*** FLOP *** [5s 4c 2d]
H4NGOV3R: checks 
AzeRReis: checks 
*** TURN *** [5s 4c 2d] [Ks]
H4NGOV3R: checks 
AzeRReis: checks 
*** RIVER *** [5s 4c 2d Ks] [9c]
H4NGOV3R: checks 
AzeRReis: checks 
*** SHOW DOWN ***
H4NGOV3R: shows [6d 8d] (high card King)
AzeRReis: shows [8h Jh] (high card King - Jack kicker)
AzeRReis collected $0.21 from pot
*** SUMMARY ***
Total pot $0.22 | Rake $0.01 
Board [5s 4c 2d Ks 9c]
Seat 1: KidBananan folded before Flop (didn't bet)
Seat 2: BUTAW701 folded before Flop (didn't bet)
Seat 3: MOONSP3LL (button) folded before Flop (didn't bet)
Seat 4: Dorex2007 (small blind) folded before Flop
Seat 5: H4NGOV3R (big blind) showed [6d 8d] and lost with high card King
Seat 8: AzeRReis showed [8h Jh] and won ($0.21) with high card King
Seat 9: paragraf folded before Flop (didn't bet)



PokerStars Hand #238059364703:  Hold'em No Limit ($0.02/$0.05 USD) - 2022/08/17 22:27:12 PT [2022/08/18 1:27:12 ET]
Table 'Imhotep II' 9-max Seat #4 is the button
Seat 1: KidBananan ($5.56 in chips) 
Seat 2: BUTAW701 ($5.07 in chips) 
Seat 3: MOONSP3LL ($3.95 in chips) 
Seat 4: Dorex2007 ($5 in chips) 
Seat 5: H4NGOV3R ($3.89 in chips) 
Seat 7: OMG DerClown ($4 in chips) 
Seat 8: AzeRReis ($2.49 in chips) 
Seat 9: paragraf ($1.49 in chips) 
H4NGOV3R: posts small blind $0.02
OMG DerClown: posts big blind $0.05
*** HOLE CARDS ***
Dealt to Dorex2007 [Tc 4c]
AzeRReis is connected 
AzeRReis is disconnected 
AzeRReis is connected 
AzeRReis has timed out
AzeRReis: folds 
paragraf: folds 
KidBananan: folds 
BUTAW701: folds 
MOONSP3LL: folds 
Dorex2007: folds 
H4NGOV3R: raises $0.10 to $0.15
OMG DerClown: folds 
Uncalled bet ($0.10) returned to H4NGOV3R
H4NGOV3R collected $0.10 from pot
H4NGOV3R: doesn't show hand 
*** SUMMARY ***
Total pot $0.10 | Rake $0 
Seat 1: KidBananan folded before Flop (didn't bet)
Seat 2: BUTAW701 folded before Flop (didn't bet)
Seat 3: MOONSP3LL folded before Flop (didn't bet)
Seat 4: Dorex2007 (button) folded before Flop (didn't bet)
Seat 5: H4NGOV3R (small blind) collected ($0.10)
Seat 7: OMG DerClown (big blind) folded before Flop
Seat 8: AzeRReis folded before Flop (didn't bet)
Seat 9: paragraf folded before Flop (didn't bet)



PokerStars Hand #238059367654:  Hold'em No Limit ($0.02/$0.05 USD) - 2022/08/17 22:27:40 PT [2022/08/18 1:27:40 ET]
Table 'Imhotep II' 9-max Seat #5 is the button
Seat 1: KidBananan ($5.56 in chips) 
Seat 2: BUTAW701 ($5.07 in chips) 
Seat 4: Dorex2007 ($5 in chips) 
Seat 5: H4NGOV3R ($3.94 in chips) 
Seat 7: OMG DerClown ($3.95 in chips) 
Seat 9: paragraf ($1.49 in chips) 
OMG DerClown: posts small blind $0.02
paragraf: posts big blind $0.05
*** HOLE CARDS ***
Dealt to Dorex2007 [5d Kh]
KidBananan: folds 
BUTAW701: raises $0.10 to $0.15
Dorex2007: folds 
H4NGOV3R: raises $0.37 to $0.52
OMG DerClown: folds 
paragraf: folds 
BUTAW701: folds 
Uncalled bet ($0.37) returned to H4NGOV3R
H4NGOV3R collected $0.37 from pot
H4NGOV3R: doesn't show hand 
*** SUMMARY ***
Total pot $0.37 | Rake $0 
Seat 1: KidBananan folded before Flop (didn't bet)
Seat 2: BUTAW701 folded before Flop
Seat 4: Dorex2007 folded before Flop (didn't bet)
Seat 5: H4NGOV3R (button) collected ($0.37)
Seat 7: OMG DerClown (small blind) folded before Flop
Seat 9: paragraf (big blind) folded before Flop



PokerStars Hand #238059370730:  Hold'em No Limit ($0.02/$0.05 USD) - 2022/08/17 22:28:08 PT [2022/08/18 1:28:08 ET]
Table 'Imhotep II' 9-max Seat #7 is the button
Seat 1: KidBananan ($5.56 in chips) 
Seat 2: BUTAW701 ($4.92 in chips) 
Seat 4: Dorex2007 ($5 in chips) 
Seat 5: H4NGOV3R ($4.16 in chips) 
Seat 7: OMG DerClown ($3.93 in chips) 
Seat 9: paragraf ($1.44 in chips) 
paragraf: posts small blind $0.02
KidBananan: posts big blind $0.05
*** HOLE CARDS ***
Dealt to Dorex2007 [2d 4d]
BUTAW701: raises $0.10 to $0.15
Dorex2007: folds 
H4NGOV3R: folds 
OMG DerClown: calls $0.15
paragraf: folds 
KidBananan: folds 
*** FLOP *** [3h 5s 6d]
BUTAW701: bets $0.17
OMG DerClown: folds 
Uncalled bet ($0.17) returned to BUTAW701
BUTAW701 collected $0.35 from pot
BUTAW701: doesn't show hand 
*** SUMMARY ***
Total pot $0.37 | Rake $0.02 
Board [3h 5s 6d]
Seat 1: KidBananan (big blind) folded before Flop
Seat 2: BUTAW701 collected ($0.35)
Seat 4: Dorex2007 folded before Flop (didn't bet)
Seat 5: H4NGOV3R folded before Flop (didn't bet)
Seat 7: OMG DerClown (button) folded on the Flop
Seat 9: paragraf (small blind) folded before Flop



PokerStars Hand #238059374509:  Hold'em No Limit ($0.02/$0.05 USD) - 2022/08/17 22:28:45 PT [2022/08/18 1:28:45 ET]
Table 'Imhotep II' 9-max Seat #9 is the button
Seat 1: KidBananan ($5.51 in chips) 
Seat 2: BUTAW701 ($5.12 in chips) 
Seat 4: Dorex2007 ($5 in chips) 
Seat 5: H4NGOV3R ($4.16 in chips) 
Seat 7: OMG DerClown ($3.78 in chips) 
Seat 9: paragraf ($1.42 in chips) 
KidBananan: posts small blind $0.02
AzeRReis is disconnected 
BUTAW701: posts big blind $0.05
AzeRReis has timed out while disconnected
AzeRReis: is sitting out 
*** HOLE CARDS ***
Dealt to Dorex2007 [Ac 2h]
Dorex2007: folds 
H4NGOV3R: folds 
OMG DerClown: folds 
paragraf: folds 
KidBananan: raises $0.10 to $0.15
BUTAW701: calls $0.10
*** FLOP *** [Jh Qd Kc]
KidBananan: bets $0.19
BUTAW701: calls $0.19
*** TURN *** [Jh Qd Kc] [Kh]
KidBananan: bets $0.40
BUTAW701: folds 
Uncalled bet ($0.40) returned to KidBananan
KidBananan collected $0.65 from pot
KidBananan: doesn't show hand 
*** SUMMARY ***
Total pot $0.68 | Rake $0.03 
Board [Jh Qd Kc Kh]
Seat 1: KidBananan (small blind) collected ($0.65)
Seat 2: BUTAW701 (big blind) folded on the Turn
Seat 4: Dorex2007 folded before Flop (didn't bet)
Seat 5: H4NGOV3R folded before Flop (didn't bet)
Seat 7: OMG DerClown folded before Flop (didn't bet)
Seat 9: paragraf (button) folded before Flop (didn't bet)



PokerStars Hand #238059380661:  Hold'em No Limit ($0.02/$0.05 USD) - 2022/08/17 22:29:42 PT [2022/08/18 1:29:42 ET]
Table 'Imhotep II' 9-max Seat #1 is the button
Seat 1: KidBananan ($5.82 in chips) 
Seat 2: BUTAW701 ($4.78 in chips) 
Seat 4: Dorex2007 ($5 in chips) 
Seat 5: H4NGOV3R ($4.16 in chips) 
Seat 7: OMG DerClown ($3.78 in chips) 
Seat 9: paragraf ($1.42 in chips) 
BUTAW701: posts small blind $0.02
Dorex2007: posts big blind $0.05
AzeRReis: sits out 
*** HOLE CARDS ***
Dealt to Dorex2007 [Kh 7c]
H4NGOV3R: folds 
OMG DerClown: folds 
paragraf: folds 
KidBananan: folds 
BUTAW701: folds 
Uncalled bet ($0.03) returned to Dorex2007
Dorex2007 collected $0.04 from pot
Dorex2007: doesn't show hand 
*** SUMMARY ***
Total pot $0.04 | Rake $0 
Seat 1: KidBananan (button) folded before Flop (didn't bet)
Seat 2: BUTAW701 (small blind) folded before Flop
Seat 4: Dorex2007 (big blind) collected ($0.04)
Seat 5: H4NGOV3R folded before Flop (didn't bet)
Seat 7: OMG DerClown folded before Flop (didn't bet)
Seat 9: paragraf folded before Flop (didn't bet)



PokerStars Hand #238059383128:  Hold'em No Limit ($0.02/$0.05 USD) - 2022/08/17 22:30:06 PT [2022/08/18 1:30:06 ET]
Table 'Imhotep II' 9-max Seat #2 is the button
Seat 1: KidBananan ($5.82 in chips) 
Seat 2: BUTAW701 ($5 in chips) 
Seat 4: Dorex2007 ($5.02 in chips) 
Seat 5: H4NGOV3R ($4.16 in chips) 
Seat 7: OMG DerClown ($3.78 in chips) 
Seat 9: paragraf ($1.42 in chips) 
Dorex2007: posts small blind $0.02
H4NGOV3R: posts big blind $0.05
AzeRReis: sits out 
*** HOLE CARDS ***
Dealt to Dorex2007 [Ah 9s]
OMG DerClown: folds 
paragraf: folds 
KidBananan: folds 
BUTAW701: folds 
Dorex2007: raises $0.05 to $0.10
H4NGOV3R: calls $0.05
*** FLOP *** [2h Kc Js]
Dorex2007: checks 
H4NGOV3R: checks 
*** TURN *** [2h Kc Js] [3s]
Dorex2007: checks 
H4NGOV3R: bets $0.13
Dorex2007: folds 
Uncalled bet ($0.13) returned to H4NGOV3R
H4NGOV3R collected $0.19 from pot
H4NGOV3R: doesn't show hand 
*** SUMMARY ***
Total pot $0.20 | Rake $0.01 
Board [2h Kc Js 3s]
Seat 1: KidBananan folded before Flop (didn't bet)
Seat 2: BUTAW701 (button) folded before Flop (didn't bet)
Seat 4: Dorex2007 (small blind) folded on the Turn
Seat 5: H4NGOV3R (big blind) collected ($0.19)
Seat 7: OMG DerClown folded before Flop (didn't bet)
Seat 9: paragraf folded before Flop (didn't bet)



PokerStars Hand #238059387563:  Hold'em No Limit ($0.02/$0.05 USD) - 2022/08/17 22:30:49 PT [2022/08/18 1:30:49 ET]
Table 'Imhotep II' 9-max Seat #4 is the button
Seat 1: KidBananan ($5.82 in chips) 
Seat 2: BUTAW701 ($5 in chips) 
Seat 4: Dorex2007 ($5 in chips) 
Seat 5: H4NGOV3R ($4.25 in chips) 
Seat 7: OMG DerClown ($3.78 in chips) 
Seat 9: paragraf ($1.42 in chips) 
H4NGOV3R: posts small blind $0.02
OMG DerClown: posts big blind $0.05
AzeRReis: sits out 
*** HOLE CARDS ***
Dealt to Dorex2007 [Kc Jd]
paragraf: raises $0.05 to $0.10
KidBananan: folds 
BUTAW701: folds 
Dorex2007: folds 
H4NGOV3R: folds 
OMG DerClown: folds 
Uncalled bet ($0.05) returned to paragraf
paragraf collected $0.12 from pot
paragraf: doesn't show hand 
*** SUMMARY ***
Total pot $0.12 | Rake $0 
Seat 1: KidBananan folded before Flop (didn't bet)
Seat 2: BUTAW701 folded before Flop (didn't bet)
Seat 4: Dorex2007 (button) folded before Flop (didn't bet)
Seat 5: H4NGOV3R (small blind) folded before Flop
Seat 7: OMG DerClown (big blind) folded before Flop
Seat 9: paragraf collected ($0.12)



PokerStars Hand #238059389193:  Hold'em No Limit ($0.02/$0.05 USD) - 2022/08/17 22:31:04 PT [2022/08/18 1:31:04 ET]
Table 'Imhotep II' 9-max Seat #5 is the button
Seat 1: KidBananan ($5.82 in chips) 
Seat 2: BUTAW701 ($5 in chips) 
Seat 4: Dorex2007 ($5 in chips) 
Seat 5: H4NGOV3R ($4.23 in chips) 
Seat 7: OMG DerClown ($3.73 in chips) 
Seat 8: AzeRReis ($2.49 in chips) 
Seat 9: paragraf ($1.49 in chips) 
OMG DerClown: posts small blind $0.02
AzeRReis: posts big blind $0.05
*** HOLE CARDS ***
Dealt to Dorex2007 [8s 3s]
paragraf: calls $0.05
KidBananan: folds 
BUTAW701: folds 
Dorex2007: folds 
H4NGOV3R: calls $0.05
OMG DerClown: calls $0.03
AzeRReis: checks 
*** FLOP *** [2d 7c Qh]
OMG DerClown: checks 
AzeRReis: checks 
paragraf: checks 
H4NGOV3R: bets $0.05
OMG DerClown: folds 
AzeRReis: folds 
paragraf: folds 
Uncalled bet ($0.05) returned to H4NGOV3R
H4NGOV3R collected $0.19 from pot
H4NGOV3R: doesn't show hand 
*** SUMMARY ***
Total pot $0.20 | Rake $0.01 
Board [2d 7c Qh]
Seat 1: KidBananan folded before Flop (didn't bet)
Seat 2: BUTAW701 folded before Flop (didn't bet)
Seat 4: Dorex2007 folded before Flop (didn't bet)
Seat 5: H4NGOV3R (button) collected ($0.19)
Seat 7: OMG DerClown (small blind) folded on the Flop
Seat 8: AzeRReis (big blind) folded on the Flop
Seat 9: paragraf folded on the Flop



PokerStars Hand #238059393178:  Hold'em No Limit ($0.02/$0.05 USD) - 2022/08/17 22:31:42 PT [2022/08/18 1:31:42 ET]
Table 'Imhotep II' 9-max Seat #7 is the button
Seat 1: KidBananan ($5.82 in chips) 
Seat 2: BUTAW701 ($5 in chips) 
Seat 4: Dorex2007 ($5 in chips) 
Seat 5: H4NGOV3R ($4.37 in chips) 
Seat 7: OMG DerClown ($3.68 in chips) 
Seat 8: AzeRReis ($2.44 in chips) 
paragraf leaves the table
AzeRReis: posts small blind $0.02
KidBananan: posts big blind $0.05
MOONSP3LL: sits out 
*** HOLE CARDS ***
Dealt to Dorex2007 [Ts 2c]
BUTAW701: folds 
Dorex2007: folds 
H4NGOV3R: raises $0.05 to $0.10
gio119 joins the table at seat #9 
OMG DerClown: folds 
AzeRReis: raises $0.25 to $0.35
KidBananan: folds 
H4NGOV3R: folds 
Uncalled bet ($0.25) returned to AzeRReis
AzeRReis collected $0.25 from pot
*** SUMMARY ***
Total pot $0.25 | Rake $0 
Seat 1: KidBananan (big blind) folded before Flop
Seat 2: BUTAW701 folded before Flop (didn't bet)
Seat 4: Dorex2007 folded before Flop (didn't bet)
Seat 5: H4NGOV3R folded before Flop
Seat 7: OMG DerClown (button) folded before Flop (didn't bet)
Seat 8: AzeRReis (small blind) collected ($0.25)



PokerStars Hand #238059395630:  Hold'em No Limit ($0.02/$0.05 USD) - 2022/08/17 22:32:05 PT [2022/08/18 1:32:05 ET]
Table 'Imhotep II' 9-max Seat #8 is the button
Seat 1: KidBananan ($5.77 in chips) 
Seat 2: BUTAW701 ($5 in chips) 
Seat 4: Dorex2007 ($5 in chips) 
Seat 5: H4NGOV3R ($4.27 in chips) 
Seat 7: OMG DerClown ($3.68 in chips) 
Seat 8: AzeRReis ($2.59 in chips) 
KidBananan: posts small blind $0.02
BUTAW701: posts big blind $0.05
MOONSP3LL: sits out 
*** HOLE CARDS ***
Dealt to Dorex2007 [7s 8d]
Dorex2007: folds 
H4NGOV3R: folds 
OMG DerClown: folds 
AzeRReis: folds 
KidBananan: calls $0.03
BUTAW701: checks 
*** FLOP *** [4h Kh Td]
KidBananan: bets $0.07
BUTAW701: folds 
Uncalled bet ($0.07) returned to KidBananan
KidBananan collected $0.10 from pot
KidBananan: doesn't show hand 
*** SUMMARY ***
Total pot $0.10 | Rake $0 
Board [4h Kh Td]
Seat 1: KidBananan (small blind) collected ($0.10)
Seat 2: BUTAW701 (big blind) folded on the Flop
Seat 4: Dorex2007 folded before Flop (didn't bet)
Seat 5: H4NGOV3R folded before Flop (didn't bet)
Seat 7: OMG DerClown folded before Flop (didn't bet)
Seat 8: AzeRReis (button) folded before Flop (didn't bet)



PokerStars Hand #238059402092:  Hold'em No Limit ($0.02/$0.05 USD) - 2022/08/17 22:32:30 PT [2022/08/18 1:32:30 ET]
Table 'Imhotep II' 9-max Seat #1 is the button
Seat 1: KidBananan ($5.82 in chips) 
Seat 2: BUTAW701 ($4.95 in chips) 
Seat 3: MOONSP3LL ($3.95 in chips) 
Seat 4: Dorex2007 ($5 in chips) 
Seat 5: H4NGOV3R ($4.27 in chips) 
Seat 7: OMG DerClown ($3.68 in chips) 
Seat 8: AzeRReis ($2.59 in chips) 
Seat 9: gio119 ($4 in chips) 
BUTAW701: posts small blind $0.02
MOONSP3LL: posts big blind $0.05
gio119: posts big blind $0.05
*** HOLE CARDS ***
Dealt to Dorex2007 [4h Ac]
Dorex2007: folds 
H4NGOV3R: folds 
OMG DerClown: folds 
AzeRReis: raises $0.10 to $0.15
gio119: folds 
KidBananan: folds 
BUTAW701: folds 
MOONSP3LL: folds 
Uncalled bet ($0.10) returned to AzeRReis
AzeRReis collected $0.17 from pot
*** SUMMARY ***
Total pot $0.17 | Rake $0 
Seat 1: KidBananan (button) folded before Flop (didn't bet)
Seat 2: BUTAW701 (small blind) folded before Flop
Seat 3: MOONSP3LL (big blind) folded before Flop
Seat 4: Dorex2007 folded before Flop (didn't bet)
Seat 5: H4NGOV3R folded before Flop (didn't bet)
Seat 7: OMG DerClown folded before Flop (didn't bet)
Seat 8: AzeRReis collected ($0.17)
Seat 9: gio119 folded before Flop (didn't bet)



PokerStars Hand #238059404253:  Hold'em No Limit ($0.02/$0.05 USD) - 2022/08/17 22:32:50 PT [2022/08/18 1:32:50 ET]
Table 'Imhotep II' 9-max Seat #2 is the button
Seat 1: KidBananan ($5.82 in chips) 
Seat 2: BUTAW701 ($4.93 in chips) 
Seat 3: MOONSP3LL ($3.90 in chips) 
Seat 4: Dorex2007 ($5 in chips) 
Seat 5: H4NGOV3R ($4.27 in chips) 
Seat 7: OMG DerClown ($3.68 in chips) 
Seat 8: AzeRReis ($2.71 in chips) 
Seat 9: gio119 ($4 in chips) 
MOONSP3LL: posts small blind $0.02
Dorex2007: posts big blind $0.05
*** HOLE CARDS ***
Dealt to Dorex2007 [Th 4c]
H4NGOV3R: folds 
OMG DerClown: folds 
AzeRReis: raises $0.10 to $0.15
gio119: folds 
KidBananan: folds 
BUTAW701: calls $0.15
MOONSP3LL: folds 
Dorex2007: folds 
*** FLOP *** [6s Kc 4d]
AzeRReis: checks 
BUTAW701: bets $0.17
AzeRReis: calls $0.17
*** TURN *** [6s Kc 4d] [3d]
AzeRReis: checks 
BUTAW701: checks 
*** RIVER *** [6s Kc 4d 3d] [6d]
AzeRReis: checks 
BUTAW701: checks 
*** SHOW DOWN ***
AzeRReis: shows [Qc Tc] (a pair of Sixes)
BUTAW701: shows [As Js] (a pair of Sixes - Ace kicker)
BUTAW701 collected $0.68 from pot
*** SUMMARY ***
Total pot $0.71 | Rake $0.03 
Board [6s Kc 4d 3d 6d]
Seat 1: KidBananan folded before Flop (didn't bet)
Seat 2: BUTAW701 (button) showed [As Js] and won ($0.68) with a pair of Sixes
Seat 3: MOONSP3LL (small blind) folded before Flop
Seat 4: Dorex2007 (big blind) folded before Flop
Seat 5: H4NGOV3R folded before Flop (didn't bet)
Seat 7: OMG DerClown folded before Flop (didn't bet)
Seat 8: AzeRReis showed [Qc Tc] and lost with a pair of Sixes
Seat 9: gio119 folded before Flop (didn't bet)



PokerStars Hand #238059412506:  Hold'em No Limit ($0.02/$0.05 USD) - 2022/08/17 22:34:08 PT [2022/08/18 1:34:08 ET]
Table 'Imhotep II' 9-max Seat #3 is the button
Seat 1: KidBananan ($5.82 in chips) 
Seat 2: BUTAW701 ($5.29 in chips) 
Seat 3: MOONSP3LL ($3.88 in chips) 
Seat 4: Dorex2007 ($5 in chips) 
Seat 5: H4NGOV3R ($4.27 in chips) 
Seat 7: OMG DerClown ($3.68 in chips) 
Seat 8: AzeRReis ($2.39 in chips) 
Seat 9: gio119 ($4 in chips) 
Dorex2007: posts small blind $0.02
H4NGOV3R: posts big blind $0.05
*** HOLE CARDS ***
Dealt to Dorex2007 [5h 4s]
OMG DerClown: folds 
AzeRReis: calls $0.05
gio119: folds 
KidBananan: folds 
BUTAW701: folds 
MOONSP3LL: folds 
Dorex2007: folds 
H4NGOV3R: checks 
*** FLOP *** [3h Ac Ad]
H4NGOV3R: checks 
AzeRReis: bets $0.06
H4NGOV3R: folds 
Uncalled bet ($0.06) returned to AzeRReis
AzeRReis collected $0.12 from pot
*** SUMMARY ***
Total pot $0.12 | Rake $0 
Board [3h Ac Ad]
Seat 1: KidBananan folded before Flop (didn't bet)
Seat 2: BUTAW701 folded before Flop (didn't bet)
Seat 3: MOONSP3LL (button) folded before Flop (didn't bet)
Seat 4: Dorex2007 (small blind) folded before Flop
Seat 5: H4NGOV3R (big blind) folded on the Flop
Seat 7: OMG DerClown folded before Flop (didn't bet)
Seat 8: AzeRReis collected ($0.12)
Seat 9: gio119 folded before Flop (didn't bet)



PokerStars Hand #238059416370:  Hold'em No Limit ($0.02/$0.05 USD) - 2022/08/17 22:34:43 PT [2022/08/18 1:34:43 ET]
Table 'Imhotep II' 9-max Seat #4 is the button
Seat 1: KidBananan ($5.82 in chips) 
Seat 2: BUTAW701 ($5.29 in chips) 
Seat 3: MOONSP3LL ($3.88 in chips) 
Seat 4: Dorex2007 ($5 in chips) 
Seat 5: H4NGOV3R ($4.22 in chips) 
Seat 7: OMG DerClown ($3.68 in chips) 
Seat 8: AzeRReis ($2.46 in chips) 
Seat 9: gio119 ($4 in chips) 
H4NGOV3R: posts small blind $0.02
OMG DerClown: posts big blind $0.05
*** HOLE CARDS ***
Dealt to Dorex2007 [5d 5c]
AzeRReis: calls $0.05
gio119 has timed out
gio119: folds 
KidBananan: folds 
BUTAW701: folds 
MOONSP3LL: raises $0.15 to $0.20
Dorex2007: folds 
H4NGOV3R: folds 
OMG DerClown: calls $0.15
AzeRReis: folds 
*** FLOP *** [Qh Qd 8h]
OMG DerClown: checks 
MOONSP3LL: checks 
*** TURN *** [Qh Qd 8h] [Kh]
OMG DerClown: checks 
MOONSP3LL: bets $0.23
OMG DerClown: folds 
Uncalled bet ($0.23) returned to MOONSP3LL
MOONSP3LL collected $0.45 from pot
MOONSP3LL: doesn't show hand 
*** SUMMARY ***
Total pot $0.47 | Rake $0.02 
Board [Qh Qd 8h Kh]
Seat 1: KidBananan folded before Flop (didn't bet)
Seat 2: BUTAW701 folded before Flop (didn't bet)
Seat 3: MOONSP3LL collected ($0.45)
Seat 4: Dorex2007 (button) folded before Flop (didn't bet)
Seat 5: H4NGOV3R (small blind) folded before Flop
Seat 7: OMG DerClown (big blind) folded on the Turn
Seat 8: AzeRReis folded before Flop
Seat 9: gio119 folded before Flop (didn't bet)



PokerStars Hand #238059423080:  Hold'em No Limit ($0.02/$0.05 USD) - 2022/08/17 22:35:45 PT [2022/08/18 1:35:45 ET]
Table 'Imhotep II' 9-max Seat #5 is the button
Seat 1: KidBananan ($5.82 in chips) 
Seat 2: BUTAW701 ($5.29 in chips) 
Seat 3: MOONSP3LL ($4.13 in chips) 
Seat 4: Dorex2007 ($5 in chips) 
Seat 5: H4NGOV3R ($4.20 in chips) 
Seat 7: OMG DerClown ($3.48 in chips) 
Seat 8: AzeRReis ($2.41 in chips) 
OMG DerClown: posts small blind $0.02
AzeRReis: posts big blind $0.05
*** HOLE CARDS ***
Dealt to Dorex2007 [6d Js]
KidBananan: folds 
BUTAW701: folds 
MOONSP3LL: raises $0.07 to $0.12
Dorex2007: folds 
H4NGOV3R: folds 
OMG DerClown: folds 
AzeRReis: folds 
Uncalled bet ($0.07) returned to MOONSP3LL
MOONSP3LL collected $0.12 from pot
MOONSP3LL: doesn't show hand 
*** SUMMARY ***
Total pot $0.12 | Rake $0 
Seat 1: KidBananan folded before Flop (didn't bet)
Seat 2: BUTAW701 folded before Flop (didn't bet)
Seat 3: MOONSP3LL collected ($0.12)
Seat 4: Dorex2007 folded before Flop (didn't bet)
Seat 5: H4NGOV3R (button) folded before Flop (didn't bet)
Seat 7: OMG DerClown (small blind) folded before Flop
Seat 8: AzeRReis (big blind) folded before Flop



PokerStars Hand #238059425302:  Hold'em No Limit ($0.02/$0.05 USD) - 2022/08/17 22:36:07 PT [2022/08/18 1:36:07 ET]
Table 'Imhotep II' 9-max Seat #7 is the button
Seat 1: KidBananan ($5.82 in chips) 
Seat 2: BUTAW701 ($5.29 in chips) 
Seat 3: MOONSP3LL ($4.20 in chips) 
Seat 4: Dorex2007 ($5 in chips) 
Seat 5: H4NGOV3R ($4.20 in chips) 
Seat 7: OMG DerClown ($5 in chips) 
Seat 8: AzeRReis ($2.36 in chips) 
AzeRReis: posts small blind $0.02
KidBananan: posts big blind $0.05
*** HOLE CARDS ***
Dealt to Dorex2007 [2h 2s]
BUTAW701: raises $0.10 to $0.15
MOONSP3LL: folds 
Dorex2007: folds 
H4NGOV3R: folds 
OMG DerClown: calls $0.15
AzeRReis: folds 
KidBananan: folds 
*** FLOP *** [5c 9c 9s]
BUTAW701: checks 
OMG DerClown: bets $0.14
BUTAW701: calls $0.14
*** TURN *** [5c 9c 9s] [Qc]
BUTAW701: checks 
OMG DerClown: checks 
*** RIVER *** [5c 9c 9s Qc] [Ad]
BUTAW701: bets $0.41
OMG DerClown: folds 
Uncalled bet ($0.41) returned to BUTAW701
BUTAW701 collected $0.62 from pot
BUTAW701: doesn't show hand 
*** SUMMARY ***
Total pot $0.65 | Rake $0.03 
Board [5c 9c 9s Qc Ad]
Seat 1: KidBananan (big blind) folded before Flop
Seat 2: BUTAW701 collected ($0.62)
Seat 3: MOONSP3LL folded before Flop (didn't bet)
Seat 4: Dorex2007 folded before Flop (didn't bet)
Seat 5: H4NGOV3R folded before Flop (didn't bet)
Seat 7: OMG DerClown (button) folded on the River
Seat 8: AzeRReis (small blind) folded before Flop



PokerStars Hand #238059431887:  Hold'em No Limit ($0.02/$0.05 USD) - 2022/08/17 22:37:09 PT [2022/08/18 1:37:09 ET]
Table 'Imhotep II' 9-max Seat #8 is the button
Seat 1: KidBananan ($5.77 in chips) 
Seat 2: BUTAW701 ($5.62 in chips) 
Seat 3: MOONSP3LL ($4.20 in chips) 
Seat 4: Dorex2007 ($5 in chips) 
Seat 5: H4NGOV3R ($4.20 in chips) 
Seat 7: OMG DerClown ($4.71 in chips) 
Seat 8: AzeRReis ($2.34 in chips) 
KidBananan: posts small blind $0.02
BUTAW701: posts big blind $0.05
*** HOLE CARDS ***
Dealt to Dorex2007 [7d 5c]
MOONSP3LL: folds 
Dorex2007: folds 
H4NGOV3R: folds 
OMG DerClown: raises $0.10 to $0.15
AzeRReis: folds 
KidBananan: folds 
BUTAW701: folds 
Uncalled bet ($0.10) returned to OMG DerClown
OMG DerClown collected $0.12 from pot
*** SUMMARY ***
Total pot $0.12 | Rake $0 
Seat 1: KidBananan (small blind) folded before Flop
Seat 2: BUTAW701 (big blind) folded before Flop
Seat 3: MOONSP3LL folded before Flop (didn't bet)
Seat 4: Dorex2007 folded before Flop (didn't bet)
Seat 5: H4NGOV3R folded before Flop (didn't bet)
Seat 7: OMG DerClown collected ($0.12)
Seat 8: AzeRReis (button) folded before Flop (didn't bet)



PokerStars Hand #238059434864:  Hold'em No Limit ($0.02/$0.05 USD) - 2022/08/17 22:37:37 PT [2022/08/18 1:37:37 ET]
Table 'Imhotep II' 9-max Seat #1 is the button
Seat 1: KidBananan ($5.75 in chips) 
Seat 2: BUTAW701 ($5.57 in chips) 
Seat 3: MOONSP3LL ($4.20 in chips) 
Seat 4: Dorex2007 ($5 in chips) 
Seat 5: H4NGOV3R ($4.20 in chips) 
Seat 7: OMG DerClown ($4.78 in chips) 
Seat 8: AzeRReis ($2.34 in chips) 
BUTAW701: posts small blind $0.02
MOONSP3LL: posts big blind $0.05
*** HOLE CARDS ***
Dealt to Dorex2007 [4d Ts]
Dorex2007: folds 
H4NGOV3R: folds 
OMG DerClown: folds 
AzeRReis: raises $0.10 to $0.15
KidBananan: raises $0.30 to $0.45
BUTAW701: folds 
MOONSP3LL: folds 
AzeRReis: calls $0.30
*** FLOP *** [6s 9d Kd]
AzeRReis: checks 
KidBananan: bets $0.62
AzeRReis: folds 
Uncalled bet ($0.62) returned to KidBananan
KidBananan collected $0.93 from pot
KidBananan: doesn't show hand 
*** SUMMARY ***
Total pot $0.97 | Rake $0.04 
Board [6s 9d Kd]
Seat 1: KidBananan (button) collected ($0.93)
Seat 2: BUTAW701 (small blind) folded before Flop
Seat 3: MOONSP3LL (big blind) folded before Flop
Seat 4: Dorex2007 folded before Flop (didn't bet)
Seat 5: H4NGOV3R folded before Flop (didn't bet)
Seat 7: OMG DerClown folded before Flop (didn't bet)
Seat 8: AzeRReis folded on the Flop



PokerStars Hand #238059439424:  Hold'em No Limit ($0.02/$0.05 USD) - 2022/08/17 22:38:20 PT [2022/08/18 1:38:20 ET]
Table 'Imhotep II' 9-max Seat #2 is the button
Seat 1: KidBananan ($6.23 in chips) 
Seat 2: BUTAW701 ($5.55 in chips) 
Seat 3: MOONSP3LL ($4.15 in chips) 
Seat 4: Dorex2007 ($5 in chips) 
Seat 5: H4NGOV3R ($4.20 in chips) 
Seat 7: OMG DerClown ($4.78 in chips) 
Seat 8: AzeRReis ($1.89 in chips) 
MOONSP3LL: posts small blind $0.02
Dorex2007: posts big blind $0.05
*** HOLE CARDS ***
Dealt to Dorex2007 [Ts 8s]
H4NGOV3R: folds 
OMG DerClown: folds 
AzeRReis: calls $0.05
KidBananan: folds 
BUTAW701: raises $0.12 to $0.17
MOONSP3LL: folds 
Dorex2007: folds 
AzeRReis is disconnected 
AzeRReis is connected 
AzeRReis: calls $0.12
*** FLOP *** [6d Jh 9h]
AzeRReis: checks 
BUTAW701: checks 
*** TURN *** [6d Jh 9h] [Jd]
AzeRReis: checks 
BUTAW701: checks 
*** RIVER *** [6d Jh 9h Jd] [8d]
AzeRReis: checks 
BUTAW701: checks 
*** SHOW DOWN ***
AzeRReis: shows [5s 6s] (two pair, Jacks and Sixes)
BUTAW701: mucks hand 
AzeRReis collected $0.39 from pot
*** SUMMARY ***
Total pot $0.41 | Rake $0.02 
Board [6d Jh 9h Jd 8d]
Seat 1: KidBananan folded before Flop (didn't bet)
Seat 2: BUTAW701 (button) mucked [7s As]
Seat 3: MOONSP3LL (small blind) folded before Flop
Seat 4: Dorex2007 (big blind) folded before Flop
Seat 5: H4NGOV3R folded before Flop (didn't bet)
Seat 7: OMG DerClown folded before Flop (didn't bet)
Seat 8: AzeRReis showed [5s 6s] and won ($0.39) with two pair, Jacks and Sixes



PokerStars Hand #238059445661:  Hold'em No Limit ($0.02/$0.05 USD) - 2022/08/17 22:39:18 PT [2022/08/18 1:39:18 ET]
Table 'Imhotep II' 9-max Seat #3 is the button
Seat 1: KidBananan ($6.23 in chips) 
Seat 2: BUTAW701 ($5.38 in chips) 
Seat 3: MOONSP3LL ($4.13 in chips) 
Seat 4: Dorex2007 ($5 in chips) 
Seat 5: H4NGOV3R ($4.20 in chips) 
Seat 7: OMG DerClown ($4.78 in chips) 
Seat 8: AzeRReis ($2.11 in chips) 
Dorex2007: posts small blind $0.02
H4NGOV3R: posts big blind $0.05
*** HOLE CARDS ***
Dealt to Dorex2007 [7s Qd]
OMG DerClown: folds 
AzeRReis: raises $0.05 to $0.10
KidBananan: folds 
BUTAW701: calls $0.10
MOONSP3LL: calls $0.10
Dorex2007: folds 
H4NGOV3R: calls $0.05
*** FLOP *** [5c 4h Tc]
H4NGOV3R: checks 
AzeRReis: checks 
BUTAW701: checks 
MOONSP3LL: checks 
*** TURN *** [5c 4h Tc] [6d]
H4NGOV3R: bets $0.10
AzeRReis: calls $0.10
BUTAW701: folds 
MOONSP3LL: calls $0.10
*** RIVER *** [5c 4h Tc 6d] [Kc]
H4NGOV3R: checks 
AzeRReis: checks 
MOONSP3LL: checks 
*** SHOW DOWN ***
H4NGOV3R: shows [Ts 3d] (a pair of Tens)
AzeRReis: mucks hand 
MOONSP3LL: mucks hand 
H4NGOV3R collected $0.68 from pot
*** SUMMARY ***
Total pot $0.72 | Rake $0.04 
Board [5c 4h Tc 6d Kc]
Seat 1: KidBananan folded before Flop (didn't bet)
Seat 2: BUTAW701 folded on the Turn
Seat 3: MOONSP3LL (button) mucked [Qc Jh]
Seat 4: Dorex2007 (small blind) folded before Flop
Seat 5: H4NGOV3R (big blind) showed [Ts 3d] and won ($0.68) with a pair of Tens
Seat 7: OMG DerClown folded before Flop (didn't bet)
Seat 8: AzeRReis mucked [3s 3c]



PokerStars Hand #238059453953:  Hold'em No Limit ($0.02/$0.05 USD) - 2022/08/17 22:40:35 PT [2022/08/18 1:40:35 ET]
Table 'Imhotep II' 9-max Seat #4 is the button
Seat 1: KidBananan ($6.23 in chips) 
Seat 2: BUTAW701 ($5.28 in chips) 
Seat 3: MOONSP3LL ($3.93 in chips) 
Seat 4: Dorex2007 ($5 in chips) 
Seat 5: H4NGOV3R ($4.68 in chips) 
Seat 7: OMG DerClown ($4.78 in chips) 
Seat 8: AzeRReis ($1.91 in chips) 
H4NGOV3R: posts small blind $0.02
OMG DerClown: posts big blind $0.05
*** HOLE CARDS ***
Dealt to Dorex2007 [5s Qs]
AzeRReis: folds 
KidBananan: folds 
BUTAW701: folds 
MOONSP3LL: folds 
Dorex2007: folds 
H4NGOV3R: folds 
Uncalled bet ($0.03) returned to OMG DerClown
OMG DerClown collected $0.04 from pot
Jer(11:11)(x) leaves the table
*** SUMMARY ***
Total pot $0.04 | Rake $0 
Seat 1: KidBananan folded before Flop (didn't bet)
Seat 2: BUTAW701 folded before Flop (didn't bet)
Seat 3: MOONSP3LL folded before Flop (didn't bet)
Seat 4: Dorex2007 (button) folded before Flop (didn't bet)
Seat 5: H4NGOV3R (small blind) folded before Flop
Seat 7: OMG DerClown (big blind) collected ($0.04)
Seat 8: AzeRReis folded before Flop (didn't bet)



PokerStars Hand #238059455370:  Hold'em No Limit ($0.02/$0.05 USD) - 2022/08/17 22:40:48 PT [2022/08/18 1:40:48 ET]
Table 'Imhotep II' 9-max Seat #5 is the button
Seat 1: KidBananan ($6.23 in chips) 
Seat 2: BUTAW701 ($5.28 in chips) 
Seat 3: MOONSP3LL ($3.93 in chips) 
Seat 4: Dorex2007 ($5 in chips) 
Seat 5: H4NGOV3R ($4.66 in chips) 
Seat 7: OMG DerClown ($4.80 in chips) 
Seat 8: AzeRReis ($1.91 in chips) 
OMG DerClown: posts small blind $0.02
AzeRReis: posts big blind $0.05
*** HOLE CARDS ***
Dealt to Dorex2007 [7s Kc]
KidBananan: folds 
BUTAW701: raises $0.10 to $0.15
MOONSP3LL: folds 
Dorex2007: folds 
H4NGOV3R: raises $0.37 to $0.52
OMG DerClown: folds 
AzeRReis: folds 
BUTAW701: folds 
Uncalled bet ($0.37) returned to H4NGOV3R
H4NGOV3R collected $0.37 from pot
H4NGOV3R: doesn't show hand 
*** SUMMARY ***
Total pot $0.37 | Rake $0 
Seat 1: KidBananan folded before Flop (didn't bet)
Seat 2: BUTAW701 folded before Flop
Seat 3: MOONSP3LL folded before Flop (didn't bet)
Seat 4: Dorex2007 folded before Flop (didn't bet)
Seat 5: H4NGOV3R (button) collected ($0.37)
Seat 7: OMG DerClown (small blind) folded before Flop
Seat 8: AzeRReis (big blind) folded before Flop



PokerStars Hand #238059457585:  Hold'em No Limit ($0.02/$0.05 USD) - 2022/08/17 22:41:09 PT [2022/08/18 1:41:09 ET]
Table 'Imhotep II' 9-max Seat #7 is the button
Seat 1: KidBananan ($6.23 in chips) 
Seat 2: BUTAW701 ($5.13 in chips) 
Seat 3: MOONSP3LL ($3.93 in chips) 
Seat 4: Dorex2007 ($5 in chips) 
Seat 5: H4NGOV3R ($4.88 in chips) 
Seat 7: OMG DerClown ($4.78 in chips) 
Seat 8: AzeRReis ($1.86 in chips) 
AzeRReis: posts small blind $0.02
KidBananan: posts big blind $0.05
*** HOLE CARDS ***
Dealt to Dorex2007 [2h 5c]
BUTAW701: folds 
MOONSP3LL: folds 
Dorex2007: folds 
H4NGOV3R: folds 
OMG DerClown: folds 
AzeRReis: raises $0.10 to $0.15
KidBananan: folds 
Uncalled bet ($0.10) returned to AzeRReis
AzeRReis collected $0.10 from pot
*** SUMMARY ***
Total pot $0.10 | Rake $0 
Seat 1: KidBananan (big blind) folded before Flop
Seat 2: BUTAW701 folded before Flop (didn't bet)
Seat 3: MOONSP3LL folded before Flop (didn't bet)
Seat 4: Dorex2007 folded before Flop (didn't bet)
Seat 5: H4NGOV3R folded before Flop (didn't bet)
Seat 7: OMG DerClown (button) folded before Flop (didn't bet)
Seat 8: AzeRReis (small blind) collected ($0.10)



PokerStars Hand #238059459314:  Hold'em No Limit ($0.02/$0.05 USD) - 2022/08/17 22:41:24 PT [2022/08/18 1:41:24 ET]
Table 'Imhotep II' 9-max Seat #8 is the button
Seat 1: KidBananan ($6.18 in chips) 
Seat 2: BUTAW701 ($5.13 in chips) 
Seat 3: MOONSP3LL ($3.93 in chips) 
Seat 4: Dorex2007 ($5 in chips) 
Seat 5: H4NGOV3R ($4.88 in chips) 
Seat 7: OMG DerClown ($4.78 in chips) 
Seat 8: AzeRReis ($1.91 in chips) 
KidBananan: posts small blind $0.02
BUTAW701: posts big blind $0.05
*** HOLE CARDS ***
Dealt to Dorex2007 [9d Kd]
MOONSP3LL: folds 
Dorex2007: raises $0.10 to $0.15
H4NGOV3R: calls $0.15
OMG DerClown: folds 
AzeRReis: folds 
KidBananan: folds 
BUTAW701: folds 
*** FLOP *** [4h 8d 6d]
Hiroshi556677 joins the table at seat #6 
Dorex2007: checks 
H4NGOV3R: bets $0.12
Dorex2007: calls $0.12
*** TURN *** [4h 8d 6d] [9s]
Dorex2007: bets $0.58
H4NGOV3R: folds 
Uncalled bet ($0.58) returned to Dorex2007
Dorex2007 collected $0.58 from pot
Dorex2007: doesn't show hand 
*** SUMMARY ***
Total pot $0.61 | Rake $0.03 
Board [4h 8d 6d 9s]
Seat 1: KidBananan (small blind) folded before Flop
Seat 2: BUTAW701 (big blind) folded before Flop
Seat 3: MOONSP3LL folded before Flop (didn't bet)
Seat 4: Dorex2007 collected ($0.58)
Seat 5: H4NGOV3R folded on the Turn
Seat 7: OMG DerClown folded before Flop (didn't bet)
Seat 8: AzeRReis (button) folded before Flop (didn't bet)



PokerStars Hand #238059464662:  Hold'em No Limit ($0.02/$0.05 USD) - 2022/08/17 22:42:14 PT [2022/08/18 1:42:14 ET]
Table 'Imhotep II' 9-max Seat #1 is the button
Seat 1: KidBananan ($6.16 in chips) 
Seat 2: BUTAW701 ($5.08 in chips) 
Seat 3: MOONSP3LL ($3.93 in chips) 
Seat 4: Dorex2007 ($5.31 in chips) 
Seat 5: H4NGOV3R ($4.61 in chips) 
Seat 6: Hiroshi556677 ($5 in chips) 
Seat 7: OMG DerClown ($4.78 in chips) 
Seat 8: AzeRReis ($1.91 in chips) 
BUTAW701: posts small blind $0.02
MOONSP3LL: posts big blind $0.05
Hiroshi556677: posts big blind $0.05
*** HOLE CARDS ***
Dealt to Dorex2007 [4s 3h]
Dorex2007: folds 
H4NGOV3R: folds 
Hiroshi556677: raises $0.05 to $0.10
OMG DerClown: folds 
AzeRReis: folds 
KidBananan: folds 
BUTAW701: folds 
MOONSP3LL: folds 
Uncalled bet ($0.05) returned to Hiroshi556677
Hiroshi556677 collected $0.12 from pot
*** SUMMARY ***
Total pot $0.12 | Rake $0 
Seat 1: KidBananan (button) folded before Flop (didn't bet)
Seat 2: BUTAW701 (small blind) folded before Flop
Seat 3: MOONSP3LL (big blind) folded before Flop
Seat 4: Dorex2007 folded before Flop (didn't bet)
Seat 5: H4NGOV3R folded before Flop (didn't bet)
Seat 6: Hiroshi556677 collected ($0.12)
Seat 7: OMG DerClown folded before Flop (didn't bet)
Seat 8: AzeRReis folded before Flop (didn't bet)



PokerStars Hand #238059466444:  Hold'em No Limit ($0.02/$0.05 USD) - 2022/08/17 22:42:31 PT [2022/08/18 1:42:31 ET]
Table 'Imhotep II' 9-max Seat #2 is the button
Seat 1: KidBananan ($6.16 in chips) 
Seat 2: BUTAW701 ($5.06 in chips) 
Seat 3: MOONSP3LL ($3.88 in chips) 
Seat 4: Dorex2007 ($5.31 in chips) 
Seat 5: H4NGOV3R ($4.61 in chips) 
Seat 6: Hiroshi556677 ($5.07 in chips) 
Seat 7: OMG DerClown ($4.78 in chips) 
Seat 8: AzeRReis ($1.91 in chips) 
MOONSP3LL: posts small blind $0.02
Dorex2007: posts big blind $0.05
*** HOLE CARDS ***
Dealt to Dorex2007 [6s 7s]
H4NGOV3R: folds 
Hiroshi556677: folds 
OMG DerClown: folds 
AzeRReis: folds 
KidBananan: folds 
BUTAW701: raises $0.10 to $0.15
MOONSP3LL: raises $0.35 to $0.50
Dorex2007: folds 
BUTAW701: calls $0.35
*** FLOP *** [5h 3h 2d]
MOONSP3LL: bets $0.53
BUTAW701: calls $0.53
*** TURN *** [5h 3h 2d] [6c]
MOONSP3LL: bets $1.05
BUTAW701: raises $2.98 to $4.03 and is all-in
MOONSP3LL: calls $1.80 and is all-in
Uncalled bet ($1.18) returned to BUTAW701
*** RIVER *** [5h 3h 2d 6c] [3c]
*** SHOW DOWN ***
MOONSP3LL: shows [8h 6h] (two pair, Sixes and Threes)
BUTAW701: shows [9c 9s] (two pair, Nines and Threes)
BUTAW701 collected $7.49 from pot
*** SUMMARY ***
Total pot $7.81 | Rake $0.32 
Board [5h 3h 2d 6c 3c]
Seat 1: KidBananan folded before Flop (didn't bet)
Seat 2: BUTAW701 (button) showed [9c 9s] and won ($7.49) with two pair, Nines and Threes
Seat 3: MOONSP3LL (small blind) showed [8h 6h] and lost with two pair, Sixes and Threes
Seat 4: Dorex2007 (big blind) folded before Flop
Seat 5: H4NGOV3R folded before Flop (didn't bet)
Seat 6: Hiroshi556677 folded before Flop (didn't bet)
Seat 7: OMG DerClown folded before Flop (didn't bet)
Seat 8: AzeRReis folded before Flop (didn't bet)



PokerStars Hand #238059478779:  Hold'em No Limit ($0.02/$0.05 USD) - 2022/08/17 22:44:26 PT [2022/08/18 1:44:26 ET]
Table 'Imhotep II' 9-max Seat #4 is the button
Seat 1: KidBananan ($6.16 in chips) 
Seat 2: BUTAW701 ($8.67 in chips) 
Seat 4: Dorex2007 ($5.26 in chips) 
Seat 5: H4NGOV3R ($4.61 in chips) 
Seat 6: Hiroshi556677 ($5.07 in chips) 
Seat 7: OMG DerClown ($4.78 in chips) 
Seat 8: AzeRReis ($1.91 in chips) 
H4NGOV3R: posts small blind $0.02
Hiroshi556677: posts big blind $0.05
*** HOLE CARDS ***
Dealt to Dorex2007 [8d 2c]
OMG DerClown: folds 
AzeRReis: folds 
KidBananan: folds 
BUTAW701: folds 
Dorex2007: folds 
H4NGOV3R: folds 
Uncalled bet ($0.03) returned to Hiroshi556677
Hiroshi556677 collected $0.04 from pot
*** SUMMARY ***
Total pot $0.04 | Rake $0 
Seat 1: KidBananan folded before Flop (didn't bet)
Seat 2: BUTAW701 folded before Flop (didn't bet)
Seat 4: Dorex2007 (button) folded before Flop (didn't bet)
Seat 5: H4NGOV3R (small blind) folded before Flop
Seat 6: Hiroshi556677 (big blind) collected ($0.04)
Seat 7: OMG DerClown folded before Flop (didn't bet)
Seat 8: AzeRReis folded before Flop (didn't bet)



PokerStars Hand #238059479841:  Hold'em No Limit ($0.02/$0.05 USD) - 2022/08/17 22:44:36 PT [2022/08/18 1:44:36 ET]
Table 'Imhotep II' 9-max Seat #5 is the button
Seat 1: KidBananan ($6.16 in chips) 
Seat 2: BUTAW701 ($8.67 in chips) 
Seat 4: Dorex2007 ($5.26 in chips) 
Seat 5: H4NGOV3R ($4.59 in chips) 
Seat 6: Hiroshi556677 ($5.09 in chips) 
Seat 7: OMG DerClown ($4.78 in chips) 
Seat 8: AzeRReis ($1.91 in chips) 
Hiroshi556677: posts small blind $0.02
OMG DerClown: posts big blind $0.05
*** HOLE CARDS ***
Dealt to Dorex2007 [Ts 6c]
AzeRReis: folds 
KidBananan: folds 
BUTAW701: folds 
Dorex2007: folds 
H4NGOV3R: folds 
Hiroshi556677: raises $0.05 to $0.10
OMG DerClown: calls $0.05
*** FLOP *** [9c 7h 7d]
Hiroshi556677: checks 
OMG DerClown: bets $0.05
Hiroshi556677: calls $0.05
*** TURN *** [9c 7h 7d] [4h]
Hiroshi556677: checks 
OMG DerClown: checks 
*** RIVER *** [9c 7h 7d 4h] [8d]
Hiroshi556677: bets $0.05
OMG DerClown: calls $0.05
*** SHOW DOWN ***
Hiroshi556677: shows [8c Ad] (two pair, Eights and Sevens)
OMG DerClown: mucks hand 
Hiroshi556677 collected $0.38 from pot
*** SUMMARY ***
Total pot $0.40 | Rake $0.02 
Board [9c 7h 7d 4h 8d]
Seat 1: KidBananan folded before Flop (didn't bet)
Seat 2: BUTAW701 folded before Flop (didn't bet)
Seat 4: Dorex2007 folded before Flop (didn't bet)
Seat 5: H4NGOV3R (button) folded before Flop (didn't bet)
Seat 6: Hiroshi556677 (small blind) showed [8c Ad] and won ($0.38) with two pair, Eights and Sevens
Seat 7: OMG DerClown (big blind) mucked [Jc 8s]
Seat 8: AzeRReis folded before Flop (didn't bet)



PokerStars Hand #238059483382:  Hold'em No Limit ($0.02/$0.05 USD) - 2022/08/17 22:45:10 PT [2022/08/18 1:45:10 ET]
Table 'Imhotep II' 9-max Seat #6 is the button
Seat 1: KidBananan ($6.16 in chips) 
Seat 2: BUTAW701 ($8.67 in chips) 
Seat 4: Dorex2007 ($5.26 in chips) 
Seat 5: H4NGOV3R ($4.59 in chips) 
Seat 6: Hiroshi556677 ($5.27 in chips) 
Seat 7: OMG DerClown ($4.58 in chips) 
Seat 8: AzeRReis ($1.91 in chips) 
OMG DerClown: posts small blind $0.02
AzeRReis: posts big blind $0.05
*** HOLE CARDS ***
Dealt to Dorex2007 [8c Ah]
KidBananan: folds 
BUTAW701: folds 
Dorex2007: folds 
MOONSP3LL leaves the table
H4NGOV3R: folds 
Hiroshi556677: raises $0.05 to $0.10
OMG DerClown: folds 
AzeRReis: folds 
Uncalled bet ($0.05) returned to Hiroshi556677
Hiroshi556677 collected $0.12 from pot
*** SUMMARY ***
Total pot $0.12 | Rake $0 
Seat 1: KidBananan folded before Flop (didn't bet)
Seat 2: BUTAW701 folded before Flop (didn't bet)
Seat 4: Dorex2007 folded before Flop (didn't bet)
Seat 5: H4NGOV3R folded before Flop (didn't bet)
Seat 6: Hiroshi556677 (button) collected ($0.12)
Seat 7: OMG DerClown (small blind) folded before Flop
Seat 8: AzeRReis (big blind) folded before Flop



PokerStars Hand #238059485154:  Hold'em No Limit ($0.02/$0.05 USD) - 2022/08/17 22:45:27 PT [2022/08/18 1:45:27 ET]
Table 'Imhotep II' 9-max Seat #7 is the button
Seat 1: KidBananan ($6.16 in chips) 
Seat 2: BUTAW701 ($8.67 in chips) 
Seat 4: Dorex2007 ($5.26 in chips) 
Seat 5: H4NGOV3R ($4.59 in chips) 
Seat 6: Hiroshi556677 ($5.34 in chips) 
Seat 7: OMG DerClown ($4.56 in chips) 
Seat 8: AzeRReis ($1.86 in chips) 
AzeRReis: posts small blind $0.02
KidBananan: posts big blind $0.05
*** HOLE CARDS ***
Dealt to Dorex2007 [Th Js]
BUTAW701: raises $0.10 to $0.15
PokerAleman joins the table at seat #3 
Dorex2007: folds 
H4NGOV3R: folds 
Hiroshi556677: folds 
OMG DerClown: folds 
AzeRReis: folds 
KidBananan: calls $0.10
*** FLOP *** [5d 2h 4h]
KidBananan: checks 
BUTAW701: bets $0.17
KidBananan: calls $0.17
*** TURN *** [5d 2h 4h] [2c]
KidBananan: checks 
BUTAW701: bets $0.31
KidBananan: raises $0.62 to $0.93
BUTAW701: folds 
Uncalled bet ($0.62) returned to KidBananan
KidBananan collected $1.23 from pot
KidBananan: doesn't show hand 
*** SUMMARY ***
Total pot $1.28 | Rake $0.05 
Board [5d 2h 4h 2c]
Seat 1: KidBananan (big blind) collected ($1.23)
Seat 2: BUTAW701 folded on the Turn
Seat 4: Dorex2007 folded before Flop (didn't bet)
Seat 5: H4NGOV3R folded before Flop (didn't bet)
Seat 6: Hiroshi556677 folded before Flop (didn't bet)
Seat 7: OMG DerClown (button) folded before Flop (didn't bet)
Seat 8: AzeRReis (small blind) folded before Flop



PokerStars Hand #238059494837:  Hold'em No Limit ($0.02/$0.05 USD) - 2022/08/17 22:46:59 PT [2022/08/18 1:46:59 ET]
Table 'Imhotep II' 9-max Seat #8 is the button
Seat 1: KidBananan ($6.76 in chips) 
Seat 3: PokerAleman ($5 in chips) 
Seat 4: Dorex2007 ($5.26 in chips) 
Seat 5: H4NGOV3R ($4.59 in chips) 
Seat 6: Hiroshi556677 ($5.34 in chips) 
Seat 7: OMG DerClown ($4.56 in chips) 
Seat 8: AzeRReis ($1.84 in chips) 
KidBananan: posts small blind $0.02
PokerAleman: posts big blind $0.05
*** HOLE CARDS ***
Dealt to Dorex2007 [Ac 3d]
Dorex2007: calls $0.05
H4NGOV3R: folds 
Hiroshi556677: folds 
OMG DerClown has timed out
OMG DerClown: folds 
AzeRReis: calls $0.05
KidBananan: raises $0.30 to $0.35
PokerAleman: folds 
Dorex2007: folds 
AzeRReis: folds 
Uncalled bet ($0.30) returned to KidBananan
KidBananan collected $0.20 from pot
KidBananan: doesn't show hand 
*** SUMMARY ***
Total pot $0.20 | Rake $0 
Seat 1: KidBananan (small blind) collected ($0.20)
Seat 3: PokerAleman (big blind) folded before Flop
Seat 4: Dorex2007 folded before Flop
Seat 5: H4NGOV3R folded before Flop (didn't bet)
Seat 6: Hiroshi556677 folded before Flop (didn't bet)
Seat 7: OMG DerClown folded before Flop (didn't bet)
Seat 8: AzeRReis (button) folded before Flop



PokerStars Hand #238059498082:  Hold'em No Limit ($0.02/$0.05 USD) - 2022/08/17 22:47:29 PT [2022/08/18 1:47:29 ET]
Table 'Imhotep II' 9-max Seat #1 is the button
Seat 1: KidBananan ($6.91 in chips) 
Seat 3: PokerAleman ($5 in chips) 
Seat 4: Dorex2007 ($5.21 in chips) 
Seat 5: H4NGOV3R ($4.59 in chips) 
Seat 6: Hiroshi556677 ($5.34 in chips) 
Seat 7: OMG DerClown ($4.56 in chips) 
Seat 8: AzeRReis ($1.79 in chips) 
PokerAleman: posts small blind $0.02
Dorex2007: posts big blind $0.05
*** HOLE CARDS ***
Dealt to Dorex2007 [2c 8c]
H4NGOV3R: folds 
Hiroshi556677: folds 
OMG DerClown: folds 
AzeRReis: folds 
KidBananan: folds 
PokerAleman: raises $0.10 to $0.15
Dorex2007: folds 
Uncalled bet ($0.10) returned to PokerAleman
PokerAleman collected $0.10 from pot
PokerAleman: doesn't show hand 
*** SUMMARY ***
Total pot $0.10 | Rake $0 
Seat 1: KidBananan (button) folded before Flop (didn't bet)
Seat 3: PokerAleman (small blind) collected ($0.10)
Seat 4: Dorex2007 (big blind) folded before Flop
Seat 5: H4NGOV3R folded before Flop (didn't bet)
Seat 6: Hiroshi556677 folded before Flop (didn't bet)
Seat 7: OMG DerClown folded before Flop (didn't bet)
Seat 8: AzeRReis folded before Flop (didn't bet)



PokerStars Hand #238059499294:  Hold'em No Limit ($0.02/$0.05 USD) - 2022/08/17 22:47:40 PT [2022/08/18 1:47:40 ET]
Table 'Imhotep II' 9-max Seat #3 is the button
Seat 1: KidBananan ($6.91 in chips) 
Seat 3: PokerAleman ($5.05 in chips) 
Seat 4: Dorex2007 ($5.16 in chips) 
Seat 5: H4NGOV3R ($4.59 in chips) 
Seat 6: Hiroshi556677 ($5.34 in chips) 
Seat 7: OMG DerClown ($4.56 in chips) 
Seat 8: AzeRReis ($1.79 in chips) 
Dorex2007: posts small blind $0.02
H4NGOV3R: posts big blind $0.05
*** HOLE CARDS ***
Dealt to Dorex2007 [4d 9h]
Hiroshi556677: raises $0.05 to $0.10
OMG DerClown: folds 
AzeRReis: folds 
KidBananan: folds 
BUTAW701 leaves the table
PokerAleman has timed out
PokerAleman: folds 
Dorex2007: folds 
H4NGOV3R: calls $0.05
*** FLOP *** [8h 9d 2d]
H4NGOV3R: checks 
Hiroshi556677: bets $0.10
H4NGOV3R: folds 
Uncalled bet ($0.10) returned to Hiroshi556677
Hiroshi556677 collected $0.21 from pot
*** SUMMARY ***
Total pot $0.22 | Rake $0.01 
Board [8h 9d 2d]
Seat 1: KidBananan folded before Flop (didn't bet)
Seat 3: PokerAleman (button) folded before Flop (didn't bet)
Seat 4: Dorex2007 (small blind) folded before Flop
Seat 5: H4NGOV3R (big blind) folded on the Flop
Seat 6: Hiroshi556677 collected ($0.21)
Seat 7: OMG DerClown folded before Flop (didn't bet)
Seat 8: AzeRReis folded before Flop (didn't bet)



PokerStars Hand #238059506135:  Hold'em No Limit ($0.02/$0.05 USD) - 2022/08/17 22:48:45 PT [2022/08/18 1:48:45 ET]
Table 'Imhotep II' 9-max Seat #4 is the button
Seat 1: KidBananan ($6.91 in chips) 
Seat 4: Dorex2007 ($5.14 in chips) 
Seat 5: H4NGOV3R ($4.49 in chips) 
Seat 6: Hiroshi556677 ($5.45 in chips) 
Seat 7: OMG DerClown ($4.56 in chips) 
Seat 8: AzeRReis ($1.79 in chips) 
H4NGOV3R: posts small blind $0.02
Hiroshi556677: posts big blind $0.05
*** HOLE CARDS ***
Dealt to Dorex2007 [Jc 9h]
OMG DerClown: folds 
AzeRReis: folds 
KidBananan: folds 
Dorex2007: folds 
H4NGOV3R: folds 
Uncalled bet ($0.03) returned to Hiroshi556677
Hiroshi556677 collected $0.04 from pot
*** SUMMARY ***
Total pot $0.04 | Rake $0 
Seat 1: KidBananan folded before Flop (didn't bet)
Seat 4: Dorex2007 (button) folded before Flop (didn't bet)
Seat 5: H4NGOV3R (small blind) folded before Flop
Seat 6: Hiroshi556677 (big blind) collected ($0.04)
Seat 7: OMG DerClown folded before Flop (didn't bet)
Seat 8: AzeRReis folded before Flop (didn't bet)



PokerStars Hand #238059507600:  Hold'em No Limit ($0.02/$0.05 USD) - 2022/08/17 22:48:59 PT [2022/08/18 1:48:59 ET]
Table 'Imhotep II' 9-max Seat #5 is the button
Seat 1: KidBananan ($6.91 in chips) 
Seat 4: Dorex2007 ($5.14 in chips) 
Seat 5: H4NGOV3R ($4.47 in chips) 
Seat 6: Hiroshi556677 ($5.47 in chips) 
Seat 8: AzeRReis ($1.79 in chips) 
Hiroshi556677: posts small blind $0.02
OMG DerClown: is sitting out 
AzeRReis: posts big blind $0.05
*** HOLE CARDS ***
Dealt to Dorex2007 [Tc 2d]
KidBananan: folds 
Dorex2007: folds 
H4NGOV3R: folds 
Hiroshi556677: raises $0.05 to $0.10
AzeRReis: folds 
Uncalled bet ($0.05) returned to Hiroshi556677
Hiroshi556677 collected $0.10 from pot
*** SUMMARY ***
Total pot $0.10 | Rake $0 
Seat 1: KidBananan folded before Flop (didn't bet)
Seat 4: Dorex2007 folded before Flop (didn't bet)
Seat 5: H4NGOV3R (button) folded before Flop (didn't bet)
Seat 6: Hiroshi556677 (small blind) collected ($0.10)
Seat 8: AzeRReis (big blind) folded before Flop



PokerStars Hand #238059509227:  Hold'em No Limit ($0.02/$0.05 USD) - 2022/08/17 22:49:15 PT [2022/08/18 1:49:15 ET]
Table 'Imhotep II' 9-max Seat #6 is the button
Seat 1: KidBananan ($6.91 in chips) 
Seat 4: Dorex2007 ($5.14 in chips) 
Seat 5: H4NGOV3R ($4.47 in chips) 
Seat 6: Hiroshi556677 ($5.52 in chips) 
Seat 8: AzeRReis ($1.74 in chips) 
AzeRReis: posts small blind $0.02
KidBananan: posts big blind $0.05
*** HOLE CARDS ***
Dealt to Dorex2007 [6c 9c]
Dorex2007: folds 
H4NGOV3R: folds 
Hiroshi556677: raises $0.05 to $0.10
AzeRReis: folds 
baigan9285 joins the table at seat #2 
KidBananan: raises $0.40 to $0.50
Hiroshi556677: calls $0.40
*** FLOP *** [6h Qc 3s]
KidBananan: bets $0.50
Hiroshi556677: folds 
Uncalled bet ($0.50) returned to KidBananan
KidBananan collected $0.98 from pot
gio119 leaves the table
KidBananan: doesn't show hand 
*** SUMMARY ***
Total pot $1.02 | Rake $0.04 
Board [6h Qc 3s]
Seat 1: KidBananan (big blind) collected ($0.98)
Seat 4: Dorex2007 folded before Flop (didn't bet)
Seat 5: H4NGOV3R folded before Flop (didn't bet)
Seat 6: Hiroshi556677 (button) folded on the Flop
Seat 8: AzeRReis (small blind) folded before Flop



PokerStars Hand #238059512781:  Hold'em No Limit ($0.02/$0.05 USD) - 2022/08/17 22:49:48 PT [2022/08/18 1:49:48 ET]
Table 'Imhotep II' 9-max Seat #8 is the button
Seat 1: KidBananan ($7.39 in chips) 
Seat 2: baigan9285 ($5 in chips) 
Seat 4: Dorex2007 ($5.14 in chips) 
Seat 5: H4NGOV3R ($4.47 in chips) 
Seat 6: Hiroshi556677 ($5.02 in chips) 
Seat 8: AzeRReis ($1.72 in chips) 
KidBananan: posts small blind $0.02
baigan9285: posts big blind $0.05
*** HOLE CARDS ***
Dealt to Dorex2007 [Th Tc]
Dorex2007: raises $0.10 to $0.15
H4NGOV3R: folds 
Hiroshi556677: folds 
AzeRReis: calls $0.15
KidBananan: calls $0.13
baigan9285: folds 
*** FLOP *** [6h 3c Qd]
KidBananan: checks 
Dorex2007: checks 
AzeRReis: checks 
*** TURN *** [6h 3c Qd] [4s]
KidBananan: bets $0.40
Dorex2007: folds 
AzeRReis: folds 
Uncalled bet ($0.40) returned to KidBananan
KidBananan collected $0.48 from pot
KidBananan: doesn't show hand 
*** SUMMARY ***
Total pot $0.50 | Rake $0.02 
Board [6h 3c Qd 4s]
Seat 1: KidBananan (small blind) collected ($0.48)
Seat 2: baigan9285 (big blind) folded before Flop
Seat 4: Dorex2007 folded on the Turn
Seat 5: H4NGOV3R folded before Flop (didn't bet)
Seat 6: Hiroshi556677 folded before Flop (didn't bet)
Seat 8: AzeRReis (button) folded on the Turn



PokerStars Hand #238059516604:  Hold'em No Limit ($0.02/$0.05 USD) - 2022/08/17 22:50:24 PT [2022/08/18 1:50:24 ET]
Table 'Imhotep II' 9-max Seat #1 is the button
Seat 1: KidBananan ($7.72 in chips) 
Seat 2: baigan9285 ($4.95 in chips) 
Seat 3: PokerAleman ($5.05 in chips) 
Seat 4: Dorex2007 ($5 in chips) 
Seat 5: H4NGOV3R ($4.47 in chips) 
Seat 6: Hiroshi556677 ($5.02 in chips) 
Seat 8: AzeRReis ($1.57 in chips) 
baigan9285: posts small blind $0.02
PokerAleman: posts big blind $0.05
*** HOLE CARDS ***
Dealt to Dorex2007 [6d 7h]
Dorex2007: folds 
H4NGOV3R: folds 
Hiroshi556677: folds 
AzeRReis: folds 
KidBananan: folds 
baigan9285: raises $0.10 to $0.15
PokerAleman: folds 
Uncalled bet ($0.10) returned to baigan9285
baigan9285 collected $0.10 from pot
*** SUMMARY ***
Total pot $0.10 | Rake $0 
Seat 1: KidBananan (button) folded before Flop (didn't bet)
Seat 2: baigan9285 (small blind) collected ($0.10)
Seat 3: PokerAleman (big blind) folded before Flop
Seat 4: Dorex2007 folded before Flop (didn't bet)
Seat 5: H4NGOV3R folded before Flop (didn't bet)
Seat 6: Hiroshi556677 folded before Flop (didn't bet)
Seat 8: AzeRReis folded before Flop (didn't bet)



PokerStars Hand #238059518686:  Hold'em No Limit ($0.02/$0.05 USD) - 2022/08/17 22:50:44 PT [2022/08/18 1:50:44 ET]
Table 'Imhotep II' 9-max Seat #2 is the button
Seat 1: KidBananan ($7.72 in chips) 
Seat 2: baigan9285 ($5 in chips) 
Seat 3: PokerAleman ($5 in chips) 
Seat 4: Dorex2007 ($5 in chips) 
Seat 5: H4NGOV3R ($4.47 in chips) 
Seat 6: Hiroshi556677 ($5.02 in chips) 
Seat 8: AzeRReis ($1.57 in chips) 
PokerAleman: posts small blind $0.02
Dorex2007: posts big blind $0.05
*** HOLE CARDS ***
Dealt to Dorex2007 [7d 8s]
H4NGOV3R: folds 
Hiroshi556677: raises $0.05 to $0.10
AzeRReis: folds 
KidBananan: folds 
baigan9285: folds 
PokerAleman: folds 
Dorex2007: folds 
Uncalled bet ($0.05) returned to Hiroshi556677
Hiroshi556677 collected $0.12 from pot
*** SUMMARY ***
Total pot $0.12 | Rake $0 
Seat 1: KidBananan folded before Flop (didn't bet)
Seat 2: baigan9285 (button) folded before Flop (didn't bet)
Seat 3: PokerAleman (small blind) folded before Flop
Seat 4: Dorex2007 (big blind) folded before Flop
Seat 5: H4NGOV3R folded before Flop (didn't bet)
Seat 6: Hiroshi556677 collected ($0.12)
Seat 8: AzeRReis folded before Flop (didn't bet)



PokerStars Hand #238059521746:  Hold'em No Limit ($0.02/$0.05 USD) - 2022/08/17 22:51:12 PT [2022/08/18 1:51:12 ET]
Table 'Imhotep II' 9-max Seat #3 is the button
Seat 1: KidBananan ($7.72 in chips) 
Seat 2: baigan9285 ($5 in chips) 
Seat 3: PokerAleman ($5 in chips) 
Seat 4: Dorex2007 ($5 in chips) 
Seat 5: H4NGOV3R ($4.47 in chips) 
Seat 6: Hiroshi556677 ($5.09 in chips) 
Seat 8: AzeRReis ($1.57 in chips) 
Dorex2007: posts small blind $0.02
H4NGOV3R: posts big blind $0.05
*** HOLE CARDS ***
Dealt to Dorex2007 [5h 6h]
Hiroshi556677: folds 
AzeRReis: folds 
KidBananan: raises $0.10 to $0.15
baigan9285: folds 
PokerAleman: folds 
Dorex2007: calls $0.13
H4NGOV3R: folds 
*** FLOP *** [7h 7d 3s]
Dorex2007: checks 
YeTitus joins the table at seat #9 
KidBananan: bets $0.15
Dorex2007: calls $0.15
*** TURN *** [7h 7d 3s] [2d]
Dorex2007: checks 
KidBananan: checks 
*** RIVER *** [7h 7d 3s 2d] [8h]
Dorex2007: bets $0.41
KidBananan: folds 
Uncalled bet ($0.41) returned to Dorex2007
Dorex2007 collected $0.62 from pot
Dorex2007: doesn't show hand 
*** SUMMARY ***
Total pot $0.65 | Rake $0.03 
Board [7h 7d 3s 2d 8h]
Seat 1: KidBananan folded on the River
Seat 2: baigan9285 folded before Flop (didn't bet)
Seat 3: PokerAleman (button) folded before Flop (didn't bet)
Seat 4: Dorex2007 (small blind) collected ($0.62)
Seat 5: H4NGOV3R (big blind) folded before Flop
Seat 6: Hiroshi556677 folded before Flop (didn't bet)
Seat 8: AzeRReis folded before Flop (didn't bet)



PokerStars Hand #238059531814:  Hold'em No Limit ($0.02/$0.05 USD) - 2022/08/17 22:52:00 PT [2022/08/18 1:52:00 ET]
Table 'Imhotep II' 9-max Seat #4 is the button
Seat 1: KidBananan ($7.42 in chips) 
Seat 2: baigan9285 ($5 in chips) 
Seat 3: PokerAleman ($5 in chips) 
Seat 4: Dorex2007 ($5.32 in chips) 
Seat 5: H4NGOV3R ($4.42 in chips) 
Seat 6: Hiroshi556677 ($5.09 in chips) 
Seat 8: AzeRReis ($1.57 in chips) 
H4NGOV3R: posts small blind $0.02
Hiroshi556677: posts big blind $0.05
YeTitus: sits out 
*** HOLE CARDS ***
Dealt to Dorex2007 [Kc 2d]
AzeRReis: calls $0.05
KidBananan: folds 
baigan9285: folds 
PokerAleman: raises $0.15 to $0.20
Dorex2007: folds 
H4NGOV3R: folds 
Hiroshi556677: folds 
AzeRReis: calls $0.15
*** FLOP *** [7c 3h 2c]
AzeRReis: checks 
PokerAleman: bets $0.25
AzeRReis: calls $0.25
*** TURN *** [7c 3h 2c] [Qs]
AzeRReis: checks 
PokerAleman: bets $0.45
AzeRReis: folds 
Uncalled bet ($0.45) returned to PokerAleman
PokerAleman collected $0.93 from pot
PokerAleman: doesn't show hand 
*** SUMMARY ***
Total pot $0.97 | Rake $0.04 
Board [7c 3h 2c Qs]
Seat 1: KidBananan folded before Flop (didn't bet)
Seat 2: baigan9285 folded before Flop (didn't bet)
Seat 3: PokerAleman collected ($0.93)
Seat 4: Dorex2007 (button) folded before Flop (didn't bet)
Seat 5: H4NGOV3R (small blind) folded before Flop
Seat 6: Hiroshi556677 (big blind) folded before Flop
Seat 8: AzeRReis folded on the Turn



PokerStars Hand #238059540426:  Hold'em No Limit ($0.02/$0.05 USD) - 2022/08/17 22:52:38 PT [2022/08/18 1:52:38 ET]
Table 'Imhotep II' 9-max Seat #5 is the button
Seat 1: KidBananan ($7.42 in chips) 
Seat 2: baigan9285 ($5 in chips) 
Seat 3: PokerAleman ($5.48 in chips) 
Seat 4: Dorex2007 ($5.32 in chips) 
Seat 5: H4NGOV3R ($4.40 in chips) 
Seat 6: Hiroshi556677 ($5.04 in chips) 
Seat 8: AzeRReis ($1.12 in chips) 
Hiroshi556677: posts small blind $0.02
AzeRReis: posts big blind $0.05
YeTitus: sits out 
*** HOLE CARDS ***
Dealt to Dorex2007 [9h Kh]
KidBananan: folds 
baigan9285: raises $0.05 to $0.10
PokerAleman: folds 
Dorex2007: folds 
H4NGOV3R: folds 
Hiroshi556677: folds 
AzeRReis: calls $0.05
*** FLOP *** [Qh 2h 4s]
AzeRReis: checks 
baigan9285: bets $0.10
AzeRReis: folds 
Uncalled bet ($0.10) returned to baigan9285
baigan9285 collected $0.21 from pot
*** SUMMARY ***
Total pot $0.22 | Rake $0.01 
Board [Qh 2h 4s]
Seat 1: KidBananan folded before Flop (didn't bet)
Seat 2: baigan9285 collected ($0.21)
Seat 3: PokerAleman folded before Flop (didn't bet)
Seat 4: Dorex2007 folded before Flop (didn't bet)
Seat 5: H4NGOV3R (button) folded before Flop (didn't bet)
Seat 6: Hiroshi556677 (small blind) folded before Flop
Seat 8: AzeRReis (big blind) folded on the Flop



PokerStars Hand #238059543657:  Hold'em No Limit ($0.02/$0.05 USD) - 2022/08/17 22:53:09 PT [2022/08/18 1:53:09 ET]
Table 'Imhotep II' 9-max Seat #6 is the button
Seat 1: KidBananan ($7.42 in chips) 
Seat 2: baigan9285 ($5.11 in chips) 
Seat 3: PokerAleman ($5.48 in chips) 
Seat 4: Dorex2007 ($5.32 in chips) 
Seat 5: H4NGOV3R ($4.40 in chips) 
Seat 6: Hiroshi556677 ($5.02 in chips) 
Seat 8: AzeRReis ($1.02 in chips) 
Seat 9: YeTitus ($4 in chips) 
AzeRReis: posts small blind $0.02
YeTitus: posts big blind $0.05
*** HOLE CARDS ***
Dealt to Dorex2007 [3d Tc]
KidBananan: folds 
baigan9285: folds 
PokerAleman: folds 
Dorex2007: folds 
H4NGOV3R: folds 
Hiroshi556677: raises $0.05 to $0.10
AzeRReis: folds 
YeTitus: calls $0.05
*** FLOP *** [2c 4d Kd]
YeTitus: bets $0.10
Hiroshi556677: folds 
Uncalled bet ($0.10) returned to YeTitus
YeTitus collected $0.21 from pot
YeTitus: doesn't show hand 
*** SUMMARY ***
Total pot $0.22 | Rake $0.01 
Board [2c 4d Kd]
Seat 1: KidBananan folded before Flop (didn't bet)
Seat 2: baigan9285 folded before Flop (didn't bet)
Seat 3: PokerAleman folded before Flop (didn't bet)
Seat 4: Dorex2007 folded before Flop (didn't bet)
Seat 5: H4NGOV3R folded before Flop (didn't bet)
Seat 6: Hiroshi556677 (button) folded on the Flop
Seat 8: AzeRReis (small blind) folded before Flop
Seat 9: YeTitus (big blind) collected ($0.21)



PokerStars Hand #238059546480:  Hold'em No Limit ($0.02/$0.05 USD) - 2022/08/17 22:53:34 PT [2022/08/18 1:53:34 ET]
Table 'Imhotep II' 9-max Seat #8 is the button
Seat 1: KidBananan ($7.42 in chips) 
Seat 2: baigan9285 ($5.11 in chips) 
Seat 3: PokerAleman ($5.48 in chips) 
Seat 4: Dorex2007 ($5.32 in chips) 
Seat 5: H4NGOV3R ($4.40 in chips) 
Seat 6: Hiroshi556677 ($5 in chips) 
Seat 8: AzeRReis ($1 in chips) 
Seat 9: YeTitus ($4.11 in chips) 
YeTitus: posts small blind $0.02
KidBananan: posts big blind $0.05
*** HOLE CARDS ***
Dealt to Dorex2007 [9h 2s]
baigan9285: folds 
PokerAleman: raises $0.10 to $0.15
Dorex2007: folds 
H4NGOV3R: folds 
Hiroshi556677: raises $0.27 to $0.42
AzeRReis: raises $0.58 to $1 and is all-in
YeTitus: folds 
KidBananan: folds 
PokerAleman is disconnected 
PokerAleman is connected 
PokerAleman: folds 
Hiroshi556677: calls $0.58
*** FLOP *** [Qh 4s 5h]
*** TURN *** [Qh 4s 5h] [7c]
*** RIVER *** [Qh 4s 5h 7c] [Qs]
*** SHOW DOWN ***
Hiroshi556677: shows [Ks Ac] (a pair of Queens)
AzeRReis: shows [3d 8d] (a pair of Queens - lower kicker)
Hiroshi556677 cashed out the hand for $1.33 | Cash Out Fee $0.01
*** SUMMARY ***
Total pot $2.22 | Rake $0.09 
Board [Qh 4s 5h 7c Qs]
Seat 1: KidBananan (big blind) folded before Flop
Seat 2: baigan9285 folded before Flop (didn't bet)
Seat 3: PokerAleman folded before Flop
Seat 4: Dorex2007 folded before Flop (didn't bet)
Seat 5: H4NGOV3R folded before Flop (didn't bet)
Seat 6: Hiroshi556677 showed [Ks Ac] and won ($2.13) with a pair of Queens (pot not awarded as player cashed out)
Seat 8: AzeRReis (button) showed [3d 8d] and lost with a pair of Queens
Seat 9: YeTitus (small blind) folded before Flop



PokerStars Hand #238059554594:  Hold'em No Limit ($0.02/$0.05 USD) - 2022/08/17 22:54:50 PT [2022/08/18 1:54:50 ET]
Table 'Imhotep II' 9-max Seat #9 is the button
Seat 1: KidBananan ($7.37 in chips) 
Seat 2: baigan9285 ($5.11 in chips) 
Seat 3: PokerAleman ($5.33 in chips) 
Seat 4: Dorex2007 ($5.32 in chips) 
Seat 5: H4NGOV3R ($4.40 in chips) 
Seat 6: Hiroshi556677 ($5.33 in chips) 
Seat 9: YeTitus ($4.09 in chips) 
KidBananan: posts small blind $0.02
baigan9285: posts big blind $0.05
*** HOLE CARDS ***
Dealt to Dorex2007 [4h Ac]
PokerAleman: folds 
Dorex2007: folds 
H4NGOV3R: folds 
Hiroshi556677: folds 
YeTitus: folds 
KidBananan: raises $0.10 to $0.15
baigan9285: calls $0.10
*** FLOP *** [6d 2s Qh]
KidBananan: bets $0.15
baigan9285: calls $0.15
*** TURN *** [6d 2s Qh] [3d]
KidBananan: checks 
baigan9285: checks 
*** RIVER *** [6d 2s Qh 3d] [5c]
KidBananan: bets $0.40
baigan9285: calls $0.40
*** SHOW DOWN ***
KidBananan: shows [7h 9h] (high card Queen)
baigan9285: shows [As Ts] (high card Ace)
baigan9285 collected $1.34 from pot
*** SUMMARY ***
Total pot $1.40 | Rake $0.06 
Board [6d 2s Qh 3d 5c]
Seat 1: KidBananan (small blind) showed [7h 9h] and lost with high card Queen
Seat 2: baigan9285 (big blind) showed [As Ts] and won ($1.34) with high card Ace
Seat 3: PokerAleman folded before Flop (didn't bet)
Seat 4: Dorex2007 folded before Flop (didn't bet)
Seat 5: H4NGOV3R folded before Flop (didn't bet)
Seat 6: Hiroshi556677 folded before Flop (didn't bet)
Seat 9: YeTitus (button) folded before Flop (didn't bet)



PokerStars Hand #238059560500:  Hold'em No Limit ($0.02/$0.05 USD) - 2022/08/17 22:55:50 PT [2022/08/18 1:55:50 ET]
Table 'Imhotep II' 9-max Seat #1 is the button
Seat 1: KidBananan ($6.67 in chips) 
Seat 2: baigan9285 ($5.75 in chips) 
Seat 3: PokerAleman ($5.33 in chips) 
Seat 4: Dorex2007 ($5.32 in chips) 
Seat 5: H4NGOV3R ($4.40 in chips) 
Seat 6: Hiroshi556677 ($5.33 in chips) 
Seat 8: AzeRReis ($2 in chips) 
Seat 9: YeTitus ($4.09 in chips) 
baigan9285: posts small blind $0.02
PokerAleman: posts big blind $0.05
*** HOLE CARDS ***
Dealt to Dorex2007 [Kc Jc]
Dorex2007: calls $0.05
H4NGOV3R: folds 
Hiroshi556677: folds 
AzeRReis: raises $0.15 to $0.20
YeTitus: folds 
KidBananan: raises $0.45 to $0.65
baigan9285: folds 
AzeRReis is disconnected 
PokerAleman: folds 
Dorex2007: folds 
AzeRReis is connected 
AzeRReis: calls $0.45
*** FLOP *** [4d 6s 3d]
AzeRReis: checks 
KidBananan: bets $1.10
AzeRReis: folds 
Uncalled bet ($1.10) returned to KidBananan
KidBananan collected $1.36 from pot
KidBananan: doesn't show hand 
*** SUMMARY ***
Total pot $1.42 | Rake $0.06 
Board [4d 6s 3d]
Seat 1: KidBananan (button) collected ($1.36)
Seat 2: baigan9285 (small blind) folded before Flop
Seat 3: PokerAleman (big blind) folded before Flop
Seat 4: Dorex2007 folded before Flop
Seat 5: H4NGOV3R folded before Flop (didn't bet)
Seat 6: Hiroshi556677 folded before Flop (didn't bet)
Seat 8: AzeRReis folded on the Flop
Seat 9: YeTitus folded before Flop (didn't bet)



PokerStars Hand #238059564210:  Hold'em No Limit ($0.02/$0.05 USD) - 2022/08/17 22:56:29 PT [2022/08/18 1:56:29 ET]
Table 'Imhotep II' 9-max Seat #2 is the button
Seat 1: KidBananan ($7.38 in chips) 
Seat 2: baigan9285 ($5.73 in chips) 
Seat 3: PokerAleman ($5.28 in chips) 
Seat 4: Dorex2007 ($5.27 in chips) 
Seat 5: H4NGOV3R ($4.40 in chips) 
Seat 6: Hiroshi556677 ($5.33 in chips) 
Seat 8: AzeRReis ($1.35 in chips) 
Seat 9: YeTitus ($4.09 in chips) 
PokerAleman: posts small blind $0.02
Dorex2007: posts big blind $0.05
*** HOLE CARDS ***
Dealt to Dorex2007 [8h 3d]
H4NGOV3R: folds 
Hiroshi556677 has timed out
Hiroshi556677: folds 
AzeRReis: folds 
YeTitus: folds 
KidBananan: raises $0.10 to $0.15
baigan9285: folds 
PokerAleman: folds 
Dorex2007: folds 
Uncalled bet ($0.10) returned to KidBananan
KidBananan collected $0.12 from pot
KidBananan: doesn't show hand 
*** SUMMARY ***
Total pot $0.12 | Rake $0 
Seat 1: KidBananan collected ($0.12)
Seat 2: baigan9285 (button) folded before Flop (didn't bet)
Seat 3: PokerAleman (small blind) folded before Flop
Seat 4: Dorex2007 (big blind) folded before Flop
Seat 5: H4NGOV3R folded before Flop (didn't bet)
Seat 6: Hiroshi556677 folded before Flop (didn't bet)
Seat 8: AzeRReis folded before Flop (didn't bet)
Seat 9: YeTitus folded before Flop (didn't bet)



PokerStars Hand #238059568820:  Hold'em No Limit ($0.02/$0.05 USD) - 2022/08/17 22:57:18 PT [2022/08/18 1:57:18 ET]
Table 'Imhotep II' 9-max Seat #3 is the button
Seat 1: KidBananan ($7.45 in chips) 
Seat 2: baigan9285 ($5.73 in chips) 
Seat 3: PokerAleman ($5.26 in chips) 
Seat 4: Dorex2007 ($5.22 in chips) 
Seat 5: H4NGOV3R ($4.40 in chips) 
Seat 6: Hiroshi556677 ($5.33 in chips) 
Seat 8: AzeRReis ($1.35 in chips) 
Seat 9: YeTitus ($4.09 in chips) 
Dorex2007: posts small blind $0.02
H4NGOV3R: posts big blind $0.05
*** HOLE CARDS ***
Dealt to Dorex2007 [4c Ts]
Hiroshi556677: raises $0.05 to $0.10
AzeRReis: folds 
YeTitus: folds 
KidBananan: folds 
baigan9285: folds 
PokerAleman: calls $0.10
Dorex2007: folds 
H4NGOV3R: calls $0.05
*** FLOP *** [As Jc 6c]
H4NGOV3R: checks 
Hiroshi556677: bets $0.15
PokerAleman: raises $0.30 to $0.45
H4NGOV3R: folds 
Hiroshi556677: calls $0.30
*** TURN *** [As Jc 6c] [7h]
Hiroshi556677: checks 
PokerAleman: bets $0.58
Hiroshi556677: folds 
Uncalled bet ($0.58) returned to PokerAleman
PokerAleman collected $1.17 from pot
PokerAleman: doesn't show hand 
*** SUMMARY ***
Total pot $1.22 | Rake $0.05 
Board [As Jc 6c 7h]
Seat 1: KidBananan folded before Flop (didn't bet)
Seat 2: baigan9285 folded before Flop (didn't bet)
Seat 3: PokerAleman (button) collected ($1.17)
Seat 4: Dorex2007 (small blind) folded before Flop
Seat 5: H4NGOV3R (big blind) folded on the Flop
Seat 6: Hiroshi556677 folded on the Turn
Seat 8: AzeRReis folded before Flop (didn't bet)
Seat 9: YeTitus folded before Flop (didn't bet)



