PokerStars Hand #237936203588:  Hold'em No Limit ($0.02/$0.05 USD) - 2022/08/11 17:45:45 PT [2022/08/11 20:45:45 ET]
Table 'Wabash III' 9-max Seat #1 is the button
Seat 1: GrooshBadoosh ($12.60 in chips) 
Seat 2: eurosmile505 ($5.39 in chips) 
Seat 3: gabriel.mb20 ($4.52 in chips) 
Seat 4: fortaleza290 ($3.95 in chips) 
Seat 5: shtshot250 ($9.84 in chips) 
Seat 7: buburik ($5 in chips) 
Seat 8: Danil27 ($11.17 in chips) 
Seat 9: Dorex2007 ($5 in chips) 
eurosmile505: posts small blind $0.02
gabriel.mb20: posts big blind $0.05
Dorex2007: posts big blind $0.05
*** HOLE CARDS ***
Dealt to Dorex2007 [9s 7c]
fortaleza290: raises $0.05 to $0.10
shtshot250: calls $0.10
buburik: folds 
Danil27: folds 
Dorex2007: folds 
GrooshBadoosh: folds 
eurosmile505: folds 
gabriel.mb20: folds 
*** FLOP *** [Ac 5d 2c]
fortaleza290: checks 
shtshot250: checks 
*** TURN *** [Ac 5d 2c] [As]
fortaleza290: checks 
shtshot250: checks 
*** RIVER *** [Ac 5d 2c As] [Tc]
fortaleza290: bets $0.60
shtshot250: raises $1.51 to $2.11
fortaleza290: calls $1.51
*** SHOW DOWN ***
shtshot250: shows [5h 5s] (a full house, Fives full of Aces)
fortaleza290: mucks hand 
shtshot250 collected $4.35 from pot
*** SUMMARY ***
Total pot $4.54 | Rake $0.19 
Board [Ac 5d 2c As Tc]
Seat 1: GrooshBadoosh (button) folded before Flop (didn't bet)
Seat 2: eurosmile505 (small blind) folded before Flop
Seat 3: gabriel.mb20 (big blind) folded before Flop
Seat 4: fortaleza290 mucked [9c Jc]
Seat 5: shtshot250 showed [5h 5s] and won ($4.35) with a full house, Fives full of Aces
Seat 7: buburik folded before Flop (didn't bet)
Seat 8: Danil27 folded before Flop (didn't bet)
Seat 9: Dorex2007 folded before Flop (didn't bet)



PokerStars Hand #237936223260:  Hold'em No Limit ($0.02/$0.05 USD) - 2022/08/11 17:46:52 PT [2022/08/11 20:46:52 ET]
Table 'Wabash III' 9-max Seat #2 is the button
Seat 1: GrooshBadoosh ($12.60 in chips) 
Seat 2: eurosmile505 ($5.37 in chips) 
Seat 3: gabriel.mb20 ($4.47 in chips) 
Seat 4: fortaleza290 ($1.74 in chips) 
Seat 5: shtshot250 ($11.98 in chips) 
Seat 7: buburik ($5 in chips) 
Seat 8: Danil27 ($11.17 in chips) 
Seat 9: Dorex2007 ($5 in chips) 
gabriel.mb20: posts small blind $0.02
fortaleza290: posts big blind $0.05
*** HOLE CARDS ***
Dealt to Dorex2007 [Qh Qd]
shtshot250: calls $0.05
buburik: folds 
Danil27: folds 
Dorex2007: raises $0.15 to $0.20
GrooshBadoosh: folds 
eurosmile505: calls $0.20
gabriel.mb20: calls $0.18
fortaleza290: raises $0.15 to $0.35
shtshot250: calls $0.30
Dorex2007: raises $4.65 to $5 and is all-in
eurosmile505: folds 
gabriel.mb20: folds 
fortaleza290: calls $1.39 and is all-in
shtshot250: folds 
Uncalled bet ($3.26) returned to Dorex2007
*** FLOP *** [Jh 4c 7d]
*** TURN *** [Jh 4c 7d] [4d]
*** RIVER *** [Jh 4c 7d 4d] [7c]
*** SHOW DOWN ***
fortaleza290: shows [5s Ad] (two pair, Sevens and Fours)
Dorex2007: shows [Qh Qd] (two pair, Queens and Sevens)
Dorex2007 cashed out the hand for $2.79 | Cash Out Fee $0.03
*** SUMMARY ***
Total pot $4.23 | Rake $0.18 
Board [Jh 4c 7d 4d 7c]
Seat 1: GrooshBadoosh folded before Flop (didn't bet)
Seat 2: eurosmile505 (button) folded before Flop
Seat 3: gabriel.mb20 (small blind) folded before Flop
Seat 4: fortaleza290 (big blind) showed [5s Ad] and lost with two pair, Sevens and Fours
Seat 5: shtshot250 folded before Flop
Seat 7: buburik folded before Flop (didn't bet)
Seat 8: Danil27 folded before Flop (didn't bet)
Seat 9: Dorex2007 showed [Qh Qd] and won ($4.05) with two pair, Queens and Sevens (pot not awarded as player cashed out)



PokerStars Hand #237936239965:  Hold'em No Limit ($0.02/$0.05 USD) - 2022/08/11 17:48:08 PT [2022/08/11 20:48:08 ET]
Table 'Wabash III' 9-max Seat #3 is the button
Seat 1: GrooshBadoosh ($12.60 in chips) 
Seat 2: eurosmile505 ($5.17 in chips) 
Seat 3: gabriel.mb20 ($4.27 in chips) 
Seat 5: shtshot250 ($11.63 in chips) 
Seat 9: Dorex2007 ($6.05 in chips) 
shtshot250: posts small blind $0.02
buburik: is sitting out 
Danil27: is sitting out 
Danil27 leaves the table
Dorex2007: posts big blind $0.05
*** HOLE CARDS ***
Dealt to Dorex2007 [3d Kh]
buburik leaves the table
GrooshBadoosh: folds 
eurosmile505: folds 
fortaleza290 leaves the table
gabriel.mb20: raises $0.05 to $0.10
shtshot250: calls $0.08
Dorex2007: folds 
*** FLOP *** [4d Jd Kc]
shtshot250: checks 
gabriel.mb20: bets $0.10
shtshot250: folds 
Uncalled bet ($0.10) returned to gabriel.mb20
gabriel.mb20 collected $0.24 from pot
*** SUMMARY ***
Total pot $0.25 | Rake $0.01 
Board [4d Jd Kc]
Seat 1: GrooshBadoosh folded before Flop (didn't bet)
Seat 2: eurosmile505 folded before Flop (didn't bet)
Seat 3: gabriel.mb20 (button) collected ($0.24)
Seat 5: shtshot250 (small blind) folded on the Flop
Seat 9: Dorex2007 (big blind) folded before Flop



PokerStars Hand #237936247575:  Hold'em No Limit ($0.02/$0.05 USD) - 2022/08/11 17:48:43 PT [2022/08/11 20:48:43 ET]
Table 'Wabash III' 9-max Seat #5 is the button
Seat 1: GrooshBadoosh ($12.60 in chips) 
Seat 2: eurosmile505 ($5.17 in chips) 
Seat 3: gabriel.mb20 ($4.41 in chips) 
Seat 5: shtshot250 ($11.53 in chips) 
Seat 9: Dorex2007 ($6 in chips) 
Dorex2007: posts small blind $0.02
GrooshBadoosh: posts big blind $0.05
*** HOLE CARDS ***
Dealt to Dorex2007 [Kc 4c]
eurosmile505: raises $0.07 to $0.12
gabriel.mb20: folds 
shtshot250: calls $0.12
AssosManiki joins the table at seat #4 
Dorex2007: folds 
GrooshBadoosh: folds 
*** FLOP *** [5c 7s Kd]
eurosmile505: checks 
shtshot250: checks 
*** TURN *** [5c 7s Kd] [5d]
Kidmono joins the table at seat #7 
eurosmile505: checks 
shtshot250: checks 
*** RIVER *** [5c 7s Kd 5d] [6d]
eurosmile505: checks 
shtshot250: bets $0.30
eurosmile505: folds 
Uncalled bet ($0.30) returned to shtshot250
shtshot250 collected $0.30 from pot
shtshot250: doesn't show hand 
*** SUMMARY ***
Total pot $0.31 | Rake $0.01 
Board [5c 7s Kd 5d 6d]
Seat 1: GrooshBadoosh (big blind) folded before Flop
Seat 2: eurosmile505 folded on the River
Seat 3: gabriel.mb20 folded before Flop (didn't bet)
Seat 5: shtshot250 (button) collected ($0.30)
Seat 9: Dorex2007 (small blind) folded before Flop



PokerStars Hand #237936260364:  Hold'em No Limit ($0.02/$0.05 USD) - 2022/08/11 17:49:43 PT [2022/08/11 20:49:43 ET]
Table 'Wabash III' 9-max Seat #9 is the button
Seat 1: GrooshBadoosh ($12.55 in chips) 
Seat 2: eurosmile505 ($5.05 in chips) 
Seat 3: gabriel.mb20 ($4.41 in chips) 
Seat 5: shtshot250 ($11.71 in chips) 
Seat 9: Dorex2007 ($5.98 in chips) 
GrooshBadoosh: posts small blind $0.02
eurosmile505: posts big blind $0.05
AssosManiki: sits out 
Kidmono: sits out 
*** HOLE CARDS ***
Dealt to Dorex2007 [Qs Ks]
gabriel.mb20: folds 
shtshot250: calls $0.05
Dorex2007: raises $0.10 to $0.15
GrooshBadoosh: folds 
eurosmile505: raises $0.47 to $0.62
shtshot250: folds 
Dorex2007: folds 
Uncalled bet ($0.47) returned to eurosmile505
eurosmile505 collected $0.37 from pot
eurosmile505: doesn't show hand 
*** SUMMARY ***
Total pot $0.37 | Rake $0 
Seat 1: GrooshBadoosh (small blind) folded before Flop
Seat 2: eurosmile505 (big blind) collected ($0.37)
Seat 3: gabriel.mb20 folded before Flop (didn't bet)
Seat 5: shtshot250 folded before Flop
Seat 9: Dorex2007 (button) folded before Flop



PokerStars Hand #237936266361:  Hold'em No Limit ($0.02/$0.05 USD) - 2022/08/11 17:50:10 PT [2022/08/11 20:50:10 ET]
Table 'Wabash III' 9-max Seat #1 is the button
Seat 1: GrooshBadoosh ($12.53 in chips) 
Seat 2: eurosmile505 ($5.27 in chips) 
Seat 3: gabriel.mb20 ($4.41 in chips) 
Seat 5: shtshot250 ($11.66 in chips) 
Seat 9: Dorex2007 ($5.83 in chips) 
eurosmile505: posts small blind $0.02
gabriel.mb20: posts big blind $0.05
AssosManiki: sits out 
Kidmono: sits out 
*** HOLE CARDS ***
Dealt to Dorex2007 [Jc 6s]
shtshot250: calls $0.05
Dorex2007: folds 
GrooshBadoosh: folds 
eurosmile505: folds 
gabriel.mb20: checks 
*** FLOP *** [7s 4h Jd]
gabriel.mb20: checks 
shtshot250: checks 
*** TURN *** [7s 4h Jd] [8s]
gabriel.mb20: checks 
shtshot250: checks 
*** RIVER *** [7s 4h Jd 8s] [9h]
gabriel.mb20: checks 
shtshot250: checks 
*** SHOW DOWN ***
gabriel.mb20: shows [5c 3d] (high card Jack)
shtshot250: shows [As Kh] (high card Ace)
shtshot250 collected $0.12 from pot
*** SUMMARY ***
Total pot $0.12 | Rake $0 
Board [7s 4h Jd 8s 9h]
Seat 1: GrooshBadoosh (button) folded before Flop (didn't bet)
Seat 2: eurosmile505 (small blind) folded before Flop
Seat 3: gabriel.mb20 (big blind) showed [5c 3d] and lost with high card Jack
Seat 5: shtshot250 showed [As Kh] and won ($0.12) with high card Ace
Seat 9: Dorex2007 folded before Flop (didn't bet)



PokerStars Hand #237936275793:  Hold'em No Limit ($0.02/$0.05 USD) - 2022/08/11 17:50:53 PT [2022/08/11 20:50:53 ET]
Table 'Wabash III' 9-max Seat #2 is the button
Seat 1: GrooshBadoosh ($12.53 in chips) 
Seat 2: eurosmile505 ($5.25 in chips) 
Seat 3: gabriel.mb20 ($4.36 in chips) 
Seat 4: AssosManiki ($5 in chips) 
Seat 5: shtshot250 ($11.73 in chips) 
Seat 7: Kidmono ($4 in chips) 
Seat 9: Dorex2007 ($5.83 in chips) 
gabriel.mb20: posts small blind $0.02
AssosManiki: posts big blind $0.05
Kidmono: posts big blind $0.05
*** HOLE CARDS ***
Dealt to Dorex2007 [2h Qd]
shtshot250: folds 
Kidmono: checks 
Dorex2007: folds 
GrooshBadoosh: folds 
eurosmile505: folds 
gabriel.mb20: calls $0.03
AssosManiki: checks 
*** FLOP *** [Kc 7h 7d]
shtshot250 leaves the table
gabriel.mb20: checks 
AssosManiki: checks 
Kidmono: bets $0.10
0RB BR0 is disconnected 
gabriel.mb20: folds 
AssosManiki: folds 
Uncalled bet ($0.10) returned to Kidmono
Kidmono collected $0.14 from pot
Kidmono: doesn't show hand 
*** SUMMARY ***
Total pot $0.15 | Rake $0.01 
Board [Kc 7h 7d]
Seat 1: GrooshBadoosh folded before Flop (didn't bet)
Seat 2: eurosmile505 (button) folded before Flop (didn't bet)
Seat 3: gabriel.mb20 (small blind) folded on the Flop
Seat 4: AssosManiki (big blind) folded on the Flop
Seat 5: shtshot250 folded before Flop (didn't bet)
Seat 7: Kidmono collected ($0.14)
Seat 9: Dorex2007 folded before Flop (didn't bet)



PokerStars Hand #237936287769:  Hold'em No Limit ($0.02/$0.05 USD) - 2022/08/11 17:51:49 PT [2022/08/11 20:51:49 ET]
Table 'Wabash III' 9-max Seat #3 is the button
Seat 1: GrooshBadoosh ($12.53 in chips) 
Seat 2: eurosmile505 ($5.25 in chips) 
Seat 3: gabriel.mb20 ($4.31 in chips) 
Seat 4: AssosManiki ($4.95 in chips) 
Seat 7: Kidmono ($4.09 in chips) 
Seat 9: Dorex2007 ($5.83 in chips) 
AssosManiki: posts small blind $0.02
0RB BR0 has timed out while disconnected
0RB BR0: is sitting out 
Kidmono: posts big blind $0.05
*** HOLE CARDS ***
Dealt to Dorex2007 [3d Ac]
Dorex2007: folds 
GrooshBadoosh has timed out
GrooshBadoosh: folds 
eurosmile505: folds 
gabriel.mb20: folds 
AssosManiki: raises $0.08 to $0.13
Kidmono: folds 
Uncalled bet ($0.08) returned to AssosManiki
AssosManiki collected $0.10 from pot
AssosManiki: doesn't show hand 
*** SUMMARY ***
Total pot $0.10 | Rake $0 
Seat 1: GrooshBadoosh folded before Flop (didn't bet)
Seat 2: eurosmile505 folded before Flop (didn't bet)
Seat 3: gabriel.mb20 (button) folded before Flop (didn't bet)
Seat 4: AssosManiki (small blind) collected ($0.10)
Seat 7: Kidmono (big blind) folded before Flop
Seat 9: Dorex2007 folded before Flop (didn't bet)



PokerStars Hand #237936296678:  Hold'em No Limit ($0.02/$0.05 USD) - 2022/08/11 17:52:30 PT [2022/08/11 20:52:30 ET]
Table 'Wabash III' 9-max Seat #4 is the button
Seat 1: GrooshBadoosh ($12.53 in chips) 
Seat 2: eurosmile505 ($5.25 in chips) 
Seat 3: gabriel.mb20 ($4.31 in chips) 
Seat 4: AssosManiki ($5 in chips) 
Seat 7: Kidmono ($4.04 in chips) 
Seat 9: Dorex2007 ($5.83 in chips) 
Kidmono: posts small blind $0.02
Dorex2007: posts big blind $0.05
*** HOLE CARDS ***
Dealt to Dorex2007 [Ts 8c]
AGVsmarT joins the table at seat #8 
GrooshBadoosh: folds 
eurosmile505: folds 
gabriel.mb20: folds 
AssosManiki: folds 
Kidmono: calls $0.03
Dorex2007: checks 
*** FLOP *** [9d 3d Qd]
Kidmono: checks 
Dorex2007: checks 
*** TURN *** [9d 3d Qd] [2s]
Kidmono: checks 
Dorex2007: checks 
*** RIVER *** [9d 3d Qd 2s] [4d]
Kidmono: checks 
Dorex2007: checks 
*** SHOW DOWN ***
Kidmono: shows [3h Ah] (a pair of Threes)
Dorex2007: mucks hand 
Kidmono collected $0.10 from pot
*** SUMMARY ***
Total pot $0.10 | Rake $0 
Board [9d 3d Qd 2s 4d]
Seat 1: GrooshBadoosh folded before Flop (didn't bet)
Seat 2: eurosmile505 folded before Flop (didn't bet)
Seat 3: gabriel.mb20 folded before Flop (didn't bet)
Seat 4: AssosManiki (button) folded before Flop (didn't bet)
Seat 7: Kidmono (small blind) showed [3h Ah] and won ($0.10) with a pair of Threes
Seat 9: Dorex2007 (big blind) mucked [Ts 8c]



PokerStars Hand #237936305072:  Hold'em No Limit ($0.02/$0.05 USD) - 2022/08/11 17:53:09 PT [2022/08/11 20:53:09 ET]
Table 'Wabash III' 9-max Seat #7 is the button
Seat 1: GrooshBadoosh ($12.53 in chips) 
Seat 2: eurosmile505 ($5.25 in chips) 
Seat 3: gabriel.mb20 ($4.31 in chips) 
Seat 4: AssosManiki ($5 in chips) 
Seat 7: Kidmono ($4.09 in chips) 
Seat 9: Dorex2007 ($5.78 in chips) 
Dorex2007: posts small blind $0.02
GrooshBadoosh: posts big blind $0.05
*** HOLE CARDS ***
Dealt to Dorex2007 [4h 3h]
eurosmile505: folds 
gabriel.mb20: calls $0.05
AssosManiki: folds 
Kidmono has timed out
Kidmono: folds 
Dorex2007: folds 
GrooshBadoosh: checks 
*** FLOP *** [5c Qc 7d]
GrooshBadoosh: checks 
gabriel.mb20: checks 
*** TURN *** [5c Qc 7d] [Qd]
rebelk66 joins the table at seat #5 
GrooshBadoosh: checks 
gabriel.mb20: checks 
*** RIVER *** [5c Qc 7d Qd] [4c]
GrooshBadoosh: checks 
0RB BR0 is disconnected 
gabriel.mb20: checks 
*** SHOW DOWN ***
GrooshBadoosh: shows [2h 9c] (a pair of Queens)
gabriel.mb20: shows [4d Ah] (two pair, Queens and Fours)
gabriel.mb20 collected $0.12 from pot
*** SUMMARY ***
Total pot $0.12 | Rake $0 
Board [5c Qc 7d Qd 4c]
Seat 1: GrooshBadoosh (big blind) showed [2h 9c] and lost with a pair of Queens
Seat 2: eurosmile505 folded before Flop (didn't bet)
Seat 3: gabriel.mb20 showed [4d Ah] and won ($0.12) with two pair, Queens and Fours
Seat 4: AssosManiki folded before Flop (didn't bet)
Seat 7: Kidmono (button) folded before Flop (didn't bet)
Seat 9: Dorex2007 (small blind) folded before Flop



PokerStars Hand #237936323376:  Hold'em No Limit ($0.02/$0.05 USD) - 2022/08/11 17:54:33 PT [2022/08/11 20:54:33 ET]
Table 'Wabash III' 9-max Seat #9 is the button
Seat 1: GrooshBadoosh ($12.48 in chips) 
Seat 2: eurosmile505 ($5.25 in chips) 
Seat 3: gabriel.mb20 ($4.38 in chips) 
Seat 4: AssosManiki ($5 in chips) 
Seat 5: rebelk66 ($3.03 in chips) 
Seat 9: Dorex2007 ($5.76 in chips) 
GrooshBadoosh: posts small blind $0.02
eurosmile505: posts big blind $0.05
rebelk66: posts big blind $0.05
0RB BR0 has timed out while disconnected
0RB BR0: is sitting out 
AGVsmarT: sits out 
*** HOLE CARDS ***
Dealt to Dorex2007 [Ts 4d]
gabriel.mb20: raises $0.10 to $0.15
AssosManiki: folds 
rebelk66: folds 
Dorex2007: folds 
GrooshBadoosh: folds 
eurosmile505: folds 
Uncalled bet ($0.10) returned to gabriel.mb20
gabriel.mb20 collected $0.17 from pot
*** SUMMARY ***
Total pot $0.17 | Rake $0 
Seat 1: GrooshBadoosh (small blind) folded before Flop
Seat 2: eurosmile505 (big blind) folded before Flop
Seat 3: gabriel.mb20 collected ($0.17)
Seat 4: AssosManiki folded before Flop (didn't bet)
Seat 5: rebelk66 folded before Flop (didn't bet)
Seat 9: Dorex2007 (button) folded before Flop (didn't bet)



PokerStars Hand #237936328388:  Hold'em No Limit ($0.02/$0.05 USD) - 2022/08/11 17:54:57 PT [2022/08/11 20:54:57 ET]
Table 'Wabash III' 9-max Seat #1 is the button
Seat 1: GrooshBadoosh ($12.46 in chips) 
Seat 2: eurosmile505 ($5.20 in chips) 
Seat 3: gabriel.mb20 ($4.50 in chips) 
Seat 4: AssosManiki ($5 in chips) 
Seat 5: rebelk66 ($2.98 in chips) 
Seat 9: Dorex2007 ($5.76 in chips) 
eurosmile505: posts small blind $0.02
gabriel.mb20: posts big blind $0.05
AGVsmarT: sits out 
*** HOLE CARDS ***
Dealt to Dorex2007 [5d 7d]
AssosManiki: folds 
rebelk66: folds 
Dorex2007: folds 
GrooshBadoosh: folds 
eurosmile505: folds 
Uncalled bet ($0.03) returned to gabriel.mb20
gabriel.mb20 collected $0.04 from pot
*** SUMMARY ***
Total pot $0.04 | Rake $0 
Seat 1: GrooshBadoosh (button) folded before Flop (didn't bet)
Seat 2: eurosmile505 (small blind) folded before Flop
Seat 3: gabriel.mb20 (big blind) collected ($0.04)
Seat 4: AssosManiki folded before Flop (didn't bet)
Seat 5: rebelk66 folded before Flop (didn't bet)
Seat 9: Dorex2007 folded before Flop (didn't bet)



PokerStars Hand #237936331528:  Hold'em No Limit ($0.02/$0.05 USD) - 2022/08/11 17:55:12 PT [2022/08/11 20:55:12 ET]
Table 'Wabash III' 9-max Seat #2 is the button
Seat 1: GrooshBadoosh ($12.46 in chips) 
Seat 2: eurosmile505 ($5.18 in chips) 
Seat 3: gabriel.mb20 ($4.52 in chips) 
Seat 4: AssosManiki ($5 in chips) 
Seat 5: rebelk66 ($2.98 in chips) 
Seat 9: Dorex2007 ($5.76 in chips) 
gabriel.mb20: posts small blind $0.02
AssosManiki: posts big blind $0.05
AGVsmarT: sits out 
*** HOLE CARDS ***
Dealt to Dorex2007 [Jh 5c]
0RB BR0 is disconnected 
rebelk66: folds 
Dorex2007: folds 
GrooshBadoosh: folds 
eurosmile505: raises $0.07 to $0.12
gabriel.mb20: calls $0.10
AssosManiki: folds 
*** FLOP *** [6d 9s Kd]
gabriel.mb20: bets $0.15
eurosmile505: calls $0.15
*** TURN *** [6d 9s Kd] [8h]
gabriel.mb20: checks 
eurosmile505: checks 
*** RIVER *** [6d 9s Kd 8h] [4d]
gabriel.mb20: checks 
eurosmile505: checks 
*** SHOW DOWN ***
gabriel.mb20: shows [2c 2d] (a pair of Deuces)
eurosmile505: mucks hand 
gabriel.mb20 collected $0.57 from pot
*** SUMMARY ***
Total pot $0.59 | Rake $0.02 
Board [6d 9s Kd 8h 4d]
Seat 1: GrooshBadoosh folded before Flop (didn't bet)
Seat 2: eurosmile505 (button) mucked [Jd As]
Seat 3: gabriel.mb20 (small blind) showed [2c 2d] and won ($0.57) with a pair of Deuces
Seat 4: AssosManiki (big blind) folded before Flop
Seat 5: rebelk66 folded before Flop (didn't bet)
Seat 9: Dorex2007 folded before Flop (didn't bet)



PokerStars Hand #237936344767:  Hold'em No Limit ($0.02/$0.05 USD) - 2022/08/11 17:56:27 PT [2022/08/11 20:56:27 ET]
Table 'Wabash III' 9-max Seat #3 is the button
Seat 1: GrooshBadoosh ($12.46 in chips) 
Seat 2: eurosmile505 ($5 in chips) 
Seat 3: gabriel.mb20 ($4.82 in chips) 
Seat 4: AssosManiki ($4.95 in chips) 
Seat 5: rebelk66 ($2.98 in chips) 
Seat 7: Kidmono ($4.09 in chips) 
Seat 9: Dorex2007 ($5.76 in chips) 
AssosManiki: posts small blind $0.02
rebelk66: posts big blind $0.05
AGVsmarT: sits out 
*** HOLE CARDS ***
Dealt to Dorex2007 [Qc 6d]
Kidmono: folds 
Dorex2007: folds 
GrooshBadoosh: raises $0.05 to $0.10
eurosmile505: folds 
gabriel.mb20: folds 
AssosManiki: folds 
rebelk66: calls $0.05
*** FLOP *** [Qd 7s 3s]
rebelk66: checks 
GrooshBadoosh: bets $0.15
rebelk66: folds 
Uncalled bet ($0.15) returned to GrooshBadoosh
GrooshBadoosh collected $0.21 from pot
*** SUMMARY ***
Total pot $0.22 | Rake $0.01 
Board [Qd 7s 3s]
Seat 1: GrooshBadoosh collected ($0.21)
Seat 2: eurosmile505 folded before Flop (didn't bet)
Seat 3: gabriel.mb20 (button) folded before Flop (didn't bet)
Seat 4: AssosManiki (small blind) folded before Flop
Seat 5: rebelk66 (big blind) folded on the Flop
Seat 7: Kidmono folded before Flop (didn't bet)
Seat 9: Dorex2007 folded before Flop (didn't bet)



PokerStars Hand #237936351051:  Hold'em No Limit ($0.02/$0.05 USD) - 2022/08/11 17:57:02 PT [2022/08/11 20:57:02 ET]
Table 'Wabash III' 9-max Seat #4 is the button
Seat 1: GrooshBadoosh ($12.57 in chips) 
Seat 2: eurosmile505 ($5 in chips) 
Seat 3: gabriel.mb20 ($4.82 in chips) 
Seat 4: AssosManiki ($4.93 in chips) 
Seat 5: rebelk66 ($2.88 in chips) 
Seat 7: Kidmono ($4.09 in chips) 
Seat 9: Dorex2007 ($5.76 in chips) 
rebelk66: posts small blind $0.02
Kidmono: posts big blind $0.05
AGVsmarT: sits out 
*** HOLE CARDS ***
Dealt to Dorex2007 [2d 4h]
Dorex2007: folds 
GrooshBadoosh: raises $0.05 to $0.10
eurosmile505: folds 
gabriel.mb20: calls $0.10
AssosManiki: calls $0.10
rebelk66: folds 
Kidmono: folds 
*** FLOP *** [4s 2c Ks]
GrooshBadoosh: checks 
gabriel.mb20: checks 
AssosManiki: bets $0.24
GrooshBadoosh: folds 
gabriel.mb20: folds 
Uncalled bet ($0.24) returned to AssosManiki
AssosManiki collected $0.35 from pot
0RB BR0 leaves the table
AssosManiki: doesn't show hand 
*** SUMMARY ***
Total pot $0.37 | Rake $0.02 
Board [4s 2c Ks]
Seat 1: GrooshBadoosh folded on the Flop
Seat 2: eurosmile505 folded before Flop (didn't bet)
Seat 3: gabriel.mb20 folded on the Flop
Seat 4: AssosManiki (button) collected ($0.35)
Seat 5: rebelk66 (small blind) folded before Flop
Seat 7: Kidmono (big blind) folded before Flop
Seat 9: Dorex2007 folded before Flop (didn't bet)



PokerStars Hand #237936373988:  Hold'em No Limit ($0.02/$0.05 USD) - 2022/08/11 17:58:16 PT [2022/08/11 20:58:16 ET]
Table 'Wabash III' 9-max Seat #5 is the button
Seat 1: GrooshBadoosh ($12.47 in chips) 
Seat 2: eurosmile505 ($5 in chips) 
Seat 3: gabriel.mb20 ($4.72 in chips) 
Seat 4: AssosManiki ($5.18 in chips) 
Seat 5: rebelk66 ($2.86 in chips) 
Seat 7: Kidmono ($4.04 in chips) 
Seat 8: AGVsmarT ($4 in chips) 
Seat 9: Dorex2007 ($5.76 in chips) 
Kidmono: posts small blind $0.02
AGVsmarT: posts big blind $0.05
*** HOLE CARDS ***
Dealt to Dorex2007 [7c Qc]
Dorex2007: folds 
GrooshBadoosh: folds 
eurosmile505: folds 
gabriel.mb20: raises $0.10 to $0.15
AssosManiki: folds 
JD550 joins the table at seat #6 
rebelk66: calls $0.15
Kidmono: folds 
AGVsmarT: calls $0.10
*** FLOP *** [Ts 3s Ks]
AGVsmarT: bets $0.10
gabriel.mb20: calls $0.10
rebelk66: calls $0.10
*** TURN *** [Ts 3s Ks] [Kd]
AGVsmarT: checks 
gabriel.mb20: bets $0.25
rebelk66: calls $0.25
AGVsmarT: folds 
*** RIVER *** [Ts 3s Ks Kd] [9h]
gabriel.mb20: bets $0.61
rebelk66: raises $1.22 to $1.83
gabriel.mb20: folds [Kc]
Uncalled bet ($1.22) returned to rebelk66
rebelk66 collected $2.39 from pot
*** SUMMARY ***
Total pot $2.49 | Rake $0.10 
Board [Ts 3s Ks Kd 9h]
Seat 1: GrooshBadoosh folded before Flop (didn't bet)
Seat 2: eurosmile505 folded before Flop (didn't bet)
Seat 3: gabriel.mb20 folded on the River
Seat 4: AssosManiki folded before Flop (didn't bet)
Seat 5: rebelk66 (button) collected ($2.39)
Seat 7: Kidmono (small blind) folded before Flop
Seat 8: AGVsmarT (big blind) folded on the Turn
Seat 9: Dorex2007 folded before Flop (didn't bet)



PokerStars Hand #237936394179:  Hold'em No Limit ($0.02/$0.05 USD) - 2022/08/11 18:00:07 PT [2022/08/11 21:00:07 ET]
Table 'Wabash III' 9-max Seat #7 is the button
Seat 1: GrooshBadoosh ($12.47 in chips) 
Seat 2: eurosmile505 ($5 in chips) 
Seat 3: gabriel.mb20 ($3.61 in chips) 
Seat 4: AssosManiki ($5.18 in chips) 
Seat 5: rebelk66 ($4.14 in chips) 
Seat 6: JD550 ($4 in chips) 
Seat 7: Kidmono ($4.02 in chips) 
Seat 8: AGVsmarT ($3.75 in chips) 
Seat 9: Dorex2007 ($5.76 in chips) 
AGVsmarT: posts small blind $0.02
Dorex2007: posts big blind $0.05
JD550: posts big blind $0.05
*** HOLE CARDS ***
Dealt to Dorex2007 [6h Js]
GrooshBadoosh: folds 
eurosmile505: folds 
gabriel.mb20: folds 
AssosManiki: folds 
rebelk66: raises $0.05 to $0.10
JD550: folds 
Kidmono: folds 
AGVsmarT: folds 
Dorex2007: folds 
Uncalled bet ($0.05) returned to rebelk66
rebelk66 collected $0.17 from pot
*** SUMMARY ***
Total pot $0.17 | Rake $0 
Seat 1: GrooshBadoosh folded before Flop (didn't bet)
Seat 2: eurosmile505 folded before Flop (didn't bet)
Seat 3: gabriel.mb20 folded before Flop (didn't bet)
Seat 4: AssosManiki folded before Flop (didn't bet)
Seat 5: rebelk66 collected ($0.17)
Seat 6: JD550 folded before Flop (didn't bet)
Seat 7: Kidmono (button) folded before Flop (didn't bet)
Seat 8: AGVsmarT (small blind) folded before Flop
Seat 9: Dorex2007 (big blind) folded before Flop



PokerStars Hand #237936400666:  Hold'em No Limit ($0.02/$0.05 USD) - 2022/08/11 18:00:40 PT [2022/08/11 21:00:40 ET]
Table 'Wabash III' 9-max Seat #8 is the button
Seat 1: GrooshBadoosh ($12.47 in chips) 
Seat 2: eurosmile505 ($5 in chips) 
Seat 3: gabriel.mb20 ($3.61 in chips) 
Seat 4: AssosManiki ($5.18 in chips) 
Seat 5: rebelk66 ($4.26 in chips) 
Seat 6: JD550 ($3.95 in chips) 
Seat 7: Kidmono ($4.02 in chips) 
Seat 8: AGVsmarT ($3.73 in chips) 
Seat 9: Dorex2007 ($5.71 in chips) 
Dorex2007: posts small blind $0.02
GrooshBadoosh: posts big blind $0.05
*** HOLE CARDS ***
Dealt to Dorex2007 [5h Qd]
eurosmile505: folds 
gabriel.mb20: folds 
AssosManiki: folds 
rebelk66: folds 
JD550: folds 
Kidmono: folds 
AGVsmarT: calls $0.05
Dorex2007: calls $0.03
GrooshBadoosh: checks 
*** FLOP *** [8c 6c 2c]
Dorex2007: checks 
GrooshBadoosh: checks 
AGVsmarT: bets $0.14
Dorex2007: folds 
GrooshBadoosh: folds 
Uncalled bet ($0.14) returned to AGVsmarT
AGVsmarT collected $0.14 from pot
*** SUMMARY ***
Total pot $0.15 | Rake $0.01 
Board [8c 6c 2c]
Seat 1: GrooshBadoosh (big blind) folded on the Flop
Seat 2: eurosmile505 folded before Flop (didn't bet)
Seat 3: gabriel.mb20 folded before Flop (didn't bet)
Seat 4: AssosManiki folded before Flop (didn't bet)
Seat 5: rebelk66 folded before Flop (didn't bet)
Seat 6: JD550 folded before Flop (didn't bet)
Seat 7: Kidmono folded before Flop (didn't bet)
Seat 8: AGVsmarT (button) collected ($0.14)
Seat 9: Dorex2007 (small blind) folded on the Flop



PokerStars Hand #237936412799:  Hold'em No Limit ($0.02/$0.05 USD) - 2022/08/11 18:01:39 PT [2022/08/11 21:01:39 ET]
Table 'Wabash III' 9-max Seat #9 is the button
Seat 1: GrooshBadoosh ($12.42 in chips) 
Seat 2: eurosmile505 ($5 in chips) 
Seat 3: gabriel.mb20 ($3.61 in chips) 
Seat 4: AssosManiki ($5.18 in chips) 
Seat 5: rebelk66 ($4.26 in chips) 
Seat 6: JD550 ($3.95 in chips) 
Seat 7: Kidmono ($4.02 in chips) 
Seat 8: AGVsmarT ($3.82 in chips) 
Seat 9: Dorex2007 ($5.66 in chips) 
GrooshBadoosh: posts small blind $0.02
eurosmile505: posts big blind $0.05
*** HOLE CARDS ***
Dealt to Dorex2007 [Ts 4d]
gabriel.mb20: calls $0.05
AssosManiki: folds 
rebelk66: folds 
JD550: folds 
Kidmono: folds 
AGVsmarT: calls $0.05
Dorex2007: folds 
GrooshBadoosh: raises $0.05 to $0.10
eurosmile505: folds 
gabriel.mb20: calls $0.05
AGVsmarT: calls $0.05
*** FLOP *** [7c 3s Kc]
GrooshBadoosh: bets $0.10
gabriel.mb20: calls $0.10
AGVsmarT: folds 
*** TURN *** [7c 3s Kc] [3c]
GrooshBadoosh: bets $0.15
gabriel.mb20: raises $0.15 to $0.30
GrooshBadoosh: calls $0.15
*** RIVER *** [7c 3s Kc 3c] [8s]
GrooshBadoosh: bets $0.25
gabriel.mb20: calls $0.25
*** SHOW DOWN ***
GrooshBadoosh: shows [Ks 7s] (two pair, Kings and Sevens)
gabriel.mb20: shows [9c 8c] (a flush, King high)
gabriel.mb20 collected $1.58 from pot
*** SUMMARY ***
Total pot $1.65 | Rake $0.07 
Board [7c 3s Kc 3c 8s]
Seat 1: GrooshBadoosh (small blind) showed [Ks 7s] and lost with two pair, Kings and Sevens
Seat 2: eurosmile505 (big blind) folded before Flop
Seat 3: gabriel.mb20 showed [9c 8c] and won ($1.58) with a flush, King high
Seat 4: AssosManiki folded before Flop (didn't bet)
Seat 5: rebelk66 folded before Flop (didn't bet)
Seat 6: JD550 folded before Flop (didn't bet)
Seat 7: Kidmono folded before Flop (didn't bet)
Seat 8: AGVsmarT folded on the Flop
Seat 9: Dorex2007 (button) folded before Flop (didn't bet)



PokerStars Hand #237936438464:  Hold'em No Limit ($0.02/$0.05 USD) - 2022/08/11 18:03:41 PT [2022/08/11 21:03:41 ET]
Table 'Wabash III' 9-max Seat #1 is the button
Seat 1: GrooshBadoosh ($11.67 in chips) 
Seat 2: eurosmile505 ($5 in chips) 
Seat 3: gabriel.mb20 ($4.44 in chips) 
Seat 4: AssosManiki ($5.18 in chips) 
Seat 5: rebelk66 ($4.26 in chips) 
Seat 6: JD550 ($3.95 in chips) 
Seat 7: Kidmono ($4.02 in chips) 
Seat 8: AGVsmarT ($3.72 in chips) 
Seat 9: Dorex2007 ($5.66 in chips) 
eurosmile505: posts small blind $0.02
gabriel.mb20: posts big blind $0.05
*** HOLE CARDS ***
Dealt to Dorex2007 [Qs 2s]
AssosManiki: folds 
rebelk66: folds 
JD550: folds 
Kidmono: folds 
AGVsmarT: folds 
Dorex2007: folds 
GrooshBadoosh: folds 
eurosmile505: folds 
Uncalled bet ($0.03) returned to gabriel.mb20
gabriel.mb20 collected $0.04 from pot
*** SUMMARY ***
Total pot $0.04 | Rake $0 
Seat 1: GrooshBadoosh (button) folded before Flop (didn't bet)
Seat 2: eurosmile505 (small blind) folded before Flop
Seat 3: gabriel.mb20 (big blind) collected ($0.04)
Seat 4: AssosManiki folded before Flop (didn't bet)
Seat 5: rebelk66 folded before Flop (didn't bet)
Seat 6: JD550 folded before Flop (didn't bet)
Seat 7: Kidmono folded before Flop (didn't bet)
Seat 8: AGVsmarT folded before Flop (didn't bet)
Seat 9: Dorex2007 folded before Flop (didn't bet)



PokerStars Hand #237936442423:  Hold'em No Limit ($0.02/$0.05 USD) - 2022/08/11 18:03:59 PT [2022/08/11 21:03:59 ET]
Table 'Wabash III' 9-max Seat #2 is the button
Seat 1: GrooshBadoosh ($11.67 in chips) 
Seat 2: eurosmile505 ($5 in chips) 
Seat 4: AssosManiki ($5.18 in chips) 
Seat 5: rebelk66 ($4.26 in chips) 
Seat 6: JD550 ($3.95 in chips) 
Seat 7: Kidmono ($4.02 in chips) 
Seat 8: AGVsmarT ($3.72 in chips) 
Seat 9: Dorex2007 ($5.66 in chips) 
AssosManiki: posts small blind $0.02
rebelk66: posts big blind $0.05
*** HOLE CARDS ***
Dealt to Dorex2007 [6c Kd]
JD550: raises $0.10 to $0.15
Kidmono: calls $0.15
AGVsmarT: folds 
Dorex2007: folds 
GrooshBadoosh: folds 
eurosmile505: folds 
AssosManiki: folds 
rebelk66: folds 
*** FLOP *** [6d 4s Th]
JD550: checks 
Kidmono: checks 
*** TURN *** [6d 4s Th] [Jd]
JD550: bets $0.35
Kidmono: folds 
Uncalled bet ($0.35) returned to JD550
JD550 collected $0.35 from pot
*** SUMMARY ***
Total pot $0.37 | Rake $0.02 
Board [6d 4s Th Jd]
Seat 1: GrooshBadoosh folded before Flop (didn't bet)
Seat 2: eurosmile505 (button) folded before Flop (didn't bet)
Seat 4: AssosManiki (small blind) folded before Flop
Seat 5: rebelk66 (big blind) folded before Flop
Seat 6: JD550 collected ($0.35)
Seat 7: Kidmono folded on the Turn
Seat 8: AGVsmarT folded before Flop (didn't bet)
Seat 9: Dorex2007 folded before Flop (didn't bet)



PokerStars Hand #237936453149:  Hold'em No Limit ($0.02/$0.05 USD) - 2022/08/11 18:04:49 PT [2022/08/11 21:04:49 ET]
Table 'Wabash III' 9-max Seat #4 is the button
Seat 1: GrooshBadoosh ($11.67 in chips) 
Seat 2: eurosmile505 ($5 in chips) 
Seat 4: AssosManiki ($5.16 in chips) 
Seat 5: rebelk66 ($4.21 in chips) 
Seat 6: JD550 ($4.15 in chips) 
Seat 7: Kidmono ($3.87 in chips) 
Seat 8: AGVsmarT ($3.72 in chips) 
Seat 9: Dorex2007 ($5.66 in chips) 
rebelk66: posts small blind $0.02
JD550: posts big blind $0.05
*** HOLE CARDS ***
Dealt to Dorex2007 [4c Qs]
Kidmono: folds 
AGVsmarT: folds 
Dorex2007: folds 
GrooshBadoosh: folds 
eurosmile505: folds 
AssosManiki: raises $0.08 to $0.13
rebelk66: calls $0.11
JD550: folds 
*** FLOP *** [9c 6h Qd]
rebelk66: checks 
AssosManiki: bets $0.26
rebelk66: folds 
Uncalled bet ($0.26) returned to AssosManiki
AssosManiki collected $0.30 from pot
AssosManiki: doesn't show hand 
*** SUMMARY ***
Total pot $0.31 | Rake $0.01 
Board [9c 6h Qd]
Seat 1: GrooshBadoosh folded before Flop (didn't bet)
Seat 2: eurosmile505 folded before Flop (didn't bet)
Seat 4: AssosManiki (button) collected ($0.30)
Seat 5: rebelk66 (small blind) folded on the Flop
Seat 6: JD550 (big blind) folded before Flop
Seat 7: Kidmono folded before Flop (didn't bet)
Seat 8: AGVsmarT folded before Flop (didn't bet)
Seat 9: Dorex2007 folded before Flop (didn't bet)



PokerStars Hand #237936462534:  Hold'em No Limit ($0.02/$0.05 USD) - 2022/08/11 18:05:27 PT [2022/08/11 21:05:27 ET]
Table 'Wabash III' 9-max Seat #5 is the button
Seat 1: GrooshBadoosh ($11.67 in chips) 
Seat 2: eurosmile505 ($5 in chips) 
Seat 4: AssosManiki ($5.33 in chips) 
Seat 5: rebelk66 ($4.08 in chips) 
Seat 6: JD550 ($4.10 in chips) 
Seat 7: Kidmono ($3.87 in chips) 
Seat 8: AGVsmarT ($3.72 in chips) 
Seat 9: Dorex2007 ($5.66 in chips) 
JD550: posts small blind $0.02
Kidmono: posts big blind $0.05
*** HOLE CARDS ***
Dealt to Dorex2007 [Jh 4s]
AGVsmarT: raises $0.12 to $0.17
Dorex2007: folds 
GrooshBadoosh: raises $0.28 to $0.45
eurosmile505: folds 
AssosManiki: folds 
rebelk66: folds 
JD550: folds 
Kidmono: folds 
AGVsmarT: folds 
Uncalled bet ($0.28) returned to GrooshBadoosh
GrooshBadoosh collected $0.41 from pot
*** SUMMARY ***
Total pot $0.41 | Rake $0 
Seat 1: GrooshBadoosh collected ($0.41)
Seat 2: eurosmile505 folded before Flop (didn't bet)
Seat 4: AssosManiki folded before Flop (didn't bet)
Seat 5: rebelk66 (button) folded before Flop (didn't bet)
Seat 6: JD550 (small blind) folded before Flop
Seat 7: Kidmono (big blind) folded before Flop
Seat 8: AGVsmarT folded before Flop
Seat 9: Dorex2007 folded before Flop (didn't bet)



PokerStars Hand #237936470957:  Hold'em No Limit ($0.02/$0.05 USD) - 2022/08/11 18:06:07 PT [2022/08/11 21:06:07 ET]
Table 'Wabash III' 9-max Seat #6 is the button
Seat 1: GrooshBadoosh ($11.91 in chips) 
Seat 2: eurosmile505 ($5 in chips) 
Seat 4: AssosManiki ($5.33 in chips) 
Seat 5: rebelk66 ($4.08 in chips) 
Seat 6: JD550 ($4.08 in chips) 
Seat 7: Kidmono ($3.82 in chips) 
Seat 8: AGVsmarT ($3.55 in chips) 
Seat 9: Dorex2007 ($5.66 in chips) 
Kidmono: posts small blind $0.02
AGVsmarT: posts big blind $0.05
*** HOLE CARDS ***
Dealt to Dorex2007 [2h 7s]
Dorex2007: folds 
GrooshBadoosh: folds 
eurosmile505: folds 
AssosManiki: folds 
rebelk66: folds 
JD550: folds 
Kidmono: folds 
Uncalled bet ($0.03) returned to AGVsmarT
AGVsmarT collected $0.04 from pot
*** SUMMARY ***
Total pot $0.04 | Rake $0 
Seat 1: GrooshBadoosh folded before Flop (didn't bet)
Seat 2: eurosmile505 folded before Flop (didn't bet)
Seat 4: AssosManiki folded before Flop (didn't bet)
Seat 5: rebelk66 folded before Flop (didn't bet)
Seat 6: JD550 (button) folded before Flop (didn't bet)
Seat 7: Kidmono (small blind) folded before Flop
Seat 8: AGVsmarT (big blind) collected ($0.04)
Seat 9: Dorex2007 folded before Flop (didn't bet)



PokerStars Hand #237936477024:  Hold'em No Limit ($0.02/$0.05 USD) - 2022/08/11 18:06:36 PT [2022/08/11 21:06:36 ET]
Table 'Wabash III' 9-max Seat #7 is the button
Seat 1: GrooshBadoosh ($11.91 in chips) 
Seat 2: eurosmile505 ($5 in chips) 
Seat 4: AssosManiki ($5.33 in chips) 
Seat 5: rebelk66 ($4.08 in chips) 
Seat 6: JD550 ($4.08 in chips) 
Seat 7: Kidmono ($3.80 in chips) 
Seat 8: AGVsmarT ($3.57 in chips) 
Seat 9: Dorex2007 ($5.66 in chips) 
AGVsmarT: posts small blind $0.02
Dorex2007: posts big blind $0.05
*** HOLE CARDS ***
Dealt to Dorex2007 [5d As]
GrooshBadoosh: raises $0.05 to $0.10
eurosmile505: folds 
AssosManiki: calls $0.10
rebelk66: folds 
JD550: folds 
Kidmono: raises $0.40 to $0.50
AGVsmarT: folds 
Dorex2007: folds 
GrooshBadoosh: calls $0.40
AssosManiki: calls $0.40
*** FLOP *** [Js Jh 9s]
GrooshBadoosh: checks 
AssosManiki: bets $0.66
Kidmono: calls $0.66
GrooshBadoosh: raises $0.84 to $1.50
AssosManiki: calls $0.84
Kidmono: folds 
*** TURN *** [Js Jh 9s] [7c]
GrooshBadoosh: bets $1.25
AssosManiki: calls $1.25
*** RIVER *** [Js Jh 9s 7c] [2h]
GrooshBadoosh: bets $2.10
AssosManiki: folds 
Uncalled bet ($2.10) returned to GrooshBadoosh
GrooshBadoosh collected $7.41 from pot
*** SUMMARY ***
Total pot $7.73 | Rake $0.32 
Board [Js Jh 9s 7c 2h]
Seat 1: GrooshBadoosh collected ($7.41)
Seat 2: eurosmile505 folded before Flop (didn't bet)
Seat 4: AssosManiki folded on the River
Seat 5: rebelk66 folded before Flop (didn't bet)
Seat 6: JD550 folded before Flop (didn't bet)
Seat 7: Kidmono (button) folded on the Flop
Seat 8: AGVsmarT (small blind) folded before Flop
Seat 9: Dorex2007 (big blind) folded before Flop



PokerStars Hand #237936508137:  Hold'em No Limit ($0.02/$0.05 USD) - 2022/08/11 18:08:58 PT [2022/08/11 21:08:58 ET]
Table 'Wabash III' 9-max Seat #8 is the button
Seat 1: GrooshBadoosh ($16.07 in chips) 
Seat 2: eurosmile505 ($5 in chips) 
Seat 4: AssosManiki ($5 in chips) 
Seat 5: rebelk66 ($4.08 in chips) 
Seat 6: JD550 ($4.08 in chips) 
Seat 7: Kidmono ($2.64 in chips) 
Seat 8: AGVsmarT ($3.55 in chips) 
Seat 9: Dorex2007 ($5.61 in chips) 
Dorex2007: posts small blind $0.02
GrooshBadoosh: posts big blind $0.05
*** HOLE CARDS ***
Dealt to Dorex2007 [4c Kd]
eurosmile505: folds 
AssosManiki: raises $0.08 to $0.13
rebelk66: folds 
JD550: folds 
Kidmono: folds 
AGVsmarT: folds 
Dorex2007: folds 
GrooshBadoosh: calls $0.08
*** FLOP *** [4d Ac 5c]
GrooshBadoosh: bets $0.15
AssosManiki: folds 
Uncalled bet ($0.15) returned to GrooshBadoosh
GrooshBadoosh collected $0.27 from pot
*** SUMMARY ***
Total pot $0.28 | Rake $0.01 
Board [4d Ac 5c]
Seat 1: GrooshBadoosh (big blind) collected ($0.27)
Seat 2: eurosmile505 folded before Flop (didn't bet)
Seat 4: AssosManiki folded on the Flop
Seat 5: rebelk66 folded before Flop (didn't bet)
Seat 6: JD550 folded before Flop (didn't bet)
Seat 7: Kidmono folded before Flop (didn't bet)
Seat 8: AGVsmarT (button) folded before Flop (didn't bet)
Seat 9: Dorex2007 (small blind) folded before Flop



PokerStars Hand #237936514882:  Hold'em No Limit ($0.02/$0.05 USD) - 2022/08/11 18:09:30 PT [2022/08/11 21:09:30 ET]
Table 'Wabash III' 9-max Seat #9 is the button
Seat 1: GrooshBadoosh ($16.21 in chips) 
Seat 2: eurosmile505 ($5 in chips) 
Seat 4: AssosManiki ($4.87 in chips) 
Seat 5: rebelk66 ($4.08 in chips) 
Seat 6: JD550 ($4.08 in chips) 
Seat 7: Kidmono ($2.64 in chips) 
Seat 8: AGVsmarT ($3.55 in chips) 
Seat 9: Dorex2007 ($5.59 in chips) 
GrooshBadoosh: posts small blind $0.02
eurosmile505: posts big blind $0.05
*** HOLE CARDS ***
Dealt to Dorex2007 [Ad 9s]
AssosManiki: folds 
rebelk66: folds 
JD550: calls $0.05
Kidmono: folds 
AGVsmarT: raises $0.17 to $0.22
Dorex2007: folds 
GrooshBadoosh: folds 
eurosmile505: folds 
JD550: calls $0.17
*** FLOP *** [Tc 4d 2c]
JD550: checks 
AGVsmarT: checks 
*** TURN *** [Tc 4d 2c] [7d]
JD550: bets $0.24
AGVsmarT: folds 
Uncalled bet ($0.24) returned to JD550
JD550 collected $0.49 from pot
*** SUMMARY ***
Total pot $0.51 | Rake $0.02 
Board [Tc 4d 2c 7d]
Seat 1: GrooshBadoosh (small blind) folded before Flop
Seat 2: eurosmile505 (big blind) folded before Flop
Seat 4: AssosManiki folded before Flop (didn't bet)
Seat 5: rebelk66 folded before Flop (didn't bet)
Seat 6: JD550 collected ($0.49)
Seat 7: Kidmono folded before Flop (didn't bet)
Seat 8: AGVsmarT folded on the Turn
Seat 9: Dorex2007 (button) folded before Flop (didn't bet)



PokerStars Hand #237936525471:  Hold'em No Limit ($0.02/$0.05 USD) - 2022/08/11 18:10:20 PT [2022/08/11 21:10:20 ET]
Table 'Wabash III' 9-max Seat #1 is the button
Seat 1: GrooshBadoosh ($16.19 in chips) 
Seat 2: eurosmile505 ($5 in chips) 
Seat 4: AssosManiki ($4.87 in chips) 
Seat 5: rebelk66 ($4.08 in chips) 
Seat 6: JD550 ($4.35 in chips) 
Seat 7: Kidmono ($2.64 in chips) 
Seat 8: AGVsmarT ($3.33 in chips) 
Seat 9: Dorex2007 ($5.59 in chips) 
eurosmile505: posts small blind $0.02
AssosManiki: posts big blind $0.05
*** HOLE CARDS ***
Dealt to Dorex2007 [6s 2c]
rebelk66: folds 
JD550: folds 
Kidmono: folds 
AGVsmarT: raises $0.12 to $0.17
Dorex2007: folds 
GrooshBadoosh: raises $0.28 to $0.45
eurosmile505: folds 
AssosManiki: folds 
AGVsmarT: calls $0.28
*** FLOP *** [Ad 7h 8d]
AGVsmarT: checks 
GrooshBadoosh: bets $0.20
AGVsmarT: calls $0.20
*** TURN *** [Ad 7h 8d] [Kh]
AGVsmarT: checks 
GrooshBadoosh: bets $0.50
AGVsmarT: folds 
Uncalled bet ($0.50) returned to GrooshBadoosh
GrooshBadoosh collected $1.31 from pot
GrooshBadoosh: shows [Ac Kd] (two pair, Aces and Kings)
*** SUMMARY ***
Total pot $1.37 | Rake $0.06 
Board [Ad 7h 8d Kh]
Seat 1: GrooshBadoosh (button) collected ($1.31)
Seat 2: eurosmile505 (small blind) folded before Flop
Seat 4: AssosManiki (big blind) folded before Flop
Seat 5: rebelk66 folded before Flop (didn't bet)
Seat 6: JD550 folded before Flop (didn't bet)
Seat 7: Kidmono folded before Flop (didn't bet)
Seat 8: AGVsmarT folded on the Turn
Seat 9: Dorex2007 folded before Flop (didn't bet)



PokerStars Hand #237936547669:  Hold'em No Limit ($0.02/$0.05 USD) - 2022/08/11 18:11:24 PT [2022/08/11 21:11:24 ET]
Table 'Wabash III' 9-max Seat #2 is the button
Seat 1: GrooshBadoosh ($16.85 in chips) 
Seat 2: eurosmile505 ($5 in chips) 
Seat 4: AssosManiki ($4.82 in chips) 
Seat 5: rebelk66 ($4.08 in chips) 
Seat 6: JD550 ($4.35 in chips) 
Seat 7: Kidmono ($2.64 in chips) 
Seat 8: AGVsmarT ($2.68 in chips) 
Seat 9: Dorex2007 ($5.59 in chips) 
AssosManiki: posts small blind $0.02
rebelk66: posts big blind $0.05
*** HOLE CARDS ***
Dealt to Dorex2007 [Ts 8s]
gabriel.mb20 is disconnected 
JD550: folds 
Kidmono: calls $0.05
AGVsmarT: raises $0.17 to $0.22
Dorex2007: folds 
GrooshBadoosh: folds 
eurosmile505: folds 
AssosManiki: folds 
rebelk66: folds 
Kidmono: folds 
Uncalled bet ($0.17) returned to AGVsmarT
AGVsmarT collected $0.17 from pot
*** SUMMARY ***
Total pot $0.17 | Rake $0 
Seat 1: GrooshBadoosh folded before Flop (didn't bet)
Seat 2: eurosmile505 (button) folded before Flop (didn't bet)
Seat 4: AssosManiki (small blind) folded before Flop
Seat 5: rebelk66 (big blind) folded before Flop
Seat 6: JD550 folded before Flop (didn't bet)
Seat 7: Kidmono folded before Flop
Seat 8: AGVsmarT collected ($0.17)
Seat 9: Dorex2007 folded before Flop (didn't bet)



PokerStars Hand #237936555880:  Hold'em No Limit ($0.02/$0.05 USD) - 2022/08/11 18:12:02 PT [2022/08/11 21:12:02 ET]
Table 'Wabash III' 9-max Seat #4 is the button
Seat 1: GrooshBadoosh ($16.85 in chips) 
Seat 2: eurosmile505 ($5 in chips) 
Seat 4: AssosManiki ($4.80 in chips) 
Seat 5: rebelk66 ($4.03 in chips) 
Seat 7: Kidmono ($2.59 in chips) 
Seat 8: AGVsmarT ($2.80 in chips) 
Seat 9: Dorex2007 ($5.59 in chips) 
rebelk66: posts small blind $0.02
JD550: is sitting out 
Kidmono: posts big blind $0.05
*** HOLE CARDS ***
Dealt to Dorex2007 [Jd Js]
AGVsmarT has timed out
AGVsmarT: folds 
Dorex2007: raises $0.05 to $0.10
GrooshBadoosh: calls $0.10
eurosmile505: folds 
AssosManiki: folds 
rebelk66: folds 
Kidmono: folds 
*** FLOP *** [3h As 6d]
Dorex2007: checks 
GrooshBadoosh: bets $0.15
Dorex2007: folds 
Uncalled bet ($0.15) returned to GrooshBadoosh
GrooshBadoosh collected $0.26 from pot
*** SUMMARY ***
Total pot $0.27 | Rake $0.01 
Board [3h As 6d]
Seat 1: GrooshBadoosh collected ($0.26)
Seat 2: eurosmile505 folded before Flop (didn't bet)
Seat 4: AssosManiki (button) folded before Flop (didn't bet)
Seat 5: rebelk66 (small blind) folded before Flop
Seat 7: Kidmono (big blind) folded before Flop
Seat 8: AGVsmarT folded before Flop (didn't bet)
Seat 9: Dorex2007 folded on the Flop



PokerStars Hand #237936575649:  Hold'em No Limit ($0.02/$0.05 USD) - 2022/08/11 18:13:04 PT [2022/08/11 21:13:04 ET]
Table 'Wabash III' 9-max Seat #5 is the button
Seat 1: GrooshBadoosh ($17.01 in chips) 
Seat 2: eurosmile505 ($5 in chips) 
Seat 4: AssosManiki ($4.80 in chips) 
Seat 5: rebelk66 ($4.01 in chips) 
Seat 7: Kidmono ($2.54 in chips) 
Seat 9: Dorex2007 ($5.49 in chips) 
Kidmono: posts small blind $0.02
Dorex2007: posts big blind $0.05
*** HOLE CARDS ***
Dealt to Dorex2007 [5h 5c]
GrooshBadoosh: folds 
eurosmile505: raises $0.07 to $0.12
AssosManiki: folds 
rebelk66: folds 
Kidmono: raises $2.42 to $2.54 and is all-in
Dorex2007: folds 
eurosmile505: folds 
Uncalled bet ($2.42) returned to Kidmono
Kidmono collected $0.29 from pot
Kidmono: doesn't show hand 
*** SUMMARY ***
Total pot $0.29 | Rake $0 
Seat 1: GrooshBadoosh folded before Flop (didn't bet)
Seat 2: eurosmile505 folded before Flop
Seat 4: AssosManiki folded before Flop (didn't bet)
Seat 5: rebelk66 (button) folded before Flop (didn't bet)
Seat 7: Kidmono (small blind) collected ($0.29)
Seat 9: Dorex2007 (big blind) folded before Flop



PokerStars Hand #237936582580:  Hold'em No Limit ($0.02/$0.05 USD) - 2022/08/11 18:13:37 PT [2022/08/11 21:13:37 ET]
Table 'Wabash III' 9-max Seat #7 is the button
Seat 1: GrooshBadoosh ($17.01 in chips) 
Seat 2: eurosmile505 ($5 in chips) 
Seat 4: AssosManiki ($4.80 in chips) 
Seat 7: Kidmono ($2.71 in chips) 
Seat 9: Dorex2007 ($5.44 in chips) 
Dorex2007: posts small blind $0.02
GrooshBadoosh: posts big blind $0.05
*** HOLE CARDS ***
Dealt to Dorex2007 [Qc 9c]
eurosmile505: folds 
AssosManiki: raises $0.08 to $0.13
Kidmono: folds 
rebelk66 leaves the table
Dorex2007: folds 
GrooshBadoosh: folds 
Uncalled bet ($0.08) returned to AssosManiki
AssosManiki collected $0.12 from pot
AssosManiki: doesn't show hand 
*** SUMMARY ***
Total pot $0.12 | Rake $0 
Seat 1: GrooshBadoosh (big blind) folded before Flop
Seat 2: eurosmile505 folded before Flop (didn't bet)
Seat 4: AssosManiki collected ($0.12)
Seat 7: Kidmono (button) folded before Flop (didn't bet)
Seat 9: Dorex2007 (small blind) folded before Flop



PokerStars Hand #237936587325:  Hold'em No Limit ($0.02/$0.05 USD) - 2022/08/11 18:13:59 PT [2022/08/11 21:13:59 ET]
Table 'Wabash III' 9-max Seat #9 is the button
Seat 1: GrooshBadoosh ($16.96 in chips) 
Seat 4: AssosManiki ($4.87 in chips) 
Seat 7: Kidmono ($2.71 in chips) 
Seat 9: Dorex2007 ($5.42 in chips) 
GrooshBadoosh: posts small blind $0.02
eurosmile505: is sitting out 
AssosManiki: posts big blind $0.05
AGVsmarT: sits out 
*** HOLE CARDS ***
Dealt to Dorex2007 [7h 6c]
Kidmono: folds 
Dorex2007: folds 
GrooshBadoosh: folds 
Uncalled bet ($0.03) returned to AssosManiki
AssosManiki collected $0.04 from pot
AssosManiki: doesn't show hand 
*** SUMMARY ***
Total pot $0.04 | Rake $0 
Seat 1: GrooshBadoosh (small blind) folded before Flop
Seat 4: AssosManiki (big blind) collected ($0.04)
Seat 7: Kidmono folded before Flop (didn't bet)
Seat 9: Dorex2007 (button) folded before Flop (didn't bet)



PokerStars Hand #237936589857:  Hold'em No Limit ($0.02/$0.05 USD) - 2022/08/11 18:14:11 PT [2022/08/11 21:14:11 ET]
Table 'Wabash III' 9-max Seat #1 is the button
Seat 1: GrooshBadoosh ($16.94 in chips) 
Seat 4: AssosManiki ($4.89 in chips) 
Seat 7: Kidmono ($2.71 in chips) 
Seat 9: Dorex2007 ($5.42 in chips) 
AssosManiki: posts small blind $0.02
Kidmono: posts big blind $0.05
AGVsmarT: sits out 
*** HOLE CARDS ***
Dealt to Dorex2007 [Jc 4d]
Dorex2007: folds 
GrooshBadoosh: folds 
AssosManiki: raises $0.08 to $0.13
eurosmile505 leaves the table
Kidmono: calls $0.08
*** FLOP *** [3s Kd 6h]
AssosManiki: bets $0.17
Kidmono: folds 
Uncalled bet ($0.17) returned to AssosManiki
AssosManiki collected $0.25 from pot
JD550 leaves the table
AssosManiki: doesn't show hand 
*** SUMMARY ***
Total pot $0.26 | Rake $0.01 
Board [3s Kd 6h]
Seat 1: GrooshBadoosh (button) folded before Flop (didn't bet)
Seat 4: AssosManiki (small blind) collected ($0.25)
Seat 7: Kidmono (big blind) folded on the Flop
Seat 9: Dorex2007 folded before Flop (didn't bet)



