PokerStars Hand #234311967846:  Hold'em No Limit ($0.01/$0.02 USD) - 2022/02/22 21:00:34 PT [2022/02/23 0:00:34 ET]
Table 'Tatry V' 9-max Seat #8 is the button
Seat 1: Blufferin142 ($1.15 in chips) 
Seat 2: *VM*727 ($1.72 in chips) 
Seat 3: Tiagoo$ZF ($1.61 in chips) 
Seat 4: DMF 211 ($1.48 in chips) 
Seat 6: Testoronian ($5.14 in chips) 
Seat 7: Dorex2007 ($2.26 in chips) 
Seat 8: lsnycto718 ($1.67 in chips) 
Seat 9: CA Sanchez ($1.99 in chips) 
CA Sanchez: posts small blind $0.01
Blufferin142: posts big blind $0.02
ConquestadorG: sits out 
*** HOLE CARDS ***
Dealt to Dorex2007 [4c 7d]
*VM*727: calls $0.02
Tiagoo$ZF: folds 
DMF 211: folds 
Testoronian: folds 
Dorex2007: folds 
lsnycto718: calls $0.02
CA Sanchez: folds 
Blufferin142: checks 
*** FLOP *** [Js 3h Ad]
Blufferin142: checks 
*VM*727: bets $0.04
lsnycto718: calls $0.04
Blufferin142: folds 
*** TURN *** [Js 3h Ad] [9s]
*VM*727: bets $0.07
lsnycto718: calls $0.07
*** RIVER *** [Js 3h Ad 9s] [6h]
*VM*727: bets $0.08
lsnycto718: raises $0.44 to $0.52
*VM*727: folds 
Uncalled bet ($0.44) returned to lsnycto718
lsnycto718 collected $0.43 from pot
lsnycto718: doesn't show hand 
*** SUMMARY ***
Total pot $0.45 | Rake $0.02 
Board [Js 3h Ad 9s 6h]
Seat 1: Blufferin142 (big blind) folded on the Flop
Seat 2: *VM*727 folded on the River
Seat 3: Tiagoo$ZF folded before Flop (didn't bet)
Seat 4: DMF 211 folded before Flop (didn't bet)
Seat 6: Testoronian folded before Flop (didn't bet)
Seat 7: Dorex2007 folded before Flop (didn't bet)
Seat 8: lsnycto718 (button) collected ($0.43)
Seat 9: CA Sanchez (small blind) folded before Flop



PokerStars Hand #234311975076:  Hold'em No Limit ($0.01/$0.02 USD) - 2022/02/22 21:01:20 PT [2022/02/23 0:01:20 ET]
Table 'Tatry V' 9-max Seat #9 is the button
Seat 1: Blufferin142 ($1.13 in chips) 
Seat 2: *VM*727 ($1.51 in chips) 
Seat 3: Tiagoo$ZF ($1.61 in chips) 
Seat 4: DMF 211 ($1.48 in chips) 
Seat 6: Testoronian ($5.14 in chips) 
Seat 7: Dorex2007 ($2.26 in chips) 
Seat 8: lsnycto718 ($1.89 in chips) 
Seat 9: CA Sanchez ($1.98 in chips) 
Blufferin142: posts small blind $0.01
*VM*727: posts big blind $0.02
ConquestadorG: sits out 
*** HOLE CARDS ***
Dealt to Dorex2007 [As 5d]
Tiagoo$ZF: raises $0.05 to $0.07
DMF 211: folds 
Testoronian: folds 
Dorex2007: folds 
lsnycto718: calls $0.07
CA Sanchez: folds 
Blufferin142: folds 
*VM*727: folds 
*** FLOP *** [Jd 6d Qd]
Tiagoo$ZF: checks 
lsnycto718: checks 
*** TURN *** [Jd 6d Qd] [Td]
Tiagoo$ZF: checks 
lsnycto718: bets $0.08
Tiagoo$ZF: folds 
Uncalled bet ($0.08) returned to lsnycto718
lsnycto718 collected $0.16 from pot
lsnycto718: doesn't show hand 
*** SUMMARY ***
Total pot $0.17 | Rake $0.01 
Board [Jd 6d Qd Td]
Seat 1: Blufferin142 (small blind) folded before Flop
Seat 2: *VM*727 (big blind) folded before Flop
Seat 3: Tiagoo$ZF folded on the Turn
Seat 4: DMF 211 folded before Flop (didn't bet)
Seat 6: Testoronian folded before Flop (didn't bet)
Seat 7: Dorex2007 folded before Flop (didn't bet)
Seat 8: lsnycto718 collected ($0.16)
Seat 9: CA Sanchez (button) folded before Flop (didn't bet)



PokerStars Hand #234311981959:  Hold'em No Limit ($0.01/$0.02 USD) - 2022/02/22 21:02:03 PT [2022/02/23 0:02:03 ET]
Table 'Tatry V' 9-max Seat #1 is the button
Seat 1: Blufferin142 ($1.12 in chips) 
Seat 2: *VM*727 ($1.49 in chips) 
Seat 3: Tiagoo$ZF ($1.54 in chips) 
Seat 4: DMF 211 ($1.48 in chips) 
Seat 6: Testoronian ($5.14 in chips) 
Seat 7: Dorex2007 ($2.26 in chips) 
Seat 8: lsnycto718 ($1.98 in chips) 
Seat 9: CA Sanchez ($1.98 in chips) 
*VM*727: posts small blind $0.01
Tiagoo$ZF: posts big blind $0.02
ConquestadorG: sits out 
*** HOLE CARDS ***
Dealt to Dorex2007 [Kd 2h]
DMF 211: folds 
Testoronian: folds 
Dorex2007: folds 
lsnycto718: calls $0.02
CA Sanchez: calls $0.02
Blufferin142: folds 
*VM*727: calls $0.01
Tiagoo$ZF: checks 
*** FLOP *** [Qh As 9h]
*VM*727: checks 
Tiagoo$ZF: bets $0.12
lsnycto718: folds 
CA Sanchez: folds 
*VM*727: folds 
Uncalled bet ($0.12) returned to Tiagoo$ZF
Tiagoo$ZF collected $0.08 from pot
Tiagoo$ZF: doesn't show hand 
*** SUMMARY ***
Total pot $0.08 | Rake $0 
Board [Qh As 9h]
Seat 1: Blufferin142 (button) folded before Flop (didn't bet)
Seat 2: *VM*727 (small blind) folded on the Flop
Seat 3: Tiagoo$ZF (big blind) collected ($0.08)
Seat 4: DMF 211 folded before Flop (didn't bet)
Seat 6: Testoronian folded before Flop (didn't bet)
Seat 7: Dorex2007 folded before Flop (didn't bet)
Seat 8: lsnycto718 folded on the Flop
Seat 9: CA Sanchez folded on the Flop



PokerStars Hand #234311988357:  Hold'em No Limit ($0.01/$0.02 USD) - 2022/02/22 21:02:44 PT [2022/02/23 0:02:44 ET]
Table 'Tatry V' 9-max Seat #2 is the button
Seat 1: Blufferin142 ($1.12 in chips) 
Seat 2: *VM*727 ($1.47 in chips) 
Seat 3: Tiagoo$ZF ($1.60 in chips) 
Seat 4: DMF 211 ($1.48 in chips) 
Seat 6: Testoronian ($5.14 in chips) 
Seat 7: Dorex2007 ($2.26 in chips) 
Seat 8: lsnycto718 ($1.96 in chips) 
Seat 9: CA Sanchez ($1.96 in chips) 
Tiagoo$ZF: posts small blind $0.01
DMF 211: posts big blind $0.02
ConquestadorG: sits out 
*** HOLE CARDS ***
Dealt to Dorex2007 [Ac Th]
Testoronian: folds 
Dorex2007: folds 
lsnycto718: folds 
CA Sanchez: folds 
Blufferin142: folds 
*VM*727: raises $0.04 to $0.06
Tiagoo$ZF: folds 
DMF 211: folds 
Uncalled bet ($0.04) returned to *VM*727
*VM*727 collected $0.05 from pot
*VM*727: doesn't show hand 
*** SUMMARY ***
Total pot $0.05 | Rake $0 
Seat 1: Blufferin142 folded before Flop (didn't bet)
Seat 2: *VM*727 (button) collected ($0.05)
Seat 3: Tiagoo$ZF (small blind) folded before Flop
Seat 4: DMF 211 (big blind) folded before Flop
Seat 6: Testoronian folded before Flop (didn't bet)
Seat 7: Dorex2007 folded before Flop (didn't bet)
Seat 8: lsnycto718 folded before Flop (didn't bet)
Seat 9: CA Sanchez folded before Flop (didn't bet)



PokerStars Hand #234311993494:  Hold'em No Limit ($0.01/$0.02 USD) - 2022/02/22 21:03:16 PT [2022/02/23 0:03:16 ET]
Table 'Tatry V' 9-max Seat #3 is the button
Seat 1: Blufferin142 ($1.12 in chips) 
Seat 2: *VM*727 ($1.50 in chips) 
Seat 3: Tiagoo$ZF ($1.59 in chips) 
Seat 4: DMF 211 ($1.46 in chips) 
Seat 5: ConquestadorG ($2 in chips) 
Seat 6: Testoronian ($5.14 in chips) 
Seat 7: Dorex2007 ($2.26 in chips) 
Seat 8: lsnycto718 ($1.96 in chips) 
Seat 9: CA Sanchez ($1.96 in chips) 
DMF 211: posts small blind $0.01
ConquestadorG: posts big blind $0.02
*** HOLE CARDS ***
Dealt to Dorex2007 [Js 6c]
Testoronian: folds 
Dorex2007: folds 
lsnycto718: calls $0.02
CA Sanchez: folds 
Blufferin142: folds 
*VM*727: folds 
Tiagoo$ZF: folds 
DMF 211: calls $0.01
ConquestadorG: checks 
*** FLOP *** [9d 5s 8c]
DMF 211: checks 
ConquestadorG: checks 
lsnycto718: bets $0.06
DMF 211: folds 
ConquestadorG: raises $0.18 to $0.24
lsnycto718: calls $0.18
*** TURN *** [9d 5s 8c] [3d]
ConquestadorG: bets $0.52
lsnycto718: calls $0.52
*** RIVER *** [9d 5s 8c 3d] [As]
ConquestadorG: bets $1.06
lsnycto718: folds 
Uncalled bet ($1.06) returned to ConquestadorG
ConquestadorG collected $1.52 from pot
ConquestadorG: doesn't show hand 
*** SUMMARY ***
Total pot $1.58 | Rake $0.06 
Board [9d 5s 8c 3d As]
Seat 1: Blufferin142 folded before Flop (didn't bet)
Seat 2: *VM*727 folded before Flop (didn't bet)
Seat 3: Tiagoo$ZF (button) folded before Flop (didn't bet)
Seat 4: DMF 211 (small blind) folded on the Flop
Seat 5: ConquestadorG (big blind) collected ($1.52)
Seat 6: Testoronian folded before Flop (didn't bet)
Seat 7: Dorex2007 folded before Flop (didn't bet)
Seat 8: lsnycto718 folded on the River
Seat 9: CA Sanchez folded before Flop (didn't bet)



PokerStars Hand #234312003774:  Hold'em No Limit ($0.01/$0.02 USD) - 2022/02/22 21:04:21 PT [2022/02/23 0:04:21 ET]
Table 'Tatry V' 9-max Seat #4 is the button
Seat 1: Blufferin142 ($1.12 in chips) 
Seat 2: *VM*727 ($1.50 in chips) 
Seat 3: Tiagoo$ZF ($1.59 in chips) 
Seat 4: DMF 211 ($1.44 in chips) 
Seat 5: ConquestadorG ($2.74 in chips) 
Seat 6: Testoronian ($5.14 in chips) 
Seat 7: Dorex2007 ($2.26 in chips) 
Seat 8: lsnycto718 ($1.18 in chips) 
Seat 9: CA Sanchez ($1.96 in chips) 
ConquestadorG: posts small blind $0.01
Testoronian: posts big blind $0.02
*** HOLE CARDS ***
Dealt to Dorex2007 [Kh 9h]
Dorex2007: folds 
lsnycto718: calls $0.02
CA Sanchez: folds 
Blufferin142: folds 
*VM*727: folds 
Tiagoo$ZF: folds 
Tiagoo$ZF leaves the table
DMF 211: folds 
ConquestadorG: folds 
Testoronian: raises $0.08 to $0.10
umka186 joins the table at seat #3 
lsnycto718: folds 
Uncalled bet ($0.08) returned to Testoronian
Testoronian collected $0.05 from pot
Testoronian: doesn't show hand 
*** SUMMARY ***
Total pot $0.05 | Rake $0 
Seat 1: Blufferin142 folded before Flop (didn't bet)
Seat 2: *VM*727 folded before Flop (didn't bet)
Seat 3: Tiagoo$ZF folded before Flop (didn't bet)
Seat 4: DMF 211 (button) folded before Flop (didn't bet)
Seat 5: ConquestadorG (small blind) folded before Flop
Seat 6: Testoronian (big blind) collected ($0.05)
Seat 7: Dorex2007 folded before Flop (didn't bet)
Seat 8: lsnycto718 folded before Flop
Seat 9: CA Sanchez folded before Flop (didn't bet)



PokerStars Hand #234312009590:  Hold'em No Limit ($0.01/$0.02 USD) - 2022/02/22 21:04:58 PT [2022/02/23 0:04:58 ET]
Table 'Tatry V' 9-max Seat #5 is the button
Seat 1: Blufferin142 ($1.12 in chips) 
Seat 2: *VM*727 ($1.50 in chips) 
Seat 4: DMF 211 ($1.44 in chips) 
Seat 5: ConquestadorG ($2.73 in chips) 
Seat 6: Testoronian ($5.17 in chips) 
Seat 7: Dorex2007 ($2.26 in chips) 
Seat 8: lsnycto718 ($1.16 in chips) 
Seat 9: CA Sanchez ($1.96 in chips) 
Testoronian: posts small blind $0.01
Dorex2007: posts big blind $0.02
umka186: sits out 
*** HOLE CARDS ***
Dealt to Dorex2007 [Jh Qs]
lsnycto718: folds 
CA Sanchez: folds 
Blufferin142: folds 
*VM*727: raises $0.04 to $0.06
DMF 211: calls $0.06
ConquestadorG: calls $0.06
Testoronian: folds 
Dorex2007: folds 
*** FLOP *** [7s 4c Tc]
*VM*727: checks 
DMF 211: bets $0.06
ConquestadorG: folds 
*VM*727: calls $0.06
*** TURN *** [7s 4c Tc] [7h]
*VM*727: checks 
DMF 211: bets $0.06
*VM*727: calls $0.06
*** RIVER *** [7s 4c Tc 7h] [5s]
*VM*727: checks 
DMF 211: bets $0.22
*VM*727: folds 
Uncalled bet ($0.22) returned to DMF 211
DMF 211 collected $0.43 from pot
*** SUMMARY ***
Total pot $0.45 | Rake $0.02 
Board [7s 4c Tc 7h 5s]
Seat 1: Blufferin142 folded before Flop (didn't bet)
Seat 2: *VM*727 folded on the River
Seat 4: DMF 211 collected ($0.43)
Seat 5: ConquestadorG (button) folded on the Flop
Seat 6: Testoronian (small blind) folded before Flop
Seat 7: Dorex2007 (big blind) folded before Flop
Seat 8: lsnycto718 folded before Flop (didn't bet)
Seat 9: CA Sanchez folded before Flop (didn't bet)



PokerStars Hand #234312018577:  Hold'em No Limit ($0.01/$0.02 USD) - 2022/02/22 21:05:55 PT [2022/02/23 0:05:55 ET]
Table 'Tatry V' 9-max Seat #6 is the button
Seat 1: Blufferin142 ($1.12 in chips) 
Seat 2: *VM*727 ($1.32 in chips) 
Seat 4: DMF 211 ($1.69 in chips) 
Seat 5: ConquestadorG ($2.67 in chips) 
Seat 6: Testoronian ($5.16 in chips) 
Seat 7: Dorex2007 ($2.24 in chips) 
Seat 8: lsnycto718 ($1.16 in chips) 
Seat 9: CA Sanchez ($1.96 in chips) 
Dorex2007: posts small blind $0.01
lsnycto718: posts big blind $0.02
umka186: sits out 
*** HOLE CARDS ***
Dealt to Dorex2007 [8s 3h]
CA Sanchez: raises $0.02 to $0.04
Blufferin142: folds 
*VM*727: calls $0.04
DMF 211: folds 
ConquestadorG: folds 
Testoronian: folds 
Dorex2007: folds 
lsnycto718: raises $0.13 to $0.17
CA Sanchez: folds 
*VM*727: folds 
Uncalled bet ($0.13) returned to lsnycto718
lsnycto718 collected $0.13 from pot
lsnycto718: doesn't show hand 
*** SUMMARY ***
Total pot $0.13 | Rake $0 
Seat 1: Blufferin142 folded before Flop (didn't bet)
Seat 2: *VM*727 folded before Flop
Seat 4: DMF 211 folded before Flop (didn't bet)
Seat 5: ConquestadorG folded before Flop (didn't bet)
Seat 6: Testoronian (button) folded before Flop (didn't bet)
Seat 7: Dorex2007 (small blind) folded before Flop
Seat 8: lsnycto718 (big blind) collected ($0.13)
Seat 9: CA Sanchez folded before Flop



PokerStars Hand #234312024995:  Hold'em No Limit ($0.01/$0.02 USD) - 2022/02/22 21:06:35 PT [2022/02/23 0:06:35 ET]
Table 'Tatry V' 9-max Seat #7 is the button
Seat 1: Blufferin142 ($1.12 in chips) 
Seat 2: *VM*727 ($1.28 in chips) 
Seat 4: DMF 211 ($1.69 in chips) 
Seat 5: ConquestadorG ($2.67 in chips) 
Seat 6: Testoronian ($5.16 in chips) 
Seat 7: Dorex2007 ($2.23 in chips) 
Seat 8: lsnycto718 ($1.25 in chips) 
Seat 9: CA Sanchez ($1.92 in chips) 
lsnycto718: posts small blind $0.01
CA Sanchez: posts big blind $0.02
umka186: sits out 
*** HOLE CARDS ***
Dealt to Dorex2007 [Qc Kc]
Blufferin142: calls $0.02
*VM*727: folds 
DMF 211: folds 
ConquestadorG: folds 
Testoronian: folds 
Dorex2007: raises $0.02 to $0.04
lsnycto718: calls $0.03
CA Sanchez: folds 
Blufferin142: calls $0.02
*** FLOP *** [5c 9s Td]
lsnycto718: bets $0.07
Blufferin142: folds 
Dorex2007: calls $0.07
*** TURN *** [5c 9s Td] [8h]
lsnycto718: bets $0.13
Dorex2007: calls $0.13
*** RIVER *** [5c 9s Td 8h] [Ts]
lsnycto718: checks 
Dorex2007: bets $0.26
lsnycto718: folds 
Uncalled bet ($0.26) returned to Dorex2007
Dorex2007 collected $0.52 from pot
Dorex2007: doesn't show hand 
*** SUMMARY ***
Total pot $0.54 | Rake $0.02 
Board [5c 9s Td 8h Ts]
Seat 1: Blufferin142 folded on the Flop
Seat 2: *VM*727 folded before Flop (didn't bet)
Seat 4: DMF 211 folded before Flop (didn't bet)
Seat 5: ConquestadorG folded before Flop (didn't bet)
Seat 6: Testoronian folded before Flop (didn't bet)
Seat 7: Dorex2007 (button) collected ($0.52)
Seat 8: lsnycto718 (small blind) folded on the River
Seat 9: CA Sanchez (big blind) folded before Flop



PokerStars Hand #234312033552:  Hold'em No Limit ($0.01/$0.02 USD) - 2022/02/22 21:07:30 PT [2022/02/23 0:07:30 ET]
Table 'Tatry V' 9-max Seat #8 is the button
Seat 1: Blufferin142 ($1.08 in chips) 
Seat 2: *VM*727 ($1.28 in chips) 
Seat 4: DMF 211 ($1.69 in chips) 
Seat 5: ConquestadorG ($2.67 in chips) 
Seat 6: Testoronian ($5.16 in chips) 
Seat 7: Dorex2007 ($2.51 in chips) 
Seat 8: lsnycto718 ($1.01 in chips) 
Seat 9: CA Sanchez ($1.90 in chips) 
CA Sanchez: posts small blind $0.01
Blufferin142: posts big blind $0.02
umka186: sits out 
*** HOLE CARDS ***
Dealt to Dorex2007 [Tc 4s]
*VM*727: calls $0.02
DMF 211: folds 
ConquestadorG: folds 
Testoronian: folds 
Dorex2007: folds 
lsnycto718: calls $0.02
CA Sanchez: folds 
Blufferin142: checks 
*** FLOP *** [2h Kc 5c]
Blufferin142: checks 
*VM*727: checks 
lsnycto718: bets $0.07
Blufferin142: folds 
*VM*727: folds 
Uncalled bet ($0.07) returned to lsnycto718
lsnycto718 collected $0.07 from pot
lsnycto718: doesn't show hand 
*** SUMMARY ***
Total pot $0.07 | Rake $0 
Board [2h Kc 5c]
Seat 1: Blufferin142 (big blind) folded on the Flop
Seat 2: *VM*727 folded on the Flop
Seat 4: DMF 211 folded before Flop (didn't bet)
Seat 5: ConquestadorG folded before Flop (didn't bet)
Seat 6: Testoronian folded before Flop (didn't bet)
Seat 7: Dorex2007 folded before Flop (didn't bet)
Seat 8: lsnycto718 (button) collected ($0.07)
Seat 9: CA Sanchez (small blind) folded before Flop



PokerStars Hand #234312039440:  Hold'em No Limit ($0.01/$0.02 USD) - 2022/02/22 21:08:08 PT [2022/02/23 0:08:08 ET]
Table 'Tatry V' 9-max Seat #9 is the button
Seat 1: Blufferin142 ($1.06 in chips) 
Seat 2: *VM*727 ($1.26 in chips) 
Seat 4: DMF 211 ($1.69 in chips) 
Seat 5: ConquestadorG ($2.67 in chips) 
Seat 6: Testoronian ($5.16 in chips) 
Seat 7: Dorex2007 ($2.51 in chips) 
Seat 8: lsnycto718 ($1.06 in chips) 
Seat 9: CA Sanchez ($1.89 in chips) 
Blufferin142: posts small blind $0.01
*VM*727: posts big blind $0.02
umka186: sits out 
*** HOLE CARDS ***
Dealt to Dorex2007 [Kh 6c]
DMF 211: folds 
ConquestadorG: raises $0.04 to $0.06
Testoronian: folds 
Dorex2007: folds 
lsnycto718: calls $0.06
CA Sanchez: folds 
Blufferin142: calls $0.05
*VM*727: folds 
*** FLOP *** [9h Qs 8c]
Blufferin142: checks 
ConquestadorG: bets $0.19
lsnycto718: folds 
Blufferin142: folds 
Uncalled bet ($0.19) returned to ConquestadorG
ConquestadorG collected $0.19 from pot
ConquestadorG: doesn't show hand 
*** SUMMARY ***
Total pot $0.20 | Rake $0.01 
Board [9h Qs 8c]
Seat 1: Blufferin142 (small blind) folded on the Flop
Seat 2: *VM*727 (big blind) folded before Flop
Seat 4: DMF 211 folded before Flop (didn't bet)
Seat 5: ConquestadorG collected ($0.19)
Seat 6: Testoronian folded before Flop (didn't bet)
Seat 7: Dorex2007 folded before Flop (didn't bet)
Seat 8: lsnycto718 folded on the Flop
Seat 9: CA Sanchez (button) folded before Flop (didn't bet)



PokerStars Hand #234312044322:  Hold'em No Limit ($0.01/$0.02 USD) - 2022/02/22 21:08:39 PT [2022/02/23 0:08:39 ET]
Table 'Tatry V' 9-max Seat #1 is the button
Seat 1: Blufferin142 ($1 in chips) 
Seat 2: *VM*727 ($1.24 in chips) 
Seat 3: umka186 ($2 in chips) 
Seat 4: DMF 211 ($1.69 in chips) 
Seat 5: ConquestadorG ($2.80 in chips) 
Seat 6: Testoronian ($5.16 in chips) 
Seat 7: Dorex2007 ($2.51 in chips) 
Seat 8: lsnycto718 ($1 in chips) 
Seat 9: CA Sanchez ($1.89 in chips) 
*VM*727: posts small blind $0.01
umka186: posts big blind $0.02
*** HOLE CARDS ***
Dealt to Dorex2007 [6s 3s]
DMF 211: calls $0.02
ConquestadorG: folds 
Testoronian: folds 
Dorex2007: folds 
lsnycto718: folds 
CA Sanchez: raises $0.07 to $0.09
Blufferin142: folds 
*VM*727: folds 
umka186: folds 
DMF 211: folds 
Uncalled bet ($0.07) returned to CA Sanchez
CA Sanchez collected $0.07 from pot
CA Sanchez: doesn't show hand 
*** SUMMARY ***
Total pot $0.07 | Rake $0 
Seat 1: Blufferin142 (button) folded before Flop (didn't bet)
Seat 2: *VM*727 (small blind) folded before Flop
Seat 3: umka186 (big blind) folded before Flop
Seat 4: DMF 211 folded before Flop
Seat 5: ConquestadorG folded before Flop (didn't bet)
Seat 6: Testoronian folded before Flop (didn't bet)
Seat 7: Dorex2007 folded before Flop (didn't bet)
Seat 8: lsnycto718 folded before Flop (didn't bet)
Seat 9: CA Sanchez collected ($0.07)



PokerStars Hand #234312047103:  Hold'em No Limit ($0.01/$0.02 USD) - 2022/02/22 21:08:57 PT [2022/02/23 0:08:57 ET]
Table 'Tatry V' 9-max Seat #2 is the button
Seat 1: Blufferin142 ($1 in chips) 
Seat 2: *VM*727 ($1.23 in chips) 
Seat 3: umka186 ($2 in chips) 
Seat 4: DMF 211 ($1.67 in chips) 
Seat 5: ConquestadorG ($2.80 in chips) 
Seat 6: Testoronian ($5.16 in chips) 
Seat 7: Dorex2007 ($2.51 in chips) 
Seat 8: lsnycto718 ($1 in chips) 
Seat 9: CA Sanchez ($1.94 in chips) 
umka186: posts small blind $0.01
DMF 211: posts big blind $0.02
*** HOLE CARDS ***
Dealt to Dorex2007 [5h Qd]
ConquestadorG: folds 
Testoronian: folds 
Dorex2007: folds 
lsnycto718: folds 
CA Sanchez: raises $0.03 to $0.05
Blufferin142: folds 
*VM*727: raises $1.18 to $1.23 and is all-in
umka186: folds 
DMF 211: folds 
CA Sanchez: calls $1.18
*** FLOP *** [7s Jc Jd]
*** TURN *** [7s Jc Jd] [7d]
*** RIVER *** [7s Jc Jd 7d] [4d]
*** SHOW DOWN ***
CA Sanchez: shows [9s 9h] (two pair, Jacks and Nines)
*VM*727: shows [Ah As] (two pair, Aces and Jacks)
*VM*727 cashed out the hand for $1.93 | Cash Out Fee $0.02
*** SUMMARY ***
Total pot $2.49 | Rake $0.09 
Board [7s Jc Jd 7d 4d]
Seat 1: Blufferin142 folded before Flop (didn't bet)
Seat 2: *VM*727 (button) showed [Ah As] and won ($2.40) with two pair, Aces and Jacks (pot not awarded as player cashed out)
Seat 3: umka186 (small blind) folded before Flop
Seat 4: DMF 211 (big blind) folded before Flop
Seat 5: ConquestadorG folded before Flop (didn't bet)
Seat 6: Testoronian folded before Flop (didn't bet)
Seat 7: Dorex2007 folded before Flop (didn't bet)
Seat 8: lsnycto718 folded before Flop (didn't bet)
Seat 9: CA Sanchez showed [9s 9h] and lost with two pair, Jacks and Nines



PokerStars Hand #234312053718:  Hold'em No Limit ($0.01/$0.02 USD) - 2022/02/22 21:09:40 PT [2022/02/23 0:09:40 ET]
Table 'Tatry V' 9-max Seat #3 is the button
Seat 1: Blufferin142 ($1 in chips) 
Seat 2: *VM*727 ($1.93 in chips) 
Seat 3: umka186 ($2 in chips) 
Seat 4: DMF 211 ($1.65 in chips) 
Seat 5: ConquestadorG ($2.80 in chips) 
Seat 6: Testoronian ($5.16 in chips) 
Seat 7: Dorex2007 ($2.51 in chips) 
Seat 8: lsnycto718 ($1 in chips) 
Seat 9: CA Sanchez ($0.71 in chips) 
DMF 211: posts small blind $0.01
ConquestadorG: posts big blind $0.02
*** HOLE CARDS ***
Dealt to Dorex2007 [7d 5s]
Testoronian: folds 
Dorex2007: folds 
lsnycto718: folds 
CA Sanchez: folds 
Blufferin142: folds 
*VM*727: folds 
umka186: folds 
DMF 211: folds 
Uncalled bet ($0.01) returned to ConquestadorG
ConquestadorG collected $0.02 from pot
ConquestadorG: doesn't show hand 
*** SUMMARY ***
Total pot $0.02 | Rake $0 
Seat 1: Blufferin142 folded before Flop (didn't bet)
Seat 2: *VM*727 folded before Flop (didn't bet)
Seat 3: umka186 (button) folded before Flop (didn't bet)
Seat 4: DMF 211 (small blind) folded before Flop
Seat 5: ConquestadorG (big blind) collected ($0.02)
Seat 6: Testoronian folded before Flop (didn't bet)
Seat 7: Dorex2007 folded before Flop (didn't bet)
Seat 8: lsnycto718 folded before Flop (didn't bet)
Seat 9: CA Sanchez folded before Flop (didn't bet)



PokerStars Hand #234312055507:  Hold'em No Limit ($0.01/$0.02 USD) - 2022/02/22 21:09:51 PT [2022/02/23 0:09:51 ET]
Table 'Tatry V' 9-max Seat #4 is the button
Seat 1: Blufferin142 ($1 in chips) 
Seat 2: *VM*727 ($1.93 in chips) 
Seat 3: umka186 ($2 in chips) 
Seat 4: DMF 211 ($1.64 in chips) 
Seat 5: ConquestadorG ($2.81 in chips) 
Seat 6: Testoronian ($5.16 in chips) 
Seat 7: Dorex2007 ($2.51 in chips) 
Seat 8: lsnycto718 ($1 in chips) 
Seat 9: CA Sanchez ($0.71 in chips) 
ConquestadorG: posts small blind $0.01
Testoronian: posts big blind $0.02
*** HOLE CARDS ***
Dealt to Dorex2007 [2s Kc]
Dorex2007: folds 
lsnycto718: folds 
CA Sanchez: raises $0.02 to $0.04
Blufferin142: folds 
*VM*727: folds 
umka186: folds 
DMF 211: folds 
ConquestadorG: folds 
Testoronian: folds 
Uncalled bet ($0.02) returned to CA Sanchez
CA Sanchez collected $0.05 from pot
CA Sanchez: doesn't show hand 
*** SUMMARY ***
Total pot $0.05 | Rake $0 
Seat 1: Blufferin142 folded before Flop (didn't bet)
Seat 2: *VM*727 folded before Flop (didn't bet)
Seat 3: umka186 folded before Flop (didn't bet)
Seat 4: DMF 211 (button) folded before Flop (didn't bet)
Seat 5: ConquestadorG (small blind) folded before Flop
Seat 6: Testoronian (big blind) folded before Flop
Seat 7: Dorex2007 folded before Flop (didn't bet)
Seat 8: lsnycto718 folded before Flop (didn't bet)
Seat 9: CA Sanchez collected ($0.05)



