PokerStars Hand #223826718652:  Hold'em No Limit ($0.01/$0.02 USD) - 2021/02/14 16:35:58 PT [2021/02/14 19:35:58 ET]
Table 'Perseus' 9-max Seat #4 is the button
Seat 1: CamilaFrias ($1.17 in chips) 
Seat 2: djkofi ($1.21 in chips) 
Seat 3: Dorex2007 ($1.50 in chips) 
Seat 4: danham77 ($2 in chips) 
Seat 5: tomw162 ($0.81 in chips) 
Seat 6: acbp4it ($1.97 in chips) 
Seat 8: zaregu ($2.23 in chips) 
Seat 9: krooglyash89 ($3.64 in chips) 
tomw162: posts small blind $0.01
acbp4it: posts big blind $0.02
Dorex2007: posts big blind $0.02
*** HOLE CARDS ***
Dealt to Dorex2007 [4d Kd]
zaregu: folds 
krooglyash89: folds 
CamilaFrias: raises $0.04 to $0.06
djkofi: folds 
Dorex2007: folds 
danham77: folds 
tomw162 is disconnected 
tomw162 is connected 
tomw162: folds 
acbp4it: folds 
Uncalled bet ($0.04) returned to CamilaFrias
CamilaFrias collected $0.07 from pot
CamilaFrias: doesn't show hand 
*** SUMMARY ***
Total pot $0.07 | Rake $0 
Seat 1: CamilaFrias collected ($0.07)
Seat 2: djkofi folded before Flop (didn't bet)
Seat 3: Dorex2007 folded before Flop (didn't bet)
Seat 4: danham77 (button) folded before Flop (didn't bet)
Seat 5: tomw162 (small blind) folded before Flop
Seat 6: acbp4it (big blind) folded before Flop
Seat 8: zaregu folded before Flop (didn't bet)
Seat 9: krooglyash89 folded before Flop (didn't bet)



PokerStars Hand #223826739399:  Hold'em No Limit ($0.01/$0.02 USD) - 2021/02/14 16:36:49 PT [2021/02/14 19:36:49 ET]
Table 'Perseus' 9-max Seat #5 is the button
Seat 1: CamilaFrias ($1.22 in chips) 
Seat 2: djkofi ($1.21 in chips) 
Seat 3: Dorex2007 ($1.48 in chips) 
Seat 4: danham77 ($2 in chips) 
Seat 5: tomw162 ($0.80 in chips) 
Seat 6: acbp4it ($1.95 in chips) 
Seat 8: zaregu ($2.23 in chips) 
Seat 9: krooglyash89 ($3.64 in chips) 
acbp4it: posts small blind $0.01
zaregu: posts big blind $0.02
*** HOLE CARDS ***
Dealt to Dorex2007 [7c 7h]
krooglyash89: folds 
CamilaFrias: calls $0.02
djkofi: folds 
Dorex2007: folds 
danham77: folds 
tomw162 is disconnected 
tomw162 has timed out while being disconnected
tomw162: folds 
acbp4it: folds 
zaregu: checks 
*** FLOP *** [6s Qh 2s]
zaregu: checks 
CamilaFrias: checks 
*** TURN *** [6s Qh 2s] [Tc]
zaregu: checks 
CamilaFrias: checks 
*** RIVER *** [6s Qh 2s Tc] [Qs]
zaregu: checks 
CamilaFrias: bets $0.05
zaregu: folds 
Uncalled bet ($0.05) returned to CamilaFrias
CamilaFrias collected $0.05 from pot
CamilaFrias: doesn't show hand 
*** SUMMARY ***
Total pot $0.05 | Rake $0 
Board [6s Qh 2s Tc Qs]
Seat 1: CamilaFrias collected ($0.05)
Seat 2: djkofi folded before Flop (didn't bet)
Seat 3: Dorex2007 folded before Flop (didn't bet)
Seat 4: danham77 folded before Flop (didn't bet)
Seat 5: tomw162 (button) folded before Flop (didn't bet)
Seat 6: acbp4it (small blind) folded before Flop
Seat 8: zaregu (big blind) folded on the River
Seat 9: krooglyash89 folded before Flop (didn't bet)



PokerStars Hand #223826776346:  Hold'em No Limit ($0.01/$0.02 USD) - 2021/02/14 16:38:06 PT [2021/02/14 19:38:06 ET]
Table 'Perseus' 9-max Seat #6 is the button
Seat 2: djkofi ($1.21 in chips) 
Seat 3: Dorex2007 ($1.48 in chips) 
Seat 4: danham77 ($2 in chips) 
Seat 5: tomw162 ($0.80 in chips) 
Seat 6: acbp4it ($1.94 in chips) 
Seat 8: zaregu ($2.21 in chips) 
Seat 9: krooglyash89 ($3.64 in chips) 
zaregu: posts small blind $0.01
krooglyash89: posts big blind $0.02
*** HOLE CARDS ***
Dealt to Dorex2007 [8d 4s]
djkofi: folds 
Dorex2007: folds 
danham77: folds 
tomw162: raises $0.04 to $0.06
acbp4it: calls $0.06
slzcosta83 was removed from the table for failing to post
slzcosta83 leaves the table
zaregu: raises $2.15 to $2.21 and is all-in
krooglyash89: folds 
tomw162: folds 
acbp4it: folds 
Uncalled bet ($2.15) returned to zaregu
zaregu collected $0.20 from pot
zaregu: doesn't show hand 
*** SUMMARY ***
Total pot $0.20 | Rake $0 
Seat 2: djkofi folded before Flop (didn't bet)
Seat 3: Dorex2007 folded before Flop (didn't bet)
Seat 4: danham77 folded before Flop (didn't bet)
Seat 5: tomw162 folded before Flop
Seat 6: acbp4it (button) folded before Flop
Seat 8: zaregu (small blind) collected ($0.20)
Seat 9: krooglyash89 (big blind) folded before Flop



PokerStars Hand #223826792669:  Hold'em No Limit ($0.01/$0.02 USD) - 2021/02/14 16:38:35 PT [2021/02/14 19:38:35 ET]
Table 'Perseus' 9-max Seat #8 is the button
Seat 2: djkofi ($1.21 in chips) 
Seat 3: Dorex2007 ($1.48 in chips) 
Seat 4: danham77 ($2 in chips) 
Seat 5: tomw162 ($0.74 in chips) 
Seat 6: acbp4it ($1.88 in chips) 
Seat 8: zaregu ($2.35 in chips) 
Seat 9: krooglyash89 ($3.62 in chips) 
krooglyash89: posts small blind $0.01
djkofi: posts big blind $0.02
*** HOLE CARDS ***
Dealt to Dorex2007 [9d 7d]
Dorex2007 has timed out
Dorex2007: folds 
danham77: folds 
tomw162: raises $0.04 to $0.06
acbp4it: folds 
zaregu: folds 
krooglyash89: calls $0.05
djkofi: raises $0.10 to $0.16
tomw162: calls $0.10
krooglyash89: calls $0.10
*** FLOP *** [Th Qd 4d]
krooglyash89: bets $0.31
djkofi: calls $0.31
tomw162: folds 
*** TURN *** [Th Qd 4d] [Ac]
krooglyash89: bets $0.67
djkofi: raises $0.07 to $0.74 and is all-in
krooglyash89: calls $0.07
djkofi has timed out
*** RIVER *** [Th Qd 4d Ac] [7h]
*** SHOW DOWN ***
krooglyash89: shows [Ad Jc] (a pair of Aces)
djkofi: shows [Ah Ks] (a pair of Aces - King kicker)
djkofi collected $2.49 from pot
*** SUMMARY ***
Total pot $2.58 | Rake $0.09 
Board [Th Qd 4d Ac 7h]
Seat 2: djkofi (big blind) showed [Ah Ks] and won ($2.49) with a pair of Aces
Seat 3: Dorex2007 folded before Flop (didn't bet)
Seat 4: danham77 folded before Flop (didn't bet)
Seat 5: tomw162 folded on the Flop
Seat 6: acbp4it folded before Flop (didn't bet)
Seat 8: zaregu (button) folded before Flop (didn't bet)
Seat 9: krooglyash89 (small blind) showed [Ad Jc] and lost with a pair of Aces



PokerStars Hand #223826828582:  Hold'em No Limit ($0.01/$0.02 USD) - 2021/02/14 16:40:03 PT [2021/02/14 19:40:03 ET]
Table 'Perseus' 9-max Seat #9 is the button
Seat 2: djkofi ($2.49 in chips) 
Seat 3: Dorex2007 ($1.48 in chips) 
Seat 4: danham77 ($2 in chips) 
Seat 5: tomw162 ($0.58 in chips) 
Seat 6: acbp4it ($1.88 in chips) 
Seat 8: zaregu ($2.35 in chips) 
Seat 9: krooglyash89 ($2.41 in chips) 
djkofi: posts small blind $0.01
Dorex2007: posts big blind $0.02
*** HOLE CARDS ***
Dealt to Dorex2007 [Jd 4c]
danham77: folds 
tomw162: raises $0.04 to $0.06
acbp4it: folds 
zaregu: folds 
krooglyash89: folds 
djkofi: folds 
Dorex2007: folds 
Uncalled bet ($0.04) returned to tomw162
tomw162 collected $0.05 from pot
tomw162: doesn't show hand 
*** SUMMARY ***
Total pot $0.05 | Rake $0 
Seat 2: djkofi (small blind) folded before Flop
Seat 3: Dorex2007 (big blind) folded before Flop
Seat 4: danham77 folded before Flop (didn't bet)
Seat 5: tomw162 collected ($0.05)
Seat 6: acbp4it folded before Flop (didn't bet)
Seat 8: zaregu folded before Flop (didn't bet)
Seat 9: krooglyash89 (button) folded before Flop (didn't bet)



PokerStars Hand #223826834449:  Hold'em No Limit ($0.01/$0.02 USD) - 2021/02/14 16:40:17 PT [2021/02/14 19:40:17 ET]
Table 'Perseus' 9-max Seat #2 is the button
Seat 2: djkofi ($2.48 in chips) 
Seat 3: Dorex2007 ($1.46 in chips) 
Seat 5: tomw162 ($0.61 in chips) 
Seat 6: acbp4it ($1.88 in chips) 
Seat 8: zaregu ($2.35 in chips) 
Seat 9: krooglyash89 ($2.41 in chips) 
Dorex2007: posts small blind $0.01
danham77: is sitting out 
tomw162: posts big blind $0.02
CamilaFrias: sits out 
*** HOLE CARDS ***
Dealt to Dorex2007 [3h Ac]
acbp4it: folds 
zaregu: folds 
krooglyash89: folds 
danham77 leaves the table
djkofi: folds 
Dorex2007: folds 
Uncalled bet ($0.01) returned to tomw162
tomw162 collected $0.02 from pot
tomw162: doesn't show hand 
*** SUMMARY ***
Total pot $0.02 | Rake $0 
Seat 2: djkofi (button) folded before Flop (didn't bet)
Seat 3: Dorex2007 (small blind) folded before Flop
Seat 5: tomw162 (big blind) collected ($0.02)
Seat 6: acbp4it folded before Flop (didn't bet)
Seat 8: zaregu folded before Flop (didn't bet)
Seat 9: krooglyash89 folded before Flop (didn't bet)



PokerStars Hand #223826841372:  Hold'em No Limit ($0.01/$0.02 USD) - 2021/02/14 16:40:34 PT [2021/02/14 19:40:34 ET]
Table 'Perseus' 9-max Seat #3 is the button
Seat 2: djkofi ($2.48 in chips) 
Seat 3: Dorex2007 ($1.45 in chips) 
Seat 5: tomw162 ($0.62 in chips) 
Seat 6: acbp4it ($1.88 in chips) 
Seat 8: zaregu ($2.35 in chips) 
Seat 9: krooglyash89 ($2.41 in chips) 
tomw162: posts small blind $0.01
acbp4it: posts big blind $0.02
CamilaFrias: sits out 
*** HOLE CARDS ***
Dealt to Dorex2007 [5c 8s]
zaregu: calls $0.02
krooglyash89: folds 
djkofi: raises $0.02 to $0.04
Dorex2007: folds 
tomw162: folds 
acbp4it: calls $0.02
zaregu: calls $0.02
*** FLOP *** [7h 7c 8d]
acbp4it: checks 
zaregu: checks 
djkofi: bets $0.02
acbp4it: calls $0.02
zaregu: calls $0.02
*** TURN *** [7h 7c 8d] [8c]
acbp4it: checks 
zaregu: checks 
djkofi: bets $0.02
acbp4it: calls $0.02
zaregu: calls $0.02
*** RIVER *** [7h 7c 8d 8c] [Ah]
acbp4it: checks 
zaregu: checks 
djkofi: checks 
*** SHOW DOWN ***
acbp4it: shows [5s 4c] (two pair, Eights and Sevens)
zaregu: shows [Jd Ac] (two pair, Aces and Eights)
djkofi: mucks hand 
zaregu collected $0.24 from pot
*** SUMMARY ***
Total pot $0.25 | Rake $0.01 
Board [7h 7c 8d 8c Ah]
Seat 2: djkofi mucked [6h 6d]
Seat 3: Dorex2007 (button) folded before Flop (didn't bet)
Seat 5: tomw162 (small blind) folded before Flop
Seat 6: acbp4it (big blind) showed [5s 4c] and lost with two pair, Eights and Sevens
Seat 8: zaregu showed [Jd Ac] and won ($0.24) with two pair, Aces and Eights
Seat 9: krooglyash89 folded before Flop (didn't bet)



PokerStars Hand #223826873295:  Hold'em No Limit ($0.01/$0.02 USD) - 2021/02/14 16:41:53 PT [2021/02/14 19:41:53 ET]
Table 'Perseus' 9-max Seat #5 is the button
Seat 2: djkofi ($2.40 in chips) 
Seat 3: Dorex2007 ($1.45 in chips) 
Seat 5: tomw162 ($0.61 in chips) 
Seat 6: acbp4it ($1.80 in chips) 
Seat 8: zaregu ($2.51 in chips) 
Seat 9: krooglyash89 ($2.41 in chips) 
acbp4it: posts small blind $0.01
zaregu: posts big blind $0.02
CamilaFrias: sits out 
*** HOLE CARDS ***
Dealt to Dorex2007 [Kh 2h]
krooglyash89: raises $0.04 to $0.06
djkofi: folds 
Dorex2007: folds 
tomw162: calls $0.06
acbp4it: folds 
zaregu: folds 
*** FLOP *** [Kd 8c 6h]
krooglyash89: checks 
valteregi joins the table at seat #4 
tomw162: bets $0.10
krooglyash89: folds 
Uncalled bet ($0.10) returned to tomw162
tomw162 collected $0.14 from pot
tomw162: doesn't show hand 
*** SUMMARY ***
Total pot $0.15 | Rake $0.01 
Board [Kd 8c 6h]
Seat 2: djkofi folded before Flop (didn't bet)
Seat 3: Dorex2007 folded before Flop (didn't bet)
Seat 5: tomw162 (button) collected ($0.14)
Seat 6: acbp4it (small blind) folded before Flop
Seat 8: zaregu (big blind) folded before Flop
Seat 9: krooglyash89 folded on the Flop



PokerStars Hand #223826888276:  Hold'em No Limit ($0.01/$0.02 USD) - 2021/02/14 16:42:31 PT [2021/02/14 19:42:31 ET]
Table 'Perseus' 9-max Seat #6 is the button
Seat 2: djkofi ($2.40 in chips) 
Seat 3: Dorex2007 ($1.45 in chips) 
Seat 4: valteregi ($0.80 in chips) 
Seat 5: tomw162 ($0.69 in chips) 
Seat 6: acbp4it ($1.79 in chips) 
Seat 8: zaregu ($2.49 in chips) 
Seat 9: krooglyash89 ($2.35 in chips) 
zaregu: posts small blind $0.01
krooglyash89: posts big blind $0.02
CamilaFrias: sits out 
valteregi: posts big blind $0.02
*** HOLE CARDS ***
Dealt to Dorex2007 [Qs 5h]
djkofi: folds 
Dorex2007: folds 
valteregi: checks 
tomw162: folds 
acbp4it: raises $0.02 to $0.04
zaregu: folds 
krooglyash89: folds 
valteregi: calls $0.02
*** FLOP *** [4c Kc Ac]
valteregi: bets $0.02
acbp4it: raises $0.08 to $0.10
valteregi: calls $0.08
*** TURN *** [4c Kc Ac] [Kd]
sleek2 joins the table at seat #7 
valteregi: bets $0.30
acbp4it: calls $0.30
*** RIVER *** [4c Kc Ac Kd] [Kh]
valteregi: bets $0.36 and is all-in
acbp4it: calls $0.36
*** SHOW DOWN ***
valteregi: shows [4d As] (a full house, Kings full of Aces)
acbp4it: shows [Js Ad] (a full house, Kings full of Aces)
valteregi collected $0.79 from pot
acbp4it collected $0.78 from pot
*** SUMMARY ***
Total pot $1.63 | Rake $0.06 
Board [4c Kc Ac Kd Kh]
Seat 2: djkofi folded before Flop (didn't bet)
Seat 3: Dorex2007 folded before Flop (didn't bet)
Seat 4: valteregi showed [4d As] and won ($0.79) with a full house, Kings full of Aces
Seat 5: tomw162 folded before Flop (didn't bet)
Seat 6: acbp4it (button) showed [Js Ad] and won ($0.78) with a full house, Kings full of Aces
Seat 8: zaregu (small blind) folded before Flop
Seat 9: krooglyash89 (big blind) folded before Flop



PokerStars Hand #223826911422:  Hold'em No Limit ($0.01/$0.02 USD) - 2021/02/14 16:43:28 PT [2021/02/14 19:43:28 ET]
Table 'Perseus' 9-max Seat #8 is the button
Seat 1: CamilaFrias ($1.25 in chips) 
Seat 2: djkofi ($2.40 in chips) 
Seat 3: Dorex2007 ($1.45 in chips) 
Seat 4: valteregi ($0.79 in chips) 
Seat 5: tomw162 ($0.69 in chips) 
Seat 6: acbp4it ($1.77 in chips) 
Seat 8: zaregu ($2.48 in chips) 
Seat 9: krooglyash89 ($2.33 in chips) 
krooglyash89: posts small blind $0.01
CamilaFrias: posts big blind $0.02
sleek2: sits out 
*** HOLE CARDS ***
Dealt to Dorex2007 [5c 5s]
djkofi: folds 
Dorex2007: folds 
valteregi: calls $0.02
tomw162: folds 
acbp4it: folds 
zaregu: folds 
krooglyash89: calls $0.01
CamilaFrias: checks 
*** FLOP *** [9h 6c Td]
krooglyash89: checks 
CamilaFrias: checks 
valteregi: bets $0.02
krooglyash89: folds 
CamilaFrias: calls $0.02
*** TURN *** [9h 6c Td] [Kd]
CamilaFrias: checks 
valteregi: checks 
*** RIVER *** [9h 6c Td Kd] [8d]
CamilaFrias: checks 
valteregi: checks 
*** SHOW DOWN ***
CamilaFrias: shows [4c 8h] (a pair of Eights)
valteregi: mucks hand 
CamilaFrias collected $0.10 from pot
*** SUMMARY ***
Total pot $0.10 | Rake $0 
Board [9h 6c Td Kd 8d]
Seat 1: CamilaFrias (big blind) showed [4c 8h] and won ($0.10) with a pair of Eights
Seat 2: djkofi folded before Flop (didn't bet)
Seat 3: Dorex2007 folded before Flop (didn't bet)
Seat 4: valteregi mucked [6d As]
Seat 5: tomw162 folded before Flop (didn't bet)
Seat 6: acbp4it folded before Flop (didn't bet)
Seat 8: zaregu (button) folded before Flop (didn't bet)
Seat 9: krooglyash89 (small blind) folded on the Flop



PokerStars Hand #223826930873:  Hold'em No Limit ($0.01/$0.02 USD) - 2021/02/14 16:44:16 PT [2021/02/14 19:44:16 ET]
Table 'Perseus' 9-max Seat #9 is the button
Seat 1: CamilaFrias ($1.31 in chips) 
Seat 2: djkofi ($2.40 in chips) 
Seat 3: Dorex2007 ($1.45 in chips) 
Seat 4: valteregi ($0.75 in chips) 
Seat 5: tomw162 ($0.69 in chips) 
Seat 6: acbp4it ($1.77 in chips) 
Seat 7: sleek2 ($2 in chips) 
Seat 8: zaregu ($2.48 in chips) 
Seat 9: krooglyash89 ($2.31 in chips) 
CamilaFrias: posts small blind $0.01
djkofi: posts big blind $0.02
sleek2: posts big blind $0.02
*** HOLE CARDS ***
Dealt to Dorex2007 [Kc As]
Dorex2007: raises $0.04 to $0.06
valteregi: folds 
tomw162: folds 
acbp4it: folds 
sleek2: folds 
zaregu: calls $0.06
krooglyash89: folds 
CamilaFrias: calls $0.05
djkofi: folds 
*** FLOP *** [2s 8c Jh]
CamilaFrias: checks 
Dorex2007: checks 
zaregu: checks 
*** TURN *** [2s 8c Jh] [Ks]
CamilaFrias: checks 
Dorex2007: checks 
zaregu: bets $0.10
CamilaFrias: calls $0.10
Dorex2007: raises $0.12 to $0.22
zaregu: calls $0.12
CamilaFrias: calls $0.12
*** RIVER *** [2s 8c Jh Ks] [4c]
CamilaFrias: checks 
Dorex2007: checks 
zaregu: bets $2.20 and is all-in
CamilaFrias: folds 
Dorex2007: calls $1.17 and is all-in
Uncalled bet ($1.03) returned to zaregu
*** SHOW DOWN ***
zaregu: shows [Kh Ad] (a pair of Kings)
Dorex2007: shows [Kc As] (a pair of Kings)
Dorex2007 collected $1.56 from pot
zaregu collected $1.55 from pot
*** SUMMARY ***
Total pot $3.22 | Rake $0.11 
Board [2s 8c Jh Ks 4c]
Seat 1: CamilaFrias (small blind) folded on the River
Seat 2: djkofi (big blind) folded before Flop
Seat 3: Dorex2007 showed [Kc As] and won ($1.56) with a pair of Kings
Seat 4: valteregi folded before Flop (didn't bet)
Seat 5: tomw162 folded before Flop (didn't bet)
Seat 6: acbp4it folded before Flop (didn't bet)
Seat 7: sleek2 folded before Flop (didn't bet)
Seat 8: zaregu showed [Kh Ad] and won ($1.55) with a pair of Kings
Seat 9: krooglyash89 (button) folded before Flop (didn't bet)



PokerStars Hand #223830085371:  Hold'em No Limit ($0.01/$0.02 USD) - 2021/02/14 19:20:55 PT [2021/02/14 22:20:55 ET]
Table 'Perseus' 9-max Seat #4 is the button
Seat 1: 139qmb ($2.60 in chips) 
Seat 2: djkofi ($1.61 in chips) 
Seat 3: OVA64 ($2.02 in chips) 
Seat 4: herzeq ($1.80 in chips) 
Seat 5: BLEEDGREEN22 ($1.48 in chips) 
Seat 6: Smithvidal ($1.31 in chips) 
Seat 7: RowzeePowzee ($1.80 in chips) 
Seat 9: Dorex2007 ($1.62 in chips) 
BLEEDGREEN22: posts small blind $0.01
Smithvidal: posts big blind $0.02
Double_XP.exe: sits out 
Dorex2007: posts big blind $0.02
*** HOLE CARDS ***
Dealt to Dorex2007 [2h Tc]
RowzeePowzee: folds 
Dorex2007: checks 
139qmb: folds 
djkofi: folds 
OVA64: folds 
herzeq: folds 
BLEEDGREEN22: calls $0.01
Smithvidal: checks 
*** FLOP *** [5s Jd 4c]
BLEEDGREEN22: bets $0.06
Smithvidal: folds 
Dorex2007: folds 
Uncalled bet ($0.06) returned to BLEEDGREEN22
BLEEDGREEN22 collected $0.06 from pot
BLEEDGREEN22: doesn't show hand 
*** SUMMARY ***
Total pot $0.06 | Rake $0 
Board [5s Jd 4c]
Seat 1: 139qmb folded before Flop (didn't bet)
Seat 2: djkofi folded before Flop (didn't bet)
Seat 3: OVA64 folded before Flop (didn't bet)
Seat 4: herzeq (button) folded before Flop (didn't bet)
Seat 5: BLEEDGREEN22 (small blind) collected ($0.06)
Seat 6: Smithvidal (big blind) folded on the Flop
Seat 7: RowzeePowzee folded before Flop (didn't bet)
Seat 9: Dorex2007 folded on the Flop (didn't bet)



PokerStars Hand #223830093254:  Hold'em No Limit ($0.01/$0.02 USD) - 2021/02/14 19:21:24 PT [2021/02/14 22:21:24 ET]
Table 'Perseus' 9-max Seat #5 is the button
Seat 1: 139qmb ($2.60 in chips) 
Seat 2: djkofi ($1.61 in chips) 
Seat 3: OVA64 ($2.02 in chips) 
Seat 4: herzeq ($1.80 in chips) 
Seat 5: BLEEDGREEN22 ($1.52 in chips) 
Seat 6: Smithvidal ($1.29 in chips) 
Seat 7: RowzeePowzee ($1.80 in chips) 
Seat 9: Dorex2007 ($1.60 in chips) 
Smithvidal: posts small blind $0.01
RowzeePowzee: posts big blind $0.02
Double_XP.exe: sits out 
*** HOLE CARDS ***
Dealt to Dorex2007 [7s 5s]
Dorex2007: folds 
139qmb: folds 
djkofi: folds 
OVA64: raises $0.03 to $0.05
herzeq: folds 
BLEEDGREEN22: folds 
Smithvidal: calls $0.04
RowzeePowzee: folds 
*** FLOP *** [2s 7h 8d]
Smithvidal: checks 
OVA64: checks 
*** TURN *** [2s 7h 8d] [9d]
Smithvidal: bets $0.04
OVA64: calls $0.04
*** RIVER *** [2s 7h 8d 9d] [Kh]
Smithvidal: bets $0.06
OVA64: calls $0.06
*** SHOW DOWN ***
Smithvidal: shows [Ks Qd] (a pair of Kings)
OVA64: mucks hand 
Smithvidal collected $0.31 from pot
*** SUMMARY ***
Total pot $0.32 | Rake $0.01 
Board [2s 7h 8d 9d Kh]
Seat 1: 139qmb folded before Flop (didn't bet)
Seat 2: djkofi folded before Flop (didn't bet)
Seat 3: OVA64 mucked [Tc Kd]
Seat 4: herzeq folded before Flop (didn't bet)
Seat 5: BLEEDGREEN22 (button) folded before Flop (didn't bet)
Seat 6: Smithvidal (small blind) showed [Ks Qd] and won ($0.31) with a pair of Kings
Seat 7: RowzeePowzee (big blind) folded before Flop
Seat 9: Dorex2007 folded before Flop (didn't bet)



PokerStars Hand #223830106050:  Hold'em No Limit ($0.01/$0.02 USD) - 2021/02/14 19:22:13 PT [2021/02/14 22:22:13 ET]
Table 'Perseus' 9-max Seat #6 is the button
Seat 1: 139qmb ($2.60 in chips) 
Seat 2: djkofi ($1.61 in chips) 
Seat 3: OVA64 ($1.87 in chips) 
Seat 4: herzeq ($1.80 in chips) 
Seat 5: BLEEDGREEN22 ($1.52 in chips) 
Seat 6: Smithvidal ($1.45 in chips) 
Seat 7: RowzeePowzee ($1.78 in chips) 
Seat 8: Double_XP.exe ($1.50 in chips) 
Seat 9: Dorex2007 ($1.60 in chips) 
RowzeePowzee: posts small blind $0.01
Double_XP.exe: posts big blind $0.02
*** HOLE CARDS ***
Dealt to Dorex2007 [Ah Jh]
Dorex2007: raises $0.02 to $0.04
139qmb: folds 
djkofi: folds 
OVA64: calls $0.04
herzeq: folds 
BLEEDGREEN22: raises $0.02 to $0.06
Smithvidal: folds 
RowzeePowzee: folds 
Double_XP.exe: folds 
Dorex2007: calls $0.02
OVA64: calls $0.02
*** FLOP *** [Ad 2s 3s]
Dorex2007: checks 
OVA64: checks 
BLEEDGREEN22: bets $0.16
Dorex2007: raises $0.32 to $0.48
OVA64: folds 
BLEEDGREEN22: calls $0.32
*** TURN *** [Ad 2s 3s] [5h]
Dorex2007: bets $1.06 and is all-in
BLEEDGREEN22: calls $0.98 and is all-in
Uncalled bet ($0.08) returned to Dorex2007
*** RIVER *** [Ad 2s 3s 5h] [6h]
*** SHOW DOWN ***
Dorex2007: shows [Ah Jh] (a pair of Aces)
BLEEDGREEN22: shows [Qd Ac] (a pair of Aces - Queen kicker)
BLEEDGREEN22 collected $3.02 from pot
Double_XP.exe said, "Bleed Green, are you Irish but in Canada?"
*** SUMMARY ***
Total pot $3.13 | Rake $0.11 
Board [Ad 2s 3s 5h 6h]
Seat 1: 139qmb folded before Flop (didn't bet)
Seat 2: djkofi folded before Flop (didn't bet)
Seat 3: OVA64 folded on the Flop
Seat 4: herzeq folded before Flop (didn't bet)
Seat 5: BLEEDGREEN22 showed [Qd Ac] and won ($3.02) with a pair of Aces
Seat 6: Smithvidal (button) folded before Flop (didn't bet)
Seat 7: RowzeePowzee (small blind) folded before Flop
Seat 8: Double_XP.exe (big blind) folded before Flop
Seat 9: Dorex2007 showed [Ah Jh] and lost with a pair of Aces



