
PokerStars Hand #228699053547:  Hold'em No Limit ($0.01/$0.02 USD) - 2021/07/30 23:53:31 PT [2021/07/31 2:53:31 ET]
Table 'Selinur II' 9-max Seat #5 is the button
Seat 1: MuraBesPoker ($2 in chips)
Seat 2: KO_litsch_KO ($1.53 in chips)
Seat 3: Dorex2007 ($2.42 in chips)
Seat 5: glaba1983 ($1.03 in chips)
Seat 6: winterf351 ($0.55 in chips)
Seat 7: BUTAW701 ($2.06 in chips)
Seat 8: lBR1TO92 ($1.10 in chips)
Seat 9: Hannelore900 ($1.53 in chips)
winterf351: posts small blind $0.01
BUTAW701: posts big blind $0.02
lBR1TO92: posts big blind $0.02
kanatakk: sits out
*** HOLE CARDS ***
Dealt to Dorex2007 [5h 4h]
lBR1TO92: checks
Hannelore900: folds
MuraBesPoker: folds
KO_litsch_KO: calls $0.02
Dorex2007: folds
glaba1983: calls $0.02
winterf351: folds
BUTAW701: checks
*** FLOP *** [8c 5c 3s]
BUTAW701: bets $0.02
lBR1TO92: raises $0.13 to $0.15
Dorex2007 leaves the table
KO_litsch_KO: folds
glaba1983: folds
BUTAW701: folds
Uncalled bet ($0.13) returned to lBR1TO92
lBR1TO92 collected $0.13 from pot
lBR1TO92: doesn't show hand
*** SUMMARY ***
Total pot $0.13 | Rake $0
Board [8c 5c 3s]
Seat 1: MuraBesPoker folded before Flop (didn't bet)
Seat 2: KO_litsch_KO folded on the Flop
Seat 3: Dorex2007 folded before Flop (didn't bet)
Seat 5: glaba1983 (button) folded on the Flop
Seat 6: winterf351 (small blind) folded before Flop
Seat 7: BUTAW701 (big blind) folded on the Flop
Seat 8: lBR1TO92 collected ($0.13)
Seat 9: Hannelore900 folded before Flop (didn't bet)


PokerStars Hand #228699045842:  Hold'em No Limit ($0.01/$0.02 USD) - 2021/07/30 23:52:41 PT [2021/07/31 2:52:41 ET]
Table 'Selinur II' 9-max Seat #3 is the button
Seat 1: MuraBesPoker ($2 in chips)
Seat 2: KO_litsch_KO ($1.55 in chips)
Seat 3: Dorex2007 ($2.42 in chips)
Seat 5: glaba1983 ($1.05 in chips)
Seat 6: winterf351 ($0.51 in chips)
Seat 7: BUTAW701 ($2.06 in chips)
Seat 9: Hannelore900 ($1.53 in chips)
kanatakk will be allowed to play after the button
glaba1983: posts small blind $0.01
winterf351: posts big blind $0.02
Ricoisbored: sits out
*** HOLE CARDS ***
Dealt to Dorex2007 [4c 9c]
Ricoisbored leaves the table
BUTAW701: folds
Hannelore900: folds
MuraBesPoker: folds
KO_litsch_KO: calls $0.02
Dorex2007: folds
glaba1983: calls $0.01
winterf351: checks
*** FLOP *** [Ad 8h 7d]
glaba1983: checks
winterf351: checks
KO_litsch_KO: checks
*** TURN *** [Ad 8h 7d] [4s]
glaba1983: checks
winterf351: checks
KO_litsch_KO: checks
*** RIVER *** [Ad 8h 7d 4s] [Ah]
glaba1983: checks
winterf351: checks
lBR1TO92 joins the table at seat #8
KO_litsch_KO: checks
*** SHOW DOWN ***
glaba1983: shows [5c Qd] (a pair of Aces)
winterf351: shows [6h 7h] (two pair, Aces and Sevens)
KO_litsch_KO: mucks hand
winterf351 collected $0.06 from pot
*** SUMMARY ***
Total pot $0.06 | Rake $0
Board [Ad 8h 7d 4s Ah]
Seat 1: MuraBesPoker folded before Flop (didn't bet)
Seat 2: KO_litsch_KO mucked [Jh Qc]
Seat 3: Dorex2007 (button) folded before Flop (didn't bet)
Seat 5: glaba1983 (small blind) showed [5c Qd] and lost with a pair of Aces
Seat 6: winterf351 (big blind) showed [6h 7h] and won ($0.06) with two pair, Aces and Sevens
Seat 7: BUTAW701 folded before Flop (didn't bet)
Seat 9: Hannelore900 folded before Flop (didn't bet)


PokerStars Hand #228699039044:  Hold'em No Limit ($0.01/$0.02 USD) - 2021/07/30 23:51:56 PT [2021/07/31 2:51:56 ET]
Table 'Selinur II' 9-max Seat #2 is the button
Seat 1: MuraBesPoker ($2 in chips)
Seat 2: KO_litsch_KO ($1.59 in chips)
Seat 3: Dorex2007 ($2.36 in chips)
Seat 5: glaba1983 ($1.07 in chips)
Seat 6: winterf351 ($0.51 in chips)
Seat 7: BUTAW701 ($2.06 in chips)
Seat 9: Hannelore900 ($1.53 in chips)
Dorex2007: posts small blind $0.01
glaba1983: posts big blind $0.02
Ricoisbored: sits out
*** HOLE CARDS ***
Dealt to Dorex2007 [Ks Qd]
winterf351: folds
BUTAW701: folds
Hannelore900: folds
MuraBesPoker: folds
KO_litsch_KO: calls $0.02
Dorex2007: raises $0.02 to $0.04
glaba1983: folds
KO_litsch_KO: calls $0.02
*** FLOP *** [5d Jh 2c]
Dorex2007: checks
kanatakk joins the table at seat #4
KO_litsch_KO: checks
*** TURN *** [5d Jh 2c] [Kh]
Dorex2007: bets $0.10
KO_litsch_KO: folds
Uncalled bet ($0.10) returned to Dorex2007
Dorex2007 collected $0.10 from pot
Dorex2007: doesn't show hand
*** SUMMARY ***
Total pot $0.10 | Rake $0
Board [5d Jh 2c Kh]
Seat 1: MuraBesPoker folded before Flop (didn't bet)
Seat 2: KO_litsch_KO (button) folded on the Turn
Seat 3: Dorex2007 (small blind) collected ($0.10)
Seat 5: glaba1983 (big blind) folded before Flop
Seat 6: winterf351 folded before Flop (didn't bet)
Seat 7: BUTAW701 folded before Flop (didn't bet)
Seat 9: Hannelore900 folded before Flop (didn't bet)


PokerStars Hand #228699034107:  Hold'em No Limit ($0.01/$0.02 USD) - 2021/07/30 23:51:23 PT [2021/07/31 2:51:23 ET]
Table 'Selinur II' 9-max Seat #1 is the button
Seat 1: MuraBesPoker ($2 in chips)
Seat 2: KO_litsch_KO ($1.61 in chips)
Seat 3: Dorex2007 ($2.34 in chips)
Seat 4: Murere ($1.96 in chips)
Seat 5: glaba1983 ($1.07 in chips)
Seat 6: winterf351 ($0.51 in chips)
Seat 7: BUTAW701 ($2.06 in chips)
Seat 9: Hannelore900 ($1.53 in chips)
KO_litsch_KO: posts small blind $0.01
Dorex2007: posts big blind $0.02
*** HOLE CARDS ***
Dealt to Dorex2007 [Th 7h]
Ricoisbored joins the table at seat #8
Murere: folds
glaba1983: folds
winterf351: folds
BUTAW701: folds
Hannelore900: folds
MuraBesPoker: folds
KO_litsch_KO: calls $0.01
Murere leaves the table
Dorex2007: checks
*** FLOP *** [Qh 9h 2d]
KO_litsch_KO: checks
Dorex2007: bets $0.08
KO_litsch_KO: folds
Uncalled bet ($0.08) returned to Dorex2007
Dorex2007 collected $0.04 from pot
Dorex2007: doesn't show hand
*** SUMMARY ***
Total pot $0.04 | Rake $0
Board [Qh 9h 2d]
Seat 1: MuraBesPoker (button) folded before Flop (didn't bet)
Seat 2: KO_litsch_KO (small blind) folded on the Flop
Seat 3: Dorex2007 (big blind) collected ($0.04)
Seat 4: Murere folded before Flop (didn't bet)
Seat 5: glaba1983 folded before Flop (didn't bet)
Seat 6: winterf351 folded before Flop (didn't bet)
Seat 7: BUTAW701 folded before Flop (didn't bet)
Seat 9: Hannelore900 folded before Flop (didn't bet)


PokerStars Hand #228699029110:  Hold'em No Limit ($0.01/$0.02 USD) - 2021/07/30 23:50:51 PT [2021/07/31 2:50:51 ET]
Table 'Selinur II' 9-max Seat #9 is the button
Seat 1: MuraBesPoker ($2 in chips)
Seat 2: KO_litsch_KO ($1.63 in chips)
Seat 3: Dorex2007 ($2.34 in chips)
Seat 4: Murere ($1.93 in chips)
Seat 5: glaba1983 ($1.07 in chips)
Seat 6: winterf351 ($0.51 in chips)
Seat 7: BUTAW701 ($2.06 in chips)
Seat 9: Hannelore900 ($1.53 in chips)
MuraBesPoker: posts small blind $0.01
KO_litsch_KO: posts big blind $0.02
*** HOLE CARDS ***
Dealt to Dorex2007 [3h 6c]
Dorex2007: folds
Murere: raises $1.91 to $1.93 and is all-in
glaba1983: folds
winterf351: folds
BUTAW701: folds
Hannelore900: folds
MuraBesPoker: folds
KO_litsch_KO: folds
Uncalled bet ($1.91) returned to Murere
Murere collected $0.05 from pot
Murere: doesn't show hand
*** SUMMARY ***
Total pot $0.05 | Rake $0
Seat 1: MuraBesPoker (small blind) folded before Flop
Seat 2: KO_litsch_KO (big blind) folded before Flop
Seat 3: Dorex2007 folded before Flop (didn't bet)
Seat 4: Murere collected ($0.05)
Seat 5: glaba1983 folded before Flop (didn't bet)
Seat 6: winterf351 folded before Flop (didn't bet)
Seat 7: BUTAW701 folded before Flop (didn't bet)
Seat 9: Hannelore900 (button) folded before Flop (didn't bet)


PokerStars Hand #228699025223:  Hold'em No Limit ($0.01/$0.02 USD) - 2021/07/30 23:50:25 PT [2021/07/31 2:50:25 ET]
Table 'Selinur II' 9-max Seat #7 is the button
Seat 1: MuraBesPoker ($2 in chips)
Seat 2: KO_litsch_KO ($1.63 in chips)
Seat 3: Dorex2007 ($2.34 in chips)
Seat 4: Murere ($1.90 in chips)
Seat 5: glaba1983 ($1.07 in chips)
Seat 6: winterf351 ($0.51 in chips)
Seat 7: BUTAW701 ($2.06 in chips)
Seat 9: Hannelore900 ($1.54 in chips)
Hannelore900: posts small blind $0.01
MuraBesPoker: posts big blind $0.02
*** HOLE CARDS ***
Dealt to Dorex2007 [Ac 6h]
KO_litsch_KO: folds
Dorex2007: folds
Murere: raises $1.88 to $1.90 and is all-in
glaba1983: folds
winterf351: folds
BUTAW701: folds
Hannelore900: folds
MuraBesPoker: folds
Uncalled bet ($1.88) returned to Murere
Murere collected $0.05 from pot
Murere: doesn't show hand
*** SUMMARY ***
Total pot $0.05 | Rake $0
Seat 1: MuraBesPoker (big blind) folded before Flop
Seat 2: KO_litsch_KO folded before Flop (didn't bet)
Seat 3: Dorex2007 folded before Flop (didn't bet)
Seat 4: Murere collected ($0.05)
Seat 5: glaba1983 folded before Flop (didn't bet)
Seat 6: winterf351 folded before Flop (didn't bet)
Seat 7: BUTAW701 (button) folded before Flop (didn't bet)
Seat 9: Hannelore900 (small blind) folded before Flop


PokerStars Hand #228699016672:  Hold'em No Limit ($0.01/$0.02 USD) - 2021/07/30 23:49:29 PT [2021/07/31 2:49:29 ET]
Table 'Selinur II' 9-max Seat #6 is the button
Seat 2: KO_litsch_KO ($1.63 in chips)
Seat 3: Dorex2007 ($2.34 in chips)
Seat 4: Murere ($2 in chips)
Seat 5: glaba1983 ($0.94 in chips)
Seat 6: winterf351 ($0.51 in chips)
Seat 7: BUTAW701 ($2.08 in chips)
Seat 9: Hannelore900 ($1.56 in chips)
BUTAW701: posts small blind $0.01
Hannelore900: posts big blind $0.02
MuraBesPoker: sits out
*** HOLE CARDS ***
Dealt to Dorex2007 [9h Jh]
KO_litsch_KO: folds
Dorex2007: folds
Murere: calls $0.02
glaba1983: calls $0.02
winterf351: folds
BUTAW701: calls $0.01
Hannelore900: checks
*** FLOP *** [Ks 2h As]
BUTAW701: checks
Hannelore900: checks
Murere: checks
glaba1983: checks
*** TURN *** [Ks 2h As] [Th]
BUTAW701: checks
Hannelore900: checks
Murere: bets $0.08
glaba1983: calls $0.08
BUTAW701: folds
Hannelore900: folds
*** RIVER *** [Ks 2h As Th] [Kh]
Murere: checks
glaba1983: checks
*** SHOW DOWN ***
Murere: shows [5d 5c] (two pair, Kings and Fives)
glaba1983: shows [2c Ac] (two pair, Aces and Kings)
glaba1983 collected $0.23 from pot
*** SUMMARY ***
Total pot $0.24 | Rake $0.01
Board [Ks 2h As Th Kh]
Seat 2: KO_litsch_KO folded before Flop (didn't bet)
Seat 3: Dorex2007 folded before Flop (didn't bet)
Seat 4: Murere showed [5d 5c] and lost with two pair, Kings and Fives
Seat 5: glaba1983 showed [2c Ac] and won ($0.23) with two pair, Aces and Kings
Seat 6: winterf351 (button) folded before Flop (didn't bet)
Seat 7: BUTAW701 (small blind) folded on the Turn
Seat 9: Hannelore900 (big blind) folded on the Turn


PokerStars Hand #228699009926:  Hold'em No Limit ($0.01/$0.02 USD) - 2021/07/30 23:48:45 PT [2021/07/31 2:48:45 ET]
Table 'Selinur II' 9-max Seat #5 is the button
Seat 2: KO_litsch_KO ($1.63 in chips)
Seat 3: Dorex2007 ($2.34 in chips)
Seat 4: Murere ($2 in chips)
Seat 5: glaba1983 ($1 in chips)
Seat 6: winterf351 ($0.53 in chips)
Seat 7: BUTAW701 ($2 in chips)
Seat 9: Hannelore900 ($1.56 in chips)
winterf351: posts small blind $0.01
BUTAW701: posts big blind $0.02
MuraBesPoker: sits out
*** HOLE CARDS ***
Dealt to Dorex2007 [5d Ah]
Hannelore900: folds
KO_litsch_KO: folds
Dorex2007: folds
Murere: folds
glaba1983: calls $0.02
winterf351: calls $0.01
BUTAW701: raises $0.04 to $0.06
glaba1983: calls $0.04
winterf351: folds
*** FLOP *** [Js 6c Kd]
BUTAW701: bets $0.06
glaba1983: folds
Uncalled bet ($0.06) returned to BUTAW701
BUTAW701 collected $0.14 from pot
BUTAW701: doesn't show hand
*** SUMMARY ***
Total pot $0.14 | Rake $0
Board [Js 6c Kd]
Seat 2: KO_litsch_KO folded before Flop (didn't bet)
Seat 3: Dorex2007 folded before Flop (didn't bet)
Seat 4: Murere folded before Flop (didn't bet)
Seat 5: glaba1983 (button) folded on the Flop
Seat 6: winterf351 (small blind) folded before Flop
Seat 7: BUTAW701 (big blind) collected ($0.14)
Seat 9: Hannelore900 folded before Flop (didn't bet)


PokerStars Hand #228699005894:  Hold'em No Limit ($0.01/$0.02 USD) - 2021/07/30 23:48:19 PT [2021/07/31 2:48:19 ET]
Table 'Selinur II' 9-max Seat #4 is the button
Seat 2: KO_litsch_KO ($1.63 in chips)
Seat 3: Dorex2007 ($2.34 in chips)
Seat 4: Murere ($2 in chips)
Seat 5: glaba1983 ($1.02 in chips)
Seat 6: winterf351 ($0.51 in chips)
Seat 9: Hannelore900 ($1.56 in chips)
glaba1983: posts small blind $0.01
winterf351: posts big blind $0.02
BUTAW701: sits out
MuraBesPoker: sits out
*** HOLE CARDS ***
Dealt to Dorex2007 [Js 2c]
Hannelore900: folds
KO_litsch_KO: folds
Dorex2007: folds
Murere: folds
glaba1983: calls $0.01
winterf351: raises $0.04 to $0.06
glaba1983: folds
Uncalled bet ($0.04) returned to winterf351
winterf351 collected $0.04 from pot
*** SUMMARY ***
Total pot $0.04 | Rake $0
Seat 2: KO_litsch_KO folded before Flop (didn't bet)
Seat 3: Dorex2007 folded before Flop (didn't bet)
Seat 4: Murere (button) folded before Flop (didn't bet)
Seat 5: glaba1983 (small blind) folded before Flop
Seat 6: winterf351 (big blind) collected ($0.04)
Seat 9: Hannelore900 folded before Flop (didn't bet)


PokerStars Hand #228698998603:  Hold'em No Limit ($0.01/$0.02 USD) - 2021/07/30 23:47:31 PT [2021/07/31 2:47:31 ET]
Table 'Selinur II' 9-max Seat #3 is the button
Seat 2: KO_litsch_KO ($1.63 in chips)
Seat 3: Dorex2007 ($2.34 in chips)
Seat 4: Murere ($2.04 in chips)
Seat 5: glaba1983 ($0.98 in chips)
Seat 6: winterf351 ($0.51 in chips)
Seat 7: Strdn ($1 in chips)
Seat 9: Hannelore900 ($1.56 in chips)
Murere: posts small blind $0.01
glaba1983: posts big blind $0.02
MuraBesPoker: sits out
*** HOLE CARDS ***
Dealt to Dorex2007 [9d 4d]
winterf351: folds
Strdn: folds
Strdn leaves the table
Hannelore900: folds
KO_litsch_KO: folds
Dorex2007: folds
Murere: calls $0.01
glaba1983: checks
*** FLOP *** [Jc 2c 5h]
Murere: checks
EvgeniyVisus leaves the table
glaba1983: bets $0.02
BUTAW701 joins the table at seat #7
Murere: calls $0.02
*** TURN *** [Jc 2c 5h] [Ts]
Murere: checks
glaba1983: bets $0.04
Murere: folds
Uncalled bet ($0.04) returned to glaba1983
glaba1983 collected $0.08 from pot
glaba1983: doesn't show hand
*** SUMMARY ***
Total pot $0.08 | Rake $0
Board [Jc 2c 5h Ts]
Seat 2: KO_litsch_KO folded before Flop (didn't bet)
Seat 3: Dorex2007 (button) folded before Flop (didn't bet)
Seat 4: Murere (small blind) folded on the Turn
Seat 5: glaba1983 (big blind) collected ($0.08)
Seat 6: winterf351 folded before Flop (didn't bet)
Seat 7: Strdn folded before Flop (didn't bet)
Seat 9: Hannelore900 folded before Flop (didn't bet)


PokerStars Hand #228698995072:  Hold'em No Limit ($0.01/$0.02 USD) - 2021/07/30 23:47:09 PT [2021/07/31 2:47:09 ET]
Table 'Selinur II' 9-max Seat #2 is the button
Seat 2: KO_litsch_KO ($1.63 in chips)
Seat 3: Dorex2007 ($2.35 in chips)
Seat 4: Murere ($2.06 in chips)
Seat 5: glaba1983 ($0.98 in chips)
Seat 6: winterf351 ($0.51 in chips)
Seat 7: Strdn ($0.97 in chips)
Seat 9: Hannelore900 ($1.56 in chips)
Dorex2007: posts small blind $0.01
Murere: posts big blind $0.02
MuraBesPoker: sits out
*** HOLE CARDS ***
Dealt to Dorex2007 [9h 4c]
glaba1983: folds
winterf351: folds
Strdn: raises $0.04 to $0.06
Hannelore900: folds
KO_litsch_KO: folds
Dorex2007: folds
Murere: folds
Uncalled bet ($0.04) returned to Strdn
Strdn collected $0.05 from pot
Strdn: doesn't show hand
*** SUMMARY ***
Total pot $0.05 | Rake $0
Seat 2: KO_litsch_KO (button) folded before Flop (didn't bet)
Seat 3: Dorex2007 (small blind) folded before Flop
Seat 4: Murere (big blind) folded before Flop
Seat 5: glaba1983 folded before Flop (didn't bet)
Seat 6: winterf351 folded before Flop (didn't bet)
Seat 7: Strdn collected ($0.05)
Seat 9: Hannelore900 folded before Flop (didn't bet)


PokerStars Hand #228698990351:  Hold'em No Limit ($0.01/$0.02 USD) - 2021/07/30 23:46:39 PT [2021/07/31 2:46:39 ET]
Table 'Selinur II' 9-max Seat #9 is the button
Seat 2: KO_litsch_KO ($1.61 in chips)
Seat 3: Dorex2007 ($2.37 in chips)
Seat 4: Murere ($2.06 in chips)
Seat 5: glaba1983 ($0.98 in chips)
Seat 6: winterf351 ($0.51 in chips)
Seat 7: Strdn ($0.97 in chips)
Seat 9: Hannelore900 ($1.56 in chips)
MuraBesPoker will be allowed to play after the button
KO_litsch_KO: posts small blind $0.01
Dorex2007: posts big blind $0.02
*** HOLE CARDS ***
Dealt to Dorex2007 [Td 7s]
Murere: folds
glaba1983: folds
winterf351: folds
Strdn: folds
Hannelore900: folds
KO_litsch_KO: calls $0.01
Dorex2007: checks
*** FLOP *** [Kd 5c 3c]
KO_litsch_KO: checks
Dorex2007: checks
*** TURN *** [Kd 5c 3c] [Ks]
KO_litsch_KO: bets $0.04
Dorex2007: folds
Uncalled bet ($0.04) returned to KO_litsch_KO
KO_litsch_KO collected $0.04 from pot
*** SUMMARY ***
Total pot $0.04 | Rake $0
Board [Kd 5c 3c Ks]
Seat 2: KO_litsch_KO (small blind) collected ($0.04)
Seat 3: Dorex2007 (big blind) folded on the Turn
Seat 4: Murere folded before Flop (didn't bet)
Seat 5: glaba1983 folded before Flop (didn't bet)
Seat 6: winterf351 folded before Flop (didn't bet)
Seat 7: Strdn folded before Flop (didn't bet)
Seat 9: Hannelore900 (button) folded before Flop (didn't bet)


PokerStars Hand #228698970226:  Hold'em No Limit ($0.01/$0.02 USD) - 2021/07/30 23:45:23 PT [2021/07/31 2:45:23 ET]
Table 'Selinur II' 9-max Seat #7 is the button
Seat 2: KO_litsch_KO ($1.63 in chips)
Seat 3: Dorex2007 ($2.37 in chips)
Seat 4: Murere ($2.24 in chips)
Seat 5: glaba1983 ($0.64 in chips)
Seat 6: winterf351 ($0.59 in chips)
Seat 7: Strdn ($0.97 in chips)
Seat 9: Hannelore900 ($1.64 in chips)
Hannelore900: posts small blind $0.01
igor6316: is sitting out
KO_litsch_KO: posts big blind $0.02
*** HOLE CARDS ***
Dealt to Dorex2007 [As 2d]
Dorex2007: folds
Murere: calls $0.02
glaba1983: calls $0.02
winterf351: calls $0.02
Strdn: folds
Hannelore900: raises $0.04 to $0.06
KO_litsch_KO: folds
Murere: calls $0.04
glaba1983: calls $0.04
winterf351: calls $0.04
*** FLOP *** [Jc 3d 7c]
Hannelore900: checks
Murere: checks
glaba1983: bets $0.02
winterf351: calls $0.02
Hannelore900: calls $0.02
Murere: calls $0.02
*** TURN *** [Jc 3d 7c] [Js]
igor6316 leaves the table
Hannelore900: checks
Murere: checks
glaba1983: checks
winterf351: checks
*** RIVER *** [Jc 3d 7c Js] [9s]
MuraBesPoker joins the table at seat #1
Hannelore900: checks
Murere: checks
glaba1983: bets $0.10
winterf351: folds
Hannelore900: folds
Murere: calls $0.10
*** SHOW DOWN ***
glaba1983: shows [Jh Tc] (three of a kind, Jacks)
Murere: mucks hand
glaba1983 collected $0.52 from pot
*** SUMMARY ***
Total pot $0.54 | Rake $0.02
Board [Jc 3d 7c Js 9s]
Seat 2: KO_litsch_KO (big blind) folded before Flop
Seat 3: Dorex2007 folded before Flop (didn't bet)
Seat 4: Murere mucked [8c 8d]
Seat 5: glaba1983 showed [Jh Tc] and won ($0.52) with three of a kind, Jacks
Seat 6: winterf351 folded on the River
Seat 7: Strdn (button) folded before Flop (didn't bet)
Seat 9: Hannelore900 (small blind) folded on the River


PokerStars Hand #228698966092:  Hold'em No Limit ($0.01/$0.02 USD) - 2021/07/30 23:44:56 PT [2021/07/31 2:44:56 ET]
Table 'Selinur II' 9-max Seat #6 is the button
Seat 1: igor6316 ($0.93 in chips)
Seat 2: KO_litsch_KO ($1.60 in chips)
Seat 3: Dorex2007 ($2.37 in chips)
Seat 4: Murere ($2.24 in chips)
Seat 5: glaba1983 ($0.64 in chips)
Seat 6: winterf351 ($0.59 in chips)
Seat 7: Strdn ($0.98 in chips)
Seat 9: Hannelore900 ($1.66 in chips)
Strdn: posts small blind $0.01
EvgeniyVisus: is sitting out
Hannelore900: posts big blind $0.02
KO_litsch_KO: posts big blind $0.02
*** HOLE CARDS ***
Dealt to Dorex2007 [Th 7c]
igor6316: folds
KO_litsch_KO: checks
Dorex2007: folds
Murere: folds
glaba1983: folds
winterf351: folds
Strdn: folds
Hannelore900: checks
*** FLOP *** [Qd 6c Jh]
Hannelore900: checks
KO_litsch_KO: bets $0.03
Hannelore900: folds
Uncalled bet ($0.03) returned to KO_litsch_KO
KO_litsch_KO collected $0.05 from pot
*** SUMMARY ***
Total pot $0.05 | Rake $0
Board [Qd 6c Jh]
Seat 1: igor6316 folded before Flop (didn't bet)
Seat 2: KO_litsch_KO collected ($0.05)
Seat 3: Dorex2007 folded before Flop (didn't bet)
Seat 4: Murere folded before Flop (didn't bet)
Seat 5: glaba1983 folded before Flop (didn't bet)
Seat 6: winterf351 (button) folded before Flop (didn't bet)
Seat 7: Strdn (small blind) folded before Flop
Seat 9: Hannelore900 (big blind) folded on the Flop


PokerStars Hand #228698961395:  Hold'em No Limit ($0.01/$0.02 USD) - 2021/07/30 23:44:25 PT [2021/07/31 2:44:25 ET]
Table 'Selinur II' 9-max Seat #5 is the button
Seat 1: igor6316 ($0.93 in chips)
Seat 3: Dorex2007 ($2.37 in chips)
Seat 4: Murere ($2.24 in chips)
Seat 5: glaba1983 ($0.64 in chips)
Seat 6: winterf351 ($0.60 in chips)
Seat 7: Strdn ($0.95 in chips)
Seat 8: EvgeniyVisus ($2 in chips)
Seat 9: Hannelore900 ($1.68 in chips)
winterf351: posts small blind $0.01
Strdn: posts big blind $0.02
*** HOLE CARDS ***
Dealt to Dorex2007 [2s 7h]
EvgeniyVisus: folds
Hannelore900: calls $0.02
igor6316: folds
KO_litsch_KO joins the table at seat #2
Dorex2007: folds
Murere: folds
glaba1983: folds
winterf351: folds
Strdn: checks
*** FLOP *** [Ks Ac 2h]
Strdn: bets $0.03
Hannelore900: folds
Uncalled bet ($0.03) returned to Strdn
Strdn collected $0.05 from pot
Strdn: doesn't show hand
*** SUMMARY ***
Total pot $0.05 | Rake $0
Board [Ks Ac 2h]
Seat 1: igor6316 folded before Flop (didn't bet)
Seat 3: Dorex2007 folded before Flop (didn't bet)
Seat 4: Murere folded before Flop (didn't bet)
Seat 5: glaba1983 (button) folded before Flop (didn't bet)
Seat 6: winterf351 (small blind) folded before Flop
Seat 7: Strdn (big blind) collected ($0.05)
Seat 8: EvgeniyVisus folded before Flop (didn't bet)
Seat 9: Hannelore900 folded on the Flop


PokerStars Hand #228698953310:  Hold'em No Limit ($0.01/$0.02 USD) - 2021/07/30 23:43:34 PT [2021/07/31 2:43:34 ET]
Table 'Selinur II' 9-max Seat #4 is the button
Seat 1: igor6316 ($0.93 in chips)
Seat 3: Dorex2007 ($2.37 in chips)
Seat 4: Murere ($2.09 in chips)
Seat 5: glaba1983 ($0.78 in chips)
Seat 6: winterf351 ($0.62 in chips)
Seat 7: Strdn ($0.95 in chips)
Seat 8: EvgeniyVisus ($2 in chips)
Seat 9: Hannelore900 ($1.68 in chips)
glaba1983: posts small blind $0.01
winterf351: posts big blind $0.02
*** HOLE CARDS ***
Dealt to Dorex2007 [2h 7h]
Strdn: folds
EvgeniyVisus: folds
Hannelore900: folds
igor6316: folds
Dorex2007: folds
Murere: calls $0.02
glaba1983: calls $0.01
winterf351: checks
*** FLOP *** [4d Ks 8s]
glaba1983: bets $0.02
winterf351: folds
Murere: raises $0.06 to $0.08
glaba1983: calls $0.06
*** TURN *** [4d Ks 8s] [7d]
glaba1983: checks
Murere: checks
*** RIVER *** [4d Ks 8s 7d] [6d]
glaba1983: bets $0.04
Murere: calls $0.04
*** SHOW DOWN ***
glaba1983: shows [Qd 4c] (a pair of Fours)
Murere: shows [Td Th] (a pair of Tens)
Murere collected $0.29 from pot
*** SUMMARY ***
Total pot $0.30 | Rake $0.01
Board [4d Ks 8s 7d 6d]
Seat 1: igor6316 folded before Flop (didn't bet)
Seat 3: Dorex2007 folded before Flop (didn't bet)
Seat 4: Murere (button) showed [Td Th] and won ($0.29) with a pair of Tens
Seat 5: glaba1983 (small blind) showed [Qd 4c] and lost with a pair of Fours
Seat 6: winterf351 (big blind) folded on the Flop
Seat 7: Strdn folded before Flop (didn't bet)
Seat 8: EvgeniyVisus folded before Flop (didn't bet)
Seat 9: Hannelore900 folded before Flop (didn't bet)


PokerStars Hand #228698943735:  Hold'em No Limit ($0.01/$0.02 USD) - 2021/07/30 23:42:57 PT [2021/07/31 2:42:57 ET]
Table 'Selinur II' 9-max Seat #3 is the button
Seat 1: igor6316 ($0.93 in chips)
Seat 3: Dorex2007 ($2.37 in chips)
Seat 4: Murere ($2.07 in chips)
Seat 5: glaba1983 ($0.80 in chips)
Seat 6: winterf351 ($0.62 in chips)
Seat 7: Strdn ($0.95 in chips)
Seat 8: EvgeniyVisus ($2 in chips)
Seat 9: Hannelore900 ($1.68 in chips)
Murere: posts small blind $0.01
glaba1983: posts big blind $0.02
*** HOLE CARDS ***
Dealt to Dorex2007 [Jc 9c]
winterf351: folds
Strdn: folds
EvgeniyVisus: folds
Hannelore900: folds
igor6316: folds
Dorex2007: folds
Murere: calls $0.01
glaba1983: checks
*** FLOP *** [8d 9d Ah]
Murere: bets $0.10
glaba1983: folds
Uncalled bet ($0.10) returned to Murere
Murere collected $0.04 from pot
Murere: doesn't show hand
*** SUMMARY ***
Total pot $0.04 | Rake $0
Board [8d 9d Ah]
Seat 1: igor6316 folded before Flop (didn't bet)
Seat 3: Dorex2007 (button) folded before Flop (didn't bet)
Seat 4: Murere (small blind) collected ($0.04)
Seat 5: glaba1983 (big blind) folded on the Flop
Seat 6: winterf351 folded before Flop (didn't bet)
Seat 7: Strdn folded before Flop (didn't bet)
Seat 8: EvgeniyVisus folded before Flop (didn't bet)
Seat 9: Hannelore900 folded before Flop (didn't bet)


PokerStars Hand #228698939533:  Hold'em No Limit ($0.01/$0.02 USD) - 2021/07/30 23:42:31 PT [2021/07/31 2:42:31 ET]
Table 'Selinur II' 9-max Seat #2 is the button
Seat 1: igor6316 ($0.93 in chips)
Seat 2: rsb.25 ($6.76 in chips)
Seat 3: Dorex2007 ($2.38 in chips)
Seat 4: Murere ($2.09 in chips)
Seat 6: winterf351 ($0.62 in chips)
Seat 7: Strdn ($0.95 in chips)
Seat 8: EvgeniyVisus ($2 in chips)
Seat 9: Hannelore900 ($1.65 in chips)
Dorex2007: posts small blind $0.01
Murere: posts big blind $0.02
glaba1983: sits out
*** HOLE CARDS ***
Dealt to Dorex2007 [3h 8s]
winterf351: folds
Strdn: folds
EvgeniyVisus: folds
Hannelore900: raises $0.04 to $0.06
igor6316: folds
rsb.25: folds
rsb.25 leaves the table
Dorex2007: folds
Murere: folds
Uncalled bet ($0.04) returned to Hannelore900
Hannelore900 collected $0.05 from pot
Hannelore900: doesn't show hand
*** SUMMARY ***
Total pot $0.05 | Rake $0
Seat 1: igor6316 folded before Flop (didn't bet)
Seat 2: rsb.25 (button) folded before Flop (didn't bet)
Seat 3: Dorex2007 (small blind) folded before Flop
Seat 4: Murere (big blind) folded before Flop
Seat 6: winterf351 folded before Flop (didn't bet)
Seat 7: Strdn folded before Flop (didn't bet)
Seat 8: EvgeniyVisus folded before Flop (didn't bet)
Seat 9: Hannelore900 collected ($0.05)


PokerStars Hand #228698935699:  Hold'em No Limit ($0.01/$0.02 USD) - 2021/07/30 23:42:07 PT [2021/07/31 2:42:07 ET]
Table 'Selinur II' 9-max Seat #1 is the button
Seat 1: igor6316 ($0.78 in chips)
Seat 2: rsb.25 ($6.77 in chips)
Seat 3: Dorex2007 ($2.40 in chips)
Seat 4: Murere ($2.09 in chips)
Seat 6: winterf351 ($0.62 in chips)
Seat 7: Strdn ($1.01 in chips)
Seat 8: EvgeniyVisus ($2 in chips)
Seat 9: Hannelore900 ($1.71 in chips)
rsb.25: posts small blind $0.01
Dorex2007: posts big blind $0.02
glaba1983: sits out
*** HOLE CARDS ***
Dealt to Dorex2007 [Ks 7d]
Murere: folds
winterf351: folds
Strdn: raises $0.04 to $0.06
EvgeniyVisus: folds
Hannelore900: calls $0.06
igor6316: raises $0.72 to $0.78 and is all-in
rsb.25: folds
Dorex2007: folds
Strdn: folds
Hannelore900: folds
Uncalled bet ($0.72) returned to igor6316
igor6316 collected $0.21 from pot
*** SUMMARY ***
Total pot $0.21 | Rake $0
Seat 1: igor6316 (button) collected ($0.21)
Seat 2: rsb.25 (small blind) folded before Flop
Seat 3: Dorex2007 (big blind) folded before Flop
Seat 4: Murere folded before Flop (didn't bet)
Seat 6: winterf351 folded before Flop (didn't bet)
Seat 7: Strdn folded before Flop
Seat 8: EvgeniyVisus folded before Flop (didn't bet)
Seat 9: Hannelore900 folded before Flop


PokerStars Hand #228698932141:  Hold'em No Limit ($0.01/$0.02 USD) - 2021/07/30 23:41:43 PT [2021/07/31 2:41:43 ET]
Table 'Selinur II' 9-max Seat #9 is the button
Seat 1: igor6316 ($0.79 in chips)
Seat 2: rsb.25 ($6.79 in chips)
Seat 3: Dorex2007 ($2.40 in chips)
Seat 4: Murere ($2.11 in chips)
Seat 6: winterf351 ($0.62 in chips)
Seat 7: Strdn ($0.96 in chips)
Seat 8: EvgeniyVisus ($2 in chips)
Seat 9: Hannelore900 ($1.71 in chips)
igor6316: posts small blind $0.01
rsb.25: posts big blind $0.02
glaba1983: sits out
*** HOLE CARDS ***
Dealt to Dorex2007 [4s Th]
Dorex2007: folds
Murere: calls $0.02
winterf351: folds
Strdn: raises $0.06 to $0.08
EvgeniyVisus: folds
Hannelore900: folds
igor6316: folds
rsb.25: folds
Murere: folds
Uncalled bet ($0.06) returned to Strdn
Strdn collected $0.07 from pot
Strdn: doesn't show hand
*** SUMMARY ***
Total pot $0.07 | Rake $0
Seat 1: igor6316 (small blind) folded before Flop
Seat 2: rsb.25 (big blind) folded before Flop
Seat 3: Dorex2007 folded before Flop (didn't bet)
Seat 4: Murere folded before Flop
Seat 6: winterf351 folded before Flop (didn't bet)
Seat 7: Strdn collected ($0.07)
Seat 8: EvgeniyVisus folded before Flop (didn't bet)
Seat 9: Hannelore900 (button) folded before Flop (didn't bet)


PokerStars Hand #228698922865:  Hold'em No Limit ($0.01/$0.02 USD) - 2021/07/30 23:40:43 PT [2021/07/31 2:40:43 ET]
Table 'Selinur II' 9-max Seat #8 is the button
Seat 1: igor6316 ($0.81 in chips)
Seat 2: rsb.25 ($6.95 in chips)
Seat 3: Dorex2007 ($2.40 in chips)
Seat 4: Murere ($2.11 in chips)
Seat 6: winterf351 ($0.62 in chips)
Seat 7: Strdn ($0.96 in chips)
Seat 8: EvgeniyVisus ($2 in chips)
Seat 9: Hannelore900 ($1.54 in chips)
Hannelore900: posts small blind $0.01
igor6316: posts big blind $0.02
glaba1983: sits out
*** HOLE CARDS ***
Dealt to Dorex2007 [6h 9c]
rsb.25: raises $0.02 to $0.04
Dorex2007: folds
Murere: folds
winterf351: folds
Strdn: folds
EvgeniyVisus: folds
Hannelore900: calls $0.03
igor6316: folds
*** FLOP *** [7c 9h Jd]
Hannelore900: checks
rsb.25: bets $0.04
Hannelore900: calls $0.04
*** TURN *** [7c 9h Jd] [2s]
Hannelore900: checks
rsb.25: checks
*** RIVER *** [7c 9h Jd 2s] [7d]
Hannelore900: checks
rsb.25: bets $0.08
Hannelore900: raises $0.08 to $0.16
rsb.25: folds
Uncalled bet ($0.08) returned to Hannelore900
Hannelore900 collected $0.33 from pot
Hannelore900: doesn't show hand
*** SUMMARY ***
Total pot $0.34 | Rake $0.01
Board [7c 9h Jd 2s 7d]
Seat 1: igor6316 (big blind) folded before Flop
Seat 2: rsb.25 folded on the River
Seat 3: Dorex2007 folded before Flop (didn't bet)
Seat 4: Murere folded before Flop (didn't bet)
Seat 6: winterf351 folded before Flop (didn't bet)
Seat 7: Strdn folded before Flop (didn't bet)
Seat 8: EvgeniyVisus (button) folded before Flop (didn't bet)
Seat 9: Hannelore900 (small blind) collected ($0.33)


PokerStars Hand #228698914210:  Hold'em No Limit ($0.01/$0.02 USD) - 2021/07/30 23:39:47 PT [2021/07/31 2:39:47 ET]
Table 'Selinur II' 9-max Seat #7 is the button
Seat 2: rsb.25 ($7.11 in chips)
Seat 3: Dorex2007 ($2.40 in chips)
Seat 4: Murere ($2.11 in chips)
Seat 6: winterf351 ($0.62 in chips)
Seat 7: Strdn ($0.78 in chips)
Seat 8: EvgeniyVisus ($2 in chips)
Seat 9: Hannelore900 ($1.56 in chips)
EvgeniyVisus: posts small blind $0.01
Hannelore900: posts big blind $0.02
igor6316: sits out
glaba1983: sits out
*** HOLE CARDS ***
Dealt to Dorex2007 [Jc 7h]
rsb.25: raises $0.02 to $0.04
Dorex2007: folds
Murere: folds
winterf351: folds
Strdn: calls $0.04
EvgeniyVisus: folds
Hannelore900: folds
*** FLOP *** [Ts Ks 7c]
rsb.25: checks
Strdn: checks
*** TURN *** [Ts Ks 7c] [8d]
rsb.25: bets $0.04
Strdn: calls $0.04
*** RIVER *** [Ts Ks 7c 8d] [6h]
rsb.25: bets $0.08
Strdn: calls $0.08
*** SHOW DOWN ***
rsb.25: shows [4h 5h] (a straight, Four to Eight)
Strdn: shows [Th 9h] (a straight, Six to Ten)
Strdn collected $0.34 from pot
*** SUMMARY ***
Total pot $0.35 | Rake $0.01
Board [Ts Ks 7c 8d 6h]
Seat 2: rsb.25 showed [4h 5h] and lost with a straight, Four to Eight
Seat 3: Dorex2007 folded before Flop (didn't bet)
Seat 4: Murere folded before Flop (didn't bet)
Seat 6: winterf351 folded before Flop (didn't bet)
Seat 7: Strdn (button) showed [Th 9h] and won ($0.34) with a straight, Six to Ten
Seat 8: EvgeniyVisus (small blind) folded before Flop
Seat 9: Hannelore900 (big blind) folded before Flop


PokerStars Hand #228698911644:  Hold'em No Limit ($0.01/$0.02 USD) - 2021/07/30 23:39:31 PT [2021/07/31 2:39:31 ET]
Table 'Selinur II' 9-max Seat #6 is the button
Seat 1: paubranco13 ($1.52 in chips)
Seat 2: rsb.25 ($7.08 in chips)
Seat 3: Dorex2007 ($2.40 in chips)
Seat 4: Murere ($2.11 in chips)
Seat 6: winterf351 ($0.62 in chips)
Seat 7: Strdn ($0.79 in chips)
Seat 8: EvgeniyVisus ($2 in chips)
Seat 9: Hannelore900 ($1.56 in chips)
Strdn: posts small blind $0.01
EvgeniyVisus: posts big blind $0.02
glaba1983: sits out
*** HOLE CARDS ***
Dealt to Dorex2007 [9h 3s]
Hannelore900: folds
paubranco13: folds
rsb.25: raises $0.02 to $0.04
paubranco13 leaves the table
Dorex2007: folds
Murere: folds
winterf351: folds
Strdn: folds
EvgeniyVisus: folds
Uncalled bet ($0.02) returned to rsb.25
rsb.25 collected $0.05 from pot
igor6316 joins the table at seat #1
rsb.25: doesn't show hand
*** SUMMARY ***
Total pot $0.05 | Rake $0
Seat 1: paubranco13 folded before Flop (didn't bet)
Seat 2: rsb.25 collected ($0.05)
Seat 3: Dorex2007 folded before Flop (didn't bet)
Seat 4: Murere folded before Flop (didn't bet)
Seat 6: winterf351 (button) folded before Flop (didn't bet)
Seat 7: Strdn (small blind) folded before Flop
Seat 8: EvgeniyVisus (big blind) folded before Flop
Seat 9: Hannelore900 folded before Flop (didn't bet)


PokerStars Hand #228698905459:  Hold'em No Limit ($0.01/$0.02 USD) - 2021/07/30 23:38:50 PT [2021/07/31 2:38:50 ET]
Table 'Selinur II' 9-max Seat #4 is the button
Seat 1: paubranco13 ($1.52 in chips)
Seat 2: rsb.25 ($7.08 in chips)
Seat 3: Dorex2007 ($2.40 in chips)
Seat 4: Murere ($2.11 in chips)
Seat 6: winterf351 ($0.63 in chips)
Seat 7: Strdn ($0.76 in chips)
Seat 8: EvgeniyVisus ($2 in chips)
Seat 9: Hannelore900 ($1.58 in chips)
winterf351: posts small blind $0.01
Strdn: posts big blind $0.02
*** HOLE CARDS ***
Dealt to Dorex2007 [Th 5d]
EvgeniyVisus: folds
Hannelore900: calls $0.02
paubranco13: folds
glaba1983 joins the table at seat #5
rsb.25: folds
Dorex2007: folds
Murere: folds
winterf351: folds
Strdn: checks
*** FLOP *** [8d 7s 5c]
Strdn: checks
Hannelore900: checks
*** TURN *** [8d 7s 5c] [3h]
Strdn: checks
Hannelore900: checks
*** RIVER *** [8d 7s 5c 3h] [Ks]
Strdn: checks
Hannelore900: checks
*** SHOW DOWN ***
Strdn: shows [Kc 6s] (a pair of Kings)
Hannelore900: mucks hand
Strdn collected $0.05 from pot
*** SUMMARY ***
Total pot $0.05 | Rake $0
Board [8d 7s 5c 3h Ks]
Seat 1: paubranco13 folded before Flop (didn't bet)
Seat 2: rsb.25 folded before Flop (didn't bet)
Seat 3: Dorex2007 folded before Flop (didn't bet)
Seat 4: Murere (button) folded before Flop (didn't bet)
Seat 6: winterf351 (small blind) folded before Flop
Seat 7: Strdn (big blind) showed [Kc 6s] and won ($0.05) with a pair of Kings
Seat 8: EvgeniyVisus folded before Flop (didn't bet)
Seat 9: Hannelore900 mucked [Ac 9d]


PokerStars Hand #228698897214:  Hold'em No Limit ($0.01/$0.02 USD) - 2021/07/30 23:38:02 PT [2021/07/31 2:38:02 ET]
Table 'Selinur II' 9-max Seat #3 is the button
Seat 1: paubranco13 ($1.52 in chips)
Seat 2: rsb.25 ($7.08 in chips)
Seat 3: Dorex2007 ($2.40 in chips)
Seat 4: Murere ($2.05 in chips)
Seat 6: winterf351 ($0.65 in chips)
Seat 7: Strdn ($0.76 in chips)
Seat 8: EvgeniyVisus ($2 in chips)
Seat 9: Hannelore900 ($1.60 in chips)
Murere: posts small blind $0.01
EvgenIB: is sitting out
EvgenIB leaves the table
winterf351: posts big blind $0.02
Hannelore900: posts big blind $0.02
*** HOLE CARDS ***
Dealt to Dorex2007 [3h 8d]
Strdn: folds
EvgeniyVisus: calls $0.02
Hannelore900: checks
paubranco13: folds
rsb.25: folds
Dorex2007: folds
Murere: calls $0.01
winterf351: checks
*** FLOP *** [2c 4c Ad]
Murere: checks
winterf351: checks
EvgeniyVisus: checks
Hannelore900: checks
*** TURN *** [2c 4c Ad] [5c]
Murere: bets $0.06
winterf351: folds
EvgeniyVisus: folds
Hannelore900: folds
Uncalled bet ($0.06) returned to Murere
Murere collected $0.08 from pot
Murere: doesn't show hand
*** SUMMARY ***
Total pot $0.08 | Rake $0
Board [2c 4c Ad 5c]
Seat 1: paubranco13 folded before Flop (didn't bet)
Seat 2: rsb.25 folded before Flop (didn't bet)
Seat 3: Dorex2007 (button) folded before Flop (didn't bet)
Seat 4: Murere (small blind) collected ($0.08)
Seat 6: winterf351 (big blind) folded on the Turn
Seat 7: Strdn folded before Flop (didn't bet)
Seat 8: EvgeniyVisus folded on the Turn
Seat 9: Hannelore900 folded on the Turn (didn't bet)


PokerStars Hand #228698892657:  Hold'em No Limit ($0.01/$0.02 USD) - 2021/07/30 23:37:33 PT [2021/07/31 2:37:33 ET]
Table 'Selinur II' 9-max Seat #2 is the button
Seat 1: paubranco13 ($1.52 in chips)
Seat 2: rsb.25 ($7.08 in chips)
Seat 3: Dorex2007 ($2.41 in chips)
Seat 4: Murere ($2 in chips)
Seat 5: EvgenIB ($1.48 in chips)
Seat 6: winterf351 ($0.65 in chips)
Seat 7: Strdn ($0.76 in chips)
Seat 8: EvgeniyVisus ($2 in chips)
Dorex2007: posts small blind $0.01
Murere: posts big blind $0.02
Hannelore900: sits out
*** HOLE CARDS ***
Dealt to Dorex2007 [7h 9s]
EvgenIB: calls $0.02
winterf351: folds
Strdn: folds
EvgeniyVisus: folds
paubranco13: folds
rsb.25: folds
Dorex2007: folds
Murere: raises $0.02 to $0.04
EvgenIB: calls $0.02
*** FLOP *** [Tc Kd 9d]
Murere: bets $0.08
EvgenIB: folds
Uncalled bet ($0.08) returned to Murere
Murere collected $0.09 from pot
Murere: doesn't show hand
*** SUMMARY ***
Total pot $0.09 | Rake $0
Board [Tc Kd 9d]
Seat 1: paubranco13 folded before Flop (didn't bet)
Seat 2: rsb.25 (button) folded before Flop (didn't bet)
Seat 3: Dorex2007 (small blind) folded before Flop
Seat 4: Murere (big blind) collected ($0.09)
Seat 5: EvgenIB folded on the Flop
Seat 6: winterf351 folded before Flop (didn't bet)
Seat 7: Strdn folded before Flop (didn't bet)
Seat 8: EvgeniyVisus folded before Flop (didn't bet)


PokerStars Hand #228698887654:  Hold'em No Limit ($0.01/$0.02 USD) - 2021/07/30 23:37:01 PT [2021/07/31 2:37:01 ET]
Table 'Selinur II' 9-max Seat #1 is the button
Seat 1: paubranco13 ($1.52 in chips)
Seat 2: rsb.25 ($7.09 in chips)
Seat 3: Dorex2007 ($2.32 in chips)
Seat 5: EvgenIB ($1.57 in chips)
Seat 6: winterf351 ($0.65 in chips)
Seat 7: Strdn ($0.76 in chips)
Seat 8: EvgeniyVisus ($2 in chips)
rsb.25: posts small blind $0.01
Dorex2007: posts big blind $0.02
Murere: sits out
Hannelore900: sits out
*** HOLE CARDS ***
Dealt to Dorex2007 [2s Ts]
EvgenIB: raises $0.02 to $0.04
winterf351: folds
Strdn: folds
EvgeniyVisus: folds
paubranco13: folds
rsb.25: folds
Dorex2007: calls $0.02
*** FLOP *** [Th 3s 7c]
Dorex2007: checks
EvgenIB: bets $0.05
Dorex2007: raises $0.10 to $0.15
EvgenIB: folds
Uncalled bet ($0.10) returned to Dorex2007
Dorex2007 collected $0.18 from pot
Dorex2007: doesn't show hand
*** SUMMARY ***
Total pot $0.19 | Rake $0.01
Board [Th 3s 7c]
Seat 1: paubranco13 (button) folded before Flop (didn't bet)
Seat 2: rsb.25 (small blind) folded before Flop
Seat 3: Dorex2007 (big blind) collected ($0.18)
Seat 5: EvgenIB folded on the Flop
Seat 6: winterf351 folded before Flop (didn't bet)
Seat 7: Strdn folded before Flop (didn't bet)
Seat 8: EvgeniyVisus folded before Flop (didn't bet)


PokerStars Hand #228698885027:  Hold'em No Limit ($0.01/$0.02 USD) - 2021/07/30 23:36:44 PT [2021/07/31 2:36:44 ET]
Table 'Selinur II' 9-max Seat #8 is the button
Seat 1: paubranco13 ($1.53 in chips)
Seat 2: rsb.25 ($7.11 in chips)
Seat 3: Dorex2007 ($2.32 in chips)
Seat 5: EvgenIB ($1.54 in chips)
Seat 6: winterf351 ($0.65 in chips)
Seat 7: Strdn ($0.76 in chips)
Seat 8: EvgeniyVisus ($2 in chips)
paubranco13: posts small blind $0.01
rsb.25: posts big blind $0.02
Murere: sits out
*** HOLE CARDS ***
Dealt to Dorex2007 [Tc 4d]
Dorex2007: folds
EvgenIB: raises $0.04 to $0.06
winterf351: folds
Strdn: folds
EvgeniyVisus: folds
paubranco13: folds
Hannelore900 joins the table at seat #9
rsb.25: folds
Uncalled bet ($0.04) returned to EvgenIB
EvgenIB collected $0.05 from pot
EvgenIB: doesn't show hand
*** SUMMARY ***
Total pot $0.05 | Rake $0
Seat 1: paubranco13 (small blind) folded before Flop
Seat 2: rsb.25 (big blind) folded before Flop
Seat 3: Dorex2007 folded before Flop (didn't bet)
Seat 5: EvgenIB collected ($0.05)
Seat 6: winterf351 folded before Flop (didn't bet)
Seat 7: Strdn folded before Flop (didn't bet)
Seat 8: EvgeniyVisus (button) folded before Flop (didn't bet)


PokerStars Hand #228698873523:  Hold'em No Limit ($0.01/$0.02 USD) - 2021/07/30 23:35:29 PT [2021/07/31 2:35:29 ET]
Table 'Selinur II' 9-max Seat #7 is the button
Seat 1: paubranco13 ($1.40 in chips)
Seat 2: rsb.25 ($7.11 in chips)
Seat 3: Dorex2007 ($2.32 in chips)
Seat 4: Bossplayer32 ($2.83 in chips)
Seat 5: EvgenIB ($1.54 in chips)
Seat 6: winterf351 ($0.65 in chips)
Seat 7: Strdn ($0.89 in chips)
Seat 8: EvgeniyVisus ($2 in chips)
EvgeniyVisus: posts small blind $0.01
paubranco13: posts big blind $0.02
*** HOLE CARDS ***
Dealt to Dorex2007 [6c Qd]
rsb.25: folds
Dorex2007: folds
Bossplayer32: folds
Bossplayer32 leaves the table
EvgenIB: folds
winterf351: folds
Strdn: raises $0.04 to $0.06
EvgeniyVisus: folds
Murere joins the table at seat #4
paubranco13: calls $0.04
*** FLOP *** [Td Ks 7d]
paubranco13: checks
Strdn: bets $0.07
paubranco13: calls $0.07
*** TURN *** [Td Ks 7d] [7s]
paubranco13: checks
Strdn: checks
*** RIVER *** [Td Ks 7d 7s] [7h]
paubranco13: bets $0.26
Strdn: folds
Uncalled bet ($0.26) returned to paubranco13
paubranco13 collected $0.26 from pot
fjmuller leaves the table
*** SUMMARY ***
Total pot $0.27 | Rake $0.01
Board [Td Ks 7d 7s 7h]
Seat 1: paubranco13 (big blind) collected ($0.26)
Seat 2: rsb.25 folded before Flop (didn't bet)
Seat 3: Dorex2007 folded before Flop (didn't bet)
Seat 4: Bossplayer32 folded before Flop (didn't bet)
Seat 5: EvgenIB folded before Flop (didn't bet)
Seat 6: winterf351 folded before Flop (didn't bet)
Seat 7: Strdn (button) folded on the River
Seat 8: EvgeniyVisus (small blind) folded before Flop


PokerStars Hand #228698871144:  Hold'em No Limit ($0.01/$0.02 USD) - 2021/07/30 23:35:13 PT [2021/07/31 2:35:13 ET]
Table 'Selinur II' 9-max Seat #6 is the button
Seat 1: paubranco13 ($1.40 in chips)
Seat 2: rsb.25 ($7.11 in chips)
Seat 3: Dorex2007 ($2.32 in chips)
Seat 4: Bossplayer32 ($2.80 in chips)
Seat 5: EvgenIB ($1.54 in chips)
Seat 6: winterf351 ($0.65 in chips)
Seat 7: Strdn ($0.90 in chips)
Seat 8: EvgeniyVisus ($2 in chips)
Strdn: posts small blind $0.01
EvgeniyVisus: posts big blind $0.02
*** HOLE CARDS ***
Dealt to Dorex2007 [4h 9s]
paubranco13: folds
rsb.25: folds
Dorex2007: folds
Bossplayer32: raises $0.04 to $0.06
EvgenIB: folds
winterf351: folds
Strdn: folds
EvgeniyVisus: folds
Uncalled bet ($0.04) returned to Bossplayer32
Bossplayer32 collected $0.05 from pot
Bossplayer32: doesn't show hand
*** SUMMARY ***
Total pot $0.05 | Rake $0
Seat 1: paubranco13 folded before Flop (didn't bet)
Seat 2: rsb.25 folded before Flop (didn't bet)
Seat 3: Dorex2007 folded before Flop (didn't bet)
Seat 4: Bossplayer32 collected ($0.05)
Seat 5: EvgenIB folded before Flop (didn't bet)
Seat 6: winterf351 (button) folded before Flop (didn't bet)
Seat 7: Strdn (small blind) folded before Flop
Seat 8: EvgeniyVisus (big blind) folded before Flop


PokerStars Hand #228698866612:  Hold'em No Limit ($0.01/$0.02 USD) - 2021/07/30 23:34:44 PT [2021/07/31 2:34:44 ET]
Table 'Selinur II' 9-max Seat #5 is the button
Seat 1: paubranco13 ($1.40 in chips)
Seat 2: rsb.25 ($7.11 in chips)
Seat 3: Dorex2007 ($2.32 in chips)
Seat 4: Bossplayer32 ($2.86 in chips)
Seat 5: EvgenIB ($1.46 in chips)
Seat 6: winterf351 ($0.66 in chips)
Seat 7: Strdn ($0.92 in chips)
Seat 8: EvgeniyVisus ($2 in chips)
winterf351: posts small blind $0.01
Strdn: posts big blind $0.02
*** HOLE CARDS ***
Dealt to Dorex2007 [Jc 8h]
EvgeniyVisus: folds
paubranco13: folds
rsb.25: folds
Dorex2007: folds
Bossplayer32: calls $0.02
EvgenIB: raises $0.04 to $0.06
winterf351: folds
Strdn: folds
Bossplayer32: calls $0.04
*** FLOP *** [Ts 5d Kd]
Bossplayer32: checks
EvgenIB: bets $0.07
Bossplayer32: folds
Uncalled bet ($0.07) returned to EvgenIB
EvgenIB collected $0.14 from pot
EvgenIB: doesn't show hand
*** SUMMARY ***
Total pot $0.15 | Rake $0.01
Board [Ts 5d Kd]
Seat 1: paubranco13 folded before Flop (didn't bet)
Seat 2: rsb.25 folded before Flop (didn't bet)
Seat 3: Dorex2007 folded before Flop (didn't bet)
Seat 4: Bossplayer32 folded on the Flop
Seat 5: EvgenIB (button) collected ($0.14)
Seat 6: winterf351 (small blind) folded before Flop
Seat 7: Strdn (big blind) folded before Flop
Seat 8: EvgeniyVisus folded before Flop (didn't bet)


PokerStars Hand #228698862247:  Hold'em No Limit ($0.01/$0.02 USD) - 2021/07/30 23:34:15 PT [2021/07/31 2:34:15 ET]
Table 'Selinur II' 9-max Seat #4 is the button
Seat 1: paubranco13 ($1.40 in chips)
Seat 2: rsb.25 ($7.11 in chips)
Seat 3: Dorex2007 ($2.32 in chips)
Seat 4: Bossplayer32 ($2.86 in chips)
Seat 5: EvgenIB ($1.58 in chips)
Seat 6: winterf351 ($0.55 in chips)
Seat 7: Strdn ($0.92 in chips)
Seat 8: EvgeniyVisus ($2 in chips)
EvgenIB: posts small blind $0.01
winterf351: posts big blind $0.02
*** HOLE CARDS ***
Dealt to Dorex2007 [Js 5h]
Strdn: folds
EvgeniyVisus: folds
paubranco13: folds
rsb.25: folds
Dorex2007: folds
Bossplayer32: folds
EvgenIB: raises $0.04 to $0.06
winterf351: calls $0.04
*** FLOP *** [As Ts 4s]
EvgenIB: bets $0.06
winterf351: raises $0.43 to $0.49 and is all-in
EvgenIB: folds
Uncalled bet ($0.43) returned to winterf351
winterf351 collected $0.23 from pot
*** SUMMARY ***
Total pot $0.24 | Rake $0.01
Board [As Ts 4s]
Seat 1: paubranco13 folded before Flop (didn't bet)
Seat 2: rsb.25 folded before Flop (didn't bet)
Seat 3: Dorex2007 folded before Flop (didn't bet)
Seat 4: Bossplayer32 (button) folded before Flop (didn't bet)
Seat 5: EvgenIB (small blind) folded on the Flop
Seat 6: winterf351 (big blind) collected ($0.23)
Seat 7: Strdn folded before Flop (didn't bet)
Seat 8: EvgeniyVisus folded before Flop (didn't bet)


PokerStars Hand #228698857726:  Hold'em No Limit ($0.01/$0.02 USD) - 2021/07/30 23:33:46 PT [2021/07/31 2:33:46 ET]
Table 'Selinur II' 9-max Seat #3 is the button
Seat 1: paubranco13 ($1.37 in chips)
Seat 2: rsb.25 ($7.11 in chips)
Seat 3: Dorex2007 ($2.32 in chips)
Seat 4: Bossplayer32 ($2.87 in chips)
Seat 5: EvgenIB ($1.60 in chips)
Seat 6: winterf351 ($0.55 in chips)
Seat 7: Strdn ($0.92 in chips)
Seat 8: EvgeniyVisus ($2 in chips)
Bossplayer32: posts small blind $0.01
EvgenIB: posts big blind $0.02
*** HOLE CARDS ***
Dealt to Dorex2007 [5d Ac]
winterf351: folds
Strdn: folds
EvgeniyVisus: folds
paubranco13: calls $0.02
rsb.25: folds
Dorex2007: folds
Bossplayer32: folds
EvgenIB: checks
*** FLOP *** [7h 6d Ts]
EvgenIB: checks
paubranco13: bets $0.02
EvgenIB: folds
Uncalled bet ($0.02) returned to paubranco13
paubranco13 collected $0.05 from pot
*** SUMMARY ***
Total pot $0.05 | Rake $0
Board [7h 6d Ts]
Seat 1: paubranco13 collected ($0.05)
Seat 2: rsb.25 folded before Flop (didn't bet)
Seat 3: Dorex2007 (button) folded before Flop (didn't bet)
Seat 4: Bossplayer32 (small blind) folded before Flop
Seat 5: EvgenIB (big blind) folded on the Flop
Seat 6: winterf351 folded before Flop (didn't bet)
Seat 7: Strdn folded before Flop (didn't bet)
Seat 8: EvgeniyVisus folded before Flop (didn't bet)


PokerStars Hand #228698849095:  Hold'em No Limit ($0.01/$0.02 USD) - 2021/07/30 23:32:50 PT [2021/07/31 2:32:50 ET]
Table 'Selinur II' 9-max Seat #2 is the button
Seat 1: paubranco13 ($1.07 in chips)
Seat 2: rsb.25 ($7.11 in chips)
Seat 3: Dorex2007 ($2.33 in chips)
Seat 4: Bossplayer32 ($2.89 in chips)
Seat 6: winterf351 ($0.84 in chips)
Seat 7: Strdn ($0.92 in chips)
Seat 8: EvgeniyVisus ($2 in chips)
Dorex2007: posts small blind $0.01
Bossplayer32: posts big blind $0.02
EvgenIB: sits out
*** HOLE CARDS ***
Dealt to Dorex2007 [Ts 4d]
winterf351: calls $0.02
Strdn: folds
EvgeniyVisus: folds
paubranco13: raises $0.07 to $0.09
rsb.25: folds
Dorex2007: folds
Bossplayer32: folds
winterf351: calls $0.07
*** FLOP *** [4h 8s 5d]
winterf351: bets $0.20
paubranco13: calls $0.20
*** TURN *** [4h 8s 5d] [Kd]
winterf351: checks
paubranco13: checks
*** RIVER *** [4h 8s 5d Kd] [Qs]
winterf351: checks
paubranco13: bets $0.59
winterf351: folds
Uncalled bet ($0.59) returned to paubranco13
paubranco13 collected $0.59 from pot
*** SUMMARY ***
Total pot $0.61 | Rake $0.02
Board [4h 8s 5d Kd Qs]
Seat 1: paubranco13 collected ($0.59)
Seat 2: rsb.25 (button) folded before Flop (didn't bet)
Seat 3: Dorex2007 (small blind) folded before Flop
Seat 4: Bossplayer32 (big blind) folded before Flop
Seat 6: winterf351 folded on the River
Seat 7: Strdn folded before Flop (didn't bet)
Seat 8: EvgeniyVisus folded before Flop (didn't bet)


PokerStars Hand #228698842139:  Hold'em No Limit ($0.01/$0.02 USD) - 2021/07/30 23:32:05 PT [2021/07/31 2:32:05 ET]
Table 'Selinur II' 9-max Seat #1 is the button
Seat 1: paubranco13 ($1.07 in chips)
Seat 2: rsb.25 ($7.07 in chips)
Seat 3: Dorex2007 ($2.35 in chips)
Seat 4: Bossplayer32 ($2.89 in chips)
Seat 6: winterf351 ($0.86 in chips)
Seat 7: Strdn ($0.92 in chips)
Seat 8: EvgeniyVisus ($2 in chips)
rsb.25: posts small blind $0.01
Dorex2007: posts big blind $0.02
EvgenIB: sits out
*** HOLE CARDS ***
Dealt to Dorex2007 [3s 9s]
Bossplayer32: folds
winterf351: calls $0.02
Strdn: folds
EvgeniyVisus: folds
paubranco13: folds
rsb.25: calls $0.01
Dorex2007: checks
*** FLOP *** [2d Qs Kd]
rsb.25: checks
Dorex2007: checks
winterf351: checks
*** TURN *** [2d Qs Kd] [Ah]
rsb.25: checks
Dorex2007: checks
winterf351: checks
*** RIVER *** [2d Qs Kd Ah] [Jd]
rsb.25: bets $0.06
Dorex2007: folds
winterf351: folds
Uncalled bet ($0.06) returned to rsb.25
rsb.25 collected $0.06 from pot
rsb.25: doesn't show hand
*** SUMMARY ***
Total pot $0.06 | Rake $0
Board [2d Qs Kd Ah Jd]
Seat 1: paubranco13 (button) folded before Flop (didn't bet)
Seat 2: rsb.25 (small blind) collected ($0.06)
Seat 3: Dorex2007 (big blind) folded on the River
Seat 4: Bossplayer32 folded before Flop (didn't bet)
Seat 6: winterf351 folded on the River
Seat 7: Strdn folded before Flop (didn't bet)
Seat 8: EvgeniyVisus folded before Flop (didn't bet)


PokerStars Hand #228698832958:  Hold'em No Limit ($0.01/$0.02 USD) - 2021/07/30 23:31:06 PT [2021/07/31 2:31:06 ET]
Table 'Selinur II' 9-max Seat #8 is the button
Seat 1: paubranco13 ($1.09 in chips)
Seat 2: rsb.25 ($7.13 in chips)
Seat 3: Dorex2007 ($2.35 in chips)
Seat 4: Bossplayer32 ($2.89 in chips)
Seat 6: winterf351 ($0.78 in chips)
Seat 7: Strdn ($0.92 in chips)
Seat 8: EvgeniyVisus ($2 in chips)
paubranco13: posts small blind $0.01
rsb.25: posts big blind $0.02
EvgenIB: sits out
*** HOLE CARDS ***
Dealt to Dorex2007 [2h 5d]
Dorex2007: folds
Bossplayer32: folds
winterf351: calls $0.02
Strdn: folds
EvgeniyVisus: folds
paubranco13: calls $0.01
rsb.25: checks
*** FLOP *** [Ks 7d 5s]
paubranco13: checks
rsb.25: bets $0.04
winterf351: calls $0.04
paubranco13: folds
*** TURN *** [Ks 7d 5s] [8h]
rsb.25: checks
winterf351: checks
*** RIVER *** [Ks 7d 5s 8h] [Qs]
rsb.25: checks
winterf351: checks
*** SHOW DOWN ***
rsb.25: shows [4h 3h] (high card King)
winterf351: shows [9c 9s] (a pair of Nines)
winterf351 collected $0.14 from pot
*** SUMMARY ***
Total pot $0.14 | Rake $0
Board [Ks 7d 5s 8h Qs]
Seat 1: paubranco13 (small blind) folded on the Flop
Seat 2: rsb.25 (big blind) showed [4h 3h] and lost with high card King
Seat 3: Dorex2007 folded before Flop (didn't bet)
Seat 4: Bossplayer32 folded before Flop (didn't bet)
Seat 6: winterf351 showed [9c 9s] and won ($0.14) with a pair of Nines
Seat 7: Strdn folded before Flop (didn't bet)
Seat 8: EvgeniyVisus (button) folded before Flop (didn't bet)


PokerStars Hand #228698830723:  Hold'em No Limit ($0.01/$0.02 USD) - 2021/07/30 23:30:51 PT [2021/07/31 2:30:51 ET]
Table 'Selinur II' 9-max Seat #7 is the button
Seat 1: paubranco13 ($1.08 in chips)
Seat 2: rsb.25 ($7.13 in chips)
Seat 3: Dorex2007 ($2.35 in chips)
Seat 4: Bossplayer32 ($2.89 in chips)
Seat 6: winterf351 ($0.78 in chips)
Seat 7: Strdn ($0.92 in chips)
Seat 8: EvgeniyVisus ($2 in chips)
EvgeniyVisus: posts small blind $0.01
paubranco13: posts big blind $0.02
EvgenIB: sits out
*** HOLE CARDS ***
Dealt to Dorex2007 [Jc 6h]
rsb.25: folds
Dorex2007: folds
Bossplayer32: folds
winterf351: folds
Strdn: folds
EvgeniyVisus: folds
Uncalled bet ($0.01) returned to paubranco13
paubranco13 collected $0.02 from pot
*** SUMMARY ***
Total pot $0.02 | Rake $0
Seat 1: paubranco13 (big blind) collected ($0.02)
Seat 2: rsb.25 folded before Flop (didn't bet)
Seat 3: Dorex2007 folded before Flop (didn't bet)
Seat 4: Bossplayer32 folded before Flop (didn't bet)
Seat 6: winterf351 folded before Flop (didn't bet)
Seat 7: Strdn (button) folded before Flop (didn't bet)
Seat 8: EvgeniyVisus (small blind) folded before Flop


PokerStars Hand #228698825568:  Hold'em No Limit ($0.01/$0.02 USD) - 2021/07/30 23:30:18 PT [2021/07/31 2:30:18 ET]
Table 'Selinur II' 9-max Seat #6 is the button
Seat 1: paubranco13 ($1.05 in chips)
Seat 2: rsb.25 ($7.13 in chips)
Seat 3: Dorex2007 ($2.35 in chips)
Seat 4: Bossplayer32 ($2.89 in chips)
Seat 6: winterf351 ($0.78 in chips)
Seat 7: Strdn ($0.93 in chips)
Seat 8: EvgeniyVisus ($2 in chips)
Strdn: posts small blind $0.01
EvgeniyVisus: posts big blind $0.02
EvgenIB: sits out
*** HOLE CARDS ***
Dealt to Dorex2007 [Qc 9d]
paubranco13: calls $0.02
rsb.25: folds
Dorex2007: folds
Bossplayer32: folds
winterf351: folds
Strdn: folds
EvgeniyVisus: checks
*** FLOP *** [2s Ac 8d]
EvgeniyVisus: checks
paubranco13: checks
*** TURN *** [2s Ac 8d] [Kd]
EvgeniyVisus: checks
paubranco13: checks
*** RIVER *** [2s Ac 8d Kd] [5s]
EvgeniyVisus: checks
paubranco13: checks
*** SHOW DOWN ***
EvgeniyVisus: shows [Tc 4d] (high card Ace)
paubranco13: shows [Qs Td] (high card Ace - King+Queen kicker)
paubranco13 collected $0.05 from pot
*** SUMMARY ***
Total pot $0.05 | Rake $0
Board [2s Ac 8d Kd 5s]
Seat 1: paubranco13 showed [Qs Td] and won ($0.05) with high card Ace
Seat 2: rsb.25 folded before Flop (didn't bet)
Seat 3: Dorex2007 folded before Flop (didn't bet)
Seat 4: Bossplayer32 folded before Flop (didn't bet)
Seat 6: winterf351 (button) folded before Flop (didn't bet)
Seat 7: Strdn (small blind) folded before Flop
Seat 8: EvgeniyVisus (big blind) showed [Tc 4d] and lost with high card Ace


PokerStars Hand #228698818339:  Hold'em No Limit ($0.01/$0.02 USD) - 2021/07/30 23:29:32 PT [2021/07/31 2:29:32 ET]
Table 'Selinur II' 9-max Seat #4 is the button
Seat 1: paubranco13 ($1.05 in chips)
Seat 2: rsb.25 ($6.95 in chips)
Seat 3: Dorex2007 ($2.51 in chips)
Seat 4: Bossplayer32 ($2.89 in chips)
Seat 6: winterf351 ($0.79 in chips)
Seat 7: Strdn ($0.95 in chips)
Seat 8: EvgeniyVisus ($2 in chips)
winterf351: posts small blind $0.01
Strdn: posts big blind $0.02
*** HOLE CARDS ***
Dealt to Dorex2007 [Ah Qs]
EvgeniyVisus: folds
paubranco13: folds
rsb.25: raises $0.02 to $0.04
Dorex2007: calls $0.04
Bossplayer32: folds
winterf351: folds
Strdn: folds
*** FLOP *** [4d Kc 2d]
EvgenIB joins the table at seat #5
rsb.25: checks
Dorex2007: checks
*** TURN *** [4d Kc 2d] [Ad]
rsb.25: bets $0.06
Dorex2007: calls $0.06
*** RIVER *** [4d Kc 2d Ad] [8h]
rsb.25: bets $0.06
Dorex2007: calls $0.06
*** SHOW DOWN ***
rsb.25: shows [2s Ks] (two pair, Kings and Deuces)
Dorex2007: mucks hand
rsb.25 collected $0.34 from pot
*** SUMMARY ***
Total pot $0.35 | Rake $0.01
Board [4d Kc 2d Ad 8h]
Seat 1: paubranco13 folded before Flop (didn't bet)
Seat 2: rsb.25 showed [2s Ks] and won ($0.34) with two pair, Kings and Deuces
Seat 3: Dorex2007 mucked [Ah Qs]
Seat 4: Bossplayer32 (button) folded before Flop (didn't bet)
Seat 6: winterf351 (small blind) folded before Flop
Seat 7: Strdn (big blind) folded before Flop
Seat 8: EvgeniyVisus folded before Flop (didn't bet)


PokerStars Hand #228698812202:  Hold'em No Limit ($0.01/$0.02 USD) - 2021/07/30 23:28:53 PT [2021/07/31 2:28:53 ET]
Table 'Selinur II' 9-max Seat #3 is the button
Seat 2: rsb.25 ($6.95 in chips)
Seat 3: Dorex2007 ($2.46 in chips)
Seat 4: Bossplayer32 ($2.90 in chips)
Seat 6: winterf351 ($0.83 in chips)
Seat 7: Strdn ($0.95 in chips)
Seat 8: EvgeniyVisus ($2 in chips)
Bossplayer32: posts small blind $0.01
winterf351: posts big blind $0.02
*** HOLE CARDS ***
Dealt to Dorex2007 [Ac 7c]
Strdn: folds
EvgeniyVisus: folds
rsb.25: folds
Dorex2007: raises $0.02 to $0.04
Bossplayer32: folds
winterf351: calls $0.02
*** FLOP *** [Td Kc 8d]
winterf351: checks
Dorex2007: bets $0.09
winterf351: folds
Uncalled bet ($0.09) returned to Dorex2007
Dorex2007 collected $0.09 from pot
Dorex2007: doesn't show hand
*** SUMMARY ***
Total pot $0.09 | Rake $0
Board [Td Kc 8d]
Seat 2: rsb.25 folded before Flop (didn't bet)
Seat 3: Dorex2007 (button) collected ($0.09)
Seat 4: Bossplayer32 (small blind) folded before Flop
Seat 6: winterf351 (big blind) folded on the Flop
Seat 7: Strdn folded before Flop (didn't bet)
Seat 8: EvgeniyVisus folded before Flop (didn't bet)


PokerStars Hand #228698805519:  Hold'em No Limit ($0.01/$0.02 USD) - 2021/07/30 23:28:09 PT [2021/07/31 2:28:09 ET]
Table 'Selinur II' 9-max Seat #2 is the button
Seat 1: paubranco13 ($1.05 in chips)
Seat 2: rsb.25 ($6.95 in chips)
Seat 3: Dorex2007 ($2.47 in chips)
Seat 4: Bossplayer32 ($2.92 in chips)
Seat 5: pvd44443 ($2.09 in chips)
Seat 6: winterf351 ($0.80 in chips)
Seat 7: Strdn ($0.95 in chips)
Seat 8: EvgeniyVisus ($2 in chips)
Dorex2007: posts small blind $0.01
Bossplayer32: posts big blind $0.02
*** HOLE CARDS ***
Dealt to Dorex2007 [3h 6c]
pvd44443: folds
pvd44443 leaves the table
winterf351: calls $0.02
Strdn: folds
EvgeniyVisus: folds
paubranco13 has timed out
paubranco13: folds
rsb.25: folds
Dorex2007: folds
Bossplayer32: checks
*** FLOP *** [Th 6h Ts]
Bossplayer32: checks
winterf351: bets $0.02
Bossplayer32: folds
Uncalled bet ($0.02) returned to winterf351
winterf351 collected $0.05 from pot
*** SUMMARY ***
Total pot $0.05 | Rake $0
Board [Th 6h Ts]
Seat 1: paubranco13 folded before Flop (didn't bet)
Seat 2: rsb.25 (button) folded before Flop (didn't bet)
Seat 3: Dorex2007 (small blind) folded before Flop
Seat 4: Bossplayer32 (big blind) folded on the Flop
Seat 5: pvd44443 folded before Flop (didn't bet)
Seat 6: winterf351 collected ($0.05)
Seat 7: Strdn folded before Flop (didn't bet)
Seat 8: EvgeniyVisus folded before Flop (didn't bet)


PokerStars Hand #228698801103:  Hold'em No Limit ($0.01/$0.02 USD) - 2021/07/30 23:27:40 PT [2021/07/31 2:27:40 ET]
Table 'Selinur II' 9-max Seat #1 is the button
Seat 1: paubranco13 ($1.05 in chips)
Seat 2: rsb.25 ($6.96 in chips)
Seat 3: Dorex2007 ($2.49 in chips)
Seat 4: Bossplayer32 ($2.98 in chips)
Seat 5: pvd44443 ($2 in chips)
Seat 6: winterf351 ($0.80 in chips)
Seat 7: Strdn ($0.95 in chips)
Seat 8: EvgeniyVisus ($2 in chips)
rsb.25: posts small blind $0.01
Dorex2007: posts big blind $0.02
*** HOLE CARDS ***
Dealt to Dorex2007 [2d 6d]
Bossplayer32: raises $0.04 to $0.06
pvd44443: raises $0.18 to $0.24
winterf351: folds
Strdn: folds
EvgeniyVisus: folds
paubranco13: folds
rsb.25: folds
Dorex2007: folds
Bossplayer32: folds
Uncalled bet ($0.18) returned to pvd44443
pvd44443 collected $0.15 from pot
*** SUMMARY ***
Total pot $0.15 | Rake $0
Seat 1: paubranco13 (button) folded before Flop (didn't bet)
Seat 2: rsb.25 (small blind) folded before Flop
Seat 3: Dorex2007 (big blind) folded before Flop
Seat 4: Bossplayer32 folded before Flop
Seat 5: pvd44443 collected ($0.15)
Seat 6: winterf351 folded before Flop (didn't bet)
Seat 7: Strdn folded before Flop (didn't bet)
Seat 8: EvgeniyVisus folded before Flop (didn't bet)


PokerStars Hand #228698795774:  Hold'em No Limit ($0.01/$0.02 USD) - 2021/07/30 23:27:06 PT [2021/07/31 2:27:06 ET]
Table 'Selinur II' 9-max Seat #8 is the button
Seat 1: paubranco13 ($1.03 in chips)
Seat 2: rsb.25 ($6.98 in chips)
Seat 3: Dorex2007 ($2.49 in chips)
Seat 4: Bossplayer32 ($2.98 in chips)
Seat 5: pvd44443 ($2 in chips)
Seat 6: winterf351 ($0.80 in chips)
Seat 7: Strdn ($0.95 in chips)
Seat 8: EvgeniyVisus ($2 in chips)
paubranco13: posts small blind $0.01
rsb.25: posts big blind $0.02
*** HOLE CARDS ***
Dealt to Dorex2007 [Js Qd]
Dorex2007: folds
Bossplayer32: folds
pvd44443 has timed out
pvd44443: folds
winterf351: folds
Strdn: folds
EvgeniyVisus: folds
paubranco13: calls $0.01
rsb.25: checks
*** FLOP *** [3c Qh 9h]
paubranco13: bets $0.02
rsb.25: folds
Uncalled bet ($0.02) returned to paubranco13
paubranco13 collected $0.04 from pot
*** SUMMARY ***
Total pot $0.04 | Rake $0
Board [3c Qh 9h]
Seat 1: paubranco13 (small blind) collected ($0.04)
Seat 2: rsb.25 (big blind) folded on the Flop
Seat 3: Dorex2007 folded before Flop (didn't bet)
Seat 4: Bossplayer32 folded before Flop (didn't bet)
Seat 5: pvd44443 folded before Flop (didn't bet)
Seat 6: winterf351 folded before Flop (didn't bet)
Seat 7: Strdn folded before Flop (didn't bet)
Seat 8: EvgeniyVisus (button) folded before Flop (didn't bet)


PokerStars Hand #228698786519:  Hold'em No Limit ($0.01/$0.02 USD) - 2021/07/30 23:26:06 PT [2021/07/31 2:26:06 ET]
Table 'Selinur II' 9-max Seat #7 is the button
Seat 1: paubranco13 ($0.80 in chips)
Seat 2: rsb.25 ($6.98 in chips)
Seat 3: Dorex2007 ($2.49 in chips)
Seat 4: Bossplayer32 ($2.98 in chips)
Seat 5: pvd44443 ($2 in chips)
Seat 6: winterf351 ($0.80 in chips)
Seat 7: Strdn ($0.95 in chips)
Seat 8: EvgeniyVisus ($2.05 in chips)
EvgeniyVisus: posts small blind $0.01
paubranco13: posts big blind $0.02
*** HOLE CARDS ***
Dealt to Dorex2007 [4c 6s]
rsb.25: folds
Dorex2007: folds
Bossplayer32: folds
pvd44443: folds
winterf351: folds
Strdn: folds
EvgeniyVisus: raises $0.02 to $0.04
paubranco13: calls $0.02
*** FLOP *** [5s Qc Kd]
EvgeniyVisus: bets $0.04
paubranco13: calls $0.04
*** TURN *** [5s Qc Kd] [6d]
EvgeniyVisus: bets $0.08
paubranco13: calls $0.08
*** RIVER *** [5s Qc Kd 6d] [9s]
EvgeniyVisus: bets $0.09
paubranco13: raises $0.55 to $0.64 and is all-in
EvgeniyVisus: folds
Uncalled bet ($0.55) returned to paubranco13
paubranco13 collected $0.48 from pot
*** SUMMARY ***
Total pot $0.50 | Rake $0.02
Board [5s Qc Kd 6d 9s]
Seat 1: paubranco13 (big blind) collected ($0.48)
Seat 2: rsb.25 folded before Flop (didn't bet)
Seat 3: Dorex2007 folded before Flop (didn't bet)
Seat 4: Bossplayer32 folded before Flop (didn't bet)
Seat 5: pvd44443 folded before Flop (didn't bet)
Seat 6: winterf351 folded before Flop (didn't bet)
Seat 7: Strdn (button) folded before Flop (didn't bet)
Seat 8: EvgeniyVisus (small blind) folded on the River


PokerStars Hand #228698785343:  Hold'em No Limit ($0.01/$0.02 USD) - 2021/07/30 23:25:58 PT [2021/07/31 2:25:58 ET]
Table 'Selinur II' 9-max Seat #6 is the button
Seat 2: rsb.25 ($6.98 in chips)
Seat 3: Dorex2007 ($2.49 in chips)
Seat 4: Bossplayer32 ($2.98 in chips)
Seat 5: pvd44443 ($2 in chips)
Seat 6: winterf351 ($0.80 in chips)
Seat 7: Strdn ($0.96 in chips)
Seat 8: EvgeniyVisus ($2.04 in chips)
Strdn: posts small blind $0.01
EvgeniyVisus: posts big blind $0.02
paubranco13: sits out
*** HOLE CARDS ***
Dealt to Dorex2007 [6h As]
rsb.25: folds
Dorex2007: folds
Bossplayer32: folds
pvd44443: folds
winterf351: folds
Strdn: folds
Uncalled bet ($0.01) returned to EvgeniyVisus
EvgeniyVisus collected $0.02 from pot
EvgeniyVisus: doesn't show hand
*** SUMMARY ***
Total pot $0.02 | Rake $0
Seat 2: rsb.25 folded before Flop (didn't bet)
Seat 3: Dorex2007 folded before Flop (didn't bet)
Seat 4: Bossplayer32 folded before Flop (didn't bet)
Seat 5: pvd44443 folded before Flop (didn't bet)
Seat 6: winterf351 (button) folded before Flop (didn't bet)
Seat 7: Strdn (small blind) folded before Flop
Seat 8: EvgeniyVisus (big blind) collected ($0.02)


PokerStars Hand #228698782139:  Hold'em No Limit ($0.01/$0.02 USD) - 2021/07/30 23:25:38 PT [2021/07/31 2:25:38 ET]
Table 'Selinur II' 9-max Seat #5 is the button
Seat 2: rsb.25 ($6.98 in chips)
Seat 3: Dorex2007 ($2.49 in chips)
Seat 4: Bossplayer32 ($2.98 in chips)
Seat 5: pvd44443 ($2 in chips)
Seat 6: winterf351 ($0.81 in chips)
Seat 7: Strdn ($0.95 in chips)
Seat 8: EvgeniyVisus ($2.04 in chips)
winterf351: posts small blind $0.01
Strdn: posts big blind $0.02
paubranco13: sits out
*** HOLE CARDS ***
Dealt to Dorex2007 [2s Ts]
EvgeniyVisus: folds
rsb.25: folds
Dorex2007: folds
Bossplayer32: folds
pvd44443: folds
winterf351: folds
Uncalled bet ($0.01) returned to Strdn
Strdn collected $0.02 from pot
Strdn: doesn't show hand
*** SUMMARY ***
Total pot $0.02 | Rake $0
Seat 2: rsb.25 folded before Flop (didn't bet)
Seat 3: Dorex2007 folded before Flop (didn't bet)
Seat 4: Bossplayer32 folded before Flop (didn't bet)
Seat 5: pvd44443 (button) folded before Flop (didn't bet)
Seat 6: winterf351 (small blind) folded before Flop
Seat 7: Strdn (big blind) collected ($0.02)
Seat 8: EvgeniyVisus folded before Flop (didn't bet)


PokerStars Hand #228698780541:  Hold'em No Limit ($0.01/$0.02 USD) - 2021/07/30 23:25:27 PT [2021/07/31 2:25:27 ET]
Table 'Selinur II' 9-max Seat #4 is the button
Seat 2: rsb.25 ($6.98 in chips)
Seat 3: Dorex2007 ($2.49 in chips)
Seat 4: Bossplayer32 ($2.98 in chips)
Seat 5: pvd44443 ($2.01 in chips)
Seat 6: winterf351 ($0.80 in chips)
Seat 7: Strdn ($0.95 in chips)
Seat 8: EvgeniyVisus ($2.04 in chips)
pvd44443: posts small blind $0.01
winterf351: posts big blind $0.02
*** HOLE CARDS ***
Dealt to Dorex2007 [4d Ts]
Strdn: folds
paubranco13 joins the table at seat #1
EvgeniyVisus: folds
rsb.25: folds
Dorex2007: folds
Bossplayer32: folds
pvd44443: folds
Uncalled bet ($0.01) returned to winterf351
winterf351 collected $0.02 from pot
*** SUMMARY ***
Total pot $0.02 | Rake $0
Seat 2: rsb.25 folded before Flop (didn't bet)
Seat 3: Dorex2007 folded before Flop (didn't bet)
Seat 4: Bossplayer32 (button) folded before Flop (didn't bet)
Seat 5: pvd44443 (small blind) folded before Flop
Seat 6: winterf351 (big blind) collected ($0.02)
Seat 7: Strdn folded before Flop (didn't bet)
Seat 8: EvgeniyVisus folded before Flop (didn't bet)


PokerStars Hand #228698776944:  Hold'em No Limit ($0.01/$0.02 USD) - 2021/07/30 23:25:03 PT [2021/07/31 2:25:03 ET]
Table 'Selinur II' 9-max Seat #3 is the button
Seat 2: rsb.25 ($6.98 in chips)
Seat 3: Dorex2007 ($2.49 in chips)
Seat 4: Bossplayer32 ($2.99 in chips)
Seat 5: pvd44443 ($2 in chips)
Seat 6: winterf351 ($0.80 in chips)
Seat 7: Strdn ($0.95 in chips)
Seat 8: EvgeniyVisus ($2.04 in chips)
Bossplayer32: posts small blind $0.01
pvd44443: posts big blind $0.02
*** HOLE CARDS ***
Dealt to Dorex2007 [7d 6d]
winterf351: folds
Strdn: folds
EvgeniyVisus: folds
rsb.25: folds
Dorex2007: folds
Bossplayer32: folds
Uncalled bet ($0.01) returned to pvd44443
pvd44443 collected $0.02 from pot
*** SUMMARY ***
Total pot $0.02 | Rake $0
Seat 2: rsb.25 folded before Flop (didn't bet)
Seat 3: Dorex2007 (button) folded before Flop (didn't bet)
Seat 4: Bossplayer32 (small blind) folded before Flop
Seat 5: pvd44443 (big blind) collected ($0.02)
Seat 6: winterf351 folded before Flop (didn't bet)
Seat 7: Strdn folded before Flop (didn't bet)
Seat 8: EvgeniyVisus folded before Flop (didn't bet)


PokerStars Hand #228698773908:  Hold'em No Limit ($0.01/$0.02 USD) - 2021/07/30 23:24:43 PT [2021/07/31 2:24:43 ET]
Table 'Selinur II' 9-max Seat #2 is the button
Seat 2: rsb.25 ($6.98 in chips)
Seat 3: Dorex2007 ($2.50 in chips)
Seat 4: Bossplayer32 ($2.98 in chips)
Seat 5: pvd44443 ($1.76 in chips)
Seat 6: winterf351 ($0.80 in chips)
Seat 7: Strdn ($0.95 in chips)
Seat 8: EvgeniyVisus ($2.04 in chips)
Dorex2007: posts small blind $0.01
Bossplayer32: posts big blind $0.02
*** HOLE CARDS ***
Dealt to Dorex2007 [Jd 2s]
pvd44443: folds
winterf351: folds
Strdn: folds
EvgeniyVisus: folds
rsb.25: folds
Dorex2007: folds
Uncalled bet ($0.01) returned to Bossplayer32
Bossplayer32 collected $0.02 from pot
Bossplayer32: doesn't show hand
*** SUMMARY ***
Total pot $0.02 | Rake $0
Seat 2: rsb.25 (button) folded before Flop (didn't bet)
Seat 3: Dorex2007 (small blind) folded before Flop
Seat 4: Bossplayer32 (big blind) collected ($0.02)
Seat 5: pvd44443 folded before Flop (didn't bet)
Seat 6: winterf351 folded before Flop (didn't bet)
Seat 7: Strdn folded before Flop (didn't bet)
Seat 8: EvgeniyVisus folded before Flop (didn't bet)


PokerStars Hand #228698765252:  Hold'em No Limit ($0.01/$0.02 USD) - 2021/07/30 23:23:47 PT [2021/07/31 2:23:47 ET]
Table 'Selinur II' 9-max Seat #8 is the button
Seat 2: rsb.25 ($6.71 in chips)
Seat 3: Dorex2007 ($2.52 in chips)
Seat 4: Bossplayer32 ($2.98 in chips)
Seat 5: pvd44443 ($2.03 in chips)
Seat 6: winterf351 ($0.80 in chips)
Seat 7: Strdn ($0.95 in chips)
Seat 8: EvgeniyVisus ($2.04 in chips)
rsb.25: posts small blind $0.01
Dorex2007: posts big blind $0.02
*** HOLE CARDS ***
Dealt to Dorex2007 [9s 6s]
Bossplayer32: folds
pvd44443: raises $0.04 to $0.06
winterf351: folds
Strdn: folds
EvgeniyVisus: folds
rsb.25: calls $0.05
Dorex2007: folds
*** FLOP *** [6d Ah Kd]
rsb.25: checks
pvd44443: bets $0.07
rsb.25: calls $0.07
*** TURN *** [6d Ah Kd] [Th]
rsb.25: checks
pvd44443: bets $0.14
rsb.25: calls $0.14
*** RIVER *** [6d Ah Kd Th] [Tc]
rsb.25: bets $0.12
pvd44443: folds
Uncalled bet ($0.12) returned to rsb.25
rsb.25 collected $0.54 from pot
rsb.25: doesn't show hand
*** SUMMARY ***
Total pot $0.56 | Rake $0.02
Board [6d Ah Kd Th Tc]
Seat 2: rsb.25 (small blind) collected ($0.54)
Seat 3: Dorex2007 (big blind) folded before Flop
Seat 4: Bossplayer32 folded before Flop (didn't bet)
Seat 5: pvd44443 folded on the River
Seat 6: winterf351 folded before Flop (didn't bet)
Seat 7: Strdn folded before Flop (didn't bet)
Seat 8: EvgeniyVisus (button) folded before Flop (didn't bet)


PokerStars Hand #228698762631:  Hold'em No Limit ($0.01/$0.02 USD) - 2021/07/30 23:23:30 PT [2021/07/31 2:23:30 ET]
Table 'Selinur II' 9-max Seat #7 is the button
Seat 2: rsb.25 ($6.70 in chips)
Seat 3: Dorex2007 ($2.52 in chips)
Seat 4: Bossplayer32 ($2.98 in chips)
Seat 5: pvd44443 ($2.03 in chips)
Seat 6: winterf351 ($0.80 in chips)
Seat 7: Strdn ($0.95 in chips)
Seat 8: EvgeniyVisus ($2.05 in chips)
EvgeniyVisus: posts small blind $0.01
rsb.25: posts big blind $0.02
*** HOLE CARDS ***
Dealt to Dorex2007 [9h Ts]
Dorex2007: folds
Bossplayer32: folds
pvd44443: folds
winterf351: folds
Strdn: folds
EvgeniyVisus: folds
Uncalled bet ($0.01) returned to rsb.25
rsb.25 collected $0.02 from pot
rsb.25: doesn't show hand
*** SUMMARY ***
Total pot $0.02 | Rake $0
Seat 2: rsb.25 (big blind) collected ($0.02)
Seat 3: Dorex2007 folded before Flop (didn't bet)
Seat 4: Bossplayer32 folded before Flop (didn't bet)
Seat 5: pvd44443 folded before Flop (didn't bet)
Seat 6: winterf351 folded before Flop (didn't bet)
Seat 7: Strdn (button) folded before Flop (didn't bet)
Seat 8: EvgeniyVisus (small blind) folded before Flop


PokerStars Hand #228698755369:  Hold'em No Limit ($0.01/$0.02 USD) - 2021/07/30 23:22:43 PT [2021/07/31 2:22:43 ET]
Table 'Selinur II' 9-max Seat #6 is the button
Seat 2: rsb.25 ($6.70 in chips)
Seat 3: Dorex2007 ($2.54 in chips)
Seat 4: Bossplayer32 ($2.98 in chips)
Seat 5: pvd44443 ($2.03 in chips)
Seat 6: winterf351 ($0.80 in chips)
Seat 7: Strdn ($0.96 in chips)
Seat 8: EvgeniyVisus ($2 in chips)
Seat 9: fjmuller ($1.14 in chips)
Strdn: posts small blind $0.01
EvgeniyVisus: posts big blind $0.02
*** HOLE CARDS ***
Dealt to Dorex2007 [Ad Jh]
fjmuller: calls $0.02
rsb.25: folds
Dorex2007: calls $0.02
Bossplayer32: folds
pvd44443: folds
winterf351: folds
Strdn: folds
EvgeniyVisus: checks
*** FLOP *** [3h Ks 5h]
EvgeniyVisus: checks
fjmuller: checks
Dorex2007: checks
*** TURN *** [3h Ks 5h] [9c]
EvgeniyVisus: bets $0.02
fjmuller: folds
Dorex2007: folds
Uncalled bet ($0.02) returned to EvgeniyVisus
EvgeniyVisus collected $0.07 from pot
EvgeniyVisus: doesn't show hand
*** SUMMARY ***
Total pot $0.07 | Rake $0
Board [3h Ks 5h 9c]
Seat 2: rsb.25 folded before Flop (didn't bet)
Seat 3: Dorex2007 folded on the Turn
Seat 4: Bossplayer32 folded before Flop (didn't bet)
Seat 5: pvd44443 folded before Flop (didn't bet)
Seat 6: winterf351 (button) folded before Flop (didn't bet)
Seat 7: Strdn (small blind) folded before Flop
Seat 8: EvgeniyVisus (big blind) collected ($0.07)
Seat 9: fjmuller folded on the Turn


PokerStars Hand #228698747746:  Hold'em No Limit ($0.01/$0.02 USD) - 2021/07/30 23:21:53 PT [2021/07/31 2:21:53 ET]
Table 'Selinur II' 9-max Seat #5 is the button
Seat 1: aa9757 ($0.83 in chips)
Seat 2: rsb.25 ($6.70 in chips)
Seat 3: Dorex2007 ($2.54 in chips)
Seat 4: Bossplayer32 ($2.98 in chips)
Seat 5: pvd44443 ($2.03 in chips)
Seat 6: winterf351 ($0.84 in chips)
Seat 7: Strdn ($0.92 in chips)
Seat 8: EvgeniyVisus ($2 in chips)
Seat 9: fjmuller ($1.14 in chips)
winterf351: posts small blind $0.01
Strdn: posts big blind $0.02
*** HOLE CARDS ***
Dealt to Dorex2007 [3c 2h]
EvgeniyVisus: folds
fjmuller: folds
aa9757: folds
rsb.25: folds
Dorex2007: folds
Bossplayer32: folds
pvd44443: folds
winterf351: calls $0.01
aa9757 leaves the table
Strdn: checks
*** FLOP *** [8c 8h Qh]
winterf351: checks
Strdn: bets $0.02
winterf351: calls $0.02
*** TURN *** [8c 8h Qh] [Ts]
winterf351: checks
Strdn: checks
*** RIVER *** [8c 8h Qh Ts] [Td]
winterf351: checks
Strdn: checks
*** SHOW DOWN ***
winterf351: shows [6h 5h] (two pair, Tens and Eights)
Strdn: shows [Jh Qd] (two pair, Queens and Tens)
Strdn collected $0.08 from pot
*** SUMMARY ***
Total pot $0.08 | Rake $0
Board [8c 8h Qh Ts Td]
Seat 1: aa9757 folded before Flop (didn't bet)
Seat 2: rsb.25 folded before Flop (didn't bet)
Seat 3: Dorex2007 folded before Flop (didn't bet)
Seat 4: Bossplayer32 folded before Flop (didn't bet)
Seat 5: pvd44443 (button) folded before Flop (didn't bet)
Seat 6: winterf351 (small blind) showed [6h 5h] and lost with two pair, Tens and Eights
Seat 7: Strdn (big blind) showed [Jh Qd] and won ($0.08) with two pair, Queens and Tens
Seat 8: EvgeniyVisus folded before Flop (didn't bet)
Seat 9: fjmuller folded before Flop (didn't bet)


PokerStars Hand #228698745092:  Hold'em No Limit ($0.01/$0.02 USD) - 2021/07/30 23:21:36 PT [2021/07/31 2:21:36 ET]
Table 'Selinur II' 9-max Seat #4 is the button
Seat 1: aa9757 ($0.83 in chips)
Seat 2: rsb.25 ($6.67 in chips)
Seat 3: Dorex2007 ($2.54 in chips)
Seat 4: Bossplayer32 ($2.98 in chips)
Seat 5: pvd44443 ($2.04 in chips)
Seat 6: winterf351 ($0.86 in chips)
Seat 8: EvgeniyVisus ($2 in chips)
Seat 9: fjmuller ($1.14 in chips)
pvd44443: posts small blind $0.01
winterf351: posts big blind $0.02
Strdn: sits out
*** HOLE CARDS ***
Dealt to Dorex2007 [5c 6d]
EvgeniyVisus: folds
fjmuller: folds
aa9757: folds
rsb.25: raises $0.04 to $0.06
Dorex2007: folds
Bossplayer32: folds
pvd44443: folds
winterf351: folds
Uncalled bet ($0.04) returned to rsb.25
rsb.25 collected $0.05 from pot
rsb.25: doesn't show hand
*** SUMMARY ***
Total pot $0.05 | Rake $0
Seat 1: aa9757 folded before Flop (didn't bet)
Seat 2: rsb.25 collected ($0.05)
Seat 3: Dorex2007 folded before Flop (didn't bet)
Seat 4: Bossplayer32 (button) folded before Flop (didn't bet)
Seat 5: pvd44443 (small blind) folded before Flop
Seat 6: winterf351 (big blind) folded before Flop
Seat 8: EvgeniyVisus folded before Flop (didn't bet)
Seat 9: fjmuller folded before Flop (didn't bet)


PokerStars Hand #228698738987:  Hold'em No Limit ($0.01/$0.02 USD) - 2021/07/30 23:20:57 PT [2021/07/31 2:20:57 ET]
Table 'Selinur II' 9-max Seat #3 is the button
Seat 1: aa9757 ($0.75 in chips)
Seat 2: rsb.25 ($6.67 in chips)
Seat 3: Dorex2007 ($2.54 in chips)
Seat 4: Bossplayer32 ($2.99 in chips)
Seat 5: pvd44443 ($2.06 in chips)
Seat 6: winterf351 ($0.86 in chips)
Seat 8: EvgeniyVisus ($2 in chips)
Seat 9: fjmuller ($1.20 in chips)
Bossplayer32: posts small blind $0.01
pvd44443: posts big blind $0.02
Strdn: sits out
*** HOLE CARDS ***
Dealt to Dorex2007 [Tc 4h]
winterf351: folds
EvgeniyVisus: folds
fjmuller: calls $0.02
aa9757: raises $0.04 to $0.06
rsb.25: folds
Dorex2007: folds
Bossplayer32: folds
pvd44443: folds
fjmuller: calls $0.04
*** FLOP *** [7c 9h 5c]
fjmuller: checks
aa9757: bets $0.07
fjmuller: folds
Uncalled bet ($0.07) returned to aa9757
aa9757 collected $0.14 from pot
aa9757: doesn't show hand
*** SUMMARY ***
Total pot $0.15 | Rake $0.01
Board [7c 9h 5c]
Seat 1: aa9757 collected ($0.14)
Seat 2: rsb.25 folded before Flop (didn't bet)
Seat 3: Dorex2007 (button) folded before Flop (didn't bet)
Seat 4: Bossplayer32 (small blind) folded before Flop
Seat 5: pvd44443 (big blind) folded before Flop
Seat 6: winterf351 folded before Flop (didn't bet)
Seat 8: EvgeniyVisus folded before Flop (didn't bet)
Seat 9: fjmuller folded on the Flop


PokerStars Hand #228698730861:  Hold'em No Limit ($0.01/$0.02 USD) - 2021/07/30 23:20:05 PT [2021/07/31 2:20:05 ET]
Table 'Selinur II' 9-max Seat #2 is the button
Seat 1: aa9757 ($0.75 in chips)
Seat 2: rsb.25 ($6.69 in chips)
Seat 3: Dorex2007 ($2.55 in chips)
Seat 4: Bossplayer32 ($3.01 in chips)
Seat 5: pvd44443 ($2.06 in chips)
Seat 6: winterf351 ($0.77 in chips)
Seat 8: EvgeniyVisus ($2 in chips)
Seat 9: fjmuller ($1.24 in chips)
Dorex2007: posts small blind $0.01
Bossplayer32: posts big blind $0.02
Strdn: sits out
*** HOLE CARDS ***
Dealt to Dorex2007 [4d 9s]
pvd44443: folds
winterf351: calls $0.02
EvgeniyVisus: folds
fjmuller: calls $0.02
aa9757: folds
rsb.25: calls $0.02
Dorex2007: folds
Bossplayer32: checks
*** FLOP *** [7h Tc Td]
Bossplayer32: checks
winterf351: bets $0.02
fjmuller: calls $0.02
rsb.25: folds
Bossplayer32: folds
*** TURN *** [7h Tc Td] [As]
winterf351: checks
fjmuller: checks
*** RIVER *** [7h Tc Td As] [7s]
winterf351: bets $0.13
fjmuller: folds
Uncalled bet ($0.13) returned to winterf351
winterf351 collected $0.13 from pot
*** SUMMARY ***
Total pot $0.13 | Rake $0
Board [7h Tc Td As 7s]
Seat 1: aa9757 folded before Flop (didn't bet)
Seat 2: rsb.25 (button) folded on the Flop
Seat 3: Dorex2007 (small blind) folded before Flop
Seat 4: Bossplayer32 (big blind) folded on the Flop
Seat 5: pvd44443 folded before Flop (didn't bet)
Seat 6: winterf351 collected ($0.13)
Seat 8: EvgeniyVisus folded before Flop (didn't bet)
Seat 9: fjmuller folded on the River


PokerStars Hand #228698726741:  Hold'em No Limit ($0.01/$0.02 USD) - 2021/07/30 23:19:38 PT [2021/07/31 2:19:38 ET]
Table 'Selinur II' 9-max Seat #1 is the button
Seat 1: aa9757 ($0.75 in chips)
Seat 2: rsb.25 ($6.70 in chips)
Seat 3: Dorex2007 ($2.57 in chips)
Seat 4: Bossplayer32 ($2.98 in chips)
Seat 5: pvd44443 ($2.06 in chips)
Seat 6: winterf351 ($0.77 in chips)
Seat 8: EvgeniyVisus ($2 in chips)
Seat 9: fjmuller ($1.24 in chips)
rsb.25: posts small blind $0.01
Dorex2007: posts big blind $0.02
*** HOLE CARDS ***
Dealt to Dorex2007 [4c Tc]
Bossplayer32: raises $0.04 to $0.06
pvd44443: folds
winterf351: folds
EvgeniyVisus: folds
Strdn joins the table at seat #7
fjmuller: folds
aa9757: folds
rsb.25: folds
Dorex2007: folds
Uncalled bet ($0.04) returned to Bossplayer32
Bossplayer32 collected $0.05 from pot
Bossplayer32: doesn't show hand
*** SUMMARY ***
Total pot $0.05 | Rake $0
Seat 1: aa9757 (button) folded before Flop (didn't bet)
Seat 2: rsb.25 (small blind) folded before Flop
Seat 3: Dorex2007 (big blind) folded before Flop
Seat 4: Bossplayer32 collected ($0.05)
Seat 5: pvd44443 folded before Flop (didn't bet)
Seat 6: winterf351 folded before Flop (didn't bet)
Seat 8: EvgeniyVisus folded before Flop (didn't bet)
Seat 9: fjmuller folded before Flop (didn't bet)


PokerStars Hand #228698718129:  Hold'em No Limit ($0.01/$0.02 USD) - 2021/07/30 23:18:42 PT [2021/07/31 2:18:42 ET]
Table 'Selinur II' 9-max Seat #9 is the button
Seat 1: aa9757 ($0.76 in chips)
Seat 2: rsb.25 ($6.65 in chips)
Seat 3: Dorex2007 ($2.61 in chips)
Seat 4: Bossplayer32 ($2.98 in chips)
Seat 5: pvd44443 ($2.06 in chips)
Seat 6: winterf351 ($0.77 in chips)
Seat 8: EvgeniyVisus ($2 in chips)
Seat 9: fjmuller ($1.24 in chips)
aa9757: posts small blind $0.01
rsb.25: posts big blind $0.02
*** HOLE CARDS ***
Dealt to Dorex2007 [Jc Ah]
Dorex2007: raises $0.02 to $0.04
Bossplayer32: folds
pvd44443: folds
winterf351: folds
EvgeniyVisus: folds
fjmuller: folds
aa9757: folds
rsb.25: calls $0.02
*** FLOP *** [Td 5c 6c]
rsb.25: checks
Dorex2007: checks
*** TURN *** [Td 5c 6c] [6d]
rsb.25: bets $0.04
Dorex2007: folds
Uncalled bet ($0.04) returned to rsb.25
rsb.25 collected $0.09 from pot
rsb.25: doesn't show hand
*** SUMMARY ***
Total pot $0.09 | Rake $0
Board [Td 5c 6c 6d]
Seat 1: aa9757 (small blind) folded before Flop
Seat 2: rsb.25 (big blind) collected ($0.09)
Seat 3: Dorex2007 folded on the Turn
Seat 4: Bossplayer32 folded before Flop (didn't bet)
Seat 5: pvd44443 folded before Flop (didn't bet)
Seat 6: winterf351 folded before Flop (didn't bet)
Seat 8: EvgeniyVisus folded before Flop (didn't bet)
Seat 9: fjmuller (button) folded before Flop (didn't bet)


PokerStars Hand #228698712919:  Hold'em No Limit ($0.01/$0.02 USD) - 2021/07/30 23:18:08 PT [2021/07/31 2:18:08 ET]
Table 'Selinur II' 9-max Seat #8 is the button
Seat 1: aa9757 ($0.78 in chips)
Seat 2: rsb.25 ($6.65 in chips)
Seat 3: Dorex2007 ($2.61 in chips)
Seat 4: Bossplayer32 ($2.98 in chips)
Seat 5: pvd44443 ($2 in chips)
Seat 6: winterf351 ($0.77 in chips)
Seat 8: EvgeniyVisus ($2 in chips)
Seat 9: fjmuller ($1.28 in chips)
fjmuller: posts small blind $0.01
aa9757: posts big blind $0.02
*** HOLE CARDS ***
Dealt to Dorex2007 [Kd 5d]
rsb.25: folds
Dorex2007: folds
Bossplayer32: folds
pvd44443: raises $0.02 to $0.04
winterf351: folds
EvgeniyVisus: folds
frosa9397 leaves the table
fjmuller: calls $0.03
aa9757: folds
*** FLOP *** [8s 3h 7s]
fjmuller: checks
pvd44443: bets $0.10
fjmuller: folds
Uncalled bet ($0.10) returned to pvd44443
pvd44443 collected $0.10 from pot
*** SUMMARY ***
Total pot $0.10 | Rake $0
Board [8s 3h 7s]
Seat 1: aa9757 (big blind) folded before Flop
Seat 2: rsb.25 folded before Flop (didn't bet)
Seat 3: Dorex2007 folded before Flop (didn't bet)
Seat 4: Bossplayer32 folded before Flop (didn't bet)
Seat 5: pvd44443 collected ($0.10)
Seat 6: winterf351 folded before Flop (didn't bet)
Seat 8: EvgeniyVisus (button) folded before Flop (didn't bet)
Seat 9: fjmuller (small blind) folded on the Flop


PokerStars Hand #228698704334:  Hold'em No Limit ($0.01/$0.02 USD) - 2021/07/30 23:17:13 PT [2021/07/31 2:17:13 ET]
Table 'Selinur II' 9-max Seat #6 is the button
Seat 1: aa9757 ($0.78 in chips)
Seat 2: rsb.25 ($6.65 in chips)
Seat 3: Dorex2007 ($2.61 in chips)
Seat 4: Bossplayer32 ($2.98 in chips)
Seat 5: pvd44443 ($2 in chips)
Seat 6: winterf351 ($0.77 in chips)
Seat 8: EvgeniyVisus ($2.01 in chips)
Seat 9: fjmuller ($1.24 in chips)
EvgeniyVisus: posts small blind $0.01
fjmuller: posts big blind $0.02
*** HOLE CARDS ***
Dealt to Dorex2007 [9d 2d]
aa9757: folds
rsb.25: folds
Dorex2007: folds
Bossplayer32: folds
pvd44443: folds
winterf351: folds
EvgeniyVisus: raises $0.02 to $0.04
fjmuller: calls $0.02
*** FLOP *** [5s Qc 8c]
EvgeniyVisus: checks
fjmuller: checks
*** TURN *** [5s Qc 8c] [3d]
EvgeniyVisus: checks
fjmuller: checks
*** RIVER *** [5s Qc 8c 3d] [4s]
EvgeniyVisus: checks
fjmuller: checks
*** SHOW DOWN ***
EvgeniyVisus: shows [9s Jc] (high card Queen)
fjmuller: shows [Jh Ac] (high card Ace)
fjmuller collected $0.08 from pot
*** SUMMARY ***
Total pot $0.08 | Rake $0
Board [5s Qc 8c 3d 4s]
Seat 1: aa9757 folded before Flop (didn't bet)
Seat 2: rsb.25 folded before Flop (didn't bet)
Seat 3: Dorex2007 folded before Flop (didn't bet)
Seat 4: Bossplayer32 folded before Flop (didn't bet)
Seat 5: pvd44443 folded before Flop (didn't bet)
Seat 6: winterf351 (button) folded before Flop (didn't bet)
Seat 8: EvgeniyVisus (small blind) showed [9s Jc] and lost with high card Queen
Seat 9: fjmuller (big blind) showed [Jh Ac] and won ($0.08) with high card Ace


PokerStars Hand #228698693335:  Hold'em No Limit ($0.01/$0.02 USD) - 2021/07/30 23:16:00 PT [2021/07/31 2:16:00 ET]
Table 'Selinur II' 9-max Seat #5 is the button
Seat 1: aa9757 ($0.78 in chips)
Seat 2: rsb.25 ($6.57 in chips)
Seat 3: Dorex2007 ($2.61 in chips)
Seat 4: Bossplayer32 ($2.98 in chips)
Seat 5: pvd44443 ($2 in chips)
Seat 6: winterf351 ($0.78 in chips)
Seat 8: EvgeniyVisus ($2.03 in chips)
Seat 9: fjmuller ($1.30 in chips)
winterf351: posts small blind $0.01
EvgeniyVisus: posts big blind $0.02
*** HOLE CARDS ***
Dealt to Dorex2007 [Ac 9s]
fjmuller: calls $0.02
aa9757: folds
rsb.25: raises $0.02 to $0.04
Dorex2007: folds
Bossplayer32: folds
pvd44443: folds
winterf351: folds
EvgeniyVisus: folds
fjmuller: calls $0.02
*** FLOP *** [6h 3h 7h]
fjmuller: checks
rsb.25: bets $0.02
fjmuller: calls $0.02
*** TURN *** [6h 3h 7h] [4d]
fjmuller: checks
rsb.25: checks
*** RIVER *** [6h 3h 7h 4d] [Qd]
fjmuller: checks
rsb.25: bets $0.04
fjmuller: folds
Uncalled bet ($0.04) returned to rsb.25
rsb.25 collected $0.14 from pot
rsb.25: doesn't show hand
*** SUMMARY ***
Total pot $0.15 | Rake $0.01
Board [6h 3h 7h 4d Qd]
Seat 1: aa9757 folded before Flop (didn't bet)
Seat 2: rsb.25 collected ($0.14)
Seat 3: Dorex2007 folded before Flop (didn't bet)
Seat 4: Bossplayer32 folded before Flop (didn't bet)
Seat 5: pvd44443 (button) folded before Flop (didn't bet)
Seat 6: winterf351 (small blind) folded before Flop
Seat 8: EvgeniyVisus (big blind) folded before Flop
Seat 9: fjmuller folded on the River


PokerStars Hand #228698689569:  Hold'em No Limit ($0.01/$0.02 USD) - 2021/07/30 23:15:36 PT [2021/07/31 2:15:36 ET]
Table 'Selinur II' 9-max Seat #4 is the button
Seat 1: aa9757 ($0.78 in chips)
Seat 2: rsb.25 ($6.57 in chips)
Seat 3: Dorex2007 ($2.61 in chips)
Seat 4: Bossplayer32 ($2.98 in chips)
Seat 5: pvd44443 ($1.98 in chips)
Seat 6: winterf351 ($0.80 in chips)
Seat 8: EvgeniyVisus ($2.03 in chips)
Seat 9: fjmuller ($1.30 in chips)
pvd44443: posts small blind $0.01
winterf351: posts big blind $0.02
*** HOLE CARDS ***
Dealt to Dorex2007 [8d 6c]
EvgeniyVisus: folds
fjmuller: folds
aa9757: folds
rsb.25: folds
Dorex2007: folds
Bossplayer32: folds
pvd44443: raises $0.04 to $0.06
winterf351: folds
Uncalled bet ($0.04) returned to pvd44443
pvd44443 collected $0.04 from pot
*** SUMMARY ***
Total pot $0.04 | Rake $0
Seat 1: aa9757 folded before Flop (didn't bet)
Seat 2: rsb.25 folded before Flop (didn't bet)
Seat 3: Dorex2007 folded before Flop (didn't bet)
Seat 4: Bossplayer32 (button) folded before Flop (didn't bet)
Seat 5: pvd44443 (small blind) collected ($0.04)
Seat 6: winterf351 (big blind) folded before Flop
Seat 8: EvgeniyVisus folded before Flop (didn't bet)
Seat 9: fjmuller folded before Flop (didn't bet)


PokerStars Hand #228698678709:  Hold'em No Limit ($0.01/$0.02 USD) - 2021/07/30 23:14:25 PT [2021/07/31 2:14:25 ET]
Table 'Selinur II' 9-max Seat #3 is the button
Seat 1: aa9757 ($0.78 in chips)
Seat 2: rsb.25 ($6.39 in chips)
Seat 3: Dorex2007 ($2.61 in chips)
Seat 4: Bossplayer32 ($2.99 in chips)
Seat 5: pvd44443 ($2.04 in chips)
Seat 8: EvgeniyVisus ($2.03 in chips)
Seat 9: fjmuller ($1.42 in chips)
Bossplayer32: posts small blind $0.01
pvd44443: posts big blind $0.02
winterf351: sits out
*** HOLE CARDS ***
Dealt to Dorex2007 [Jh 7d]
EvgeniyVisus: folds
fjmuller: calls $0.02
aa9757: folds
rsb.25: raises $0.04 to $0.06
Dorex2007: folds
Bossplayer32: folds
pvd44443: calls $0.04
fjmuller: calls $0.04
*** FLOP *** [Qs 3s 8s]
pvd44443: checks
fjmuller: checks
rsb.25: checks
*** TURN *** [Qs 3s 8s] [Tc]
pvd44443: checks
fjmuller: checks
rsb.25: bets $0.06
pvd44443: folds
fjmuller: calls $0.06
*** RIVER *** [Qs 3s 8s Tc] [Kd]
fjmuller: checks
rsb.25: bets $0.10
fjmuller: folds
Uncalled bet ($0.10) returned to rsb.25
rsb.25 collected $0.30 from pot
rsb.25: doesn't show hand
*** SUMMARY ***
Total pot $0.31 | Rake $0.01
Board [Qs 3s 8s Tc Kd]
Seat 1: aa9757 folded before Flop (didn't bet)
Seat 2: rsb.25 collected ($0.30)
Seat 3: Dorex2007 (button) folded before Flop (didn't bet)
Seat 4: Bossplayer32 (small blind) folded before Flop
Seat 5: pvd44443 (big blind) folded on the Turn
Seat 8: EvgeniyVisus folded before Flop (didn't bet)
Seat 9: fjmuller folded on the River


PokerStars Hand #228698675138:  Hold'em No Limit ($0.01/$0.02 USD) - 2021/07/30 23:14:02 PT [2021/07/31 2:14:02 ET]
Table 'Selinur II' 9-max Seat #2 is the button
Seat 1: aa9757 ($0.78 in chips)
Seat 2: rsb.25 ($6.39 in chips)
Seat 3: Dorex2007 ($2.62 in chips)
Seat 4: Bossplayer32 ($3.01 in chips)
Seat 5: pvd44443 ($2.04 in chips)
Seat 8: EvgeniyVisus ($2 in chips)
Seat 9: fjmuller ($1.42 in chips)
Dorex2007: posts small blind $0.01
Bossplayer32: posts big blind $0.02
winterf351: sits out
*** HOLE CARDS ***
Dealt to Dorex2007 [3h Jc]
pvd44443: folds
EvgeniyVisus: raises $0.04 to $0.06
fjmuller: folds
aa9757: folds
rsb.25: folds
Dorex2007: folds
Bossplayer32: folds
Uncalled bet ($0.04) returned to EvgeniyVisus
EvgeniyVisus collected $0.05 from pot
EvgeniyVisus: doesn't show hand
*** SUMMARY ***
Total pot $0.05 | Rake $0
Seat 1: aa9757 folded before Flop (didn't bet)
Seat 2: rsb.25 (button) folded before Flop (didn't bet)
Seat 3: Dorex2007 (small blind) folded before Flop
Seat 4: Bossplayer32 (big blind) folded before Flop
Seat 5: pvd44443 folded before Flop (didn't bet)
Seat 8: EvgeniyVisus collected ($0.05)
Seat 9: fjmuller folded before Flop (didn't bet)


PokerStars Hand #228698669512:  Hold'em No Limit ($0.01/$0.02 USD) - 2021/07/30 23:13:25 PT [2021/07/31 2:13:25 ET]
Table 'Selinur II' 9-max Seat #1 is the button
Seat 1: aa9757 ($0.78 in chips)
Seat 2: rsb.25 ($6.43 in chips)
Seat 3: Dorex2007 ($2.58 in chips)
Seat 4: Bossplayer32 ($3.01 in chips)
Seat 5: pvd44443 ($2.04 in chips)
Seat 8: EvgeniyVisus ($2 in chips)
Seat 9: fjmuller ($1.42 in chips)
rsb.25: posts small blind $0.01
Dorex2007: posts big blind $0.02
winterf351: sits out
*** HOLE CARDS ***
Dealt to Dorex2007 [8h Jh]
Bossplayer32: folds
pvd44443: folds
EvgeniyVisus: folds
fjmuller: folds
aa9757: folds
rsb.25: raises $0.02 to $0.04
Dorex2007: calls $0.02
*** FLOP *** [2s 3s Js]
rsb.25: checks
Dorex2007: bets $0.08
rsb.25: folds
Uncalled bet ($0.08) returned to Dorex2007
Dorex2007 collected $0.08 from pot
Dorex2007: doesn't show hand
*** SUMMARY ***
Total pot $0.08 | Rake $0
Board [2s 3s Js]
Seat 1: aa9757 (button) folded before Flop (didn't bet)
Seat 2: rsb.25 (small blind) folded on the Flop
Seat 3: Dorex2007 (big blind) collected ($0.08)
Seat 4: Bossplayer32 folded before Flop (didn't bet)
Seat 5: pvd44443 folded before Flop (didn't bet)
Seat 8: EvgeniyVisus folded before Flop (didn't bet)
Seat 9: fjmuller folded before Flop (didn't bet)


PokerStars Hand #228698666750:  Hold'em No Limit ($0.01/$0.02 USD) - 2021/07/30 23:13:07 PT [2021/07/31 2:13:07 ET]
Table 'Selinur II' 9-max Seat #9 is the button
Seat 1: aa9757 ($0.79 in chips)
Seat 2: rsb.25 ($6.42 in chips)
Seat 3: Dorex2007 ($2.58 in chips)
Seat 4: Bossplayer32 ($3.01 in chips)
Seat 5: pvd44443 ($2.04 in chips)
Seat 8: EvgeniyVisus ($2 in chips)
Seat 9: fjmuller ($1.42 in chips)
aa9757: posts small blind $0.01
rsb.25: posts big blind $0.02
winterf351: sits out
*** HOLE CARDS ***
Dealt to Dorex2007 [3d Jc]
Dorex2007: folds
Bossplayer32: folds
pvd44443: folds
EvgeniyVisus: folds
fjmuller: folds
aa9757: folds
Uncalled bet ($0.01) returned to rsb.25
rsb.25 collected $0.02 from pot
rsb.25: doesn't show hand
*** SUMMARY ***
Total pot $0.02 | Rake $0
Seat 1: aa9757 (small blind) folded before Flop
Seat 2: rsb.25 (big blind) collected ($0.02)
Seat 3: Dorex2007 folded before Flop (didn't bet)
Seat 4: Bossplayer32 folded before Flop (didn't bet)
Seat 5: pvd44443 folded before Flop (didn't bet)
Seat 8: EvgeniyVisus folded before Flop (didn't bet)
Seat 9: fjmuller (button) folded before Flop (didn't bet)


PokerStars Hand #228698663093:  Hold'em No Limit ($0.01/$0.02 USD) - 2021/07/30 23:12:43 PT [2021/07/31 2:12:43 ET]
Table 'Selinur II' 9-max Seat #8 is the button
Seat 1: aa9757 ($0.81 in chips)
Seat 2: rsb.25 ($6.42 in chips)
Seat 3: Dorex2007 ($2.58 in chips)
Seat 4: Bossplayer32 ($2.93 in chips)
Seat 5: pvd44443 ($2.10 in chips)
Seat 8: EvgeniyVisus ($2 in chips)
Seat 9: fjmuller ($1.43 in chips)
fjmuller: posts small blind $0.01
aa9757: posts big blind $0.02
winterf351: sits out
*** HOLE CARDS ***
Dealt to Dorex2007 [4s Qs]
rsb.25: folds
Dorex2007: folds
Bossplayer32: raises $0.04 to $0.06
pvd44443: calls $0.06
EvgeniyVisus: folds
fjmuller: folds
aa9757: folds
*** FLOP *** [8c 3h 9s]
Bossplayer32: bets $0.07
pvd44443: folds
Uncalled bet ($0.07) returned to Bossplayer32
Bossplayer32 collected $0.14 from pot
Bossplayer32: doesn't show hand
*** SUMMARY ***
Total pot $0.15 | Rake $0.01
Board [8c 3h 9s]
Seat 1: aa9757 (big blind) folded before Flop
Seat 2: rsb.25 folded before Flop (didn't bet)
Seat 3: Dorex2007 folded before Flop (didn't bet)
Seat 4: Bossplayer32 collected ($0.14)
Seat 5: pvd44443 folded on the Flop
Seat 8: EvgeniyVisus (button) folded before Flop (didn't bet)
Seat 9: fjmuller (small blind) folded before Flop


PokerStars Hand #228698660805:  Hold'em No Limit ($0.01/$0.02 USD) - 2021/07/30 23:12:28 PT [2021/07/31 2:12:28 ET]
Table 'Selinur II' 9-max Seat #5 is the button
Seat 1: aa9757 ($0.81 in chips)
Seat 2: rsb.25 ($6.42 in chips)
Seat 3: Dorex2007 ($2.58 in chips)
Seat 4: Bossplayer32 ($2.93 in chips)
Seat 5: pvd44443 ($2.10 in chips)
Seat 8: EvgeniyVisus ($2 in chips)
Seat 9: fjmuller ($1.42 in chips)
winterf351 will be allowed to play after the button
EvgeniyVisus: posts small blind $0.01
fjmuller: posts big blind $0.02
*** HOLE CARDS ***
Dealt to Dorex2007 [9d 4h]
aa9757: folds
rsb.25: folds
Dorex2007: folds
Bossplayer32: folds
pvd44443: folds
EvgeniyVisus: folds
Uncalled bet ($0.01) returned to fjmuller
fjmuller collected $0.02 from pot
fjmuller: doesn't show hand
*** SUMMARY ***
Total pot $0.02 | Rake $0
Seat 1: aa9757 folded before Flop (didn't bet)
Seat 2: rsb.25 folded before Flop (didn't bet)
Seat 3: Dorex2007 folded before Flop (didn't bet)
Seat 4: Bossplayer32 folded before Flop (didn't bet)
Seat 5: pvd44443 (button) folded before Flop (didn't bet)
Seat 8: EvgeniyVisus (small blind) folded before Flop
Seat 9: fjmuller (big blind) collected ($0.02)


PokerStars Hand #228698657764:  Hold'em No Limit ($0.01/$0.02 USD) - 2021/07/30 23:12:09 PT [2021/07/31 2:12:09 ET]
Table 'Selinur II' 9-max Seat #4 is the button
Seat 1: aa9757 ($0.81 in chips)
Seat 2: rsb.25 ($6.39 in chips)
Seat 3: Dorex2007 ($2.58 in chips)
Seat 4: Bossplayer32 ($2.93 in chips)
Seat 5: pvd44443 ($2.11 in chips)
Seat 8: EvgeniyVisus ($2 in chips)
Seat 9: fjmuller ($1.42 in chips)
pvd44443: posts small blind $0.01
EvgeniyVisus: posts big blind $0.02
*** HOLE CARDS ***
Dealt to Dorex2007 [4h 7c]
winterf351 joins the table at seat #6
fjmuller: folds
aa9757: folds
rsb.25: raises $0.02 to $0.04
Dorex2007: folds
Bossplayer32: folds
pvd44443: folds
EvgeniyVisus: folds
Uncalled bet ($0.02) returned to rsb.25
rsb.25 collected $0.05 from pot
rsb.25: doesn't show hand
*** SUMMARY ***
Total pot $0.05 | Rake $0
Seat 1: aa9757 folded before Flop (didn't bet)
Seat 2: rsb.25 collected ($0.05)
Seat 3: Dorex2007 folded before Flop (didn't bet)
Seat 4: Bossplayer32 (button) folded before Flop (didn't bet)
Seat 5: pvd44443 (small blind) folded before Flop
Seat 8: EvgeniyVisus (big blind) folded before Flop
Seat 9: fjmuller folded before Flop (didn't bet)


PokerStars Hand #228698655272:  Hold'em No Limit ($0.01/$0.02 USD) - 2021/07/30 23:11:52 PT [2021/07/31 2:11:52 ET]
Table 'Selinur II' 9-max Seat #3 is the button
Seat 1: aa9757 ($0.81 in chips)
Seat 2: rsb.25 ($6.39 in chips)
Seat 3: Dorex2007 ($2.58 in chips)
Seat 4: Bossplayer32 ($2.94 in chips)
Seat 5: pvd44443 ($2.10 in chips)
Seat 8: EvgeniyVisus ($2 in chips)
Seat 9: fjmuller ($1.42 in chips)
Bossplayer32: posts small blind $0.01
pvd44443: posts big blind $0.02
*** HOLE CARDS ***
Dealt to Dorex2007 [7c 2c]
EvgeniyVisus: folds
fjmuller: folds
aa9757: folds
rsb.25: folds
Dorex2007: folds
Bossplayer32: folds
Uncalled bet ($0.01) returned to pvd44443
pvd44443 collected $0.02 from pot
*** SUMMARY ***
Total pot $0.02 | Rake $0
Seat 1: aa9757 folded before Flop (didn't bet)
Seat 2: rsb.25 folded before Flop (didn't bet)
Seat 3: Dorex2007 (button) folded before Flop (didn't bet)
Seat 4: Bossplayer32 (small blind) folded before Flop
Seat 5: pvd44443 (big blind) collected ($0.02)
Seat 8: EvgeniyVisus folded before Flop (didn't bet)
Seat 9: fjmuller folded before Flop (didn't bet)


PokerStars Hand #228698652444:  Hold'em No Limit ($0.01/$0.02 USD) - 2021/07/30 23:11:34 PT [2021/07/31 2:11:34 ET]
Table 'Selinur II' 9-max Seat #2 is the button
Seat 1: aa9757 ($0.81 in chips)
Seat 2: rsb.25 ($6.39 in chips)
Seat 3: Dorex2007 ($2.59 in chips)
Seat 4: Bossplayer32 ($2.96 in chips)
Seat 5: pvd44443 ($2.07 in chips)
Seat 8: EvgeniyVisus ($2 in chips)
Seat 9: fjmuller ($1.42 in chips)
Dorex2007: posts small blind $0.01
Bossplayer32: posts big blind $0.02
*** HOLE CARDS ***
Dealt to Dorex2007 [9d Jh]
pvd44443: raises $0.04 to $0.06
0OLEG00 leaves the table
EvgeniyVisus: folds
fjmuller: folds
aa9757: folds
rsb.25: folds
Dorex2007: folds
Bossplayer32: folds
Uncalled bet ($0.04) returned to pvd44443
pvd44443 collected $0.05 from pot
*** SUMMARY ***
Total pot $0.05 | Rake $0
Seat 1: aa9757 folded before Flop (didn't bet)
Seat 2: rsb.25 (button) folded before Flop (didn't bet)
Seat 3: Dorex2007 (small blind) folded before Flop
Seat 4: Bossplayer32 (big blind) folded before Flop
Seat 5: pvd44443 collected ($0.05)
Seat 8: EvgeniyVisus folded before Flop (didn't bet)
Seat 9: fjmuller folded before Flop (didn't bet)


PokerStars Hand #228698634819:  Hold'em No Limit ($0.01/$0.02 USD) - 2021/07/30 23:11:03 PT [2021/07/31 2:11:03 ET]
Table 'Selinur II' 9-max Seat #1 is the button
Seat 1: aa9757 ($0.81 in chips)
Seat 2: rsb.25 ($6.40 in chips)
Seat 3: Dorex2007 ($2.61 in chips)
Seat 4: Bossplayer32 ($2.05 in chips)
Seat 5: pvd44443 ($2.07 in chips)
Seat 6: 0OLEG00 ($0.95 in chips)
Seat 8: EvgeniyVisus ($2 in chips)
Seat 9: fjmuller ($1.42 in chips)
rsb.25: posts small blind $0.01
Dorex2007: posts big blind $0.02
0OLEG00: posts big blind $0.02
*** HOLE CARDS ***
Dealt to Dorex2007 [2h 3c]
Bossplayer32: raises $0.07 to $0.09
pvd44443: folds
0OLEG00: calls $0.07
EvgeniyVisus: folds
fjmuller: folds
aa9757: folds
rsb.25: folds
Dorex2007: folds
*** FLOP *** [Th Jd Qc]
Bossplayer32: bets $0.20
0OLEG00: raises $0.66 to $0.86 and is all-in
Bossplayer32: calls $0.66
*** TURN *** [Th Jd Qc] [9s]
*** RIVER *** [Th Jd Qc 9s] [8h]
*** SHOW DOWN ***
Bossplayer32: shows [Kc Kh] (a straight, Nine to King)
0OLEG00: shows [9c 6d] (a straight, Eight to Queen)
Bossplayer32 collected $1.86 from pot
*** SUMMARY ***
Total pot $1.93 | Rake $0.07
Board [Th Jd Qc 9s 8h]
Seat 1: aa9757 (button) folded before Flop (didn't bet)
Seat 2: rsb.25 (small blind) folded before Flop
Seat 3: Dorex2007 (big blind) folded before Flop
Seat 4: Bossplayer32 showed [Kc Kh] and won ($1.86) with a straight, Nine to King
Seat 5: pvd44443 folded before Flop (didn't bet)
Seat 6: 0OLEG00 showed [9c 6d] and lost with a straight, Eight to Queen
Seat 8: EvgeniyVisus folded before Flop (didn't bet)
Seat 9: fjmuller folded before Flop (didn't bet)


PokerStars Hand #228698628186:  Hold'em No Limit ($0.01/$0.02 USD) - 2021/07/30 23:10:20 PT [2021/07/31 2:10:20 ET]
Table 'Selinur II' 9-max Seat #9 is the button
Seat 1: aa9757 ($0.82 in chips)
Seat 2: rsb.25 ($6.42 in chips)
Seat 3: Dorex2007 ($2.63 in chips)
Seat 4: Bossplayer32 ($2 in chips)
Seat 5: pvd44443 ($2.07 in chips)
Seat 8: EvgeniyVisus ($2 in chips)
Seat 9: fjmuller ($1.42 in chips)
aa9757: posts small blind $0.01
0OLEG00 joins the table at seat #6
rsb.25: posts big blind $0.02
*** HOLE CARDS ***
Dealt to Dorex2007 [3s As]
Dorex2007: calls $0.02
Bossplayer32: raises $0.07 to $0.09
pvd44443: folds
EvgeniyVisus: folds
fjmuller: folds
aa9757: folds
rsb.25: folds
Dorex2007: folds
Uncalled bet ($0.07) returned to Bossplayer32
Bossplayer32 collected $0.07 from pot
Bossplayer32: doesn't show hand
*** SUMMARY ***
Total pot $0.07 | Rake $0
Seat 1: aa9757 (small blind) folded before Flop
Seat 2: rsb.25 (big blind) folded before Flop
Seat 3: Dorex2007 folded before Flop
Seat 4: Bossplayer32 collected ($0.07)
Seat 5: pvd44443 folded before Flop (didn't bet)
Seat 8: EvgeniyVisus folded before Flop (didn't bet)
Seat 9: fjmuller (button) folded before Flop (didn't bet)


PokerStars Hand #228698622024:  Hold'em No Limit ($0.01/$0.02 USD) - 2021/07/30 23:09:40 PT [2021/07/31 2:09:40 ET]
Table 'Selinur II' 9-max Seat #8 is the button
Seat 1: aa9757 ($0.80 in chips)
Seat 2: rsb.25 ($6.42 in chips)
Seat 3: Dorex2007 ($2.63 in chips)
Seat 4: Bossplayer32 ($2 in chips)
Seat 5: pvd44443 ($2.07 in chips)
Seat 8: EvgeniyVisus ($2 in chips)
Seat 9: fjmuller ($1.44 in chips)
fjmuller: posts small blind $0.01
aa9757: posts big blind $0.02
*** HOLE CARDS ***
Dealt to Dorex2007 [Qh Kd]
rsb.25: folds
Dorex2007: folds
Bossplayer32: folds
pvd44443: folds
EvgeniyVisus: folds
fjmuller: calls $0.01
aa9757: checks
*** FLOP *** [2d 9d 4d]
fjmuller: checks
aa9757: checks
*** TURN *** [2d 9d 4d] [7c]
fjmuller: checks
aa9757: checks
*** RIVER *** [2d 9d 4d 7c] [Tc]
fjmuller: checks
aa9757: checks
*** SHOW DOWN ***
fjmuller: shows [Td Js] (a pair of Tens)
aa9757: shows [Qs Ts] (a pair of Tens - Queen kicker)
aa9757 collected $0.04 from pot
*** SUMMARY ***
Total pot $0.04 | Rake $0
Board [2d 9d 4d 7c Tc]
Seat 1: aa9757 (big blind) showed [Qs Ts] and won ($0.04) with a pair of Tens
Seat 2: rsb.25 folded before Flop (didn't bet)
Seat 3: Dorex2007 folded before Flop (didn't bet)
Seat 4: Bossplayer32 folded before Flop (didn't bet)
Seat 5: pvd44443 folded before Flop (didn't bet)
Seat 8: EvgeniyVisus (button) folded before Flop (didn't bet)
Seat 9: fjmuller (small blind) showed [Td Js] and lost with a pair of Tens


PokerStars Hand #228698618503:  Hold'em No Limit ($0.01/$0.02 USD) - 2021/07/30 23:09:17 PT [2021/07/31 2:09:17 ET]
Table 'Selinur II' 9-max Seat #5 is the button
Seat 2: rsb.25 ($6.42 in chips)
Seat 3: Dorex2007 ($2.60 in chips)
Seat 4: Bossplayer32 ($2 in chips)
Seat 5: pvd44443 ($2.07 in chips)
Seat 8: EvgeniyVisus ($2 in chips)
Seat 9: fjmuller ($1.46 in chips)
EvgeniyVisus: posts small blind $0.01
fjmuller: posts big blind $0.02
aa9757: sits out
*** HOLE CARDS ***
Dealt to Dorex2007 [Kc Kd]
rsb.25: folds
Dorex2007: raises $0.06 to $0.08
Bossplayer32: folds
pvd44443: folds
EvgeniyVisus: folds
fjmuller: folds
Uncalled bet ($0.06) returned to Dorex2007
Dorex2007 collected $0.05 from pot
Dorex2007: doesn't show hand
*** SUMMARY ***
Total pot $0.05 | Rake $0
Seat 2: rsb.25 folded before Flop (didn't bet)
Seat 3: Dorex2007 collected ($0.05)
Seat 4: Bossplayer32 folded before Flop (didn't bet)
Seat 5: pvd44443 (button) folded before Flop (didn't bet)
Seat 8: EvgeniyVisus (small blind) folded before Flop
Seat 9: fjmuller (big blind) folded before Flop


PokerStars Hand #228698615529:  Hold'em No Limit ($0.01/$0.02 USD) - 2021/07/30 23:08:58 PT [2021/07/31 2:08:58 ET]
Table 'Selinur II' 9-max Seat #4 is the button
Seat 2: rsb.25 ($6.39 in chips)
Seat 3: Dorex2007 ($2.60 in chips)
Seat 4: Bossplayer32 ($2 in chips)
Seat 5: pvd44443 ($2.08 in chips)
Seat 8: EvgeniyVisus ($2 in chips)
Seat 9: fjmuller ($1.46 in chips)
pvd44443: posts small blind $0.01
igor6316: is sitting out
igor6316 leaves the table
EvgeniyVisus: posts big blind $0.02
aa9757: sits out
*** HOLE CARDS ***
Dealt to Dorex2007 [5c 6s]
fjmuller: folds
rsb.25: raises $0.02 to $0.04
Dorex2007: folds
Bossplayer32: folds
pvd44443: folds
EvgeniyVisus: folds
Uncalled bet ($0.02) returned to rsb.25
rsb.25 collected $0.05 from pot
rsb.25: doesn't show hand
*** SUMMARY ***
Total pot $0.05 | Rake $0
Seat 2: rsb.25 collected ($0.05)
Seat 3: Dorex2007 folded before Flop (didn't bet)
Seat 4: Bossplayer32 (button) folded before Flop (didn't bet)
Seat 5: pvd44443 (small blind) folded before Flop
Seat 8: EvgeniyVisus (big blind) folded before Flop
Seat 9: fjmuller folded before Flop (didn't bet)


PokerStars Hand #228698607572:  Hold'em No Limit ($0.01/$0.02 USD) - 2021/07/30 23:08:07 PT [2021/07/31 2:08:07 ET]
Table 'Selinur II' 9-max Seat #3 is the button
Seat 2: rsb.25 ($6.39 in chips)
Seat 3: Dorex2007 ($2.60 in chips)
Seat 4: Bossplayer32 ($2 in chips)
Seat 5: pvd44443 ($2.12 in chips)
Seat 6: igor6316 ($0.81 in chips)
Seat 7: frosa9397 ($0.40 in chips)
Seat 8: EvgeniyVisus ($2 in chips)
Seat 9: fjmuller ($1.41 in chips)
Bossplayer32: posts small blind $0.01
pvd44443: posts big blind $0.02
fjmuller: posts small & big blinds $0.03
aa9757: sits out
*** HOLE CARDS ***
Dealt to Dorex2007 [Qh 5d]
igor6316: folds
frosa9397 is disconnected
frosa9397 has timed out while disconnected
frosa9397: folds
EvgeniyVisus: folds
fjmuller: checks
rsb.25: folds
Dorex2007: folds
Bossplayer32: folds
pvd44443: checks
*** FLOP *** [6d Ks 7h]
pvd44443: checks
fjmuller: checks
*** TURN *** [6d Ks 7h] [9s]
pvd44443: bets $0.02
fjmuller: calls $0.02
*** RIVER *** [6d Ks 7h 9s] [7c]
pvd44443: checks
fjmuller: checks
*** SHOW DOWN ***
pvd44443: shows [Ts 6h] (two pair, Sevens and Sixes)
fjmuller: shows [Kc 2c] (two pair, Kings and Sevens)
fjmuller collected $0.10 from pot
*** SUMMARY ***
Total pot $0.10 | Rake $0
Board [6d Ks 7h 9s 7c]
Seat 2: rsb.25 folded before Flop (didn't bet)
Seat 3: Dorex2007 (button) folded before Flop (didn't bet)
Seat 4: Bossplayer32 (small blind) folded before Flop
Seat 5: pvd44443 (big blind) showed [Ts 6h] and lost with two pair, Sevens and Sixes
Seat 6: igor6316 folded before Flop (didn't bet)
Seat 7: frosa9397 folded before Flop (didn't bet)
Seat 8: EvgeniyVisus folded before Flop (didn't bet)
Seat 9: fjmuller showed [Kc 2c] and won ($0.10) with two pair, Kings and Sevens


PokerStars Hand #228698601648:  Hold'em No Limit ($0.01/$0.02 USD) - 2021/07/30 23:07:29 PT [2021/07/31 2:07:29 ET]
Table 'Selinur II' 9-max Seat #2 is the button
Seat 2: rsb.25 ($6.43 in chips)
Seat 3: Dorex2007 ($2.54 in chips)
Seat 4: Bossplayer32 ($2 in chips)
Seat 5: pvd44443 ($2.12 in chips)
Seat 6: igor6316 ($0.81 in chips)
Seat 7: frosa9397 ($0.40 in chips)
Seat 8: EvgeniyVisus ($2 in chips)
Dorex2007: posts small blind $0.01
Bossplayer32: posts big blind $0.02
aa9757: sits out
*** HOLE CARDS ***
Dealt to Dorex2007 [Qs Qd]
pvd44443: folds
igor6316: folds
frosa9397: folds
EvgeniyVisus: folds
rsb.25: raises $0.02 to $0.04
Dorex2007: raises $0.10 to $0.14
Bossplayer32: folds
rsb.25: folds
Uncalled bet ($0.10) returned to Dorex2007
Dorex2007 collected $0.10 from pot
Dorex2007: doesn't show hand
*** SUMMARY ***
Total pot $0.10 | Rake $0
Seat 2: rsb.25 (button) folded before Flop
Seat 3: Dorex2007 (small blind) collected ($0.10)
Seat 4: Bossplayer32 (big blind) folded before Flop
Seat 5: pvd44443 folded before Flop (didn't bet)
Seat 6: igor6316 folded before Flop (didn't bet)
Seat 7: frosa9397 folded before Flop (didn't bet)
Seat 8: EvgeniyVisus folded before Flop (didn't bet)


PokerStars Hand #228698592045:  Hold'em No Limit ($0.01/$0.02 USD) - 2021/07/30 23:06:27 PT [2021/07/31 2:06:27 ET]
Table 'Selinur II' 9-max Seat #8 is the button
Seat 2: rsb.25 ($6.26 in chips)
Seat 3: Dorex2007 ($2.60 in chips)
Seat 4: Bossplayer32 ($2 in chips)
Seat 5: pvd44443 ($2.18 in chips)
Seat 6: igor6316 ($0.81 in chips)
Seat 7: frosa9397 ($0.46 in chips)
Seat 8: EvgeniyVisus ($2 in chips)
rsb.25: posts small blind $0.01
Dorex2007: posts big blind $0.02
*** HOLE CARDS ***
Dealt to Dorex2007 [4c 4s]
Bossplayer32: folds
JayFlower84 leaves the table
pvd44443: raises $0.04 to $0.06
igor6316: folds
frosa9397: calls $0.06
EvgeniyVisus: folds
rsb.25: calls $0.05
Dorex2007: calls $0.04
*** FLOP *** [Ts Ks Kc]
rsb.25: checks
Dorex2007: checks
pvd44443: checks
frosa9397: checks
*** TURN *** [Ts Ks Kc] [7s]
rsb.25: bets $0.06
Dorex2007: folds
pvd44443: folds
frosa9397: folds
Uncalled bet ($0.06) returned to rsb.25
aa9757 joins the table at seat #1
rsb.25 collected $0.23 from pot
rsb.25: doesn't show hand
*** SUMMARY ***
Total pot $0.24 | Rake $0.01
Board [Ts Ks Kc 7s]
Seat 2: rsb.25 (small blind) collected ($0.23)
Seat 3: Dorex2007 (big blind) folded on the Turn
Seat 4: Bossplayer32 folded before Flop (didn't bet)
Seat 5: pvd44443 folded on the Turn
Seat 6: igor6316 folded before Flop (didn't bet)
Seat 7: frosa9397 folded on the Turn
Seat 8: EvgeniyVisus (button) folded before Flop (didn't bet)


PokerStars Hand #228698574491:  Hold'em No Limit ($0.01/$0.02 USD) - 2021/07/30 23:04:32 PT [2021/07/31 2:04:32 ET]
Table 'Selinur II' 9-max Seat #7 is the button
Seat 1: JayFlower84 ($1.94 in chips)
Seat 2: rsb.25 ($4.34 in chips)
Seat 3: Dorex2007 ($2.60 in chips)
Seat 4: Bossplayer32 ($2 in chips)
Seat 5: pvd44443 ($2.18 in chips)
Seat 6: igor6316 ($0.81 in chips)
Seat 7: frosa9397 ($0.52 in chips)
Seat 8: EvgeniyVisus ($2.01 in chips)
EvgeniyVisus: posts small blind $0.01
JayFlower84: posts big blind $0.02
*** HOLE CARDS ***
Dealt to Dorex2007 [Th Js]
rsb.25: raises $0.04 to $0.06
Dorex2007: folds
Bossplayer32: folds
pvd44443: folds
igor6316: folds
frosa9397: calls $0.06
EvgeniyVisus: calls $0.05
JayFlower84: calls $0.04
*** FLOP *** [4s 8s 5s]
EvgeniyVisus: checks
JayFlower84: checks
rsb.25: checks
frosa9397: checks
*** TURN *** [4s 8s 5s] [9h]
EvgeniyVisus: checks
JayFlower84: bets $0.12
rsb.25: calls $0.12
frosa9397: folds
EvgeniyVisus: folds
*** RIVER *** [4s 8s 5s 9h] [Tc]
JayFlower84: checks
rsb.25: bets $0.17
JayFlower84: raises $0.80 to $0.97
rsb.25: raises $0.80 to $1.77
JayFlower84: calls $0.79 and is all-in
Uncalled bet ($0.01) returned to rsb.25
*** SHOW DOWN ***
rsb.25: shows [As Qs] (a flush, Ace high)
JayFlower84: shows [8h 8d] (three of a kind, Eights)
rsb.25 collected $3.86 from pot
*** SUMMARY ***
Total pot $4 | Rake $0.14
Board [4s 8s 5s 9h Tc]
Seat 1: JayFlower84 (big blind) showed [8h 8d] and lost with three of a kind, Eights
Seat 2: rsb.25 showed [As Qs] and won ($3.86) with a flush, Ace high
Seat 3: Dorex2007 folded before Flop (didn't bet)
Seat 4: Bossplayer32 folded before Flop (didn't bet)
Seat 5: pvd44443 folded before Flop (didn't bet)
Seat 6: igor6316 folded before Flop (didn't bet)
Seat 7: frosa9397 (button) folded on the Turn
Seat 8: EvgeniyVisus (small blind) folded on the Turn


PokerStars Hand #228698569560:  Hold'em No Limit ($0.01/$0.02 USD) - 2021/07/30 23:04:00 PT [2021/07/31 2:04:00 ET]
Table 'Selinur II' 9-max Seat #6 is the button
Seat 2: rsb.25 ($4.34 in chips)
Seat 3: Dorex2007 ($2.64 in chips)
Seat 4: Bossplayer32 ($2 in chips)
Seat 5: pvd44443 ($2.11 in chips)
Seat 6: igor6316 ($0.81 in chips)
Seat 7: frosa9397 ($0.53 in chips)
Seat 8: EvgeniyVisus ($2.03 in chips)
frosa9397: posts small blind $0.01
EvgeniyVisus: posts big blind $0.02
JayFlower84: sits out
*** HOLE CARDS ***
Dealt to Dorex2007 [6d 6s]
rsb.25: folds
Dorex2007: raises $0.02 to $0.04
Bossplayer32: folds
pvd44443: calls $0.04
igor6316: folds
frosa9397: folds
EvgeniyVisus: folds
*** FLOP *** [Th Kd 9c]
Dorex2007: checks
pvd44443: bets $0.06
Dorex2007: folds
Uncalled bet ($0.06) returned to pvd44443
pvd44443 collected $0.11 from pot
*** SUMMARY ***
Total pot $0.11 | Rake $0
Board [Th Kd 9c]
Seat 2: rsb.25 folded before Flop (didn't bet)
Seat 3: Dorex2007 folded on the Flop
Seat 4: Bossplayer32 folded before Flop (didn't bet)
Seat 5: pvd44443 collected ($0.11)
Seat 6: igor6316 (button) folded before Flop (didn't bet)
Seat 7: frosa9397 (small blind) folded before Flop
Seat 8: EvgeniyVisus (big blind) folded before Flop


PokerStars Hand #228698565761:  Hold'em No Limit ($0.01/$0.02 USD) - 2021/07/30 23:03:36 PT [2021/07/31 2:03:36 ET]
Table 'Selinur II' 9-max Seat #5 is the button
Seat 2: rsb.25 ($4.31 in chips)
Seat 3: Dorex2007 ($2.64 in chips)
Seat 4: Bossplayer32 ($2 in chips)
Seat 5: pvd44443 ($2.11 in chips)
Seat 6: igor6316 ($0.82 in chips)
Seat 7: frosa9397 ($0.55 in chips)
Seat 8: EvgeniyVisus ($2.03 in chips)
igor6316: posts small blind $0.01
frosa9397: posts big blind $0.02
*** HOLE CARDS ***
Dealt to Dorex2007 [Td 6h]
EvgeniyVisus: folds
rsb.25: raises $0.04 to $0.06
JayFlower84 joins the table at seat #1
Dorex2007: folds
Bossplayer32: folds
pvd44443: folds
igor6316: folds
frosa9397: folds
Uncalled bet ($0.04) returned to rsb.25
rsb.25 collected $0.05 from pot
rsb.25: doesn't show hand
*** SUMMARY ***
Total pot $0.05 | Rake $0
Seat 2: rsb.25 collected ($0.05)
Seat 3: Dorex2007 folded before Flop (didn't bet)
Seat 4: Bossplayer32 folded before Flop (didn't bet)
Seat 5: pvd44443 (button) folded before Flop (didn't bet)
Seat 6: igor6316 (small blind) folded before Flop
Seat 7: frosa9397 (big blind) folded before Flop
Seat 8: EvgeniyVisus folded before Flop (didn't bet)


PokerStars Hand #228698564153:  Hold'em No Limit ($0.01/$0.02 USD) - 2021/07/30 23:03:26 PT [2021/07/31 2:03:26 ET]
Table 'Selinur II' 9-max Seat #4 is the button
Seat 2: rsb.25 ($4.31 in chips)
Seat 3: Dorex2007 ($2.64 in chips)
Seat 4: Bossplayer32 ($2 in chips)
Seat 5: pvd44443 ($2.12 in chips)
Seat 6: igor6316 ($0.81 in chips)
Seat 8: EvgeniyVisus ($2.03 in chips)
pvd44443: posts small blind $0.01
igor6316: posts big blind $0.02
frosa9397: sits out
*** HOLE CARDS ***
Dealt to Dorex2007 [Kc 2h]
tommyiron leaves the table
EvgeniyVisus: folds
rsb.25: folds
Dorex2007: folds
Bossplayer32: folds
pvd44443: folds
Uncalled bet ($0.01) returned to igor6316
igor6316 collected $0.02 from pot
*** SUMMARY ***
Total pot $0.02 | Rake $0
Seat 2: rsb.25 folded before Flop (didn't bet)
Seat 3: Dorex2007 folded before Flop (didn't bet)
Seat 4: Bossplayer32 (button) folded before Flop (didn't bet)
Seat 5: pvd44443 (small blind) folded before Flop
Seat 6: igor6316 (big blind) collected ($0.02)
Seat 8: EvgeniyVisus folded before Flop (didn't bet)


PokerStars Hand #228698561745:  Hold'em No Limit ($0.01/$0.02 USD) - 2021/07/30 23:03:10 PT [2021/07/31 2:03:10 ET]
Table 'Selinur II' 9-max Seat #3 is the button
Seat 2: rsb.25 ($4.28 in chips)
Seat 3: Dorex2007 ($2.64 in chips)
Seat 4: Bossplayer32 ($2 in chips)
Seat 5: pvd44443 ($2.14 in chips)
Seat 6: igor6316 ($0.81 in chips)
Seat 8: EvgeniyVisus ($2.03 in chips)
Bossplayer32: posts small blind $0.01
pvd44443: posts big blind $0.02
frosa9397: sits out
*** HOLE CARDS ***
Dealt to Dorex2007 [4c Ah]
igor6316: folds
EvgeniyVisus: folds
rsb.25: raises $0.02 to $0.04
Dorex2007: folds
Bossplayer32: folds
pvd44443: folds
Uncalled bet ($0.02) returned to rsb.25
rsb.25 collected $0.05 from pot
rsb.25: doesn't show hand
*** SUMMARY ***
Total pot $0.05 | Rake $0
Seat 2: rsb.25 collected ($0.05)
Seat 3: Dorex2007 (button) folded before Flop (didn't bet)
Seat 4: Bossplayer32 (small blind) folded before Flop
Seat 5: pvd44443 (big blind) folded before Flop
Seat 6: igor6316 folded before Flop (didn't bet)
Seat 8: EvgeniyVisus folded before Flop (didn't bet)


PokerStars Hand #228698560066:  Hold'em No Limit ($0.01/$0.02 USD) - 2021/07/30 23:02:59 PT [2021/07/31 2:02:59 ET]
Table 'Selinur II' 9-max Seat #2 is the button
Seat 2: rsb.25 ($4.28 in chips)
Seat 3: Dorex2007 ($2.65 in chips)
Seat 4: Bossplayer32 ($2 in chips)
Seat 5: pvd44443 ($2.14 in chips)
Seat 8: EvgeniyVisus ($2 in chips)
Dorex2007: posts small blind $0.01
Bossplayer32: posts big blind $0.02
frosa9397: sits out
*** HOLE CARDS ***
Dealt to Dorex2007 [2h 3d]
pvd44443: folds
EvgeniyVisus: raises $0.04 to $0.06
rsb.25: folds
Dorex2007: folds
Bossplayer32: folds
Uncalled bet ($0.04) returned to EvgeniyVisus
EvgeniyVisus collected $0.05 from pot
EvgeniyVisus: doesn't show hand
*** SUMMARY ***
Total pot $0.05 | Rake $0
Seat 2: rsb.25 (button) folded before Flop (didn't bet)
Seat 3: Dorex2007 (small blind) folded before Flop
Seat 4: Bossplayer32 (big blind) folded before Flop
Seat 5: pvd44443 folded before Flop (didn't bet)
Seat 8: EvgeniyVisus collected ($0.05)


PokerStars Hand #228698553918:  Hold'em No Limit ($0.01/$0.02 USD) - 2021/07/30 23:02:20 PT [2021/07/31 2:02:20 ET]
Table 'Selinur II' 9-max Seat #1 is the button
Seat 1: tommyiron ($0.69 in chips)
Seat 2: rsb.25 ($4.26 in chips)
Seat 3: Dorex2007 ($2.67 in chips)
Seat 4: zorro2927 ($2.10 in chips)
Seat 5: pvd44443 ($2.14 in chips)
Seat 6: igor6316 ($0.81 in chips)
Seat 8: EvgeniyVisus ($2 in chips)
rsb.25: posts small blind $0.01
Dorex2007: posts big blind $0.02
frosa9397: sits out
*** HOLE CARDS ***
Dealt to Dorex2007 [Jd 2h]
zorro2927: folds
pvd44443: folds
zorro2927 leaves the table
igor6316 has timed out
igor6316: folds
EvgeniyVisus: folds
Bossplayer32 joins the table at seat #4
tommyiron has timed out
tommyiron: folds
rsb.25: raises $0.04 to $0.06
Dorex2007: folds
Uncalled bet ($0.04) returned to rsb.25
rsb.25 collected $0.04 from pot
rsb.25: doesn't show hand
*** SUMMARY ***
Total pot $0.04 | Rake $0
Seat 1: tommyiron (button) folded before Flop (didn't bet)
Seat 2: rsb.25 (small blind) collected ($0.04)
Seat 3: Dorex2007 (big blind) folded before Flop
Seat 4: zorro2927 folded before Flop (didn't bet)
Seat 5: pvd44443 folded before Flop (didn't bet)
Seat 6: igor6316 folded before Flop (didn't bet)
Seat 8: EvgeniyVisus folded before Flop (didn't bet)


PokerStars Hand #228698546352:  Hold'em No Limit ($0.01/$0.02 USD) - 2021/07/30 23:01:30 PT [2021/07/31 2:01:30 ET]
Table 'Selinur II' 9-max Seat #8 is the button
Seat 1: tommyiron ($0.75 in chips)
Seat 2: rsb.25 ($4.20 in chips)
Seat 3: Dorex2007 ($2.67 in chips)
Seat 4: zorro2927 ($2.10 in chips)
Seat 5: pvd44443 ($2.14 in chips)
Seat 6: igor6316 ($0.81 in chips)
Seat 8: EvgeniyVisus ($2 in chips)
tommyiron: posts small blind $0.01
rsb.25: posts big blind $0.02
frosa9397: sits out
*** HOLE CARDS ***
Dealt to Dorex2007 [Qc 6c]
Dorex2007: folds
zorro2927: folds
pvd44443: folds
igor6316: folds
EvgeniyVisus: folds
tommyiron: calls $0.01
rsb.25: raises $0.04 to $0.06
tommyiron: calls $0.04
*** FLOP *** [9c 6d 8d]
tommyiron: checks
rsb.25: bets $0.06
tommyiron: folds
Uncalled bet ($0.06) returned to rsb.25
rsb.25 collected $0.12 from pot
rsb.25: doesn't show hand
*** SUMMARY ***
Total pot $0.12 | Rake $0
Board [9c 6d 8d]
Seat 1: tommyiron (small blind) folded on the Flop
Seat 2: rsb.25 (big blind) collected ($0.12)
Seat 3: Dorex2007 folded before Flop (didn't bet)
Seat 4: zorro2927 folded before Flop (didn't bet)
Seat 5: pvd44443 folded before Flop (didn't bet)
Seat 6: igor6316 folded before Flop (didn't bet)
Seat 8: EvgeniyVisus (button) folded before Flop (didn't bet)


PokerStars Hand #228698542165:  Hold'em No Limit ($0.01/$0.02 USD) - 2021/07/30 23:01:02 PT [2021/07/31 2:01:02 ET]
Table 'Selinur II' 9-max Seat #6 is the button
Seat 1: tommyiron ($0.77 in chips)
Seat 2: rsb.25 ($4.20 in chips)
Seat 3: Dorex2007 ($2.67 in chips)
Seat 4: zorro2927 ($2.07 in chips)
Seat 5: pvd44443 ($2.14 in chips)
Seat 6: igor6316 ($0.81 in chips)
Seat 8: EvgeniyVisus ($2 in chips)
EvgeniyVisus: posts small blind $0.01
tommyiron: posts big blind $0.02
*** HOLE CARDS ***
Dealt to Dorex2007 [5d As]
rsb.25: folds
Dorex2007: folds
zorro2927: raises $0.06 to $0.08
pvd44443: folds
igor6316: folds
EvgeniyVisus: folds
tommyiron: folds
Uncalled bet ($0.06) returned to zorro2927
zorro2927 collected $0.05 from pot
zorro2927: doesn't show hand
*** SUMMARY ***
Total pot $0.05 | Rake $0
Seat 1: tommyiron (big blind) folded before Flop
Seat 2: rsb.25 folded before Flop (didn't bet)
Seat 3: Dorex2007 folded before Flop (didn't bet)
Seat 4: zorro2927 collected ($0.05)
Seat 5: pvd44443 folded before Flop (didn't bet)
Seat 6: igor6316 (button) folded before Flop (didn't bet)
Seat 8: EvgeniyVisus (small blind) folded before Flop


PokerStars Hand #228698537640:  Hold'em No Limit ($0.01/$0.02 USD) - 2021/07/30 23:00:31 PT [2021/07/31 2:00:31 ET]
Table 'Selinur II' 9-max Seat #5 is the button
Seat 1: tommyiron ($0.77 in chips)
Seat 2: rsb.25 ($4.26 in chips)
Seat 3: Dorex2007 ($2.67 in chips)
Seat 4: zorro2927 ($2.07 in chips)
Seat 5: pvd44443 ($2.05 in chips)
Seat 6: igor6316 ($0.82 in chips)
Seat 8: EvgeniyVisus ($2 in chips)
igor6316: posts small blind $0.01
EvgeniyVisus: posts big blind $0.02
*** HOLE CARDS ***
Dealt to Dorex2007 [Qd 2d]
tommyiron: folds
rsb.25: raises $0.04 to $0.06
Dorex2007: folds
zorro2927: folds
pvd44443: raises $0.40 to $0.46
igor6316: folds
EvgeniyVisus: folds
rsb.25: folds
Uncalled bet ($0.40) returned to pvd44443
pvd44443 collected $0.15 from pot
*** SUMMARY ***
Total pot $0.15 | Rake $0
Seat 1: tommyiron folded before Flop (didn't bet)
Seat 2: rsb.25 folded before Flop
Seat 3: Dorex2007 folded before Flop (didn't bet)
Seat 4: zorro2927 folded before Flop (didn't bet)
Seat 5: pvd44443 (button) collected ($0.15)
Seat 6: igor6316 (small blind) folded before Flop
Seat 8: EvgeniyVisus (big blind) folded before Flop


PokerStars Hand #228698535233:  Hold'em No Limit ($0.01/$0.02 USD) - 2021/07/30 23:00:14 PT [2021/07/31 2:00:14 ET]
Table 'Selinur II' 9-max Seat #4 is the button
Seat 1: tommyiron ($0.77 in chips)
Seat 2: rsb.25 ($4.26 in chips)
Seat 3: Dorex2007 ($2.67 in chips)
Seat 4: zorro2927 ($2.07 in chips)
Seat 5: pvd44443 ($2.06 in chips)
Seat 6: igor6316 ($0.81 in chips)
Seat 9: fjmuller ($1.41 in chips)
pvd44443: posts small blind $0.01
igor6316: posts big blind $0.02
EvgeniyVisus: sits out
*** HOLE CARDS ***
Dealt to Dorex2007 [Ks 9c]
fjmuller: folds
tommyiron: folds
rsb.25: folds
Dorex2007: folds
zorro2927: folds
pvd44443: folds
Uncalled bet ($0.01) returned to igor6316
igor6316 collected $0.02 from pot
*** SUMMARY ***
Total pot $0.02 | Rake $0
Seat 1: tommyiron folded before Flop (didn't bet)
Seat 2: rsb.25 folded before Flop (didn't bet)
Seat 3: Dorex2007 folded before Flop (didn't bet)
Seat 4: zorro2927 (button) folded before Flop (didn't bet)
Seat 5: pvd44443 (small blind) folded before Flop
Seat 6: igor6316 (big blind) collected ($0.02)
Seat 9: fjmuller folded before Flop (didn't bet)


PokerStars Hand #228698531901:  Hold'em No Limit ($0.01/$0.02 USD) - 2021/07/30 22:59:51 PT [2021/07/31 1:59:51 ET]
Table 'Selinur II' 9-max Seat #3 is the button
Seat 1: tommyiron ($0.77 in chips)
Seat 2: rsb.25 ($4.30 in chips)
Seat 3: Dorex2007 ($2.67 in chips)
Seat 4: zorro2927 ($2.01 in chips)
Seat 5: pvd44443 ($2.08 in chips)
Seat 6: igor6316 ($0.81 in chips)
Seat 9: fjmuller ($1.41 in chips)
zorro2927: posts small blind $0.01
pvd44443: posts big blind $0.02
*** HOLE CARDS ***
Dealt to Dorex2007 [2c Kc]
igor6316: folds
fjmuller: folds
tommyiron: folds
rsb.25: raises $0.02 to $0.04
Dorex2007: folds
zorro2927: raises $0.16 to $0.20
pvd44443: folds
rsb.25: folds
Uncalled bet ($0.16) returned to zorro2927
zorro2927 collected $0.10 from pot
zorro2927: doesn't show hand
*** SUMMARY ***
Total pot $0.10 | Rake $0
Seat 1: tommyiron folded before Flop (didn't bet)
Seat 2: rsb.25 folded before Flop
Seat 3: Dorex2007 (button) folded before Flop (didn't bet)
Seat 4: zorro2927 (small blind) collected ($0.10)
Seat 5: pvd44443 (big blind) folded before Flop
Seat 6: igor6316 folded before Flop (didn't bet)
Seat 9: fjmuller folded before Flop (didn't bet)


PokerStars Hand #228698520856:  Hold'em No Limit ($0.01/$0.02 USD) - 2021/07/30 22:58:30 PT [2021/07/31 1:58:30 ET]
Table 'Selinur II' 9-max Seat #2 is the button
Seat 1: tommyiron ($0.77 in chips)
Seat 2: rsb.25 ($4.29 in chips)
Seat 3: Dorex2007 ($2.68 in chips)
Seat 4: zorro2927 ($2 in chips)
Seat 5: pvd44443 ($2.08 in chips)
Seat 6: igor6316 ($0.81 in chips)
Seat 7: frosa9397 ($0.55 in chips)
Seat 9: fjmuller ($1.43 in chips)
Dorex2007: posts small blind $0.01
zorro2927: posts big blind $0.02
*** HOLE CARDS ***
Dealt to Dorex2007 [Kd 7c]
pvd44443: folds
igor6316: folds
frosa9397 has timed out while disconnected
frosa9397: folds
fjmuller: calls $0.02
tommyiron has timed out
tommyiron: folds
rsb.25: calls $0.02
Dorex2007: folds
zorro2927: checks
*** FLOP *** [2c Js 9c]
zorro2927: bets $0.04
fjmuller: folds
rsb.25: calls $0.04
*** TURN *** [2c Js 9c] [Qd]
zorro2927: checks
rsb.25: checks
*** RIVER *** [2c Js 9c Qd] [As]
zorro2927: checks
rsb.25: checks
*** SHOW DOWN ***
zorro2927: shows [9s 6s] (a pair of Nines)
rsb.25: shows [9d 5d] (a pair of Nines)
zorro2927 collected $0.07 from pot
rsb.25 collected $0.07 from pot
*** SUMMARY ***
Total pot $0.15 | Rake $0.01
Board [2c Js 9c Qd As]
Seat 1: tommyiron folded before Flop (didn't bet)
Seat 2: rsb.25 (button) showed [9d 5d] and won ($0.07) with a pair of Nines
Seat 3: Dorex2007 (small blind) folded before Flop
Seat 4: zorro2927 (big blind) showed [9s 6s] and won ($0.07) with a pair of Nines
Seat 5: pvd44443 folded before Flop (didn't bet)
Seat 6: igor6316 folded before Flop (didn't bet)
Seat 7: frosa9397 folded before Flop (didn't bet)
Seat 9: fjmuller folded on the Flop


PokerStars Hand #228698511546:  Hold'em No Limit ($0.01/$0.02 USD) - 2021/07/30 22:57:23 PT [2021/07/31 1:57:23 ET]
Table 'Selinur II' 9-max Seat #1 is the button
Seat 1: tommyiron ($0.77 in chips)
Seat 2: rsb.25 ($4.35 in chips)
Seat 3: Dorex2007 ($2.70 in chips)
Seat 4: zorro2927 ($2 in chips)
Seat 5: pvd44443 ($2.08 in chips)
Seat 6: igor6316 ($0.81 in chips)
Seat 7: frosa9397 ($0.55 in chips)
Seat 9: fjmuller ($1.36 in chips)
rsb.25: posts small blind $0.01
Dorex2007: posts big blind $0.02
fjmuller: posts small & big blinds $0.03
*** HOLE CARDS ***
Dealt to Dorex2007 [5c Th]
zorro2927: folds
pvd44443: folds
igor6316: folds
frosa9397: folds
fjmuller: checks
tommyiron: folds
rsb.25: calls $0.01
Dorex2007: checks
*** FLOP *** [4c Ac Qd]
rsb.25: checks
Dorex2007: checks
fjmuller: checks
*** TURN *** [4c Ac Qd] [9d]
rsb.25: checks
frosa9397 is disconnected
Dorex2007: checks
fjmuller: checks
*** RIVER *** [4c Ac Qd 9d] [6s]
rsb.25: bets $0.04
Dorex2007: folds
fjmuller: calls $0.04
*** SHOW DOWN ***
rsb.25: shows [Jd 2c] (high card Ace)
fjmuller: shows [9h Kh] (a pair of Nines)
fjmuller collected $0.14 from pot
*** SUMMARY ***
Total pot $0.15 | Rake $0.01
Board [4c Ac Qd 9d 6s]
Seat 1: tommyiron (button) folded before Flop (didn't bet)
Seat 2: rsb.25 (small blind) showed [Jd 2c] and lost with high card Ace
Seat 3: Dorex2007 (big blind) folded on the River
Seat 4: zorro2927 folded before Flop (didn't bet)
Seat 5: pvd44443 folded before Flop (didn't bet)
Seat 6: igor6316 folded before Flop (didn't bet)
Seat 7: frosa9397 folded before Flop (didn't bet)
Seat 9: fjmuller showed [9h Kh] and won ($0.14) with a pair of Nines


PokerStars Hand #228698508128:  Hold'em No Limit ($0.01/$0.02 USD) - 2021/07/30 22:57:07 PT [2021/07/31 1:57:07 ET]
Table 'Selinur II' 9-max Seat #7 is the button
Seat 1: tommyiron ($0.78 in chips)
Seat 2: rsb.25 ($4.34 in chips)
Seat 3: Dorex2007 ($2.70 in chips)
Seat 4: zorro2927 ($2 in chips)
Seat 5: pvd44443 ($2.08 in chips)
Seat 6: igor6316 ($0.81 in chips)
Seat 7: frosa9397 ($0.55 in chips)
tommyiron: posts small blind $0.01
rsb.25: posts big blind $0.02
*** HOLE CARDS ***
Dealt to Dorex2007 [3c 7s]
Dorex2007: folds
zorro2927: folds
pvd44443: folds
igor6316: folds
frosa9397: folds
tommyiron: folds
Uncalled bet ($0.01) returned to rsb.25
rsb.25 collected $0.02 from pot
rsb.25: doesn't show hand
*** SUMMARY ***
Total pot $0.02 | Rake $0
Seat 1: tommyiron (small blind) folded before Flop
Seat 2: rsb.25 (big blind) collected ($0.02)
Seat 3: Dorex2007 folded before Flop (didn't bet)
Seat 4: zorro2927 folded before Flop (didn't bet)
Seat 5: pvd44443 folded before Flop (didn't bet)
Seat 6: igor6316 folded before Flop (didn't bet)
Seat 7: frosa9397 (button) folded before Flop (didn't bet)


PokerStars Hand #228698504134:  Hold'em No Limit ($0.01/$0.02 USD) - 2021/07/30 22:56:37 PT [2021/07/31 1:56:37 ET]
Table 'Selinur II' 9-max Seat #6 is the button
Seat 1: tommyiron ($0.80 in chips)
Seat 2: rsb.25 ($4.38 in chips)
Seat 3: Dorex2007 ($2.70 in chips)
Seat 4: zorro2927 ($1.99 in chips)
Seat 5: pvd44443 ($2.08 in chips)
Seat 6: igor6316 ($0.74 in chips)
Seat 7: frosa9397 ($0.56 in chips)
frosa9397: posts small blind $0.01
tommyiron: posts big blind $0.02
*** HOLE CARDS ***
Dealt to Dorex2007 [4s Ac]
rsb.25: raises $0.02 to $0.04
Dorex2007: folds
zorro2927: folds
pvd44443: folds
igor6316: raises $0.70 to $0.74 and is all-in
frosa9397: folds
tommyiron: folds
rsb.25: folds
Uncalled bet ($0.70) returned to igor6316
igor6316 collected $0.11 from pot
*** SUMMARY ***
Total pot $0.11 | Rake $0
Seat 1: tommyiron (big blind) folded before Flop
Seat 2: rsb.25 folded before Flop
Seat 3: Dorex2007 folded before Flop (didn't bet)
Seat 4: zorro2927 folded before Flop (didn't bet)
Seat 5: pvd44443 folded before Flop (didn't bet)
Seat 6: igor6316 (button) collected ($0.11)
Seat 7: frosa9397 (small blind) folded before Flop


PokerStars Hand #228698501464:  Hold'em No Limit ($0.01/$0.02 USD) - 2021/07/30 22:56:18 PT [2021/07/31 1:56:18 ET]
Table 'Selinur II' 9-max Seat #5 is the button
Seat 2: rsb.25 ($4.35 in chips)
Seat 3: Dorex2007 ($2.70 in chips)
Seat 4: zorro2927 ($1.99 in chips)
Seat 5: pvd44443 ($2.08 in chips)
Seat 6: igor6316 ($0.75 in chips)
Seat 7: frosa9397 ($0.58 in chips)
igor6316: posts small blind $0.01
frosa9397: posts big blind $0.02
tommyiron: sits out
*** HOLE CARDS ***
Dealt to Dorex2007 [Js 2s]
rsb.25: raises $0.04 to $0.06
Dorex2007: folds
zorro2927: folds
pvd44443: folds
igor6316: folds
frosa9397: folds
Uncalled bet ($0.04) returned to rsb.25
rsb.25 collected $0.05 from pot
rsb.25: doesn't show hand
*** SUMMARY ***
Total pot $0.05 | Rake $0
Seat 2: rsb.25 collected ($0.05)
Seat 3: Dorex2007 folded before Flop (didn't bet)
Seat 4: zorro2927 folded before Flop (didn't bet)
Seat 5: pvd44443 (button) folded before Flop (didn't bet)
Seat 6: igor6316 (small blind) folded before Flop
Seat 7: frosa9397 (big blind) folded before Flop


PokerStars Hand #228698498276:  Hold'em No Limit ($0.01/$0.02 USD) - 2021/07/30 22:55:54 PT [2021/07/31 1:55:54 ET]
Table 'Selinur II' 9-max Seat #4 is the button
Seat 2: rsb.25 ($4.35 in chips)
Seat 3: Dorex2007 ($2.67 in chips)
Seat 4: zorro2927 ($1.99 in chips)
Seat 5: pvd44443 ($2.09 in chips)
Seat 6: igor6316 ($0.77 in chips)
Seat 7: frosa9397 ($0.58 in chips)
pvd44443: posts small blind $0.01
igor6316: posts big blind $0.02
tommyiron: sits out
*** HOLE CARDS ***
Dealt to Dorex2007 [Qs Ks]
frosa9397: folds
rsb.25: folds
Dorex2007: raises $0.02 to $0.04
zorro2927: folds
pvd44443: folds
igor6316: folds
Uncalled bet ($0.02) returned to Dorex2007
Dorex2007 collected $0.05 from pot
Dorex2007: doesn't show hand
*** SUMMARY ***
Total pot $0.05 | Rake $0
Seat 2: rsb.25 folded before Flop (didn't bet)
Seat 3: Dorex2007 collected ($0.05)
Seat 4: zorro2927 (button) folded before Flop (didn't bet)
Seat 5: pvd44443 (small blind) folded before Flop
Seat 6: igor6316 (big blind) folded before Flop
Seat 7: frosa9397 folded before Flop (didn't bet)


PokerStars Hand #228698493642:  Hold'em No Limit ($0.01/$0.02 USD) - 2021/07/30 22:55:19 PT [2021/07/31 1:55:19 ET]
Table 'Selinur II' 9-max Seat #3 is the button
Seat 2: rsb.25 ($4.35 in chips)
Seat 3: Dorex2007 ($2.67 in chips)
Seat 4: zorro2927 ($1.95 in chips)
Seat 5: pvd44443 ($2.06 in chips)
Seat 6: igor6316 ($0.77 in chips)
Seat 7: frosa9397 ($0.60 in chips)
zorro2927: posts small blind $0.01
pvd44443: posts big blind $0.02
tommyiron: sits out
*** HOLE CARDS ***
Dealt to Dorex2007 [5c 3s]
igor6316: folds
frosa9397: calls $0.02
rsb.25: folds
Dorex2007: folds
zorro2927: folds
pvd44443: checks
*** FLOP *** [9s Jh Tc]
pvd44443: bets $0.02
frosa9397: folds
Uncalled bet ($0.02) returned to pvd44443
pvd44443 collected $0.05 from pot
*** SUMMARY ***
Total pot $0.05 | Rake $0
Board [9s Jh Tc]
Seat 2: rsb.25 folded before Flop (didn't bet)
Seat 3: Dorex2007 (button) folded before Flop (didn't bet)
Seat 4: zorro2927 (small blind) folded before Flop
Seat 5: pvd44443 (big blind) collected ($0.05)
Seat 6: igor6316 folded before Flop (didn't bet)
Seat 7: frosa9397 folded on the Flop


PokerStars Hand #228698484183:  Hold'em No Limit ($0.01/$0.02 USD) - 2021/07/30 22:54:17 PT [2021/07/31 1:54:17 ET]
Table 'Selinur II' 9-max Seat #2 is the button
Seat 2: rsb.25 ($4.17 in chips)
Seat 3: Dorex2007 ($2.68 in chips)
Seat 4: zorro2927 ($2.07 in chips)
Seat 5: pvd44443 ($2.06 in chips)
Seat 6: igor6316 ($0.77 in chips)
Seat 7: frosa9397 ($0.66 in chips)
Dorex2007: posts small blind $0.01
zorro2927: posts big blind $0.02
*** HOLE CARDS ***
Dealt to Dorex2007 [8h 3c]
pvd44443: folds
igor6316: folds
frosa9397: calls $0.02
rsb.25: raises $0.04 to $0.06
Dorex2007: folds
zorro2927: calls $0.04
frosa9397: calls $0.04
*** FLOP *** [3s Ts 6c]
zorro2927: checks
tommyiron joins the table at seat #1
frosa9397: checks
rsb.25: bets $0.06
zorro2927: calls $0.06
frosa9397: folds
*** TURN *** [3s Ts 6c] [Qc]
zorro2927: checks
rsb.25: bets $0.30
zorro2927: folds
Uncalled bet ($0.30) returned to rsb.25
rsb.25 collected $0.30 from pot
rsb.25: doesn't show hand
*** SUMMARY ***
Total pot $0.31 | Rake $0.01
Board [3s Ts 6c Qc]
Seat 2: rsb.25 (button) collected ($0.30)
Seat 3: Dorex2007 (small blind) folded before Flop
Seat 4: zorro2927 (big blind) folded on the Turn
Seat 5: pvd44443 folded before Flop (didn't bet)
Seat 6: igor6316 folded before Flop (didn't bet)
Seat 7: frosa9397 folded on the Flop


PokerStars Hand #228698479645:  Hold'em No Limit ($0.01/$0.02 USD) - 2021/07/30 22:53:47 PT [2021/07/31 1:53:47 ET]
Table 'Selinur II' 9-max Seat #7 is the button
Seat 2: rsb.25 ($4.13 in chips)
Seat 3: Dorex2007 ($2.72 in chips)
Seat 4: zorro2927 ($2.07 in chips)
Seat 5: pvd44443 ($2.06 in chips)
Seat 6: igor6316 ($0.77 in chips)
Seat 7: frosa9397 ($0.66 in chips)
rsb.25: posts small blind $0.01
Dorex2007: posts big blind $0.02
*** HOLE CARDS ***
Dealt to Dorex2007 [6h Kh]
zorro2927: folds
pvd44443: folds
igor6316: folds
frosa9397: folds
rsb.25: raises $0.02 to $0.04
Dorex2007: calls $0.02
*** FLOP *** [Qs 3d 2c]
EvgeniyVisus joins the table at seat #8
rsb.25: bets $0.02
Dorex2007: folds
Uncalled bet ($0.02) returned to rsb.25
rsb.25 collected $0.08 from pot
rsb.25: doesn't show hand
*** SUMMARY ***
Total pot $0.08 | Rake $0
Board [Qs 3d 2c]
Seat 2: rsb.25 (small blind) collected ($0.08)
Seat 3: Dorex2007 (big blind) folded on the Flop
Seat 4: zorro2927 folded before Flop (didn't bet)
Seat 5: pvd44443 folded before Flop (didn't bet)
Seat 6: igor6316 folded before Flop (didn't bet)
Seat 7: frosa9397 (button) folded before Flop (didn't bet)




