PokerStars Hand #234770304864:  Hold'em No Limit ($0.01/$0.02 USD) - 2022/03/13 12:14:31 PT [2022/03/13 15:14:31 ET]
Table 'Troilus II' 9-max Seat #8 is the button
Seat 1: Slaventzzz ($1.98 in chips) 
Seat 2: valera_22026 ($2.78 in chips) 
Seat 4: fbf58 ($1.90 in chips) 
Seat 5: denizlokooo ($1.14 in chips) 
Seat 6: sieupeaici ($2 in chips) 
Seat 7: Dorex2007 ($2 in chips) 
Seat 8: J0wen ($1.55 in chips) 
Slaventzzz: posts small blind $0.01
valera_22026: posts big blind $0.02
sieupeaici: posts big blind $0.02
Dorex2007: posts big blind $0.02
*** HOLE CARDS ***
Dealt to Dorex2007 [Js 3c]
fbf58: calls $0.02
denizlokooo: calls $0.02
sieupeaici: checks 
Dorex2007: checks 
J0wen: raises $0.04 to $0.06
Slaventzzz: folds 
valera_22026: folds 
fbf58: folds 
denizlokooo: calls $0.04
sieupeaici: calls $0.04
Dorex2007: folds 
*** FLOP *** [8d Tc 9d]
denizlokooo: bets $0.02
sieupeaici: calls $0.02
J0wen: raises $0.06 to $0.08
denizlokooo: calls $0.06
sieupeaici: calls $0.06
*** TURN *** [8d Tc 9d] [5s]
denizlokooo: checks 
sieupeaici: checks 
J0wen: bets $1.41 and is all-in
denizlokooo: folds 
sieupeaici: calls $1.41
sieupeaici has timed out
*** RIVER *** [8d Tc 9d 5s] [9h]
*** SHOW DOWN ***
sieupeaici: shows [8h Jc] (two pair, Nines and Eights)
J0wen: shows [Td Qd] (two pair, Tens and Nines)
J0wen collected $3.19 from pot
*** SUMMARY ***
Total pot $3.31 | Rake $0.12 
Board [8d Tc 9d 5s 9h]
Seat 1: Slaventzzz (small blind) folded before Flop
Seat 2: valera_22026 (big blind) folded before Flop
Seat 4: fbf58 folded before Flop
Seat 5: denizlokooo folded on the Turn
Seat 6: sieupeaici showed [8h Jc] and lost with two pair, Nines and Eights
Seat 7: Dorex2007 folded before Flop (didn't bet)
Seat 8: J0wen (button) showed [Td Qd] and won ($3.19) with two pair, Tens and Nines



PokerStars Hand #234770352252:  Hold'em No Limit ($0.01/$0.02 USD) - 2022/03/13 12:15:58 PT [2022/03/13 15:15:58 ET]
Table 'Troilus II' 9-max Seat #1 is the button
Seat 1: Slaventzzz ($1.97 in chips) 
Seat 2: valera_22026 ($2.76 in chips) 
Seat 4: fbf58 ($1.88 in chips) 
Seat 5: denizlokooo ($1 in chips) 
Seat 6: sieupeaici ($2 in chips) 
Seat 7: Dorex2007 ($2 in chips) 
Seat 8: J0wen ($3.19 in chips) 
valera_22026: posts small blind $0.01
fbf58: posts big blind $0.02
*** HOLE CARDS ***
Dealt to Dorex2007 [Th 3h]
denizlokooo: calls $0.02
sieupeaici: folds 
Dorex2007: folds 
J0wen: calls $0.02
Slaventzzz: folds 
valera_22026: folds 
fbf58: checks 
*** FLOP *** [9s 5h 5c]
fbf58: checks 
denizlokooo: checks 
J0wen: checks 
*** TURN *** [9s 5h 5c] [Jc]
fbf58: checks 
denizlokooo: checks 
J0wen: checks 
*** RIVER *** [9s 5h 5c Jc] [5s]
fbf58: bets $0.02
denizlokooo: raises $0.44 to $0.46
J0wen: folds 
fbf58: folds 
Uncalled bet ($0.44) returned to denizlokooo
denizlokooo collected $0.11 from pot
denizlokooo: doesn't show hand 
*** SUMMARY ***
Total pot $0.11 | Rake $0 
Board [9s 5h 5c Jc 5s]
Seat 1: Slaventzzz (button) folded before Flop (didn't bet)
Seat 2: valera_22026 (small blind) folded before Flop
Seat 4: fbf58 (big blind) folded on the River
Seat 5: denizlokooo collected ($0.11)
Seat 6: sieupeaici folded before Flop (didn't bet)
Seat 7: Dorex2007 folded before Flop (didn't bet)
Seat 8: J0wen folded on the River



PokerStars Hand #234770381715:  Hold'em No Limit ($0.01/$0.02 USD) - 2022/03/13 12:16:47 PT [2022/03/13 15:16:47 ET]
Table 'Troilus II' 9-max Seat #2 is the button
Seat 1: Slaventzzz ($1.97 in chips) 
Seat 2: valera_22026 ($2.75 in chips) 
Seat 4: fbf58 ($1.84 in chips) 
Seat 5: denizlokooo ($1.07 in chips) 
Seat 6: sieupeaici ($2 in chips) 
Seat 7: Dorex2007 ($2 in chips) 
Seat 8: J0wen ($3.17 in chips) 
fbf58: posts small blind $0.01
denizlokooo: posts big blind $0.02
*** HOLE CARDS ***
Dealt to Dorex2007 [8c 9d]
sieupeaici: raises $0.04 to $0.06
Dorex2007: folds 
camburo88 leaves the table
J0wen: folds 
Slaventzzz: folds 
valera_22026: calls $0.06
fbf58: folds 
denizlokooo: calls $0.04
*** FLOP *** [5d Qh 2h]
denizlokooo: checks 
sieupeaici: checks 
joe mama878 joins the table at seat #3 
valera_22026: checks 
*** TURN *** [5d Qh 2h] [Jd]
denizlokooo: checks 
sieupeaici: checks 
valera_22026: checks 
*** RIVER *** [5d Qh 2h Jd] [3h]
denizlokooo: bets $0.08
sieupeaici: calls $0.08
valera_22026: calls $0.08
*** SHOW DOWN ***
denizlokooo: shows [Jh As] (a pair of Jacks)
sieupeaici: mucks hand 
valera_22026: shows [3c 3d] (three of a kind, Threes)
valera_22026 collected $0.41 from pot
*** SUMMARY ***
Total pot $0.43 | Rake $0.02 
Board [5d Qh 2h Jd 3h]
Seat 1: Slaventzzz folded before Flop (didn't bet)
Seat 2: valera_22026 (button) showed [3c 3d] and won ($0.41) with three of a kind, Threes
Seat 4: fbf58 (small blind) folded before Flop
Seat 5: denizlokooo (big blind) showed [Jh As] and lost with a pair of Jacks
Seat 6: sieupeaici mucked [6s 5h]
Seat 7: Dorex2007 folded before Flop (didn't bet)
Seat 8: J0wen folded before Flop (didn't bet)



PokerStars Hand #234770415456:  Hold'em No Limit ($0.01/$0.02 USD) - 2022/03/13 12:17:49 PT [2022/03/13 15:17:49 ET]
Table 'Troilus II' 9-max Seat #4 is the button
Seat 1: Slaventzzz ($1.97 in chips) 
Seat 2: valera_22026 ($3.02 in chips) 
Seat 3: joe mama878 ($2 in chips) 
Seat 4: fbf58 ($1.83 in chips) 
Seat 5: denizlokooo ($0.93 in chips) 
Seat 6: sieupeaici ($2 in chips) 
Seat 7: Dorex2007 ($2 in chips) 
Seat 8: J0wen ($3.17 in chips) 
denizlokooo: posts small blind $0.01
sieupeaici: posts big blind $0.02
joe mama878: posts big blind $0.02
*** HOLE CARDS ***
Dealt to Dorex2007 [Ah Kc]
Dorex2007: raises $0.02 to $0.04
J0wen: folds 
Slaventzzz: folds 
valera_22026: folds 
joe mama878: calls $0.02
fbf58: folds 
denizlokooo: calls $0.03
sieupeaici: calls $0.02
*** FLOP *** [Tc Qd 9d]
denizlokooo: checks 
sieupeaici: bets $0.09
Dorex2007: folds 
joe mama878: calls $0.09
denizlokooo: calls $0.09
*** TURN *** [Tc Qd 9d] [Ks]
denizlokooo: checks 
sieupeaici: bets $0.26
joe mama878: raises $0.93 to $1.19
denizlokooo: folds 
sieupeaici: calls $0.93
*** RIVER *** [Tc Qd 9d Ks] [4c]
sieupeaici: bets $0.68 and is all-in
joe mama878: calls $0.68 and is all-in
*** SHOW DOWN ***
sieupeaici: shows [Ts Qc] (two pair, Queens and Tens)
joe mama878: shows [9h Jh] (a straight, Nine to King)
joe mama878 collected $4.02 from pot
*** SUMMARY ***
Total pot $4.17 | Rake $0.15 
Board [Tc Qd 9d Ks 4c]
Seat 1: Slaventzzz folded before Flop (didn't bet)
Seat 2: valera_22026 folded before Flop (didn't bet)
Seat 3: joe mama878 showed [9h Jh] and won ($4.02) with a straight, Nine to King
Seat 4: fbf58 (button) folded before Flop (didn't bet)
Seat 5: denizlokooo (small blind) folded on the Turn
Seat 6: sieupeaici (big blind) showed [Ts Qc] and lost with two pair, Queens and Tens
Seat 7: Dorex2007 folded on the Flop
Seat 8: J0wen folded before Flop (didn't bet)



PokerStars Hand #234770460486:  Hold'em No Limit ($0.01/$0.02 USD) - 2022/03/13 12:19:10 PT [2022/03/13 15:19:10 ET]
Table 'Troilus II' 9-max Seat #5 is the button
Seat 1: Slaventzzz ($1.97 in chips) 
Seat 2: valera_22026 ($3.02 in chips) 
Seat 3: joe mama878 ($4.02 in chips) 
Seat 4: fbf58 ($1.83 in chips) 
Seat 5: denizlokooo ($0.80 in chips) 
Seat 6: sieupeaici ($2 in chips) 
Seat 7: Dorex2007 ($2 in chips) 
Seat 8: J0wen ($3.17 in chips) 
sieupeaici: posts small blind $0.01
Dorex2007: posts big blind $0.02
*** HOLE CARDS ***
Dealt to Dorex2007 [7d 6s]
J0wen: folds 
Slaventzzz: folds 
valera_22026: folds 
joe mama878: calls $0.02
fbf58: calls $0.02
denizlokooo: folds 
sieupeaici: folds 
Dorex2007: checks 
*** FLOP *** [8d Qd Ac]
Dorex2007: checks 
joe mama878: checks 
fbf58: checks 
*** TURN *** [8d Qd Ac] [7c]
Dorex2007: bets $0.04
joe mama878: folds 
fbf58: folds 
Uncalled bet ($0.04) returned to Dorex2007
Dorex2007 collected $0.07 from pot
Dorex2007: doesn't show hand 
*** SUMMARY ***
Total pot $0.07 | Rake $0 
Board [8d Qd Ac 7c]
Seat 1: Slaventzzz folded before Flop (didn't bet)
Seat 2: valera_22026 folded before Flop (didn't bet)
Seat 3: joe mama878 folded on the Turn
Seat 4: fbf58 folded on the Turn
Seat 5: denizlokooo (button) folded before Flop (didn't bet)
Seat 6: sieupeaici (small blind) folded before Flop
Seat 7: Dorex2007 (big blind) collected ($0.07)
Seat 8: J0wen folded before Flop (didn't bet)



PokerStars Hand #234770477496:  Hold'em No Limit ($0.01/$0.02 USD) - 2022/03/13 12:19:41 PT [2022/03/13 15:19:41 ET]
Table 'Troilus II' 9-max Seat #6 is the button
Seat 1: Slaventzzz ($1.97 in chips) 
Seat 2: valera_22026 ($3.02 in chips) 
Seat 3: joe mama878 ($4 in chips) 
Seat 4: fbf58 ($1.81 in chips) 
Seat 5: denizlokooo ($0.80 in chips) 
Seat 6: sieupeaici ($2 in chips) 
Seat 7: Dorex2007 ($2.05 in chips) 
Seat 8: J0wen ($3.17 in chips) 
Dorex2007: posts small blind $0.01
J0wen: posts big blind $0.02
*** HOLE CARDS ***
Dealt to Dorex2007 [4c Jc]
Slaventzzz: folds 
valera_22026: folds 
joe mama878: calls $0.02
fbf58: folds 
denizlokooo: calls $0.02
sieupeaici: raises $0.10 to $0.12
Dorex2007: folds 
J0wen: raises $0.20 to $0.32
joe mama878: folds 
denizlokooo: calls $0.30
sieupeaici: calls $0.20
*** FLOP *** [Td 9c 4s]
J0wen: bets $0.10
denizlokooo: calls $0.10
sieupeaici: calls $0.10
*** TURN *** [Td 9c 4s] [Js]
J0wen: bets $0.10
denizlokooo: raises $0.10 to $0.20
sieupeaici: raises $1.38 to $1.58 and is all-in
J0wen: calls $1.48
denizlokooo: calls $0.18 and is all-in
sieupeaici has timed out
*** RIVER *** [Td 9c 4s Js] [5s]
*** SHOW DOWN ***
J0wen: shows [Kh Ad] (high card Ace)
sieupeaici: shows [8d Ah] (high card Ace - lower kicker)
J0wen collected $2.32 from side pot
denizlokooo: shows [7s 8s] (a flush, Jack high)
denizlokooo cashed out the hand for $2.07 | Cash Out Fee $0.02
*** SUMMARY ***
Total pot $4.83 Main pot $2.34. Side pot $2.32. | Rake $0.17 
Board [Td 9c 4s Js 5s]
Seat 1: Slaventzzz folded before Flop (didn't bet)
Seat 2: valera_22026 folded before Flop (didn't bet)
Seat 3: joe mama878 folded before Flop
Seat 4: fbf58 folded before Flop (didn't bet)
Seat 5: denizlokooo showed [7s 8s] and won ($2.34) with a flush, Jack high (pot not awarded as player cashed out)
Seat 6: sieupeaici (button) showed [8d Ah] and lost with high card Ace
Seat 7: Dorex2007 (small blind) folded before Flop
Seat 8: J0wen (big blind) showed [Kh Ad] and won ($2.32) with high card Ace



PokerStars Hand #234770518744:  Hold'em No Limit ($0.01/$0.02 USD) - 2022/03/13 12:20:55 PT [2022/03/13 15:20:55 ET]
Table 'Troilus II' 9-max Seat #7 is the button
Seat 1: Slaventzzz ($1.97 in chips) 
Seat 2: valera_22026 ($3.02 in chips) 
Seat 3: joe mama878 ($3.98 in chips) 
Seat 4: fbf58 ($1.81 in chips) 
Seat 5: denizlokooo ($2.07 in chips) 
Seat 6: sieupeaici ($2 in chips) 
Seat 7: Dorex2007 ($2.04 in chips) 
Seat 8: J0wen ($3.49 in chips) 
Seat 9: WARRENtheSAP ($2.20 in chips) 
J0wen: posts small blind $0.01
WARRENtheSAP: posts big blind $0.02
*** HOLE CARDS ***
Dealt to Dorex2007 [6c 9d]
Slaventzzz: folds 
valera_22026: folds 
joe mama878: folds 
fbf58: folds 
denizlokooo: calls $0.02
sieupeaici: folds 
Dorex2007: folds 
J0wen: folds 
WARRENtheSAP: checks 
*** FLOP *** [Ad Kc Js]
WARRENtheSAP: checks 
denizlokooo: checks 
*** TURN *** [Ad Kc Js] [Ts]
WARRENtheSAP: checks 
denizlokooo: checks 
*** RIVER *** [Ad Kc Js Ts] [Qc]
WARRENtheSAP: checks 
denizlokooo: checks 
*** SHOW DOWN ***
WARRENtheSAP: shows [Ks 2c] (a straight, Ten to Ace)
denizlokooo: shows [Th Ac] (a straight, Ten to Ace)
WARRENtheSAP collected $0.03 from pot
denizlokooo collected $0.02 from pot
*** SUMMARY ***
Total pot $0.05 | Rake $0 
Board [Ad Kc Js Ts Qc]
Seat 1: Slaventzzz folded before Flop (didn't bet)
Seat 2: valera_22026 folded before Flop (didn't bet)
Seat 3: joe mama878 folded before Flop (didn't bet)
Seat 4: fbf58 folded before Flop (didn't bet)
Seat 5: denizlokooo showed [Th Ac] and won ($0.02) with a straight, Ten to Ace
Seat 6: sieupeaici folded before Flop (didn't bet)
Seat 7: Dorex2007 (button) folded before Flop (didn't bet)
Seat 8: J0wen (small blind) folded before Flop
Seat 9: WARRENtheSAP (big blind) showed [Ks 2c] and won ($0.03) with a straight, Ten to Ace



PokerStars Hand #234770545585:  Hold'em No Limit ($0.01/$0.02 USD) - 2022/03/13 12:21:30 PT [2022/03/13 15:21:30 ET]
Table 'Troilus II' 9-max Seat #8 is the button
Seat 1: Slaventzzz ($1.97 in chips) 
Seat 2: valera_22026 ($3.02 in chips) 
Seat 3: joe mama878 ($3.98 in chips) 
Seat 4: fbf58 ($1.81 in chips) 
Seat 5: denizlokooo ($2.07 in chips) 
Seat 6: sieupeaici ($2 in chips) 
Seat 7: Dorex2007 ($2.04 in chips) 
Seat 8: J0wen ($3.48 in chips) 
Seat 9: WARRENtheSAP ($2.21 in chips) 
WARRENtheSAP: posts small blind $0.01
Slaventzzz: posts big blind $0.02
*** HOLE CARDS ***
Dealt to Dorex2007 [Th Qd]
valera_22026: folds 
joe mama878: folds 
fbf58: folds 
denizlokooo: folds 
sieupeaici: raises $0.10 to $0.12
Dorex2007: folds 
J0wen: calls $0.12
WARRENtheSAP: folds 
Slaventzzz: folds 
*** FLOP *** [Kh 3d 3c]
sieupeaici: bets $0.16
J0wen: calls $0.16
*** TURN *** [Kh 3d 3c] [6c]
sieupeaici: bets $0.36
J0wen: folds 
Uncalled bet ($0.36) returned to sieupeaici
sieupeaici collected $0.57 from pot
sieupeaici: doesn't show hand 
*** SUMMARY ***
Total pot $0.59 | Rake $0.02 
Board [Kh 3d 3c 6c]
Seat 1: Slaventzzz (big blind) folded before Flop
Seat 2: valera_22026 folded before Flop (didn't bet)
Seat 3: joe mama878 folded before Flop (didn't bet)
Seat 4: fbf58 folded before Flop (didn't bet)
Seat 5: denizlokooo folded before Flop (didn't bet)
Seat 6: sieupeaici collected ($0.57)
Seat 7: Dorex2007 folded before Flop (didn't bet)
Seat 8: J0wen (button) folded on the Turn
Seat 9: WARRENtheSAP (small blind) folded before Flop



PokerStars Hand #234770578344:  Hold'em No Limit ($0.01/$0.02 USD) - 2022/03/13 12:22:19 PT [2022/03/13 15:22:19 ET]
Table 'Troilus II' 9-max Seat #9 is the button
Seat 1: Slaventzzz ($1.95 in chips) 
Seat 2: valera_22026 ($3.02 in chips) 
Seat 3: joe mama878 ($3.98 in chips) 
Seat 4: fbf58 ($1.81 in chips) 
Seat 5: denizlokooo ($2.07 in chips) 
Seat 6: sieupeaici ($2.29 in chips) 
Seat 7: Dorex2007 ($2.04 in chips) 
Seat 8: J0wen ($3.20 in chips) 
Seat 9: WARRENtheSAP ($2.20 in chips) 
Slaventzzz: posts small blind $0.01
valera_22026: posts big blind $0.02
*** HOLE CARDS ***
Dealt to Dorex2007 [9h Jh]
joe mama878: calls $0.02
fbf58: calls $0.02
denizlokooo: folds 
sieupeaici: raises $0.04 to $0.06
Dorex2007: folds 
J0wen: folds 
WARRENtheSAP: folds 
Slaventzzz: folds 
valera_22026: folds 
joe mama878: calls $0.04
fbf58: calls $0.04
*** FLOP *** [Js 8s 9c]
joe mama878: bets $0.02
fbf58: calls $0.02
sieupeaici: calls $0.02
*** TURN *** [Js 8s 9c] [2h]
joe mama878: bets $0.13
fbf58: calls $0.13
sieupeaici: calls $0.13
*** RIVER *** [Js 8s 9c 2h] [Tc]
joe mama878: checks 
fbf58: checks 
sieupeaici: checks 
*** SHOW DOWN ***
joe mama878: shows [Td 7c] (a straight, Seven to Jack)
fbf58: mucks hand 
sieupeaici: mucks hand 
joe mama878 collected $0.64 from pot
*** SUMMARY ***
Total pot $0.66 | Rake $0.02 
Board [Js 8s 9c 2h Tc]
Seat 1: Slaventzzz (small blind) folded before Flop
Seat 2: valera_22026 (big blind) folded before Flop
Seat 3: joe mama878 showed [Td 7c] and won ($0.64) with a straight, Seven to Jack
Seat 4: fbf58 mucked [Ts Ah]
Seat 5: denizlokooo folded before Flop (didn't bet)
Seat 6: sieupeaici mucked [5d 6s]
Seat 7: Dorex2007 folded before Flop (didn't bet)
Seat 8: J0wen folded before Flop (didn't bet)
Seat 9: WARRENtheSAP (button) folded before Flop (didn't bet)



PokerStars Hand #234770612911:  Hold'em No Limit ($0.01/$0.02 USD) - 2022/03/13 12:23:21 PT [2022/03/13 15:23:21 ET]
Table 'Troilus II' 9-max Seat #1 is the button
Seat 1: Slaventzzz ($2 in chips) 
Seat 2: valera_22026 ($3 in chips) 
Seat 3: joe mama878 ($4.41 in chips) 
Seat 4: fbf58 ($1.60 in chips) 
Seat 5: denizlokooo ($2.07 in chips) 
Seat 6: sieupeaici ($2.08 in chips) 
Seat 7: Dorex2007 ($2.04 in chips) 
Seat 8: J0wen ($3.20 in chips) 
Seat 9: WARRENtheSAP ($2.20 in chips) 
valera_22026: posts small blind $0.01
joe mama878: posts big blind $0.02
*** HOLE CARDS ***
Dealt to Dorex2007 [Js 6d]
fbf58: folds 
denizlokooo: folds 
sieupeaici: raises $0.04 to $0.06
Dorex2007: folds 
J0wen: calls $0.06
WARRENtheSAP: folds 
Slaventzzz: folds 
valera_22026: folds 
joe mama878: calls $0.04
*** FLOP *** [Jh 7d Qh]
joe mama878: checks 
sieupeaici: bets $0.11
J0wen: calls $0.11
joe mama878: calls $0.11
*** TURN *** [Jh 7d Qh] [3d]
joe mama878: checks 
sieupeaici: bets $0.47
J0wen: raises $2.56 to $3.03 and is all-in
joe mama878: folds 
sieupeaici: calls $1.44 and is all-in
Uncalled bet ($1.12) returned to J0wen
*** RIVER *** [Jh 7d Qh 3d] [8h]
*** SHOW DOWN ***
sieupeaici: shows [7c Qc] (two pair, Queens and Sevens)
J0wen: shows [3h As] (a pair of Threes)
sieupeaici cashed out the hand for $3.68 | Cash Out Fee $0.04
*** SUMMARY ***
Total pot $4.34 | Rake $0.15 
Board [Jh 7d Qh 3d 8h]
Seat 1: Slaventzzz (button) folded before Flop (didn't bet)
Seat 2: valera_22026 (small blind) folded before Flop
Seat 3: joe mama878 (big blind) folded on the Turn
Seat 4: fbf58 folded before Flop (didn't bet)
Seat 5: denizlokooo folded before Flop (didn't bet)
Seat 6: sieupeaici showed [7c Qc] and won ($4.19) with two pair, Queens and Sevens (pot not awarded as player cashed out)
Seat 7: Dorex2007 folded before Flop (didn't bet)
Seat 8: J0wen showed [3h As] and lost with a pair of Threes
Seat 9: WARRENtheSAP folded before Flop (didn't bet)



PokerStars Hand #234770655457:  Hold'em No Limit ($0.01/$0.02 USD) - 2022/03/13 12:24:37 PT [2022/03/13 15:24:37 ET]
Table 'Troilus II' 9-max Seat #2 is the button
Seat 1: Slaventzzz ($2 in chips) 
Seat 2: valera_22026 ($2.99 in chips) 
Seat 3: joe mama878 ($4.24 in chips) 
Seat 4: fbf58 ($1.60 in chips) 
Seat 5: denizlokooo ($2.07 in chips) 
Seat 6: sieupeaici ($3.68 in chips) 
Seat 7: Dorex2007 ($2.04 in chips) 
Seat 8: J0wen ($1.12 in chips) 
Seat 9: WARRENtheSAP ($2.20 in chips) 
joe mama878: posts small blind $0.01
fbf58: posts big blind $0.02
*** HOLE CARDS ***
Dealt to Dorex2007 [4h 7s]
denizlokooo: folds 
sieupeaici: folds 
Dorex2007: folds 
J0wen: raises $1.10 to $1.12 and is all-in
WARRENtheSAP: folds 
Slaventzzz: folds 
valera_22026: folds 
joe mama878: folds 
fbf58: folds 
Uncalled bet ($1.10) returned to J0wen
J0wen collected $0.05 from pot
J0wen: doesn't show hand 
*** SUMMARY ***
Total pot $0.05 | Rake $0 
Seat 1: Slaventzzz folded before Flop (didn't bet)
Seat 2: valera_22026 (button) folded before Flop (didn't bet)
Seat 3: joe mama878 (small blind) folded before Flop
Seat 4: fbf58 (big blind) folded before Flop
Seat 5: denizlokooo folded before Flop (didn't bet)
Seat 6: sieupeaici folded before Flop (didn't bet)
Seat 7: Dorex2007 folded before Flop (didn't bet)
Seat 8: J0wen collected ($0.05)
Seat 9: WARRENtheSAP folded before Flop (didn't bet)



PokerStars Hand #234770665079:  Hold'em No Limit ($0.01/$0.02 USD) - 2022/03/13 12:24:55 PT [2022/03/13 15:24:55 ET]
Table 'Troilus II' 9-max Seat #3 is the button
Seat 1: Slaventzzz ($2 in chips) 
Seat 2: valera_22026 ($2.99 in chips) 
Seat 3: joe mama878 ($4.23 in chips) 
Seat 4: fbf58 ($1.58 in chips) 
Seat 5: denizlokooo ($2.07 in chips) 
Seat 6: sieupeaici ($3.68 in chips) 
Seat 7: Dorex2007 ($2.04 in chips) 
Seat 8: J0wen ($1.15 in chips) 
Seat 9: WARRENtheSAP ($2.20 in chips) 
fbf58: posts small blind $0.01
denizlokooo: posts big blind $0.02
*** HOLE CARDS ***
Dealt to Dorex2007 [Qh 6s]
sieupeaici: folds 
Dorex2007: folds 
J0wen: raises $1.13 to $1.15 and is all-in
WARRENtheSAP: calls $1.15
Slaventzzz: folds 
valera_22026: folds 
joe mama878: folds 
fbf58: calls $1.14
denizlokooo: folds 
*** FLOP *** [Td 6h Jd]
fbf58: bets $0.43 and is all-in
WARRENtheSAP: calls $0.43
*** TURN *** [Td 6h Jd] [4c]
*** RIVER *** [Td 6h Jd 4c] [3s]
*** SHOW DOWN ***
fbf58: shows [Qs Ad] (high card Ace)
WARRENtheSAP: shows [Qc Ah] (high card Ace)
WARRENtheSAP collected $0.41 from side pot
J0wen: shows [Ac 9c] (high card Ace - lower kicker)
WARRENtheSAP collected $1.67 from main pot
fbf58 cashed out the hand for $1.96 | Cash Out Fee $0.02
*** SUMMARY ***
Total pot $4.33 Main pot $3.35. Side pot $0.83. | Rake $0.15 
Board [Td 6h Jd 4c 3s]
Seat 1: Slaventzzz folded before Flop (didn't bet)
Seat 2: valera_22026 folded before Flop (didn't bet)
Seat 3: joe mama878 (button) folded before Flop (didn't bet)
Seat 4: fbf58 (small blind) showed [Qs Ad] and won ($2.10) with high card Ace (pot not awarded as player cashed out)
Seat 5: denizlokooo (big blind) folded before Flop
Seat 6: sieupeaici folded before Flop (didn't bet)
Seat 7: Dorex2007 folded before Flop (didn't bet)
Seat 8: J0wen showed [Ac 9c] and lost with high card Ace
Seat 9: WARRENtheSAP showed [Qc Ah] and won ($2.08) with high card Ace



PokerStars Hand #234770685636:  Hold'em No Limit ($0.01/$0.02 USD) - 2022/03/13 12:25:32 PT [2022/03/13 15:25:32 ET]
Table 'Troilus II' 9-max Seat #4 is the button
Seat 1: Slaventzzz ($2 in chips) 
Seat 2: valera_22026 ($2.99 in chips) 
Seat 3: joe mama878 ($4.23 in chips) 
Seat 4: fbf58 ($1.96 in chips) 
Seat 5: denizlokooo ($2.05 in chips) 
Seat 6: sieupeaici ($3.68 in chips) 
Seat 7: Dorex2007 ($2.04 in chips) 
Seat 9: WARRENtheSAP ($2.70 in chips) 
denizlokooo: posts small blind $0.01
sieupeaici: posts big blind $0.02
*** HOLE CARDS ***
Dealt to Dorex2007 [9h 5d]
Dorex2007: folds 
J0wen leaves the table
WARRENtheSAP: folds 
Slaventzzz: folds 
valera_22026: folds 
joe mama878: calls $0.02
fbf58: folds 
denizlokooo: calls $0.01
sieupeaici: checks 
*** FLOP *** [Jh Ks 2d]
denizlokooo: checks 
sieupeaici: checks 
joe mama878: checks 
*** TURN *** [Jh Ks 2d] [8h]
denizlokooo: checks 
sieupeaici: checks 
joe mama878: checks 
*** RIVER *** [Jh Ks 2d 8h] [Ad]
denizlokooo: checks 
sieupeaici: checks 
joe mama878: checks 
*** SHOW DOWN ***
denizlokooo: shows [Qc 2c] (a pair of Deuces)
sieupeaici: mucks hand 
joe mama878: shows [4c 4h] (a pair of Fours)
joe mama878 collected $0.06 from pot
*** SUMMARY ***
Total pot $0.06 | Rake $0 
Board [Jh Ks 2d 8h Ad]
Seat 1: Slaventzzz folded before Flop (didn't bet)
Seat 2: valera_22026 folded before Flop (didn't bet)
Seat 3: joe mama878 showed [4c 4h] and won ($0.06) with a pair of Fours
Seat 4: fbf58 (button) folded before Flop (didn't bet)
Seat 5: denizlokooo (small blind) showed [Qc 2c] and lost with a pair of Deuces
Seat 6: sieupeaici (big blind) mucked [7d 3h]
Seat 7: Dorex2007 folded before Flop (didn't bet)
Seat 9: WARRENtheSAP folded before Flop (didn't bet)



PokerStars Hand #234770715128:  Hold'em No Limit ($0.01/$0.02 USD) - 2022/03/13 12:26:25 PT [2022/03/13 15:26:25 ET]
Table 'Troilus II' 9-max Seat #5 is the button
Seat 1: Slaventzzz ($2 in chips) 
Seat 2: valera_22026 ($2.99 in chips) 
Seat 3: joe mama878 ($4.27 in chips) 
Seat 4: fbf58 ($1.96 in chips) 
Seat 5: denizlokooo ($2.03 in chips) 
Seat 6: sieupeaici ($3.66 in chips) 
Seat 7: Dorex2007 ($2.04 in chips) 
Seat 9: WARRENtheSAP ($2.70 in chips) 
sieupeaici: posts small blind $0.01
Dorex2007: posts big blind $0.02
*** HOLE CARDS ***
Dealt to Dorex2007 [2s 8s]
WARRENtheSAP: folds 
Slaventzzz: raises $0.04 to $0.06
valera_22026: folds 
joe mama878: folds 
fbf58: calls $0.06
denizlokooo: folds 
sieupeaici: calls $0.05
Dorex2007: folds 
*** FLOP *** [Ad 2d 3d]
sieupeaici: checks 
Slaventzzz: checks 
fbf58: bets $0.06
sieupeaici: calls $0.06
Slaventzzz: folds 
*** TURN *** [Ad 2d 3d] [9s]
sieupeaici: checks 
fbf58: bets $0.06
sieupeaici: calls $0.06
*** RIVER *** [Ad 2d 3d 9s] [2c]
sieupeaici: checks 
fbf58: checks 
*** SHOW DOWN ***
sieupeaici: shows [As 5c] (two pair, Aces and Deuces)
fbf58: mucks hand 
sieupeaici collected $0.42 from pot
*** SUMMARY ***
Total pot $0.44 | Rake $0.02 
Board [Ad 2d 3d 9s 2c]
Seat 1: Slaventzzz folded on the Flop
Seat 2: valera_22026 folded before Flop (didn't bet)
Seat 3: joe mama878 folded before Flop (didn't bet)
Seat 4: fbf58 mucked [9d Qc]
Seat 5: denizlokooo (button) folded before Flop (didn't bet)
Seat 6: sieupeaici (small blind) showed [As 5c] and won ($0.42) with two pair, Aces and Deuces
Seat 7: Dorex2007 (big blind) folded before Flop
Seat 9: WARRENtheSAP folded before Flop (didn't bet)



PokerStars Hand #234770747920:  Hold'em No Limit ($0.01/$0.02 USD) - 2022/03/13 12:27:25 PT [2022/03/13 15:27:25 ET]
Table 'Troilus II' 9-max Seat #6 is the button
Seat 1: Slaventzzz ($1.94 in chips) 
Seat 2: valera_22026 ($2.99 in chips) 
Seat 3: joe mama878 ($4.27 in chips) 
Seat 4: fbf58 ($1.78 in chips) 
Seat 5: denizlokooo ($2.03 in chips) 
Seat 6: sieupeaici ($3.90 in chips) 
Seat 7: Dorex2007 ($2.02 in chips) 
Seat 9: WARRENtheSAP ($2.70 in chips) 
Dorex2007: posts small blind $0.01
WARRENtheSAP: posts big blind $0.02
*** HOLE CARDS ***
Dealt to Dorex2007 [4h As]
Slaventzzz: folds 
valera_22026: folds 
joe mama878: calls $0.02
fbf58: calls $0.02
denizlokooo: folds 
sieupeaici: calls $0.02
Dorex2007: folds 
Jappy0310 joins the table at seat #8 
WARRENtheSAP: checks 
*** FLOP *** [Qd Ts 5c]
WARRENtheSAP: checks 
joe mama878: checks 
fbf58: checks 
sieupeaici: bets $0.06
WARRENtheSAP: folds 
joe mama878: folds 
fbf58: folds 
Uncalled bet ($0.06) returned to sieupeaici
sieupeaici collected $0.09 from pot
sieupeaici: doesn't show hand 
*** SUMMARY ***
Total pot $0.09 | Rake $0 
Board [Qd Ts 5c]
Seat 1: Slaventzzz folded before Flop (didn't bet)
Seat 2: valera_22026 folded before Flop (didn't bet)
Seat 3: joe mama878 folded on the Flop
Seat 4: fbf58 folded on the Flop
Seat 5: denizlokooo folded before Flop (didn't bet)
Seat 6: sieupeaici (button) collected ($0.09)
Seat 7: Dorex2007 (small blind) folded before Flop
Seat 9: WARRENtheSAP (big blind) folded on the Flop



PokerStars Hand #234770774154:  Hold'em No Limit ($0.01/$0.02 USD) - 2022/03/13 12:28:13 PT [2022/03/13 15:28:13 ET]
Table 'Troilus II' 9-max Seat #7 is the button
Seat 1: Slaventzzz ($1.94 in chips) 
Seat 2: valera_22026 ($2.99 in chips) 
Seat 3: joe mama878 ($4.25 in chips) 
Seat 4: fbf58 ($1.76 in chips) 
Seat 5: denizlokooo ($2.03 in chips) 
Seat 6: sieupeaici ($3.97 in chips) 
Seat 7: Dorex2007 ($2.01 in chips) 
Seat 9: WARRENtheSAP ($2.68 in chips) 
WARRENtheSAP: posts small blind $0.01
Slaventzzz: posts big blind $0.02
*** HOLE CARDS ***
Dealt to Dorex2007 [Kd 9d]
valera_22026: folds 
joe mama878: calls $0.02
fbf58: calls $0.02
denizlokooo: folds 
sieupeaici: folds 
Dorex2007: calls $0.02
WARRENtheSAP: calls $0.01
Slaventzzz: checks 
*** FLOP *** [7s 4d 7d]
WARRENtheSAP: checks 
Slaventzzz: checks 
joe mama878: checks 
fbf58: bets $0.04
Dorex2007: calls $0.04
WARRENtheSAP: folds 
Slaventzzz: folds 
joe mama878: calls $0.04
*** TURN *** [7s 4d 7d] [3s]
joe mama878: checks 
fbf58: bets $0.11
Dorex2007: calls $0.11
joe mama878: calls $0.11
*** RIVER *** [7s 4d 7d 3s] [8s]
joe mama878: checks 
fbf58: bets $1.59 and is all-in
Dorex2007: folds 
joe mama878: folds 
Uncalled bet ($1.59) returned to fbf58
fbf58 collected $0.53 from pot
*** SUMMARY ***
Total pot $0.55 | Rake $0.02 
Board [7s 4d 7d 3s 8s]
Seat 1: Slaventzzz (big blind) folded on the Flop
Seat 2: valera_22026 folded before Flop (didn't bet)
Seat 3: joe mama878 folded on the River
Seat 4: fbf58 collected ($0.53)
Seat 5: denizlokooo folded before Flop (didn't bet)
Seat 6: sieupeaici folded before Flop (didn't bet)
Seat 7: Dorex2007 (button) folded on the River
Seat 9: WARRENtheSAP (small blind) folded on the Flop



PokerStars Hand #234770803310:  Hold'em No Limit ($0.01/$0.02 USD) - 2022/03/13 12:29:05 PT [2022/03/13 15:29:05 ET]
Table 'Troilus II' 9-max Seat #9 is the button
Seat 1: Slaventzzz ($1.92 in chips) 
Seat 2: valera_22026 ($2.99 in chips) 
Seat 3: joe mama878 ($4.08 in chips) 
Seat 4: fbf58 ($2.12 in chips) 
Seat 5: denizlokooo ($2.03 in chips) 
Seat 6: sieupeaici ($3.97 in chips) 
Seat 7: Dorex2007 ($2 in chips) 
Seat 8: Jappy0310 ($1.60 in chips) 
Seat 9: WARRENtheSAP ($2.66 in chips) 
Slaventzzz: posts small blind $0.01
valera_22026: posts big blind $0.02
Jappy0310: posts big blind $0.02
*** HOLE CARDS ***
Dealt to Dorex2007 [3c 9h]
joe mama878: calls $0.02
fbf58: calls $0.02
denizlokooo: folds 
sieupeaici: folds 
Dorex2007: folds 
Jappy0310: checks 
WARRENtheSAP: folds 
Slaventzzz: folds 
valera_22026: checks 
*** FLOP *** [6d 8d Ks]
valera_22026: checks 
joe mama878: checks 
fbf58: checks 
Jappy0310: checks 
*** TURN *** [6d 8d Ks] [Th]
valera_22026: bets $0.02
joe mama878: calls $0.02
fbf58: folds 
Jappy0310: calls $0.02
*** RIVER *** [6d 8d Ks Th] [4s]
valera_22026: bets $0.07
joe mama878: folds 
Jappy0310: folds 
Uncalled bet ($0.07) returned to valera_22026
valera_22026 collected $0.14 from pot
valera_22026: doesn't show hand 
*** SUMMARY ***
Total pot $0.15 | Rake $0.01 
Board [6d 8d Ks Th 4s]
Seat 1: Slaventzzz (small blind) folded before Flop
Seat 2: valera_22026 (big blind) collected ($0.14)
Seat 3: joe mama878 folded on the River
Seat 4: fbf58 folded on the Turn
Seat 5: denizlokooo folded before Flop (didn't bet)
Seat 6: sieupeaici folded before Flop (didn't bet)
Seat 7: Dorex2007 folded before Flop (didn't bet)
Seat 8: Jappy0310 folded on the River
Seat 9: WARRENtheSAP (button) folded before Flop (didn't bet)



PokerStars Hand #234770832695:  Hold'em No Limit ($0.01/$0.02 USD) - 2022/03/13 12:29:59 PT [2022/03/13 15:29:59 ET]
Table 'Troilus II' 9-max Seat #1 is the button
Seat 1: Slaventzzz ($1.99 in chips) 
Seat 2: valera_22026 ($3.09 in chips) 
Seat 3: joe mama878 ($4.04 in chips) 
Seat 4: fbf58 ($2.10 in chips) 
Seat 5: denizlokooo ($2.03 in chips) 
Seat 6: sieupeaici ($3.97 in chips) 
Seat 7: Dorex2007 ($2 in chips) 
Seat 8: Jappy0310 ($1.56 in chips) 
Seat 9: WARRENtheSAP ($2.66 in chips) 
valera_22026: posts small blind $0.01
joe mama878: posts big blind $0.02
*** HOLE CARDS ***
Dealt to Dorex2007 [5h 6h]
fbf58: folds 
denizlokooo: calls $0.02
sieupeaici: folds 
Dorex2007: folds 
Jappy0310: folds 
WARRENtheSAP: calls $0.02
Slaventzzz: folds 
valera_22026: raises $0.04 to $0.06
joe mama878: calls $0.04
denizlokooo: calls $0.04
WARRENtheSAP: calls $0.04
*** FLOP *** [Qh Ts 5d]
valera_22026: checks 
joe mama878: checks 
denizlokooo: checks 
WARRENtheSAP: checks 
*** TURN *** [Qh Ts 5d] [2h]
valera_22026: checks 
joe mama878: checks 
denizlokooo: checks 
WARRENtheSAP: checks 
*** RIVER *** [Qh Ts 5d 2h] [6s]
valera_22026: checks 
joe mama878: checks 
denizlokooo: checks 
WARRENtheSAP: checks 
*** SHOW DOWN ***
valera_22026: shows [Ah Ks] (high card Ace)
joe mama878: mucks hand 
denizlokooo: mucks hand 
WARRENtheSAP: mucks hand 
valera_22026 collected $0.23 from pot
*** SUMMARY ***
Total pot $0.24 | Rake $0.01 
Board [Qh Ts 5d 2h 6s]
Seat 1: Slaventzzz (button) folded before Flop (didn't bet)
Seat 2: valera_22026 (small blind) showed [Ah Ks] and won ($0.23) with high card Ace
Seat 3: joe mama878 (big blind) mucked [9d Kc]
Seat 4: fbf58 folded before Flop (didn't bet)
Seat 5: denizlokooo mucked [Js Kd]
Seat 6: sieupeaici folded before Flop (didn't bet)
Seat 7: Dorex2007 folded before Flop (didn't bet)
Seat 8: Jappy0310 folded before Flop (didn't bet)
Seat 9: WARRENtheSAP mucked [Ad Jh]



PokerStars Hand #234770870286:  Hold'em No Limit ($0.01/$0.02 USD) - 2022/03/13 12:31:06 PT [2022/03/13 15:31:06 ET]
Table 'Troilus II' 9-max Seat #2 is the button
Seat 1: Slaventzzz ($1.99 in chips) 
Seat 2: valera_22026 ($3.26 in chips) 
Seat 3: joe mama878 ($3.98 in chips) 
Seat 4: fbf58 ($2.10 in chips) 
Seat 5: denizlokooo ($1.97 in chips) 
Seat 6: sieupeaici ($3.97 in chips) 
Seat 7: Dorex2007 ($2 in chips) 
Seat 8: Jappy0310 ($1.56 in chips) 
Seat 9: WARRENtheSAP ($2.60 in chips) 
joe mama878: posts small blind $0.01
fbf58: posts big blind $0.02
*** HOLE CARDS ***
Dealt to Dorex2007 [8h 8s]
denizlokooo: folds 
sieupeaici: raises $0.04 to $0.06
Dorex2007: calls $0.06
Jappy0310: folds 
WARRENtheSAP: folds 
Slaventzzz: folds 
valera_22026: folds 
joe mama878: folds 
fbf58: calls $0.04
*** FLOP *** [5d Ks Qh]
fbf58: checks 
sieupeaici: bets $0.17
Dorex2007: folds 
fbf58: calls $0.17
*** TURN *** [5d Ks Qh] [7h]
fbf58: checks 
sieupeaici: bets $0.47
fbf58: folds 
Uncalled bet ($0.47) returned to sieupeaici
sieupeaici collected $0.51 from pot
sieupeaici: doesn't show hand 
*** SUMMARY ***
Total pot $0.53 | Rake $0.02 
Board [5d Ks Qh 7h]
Seat 1: Slaventzzz folded before Flop (didn't bet)
Seat 2: valera_22026 (button) folded before Flop (didn't bet)
Seat 3: joe mama878 (small blind) folded before Flop
Seat 4: fbf58 (big blind) folded on the Turn
Seat 5: denizlokooo folded before Flop (didn't bet)
Seat 6: sieupeaici collected ($0.51)
Seat 7: Dorex2007 folded on the Flop
Seat 8: Jappy0310 folded before Flop (didn't bet)
Seat 9: WARRENtheSAP folded before Flop (didn't bet)



PokerStars Hand #234770911463:  Hold'em No Limit ($0.01/$0.02 USD) - 2022/03/13 12:32:21 PT [2022/03/13 15:32:21 ET]
Table 'Troilus II' 9-max Seat #3 is the button
Seat 1: Slaventzzz ($1.99 in chips) 
Seat 2: valera_22026 ($3.26 in chips) 
Seat 3: joe mama878 ($3.97 in chips) 
Seat 4: fbf58 ($1.87 in chips) 
Seat 5: denizlokooo ($1.97 in chips) 
Seat 6: sieupeaici ($4.25 in chips) 
Seat 7: Dorex2007 ($2 in chips) 
Seat 8: Jappy0310 ($1.56 in chips) 
Seat 9: WARRENtheSAP ($2.60 in chips) 
fbf58: posts small blind $0.01
denizlokooo: posts big blind $0.02
*** HOLE CARDS ***
Dealt to Dorex2007 [7c 5h]
sieupeaici: folds 
Dorex2007: folds 
Jappy0310 has timed out
Jappy0310: folds 
WARRENtheSAP: folds 
Slaventzzz: folds 
valera_22026: folds 
joe mama878: calls $0.02
fbf58: calls $0.01
denizlokooo: checks 
*** FLOP *** [3s Td 8d]
fbf58: checks 
denizlokooo: checks 
joe mama878: bets $0.02
fbf58: calls $0.02
denizlokooo: calls $0.02
*** TURN *** [3s Td 8d] [Ac]
fbf58: checks 
denizlokooo: checks 
joe mama878: bets $0.04
fbf58: calls $0.04
denizlokooo: folds 
*** RIVER *** [3s Td 8d Ac] [Kc]
fbf58: checks 
joe mama878: bets $0.19
fbf58: folds 
Uncalled bet ($0.19) returned to joe mama878
joe mama878 collected $0.19 from pot
joe mama878: doesn't show hand 
*** SUMMARY ***
Total pot $0.20 | Rake $0.01 
Board [3s Td 8d Ac Kc]
Seat 1: Slaventzzz folded before Flop (didn't bet)
Seat 2: valera_22026 folded before Flop (didn't bet)
Seat 3: joe mama878 (button) collected ($0.19)
Seat 4: fbf58 (small blind) folded on the River
Seat 5: denizlokooo (big blind) folded on the Turn
Seat 6: sieupeaici folded before Flop (didn't bet)
Seat 7: Dorex2007 folded before Flop (didn't bet)
Seat 8: Jappy0310 folded before Flop (didn't bet)
Seat 9: WARRENtheSAP folded before Flop (didn't bet)



PokerStars Hand #234770941089:  Hold'em No Limit ($0.01/$0.02 USD) - 2022/03/13 12:33:14 PT [2022/03/13 15:33:14 ET]
Table 'Troilus II' 9-max Seat #4 is the button
Seat 1: Slaventzzz ($1.99 in chips) 
Seat 2: valera_22026 ($3.26 in chips) 
Seat 3: joe mama878 ($4.08 in chips) 
Seat 4: fbf58 ($1.79 in chips) 
Seat 5: denizlokooo ($1.93 in chips) 
Seat 6: sieupeaici ($4.25 in chips) 
Seat 7: Dorex2007 ($2 in chips) 
Seat 8: Jappy0310 ($1.56 in chips) 
Seat 9: WARRENtheSAP ($2.60 in chips) 
denizlokooo: posts small blind $0.01
sieupeaici: posts big blind $0.02
*** HOLE CARDS ***
Dealt to Dorex2007 [Jc 6d]
Dorex2007: folds 
Jappy0310: calls $0.02
WARRENtheSAP: folds 
Slaventzzz: folds 
valera_22026: folds 
joe mama878: calls $0.02
fbf58: folds 
denizlokooo: calls $0.01
sieupeaici: checks 
*** FLOP *** [Js 4d 5s]
denizlokooo: checks 
sieupeaici: bets $0.05
Jappy0310: folds 
joe mama878: calls $0.05
denizlokooo: folds 
*** TURN *** [Js 4d 5s] [3c]
sieupeaici: bets $0.11
joe mama878: raises $0.39 to $0.50
sieupeaici: calls $0.39
*** RIVER *** [Js 4d 5s 3c] [Tc]
sieupeaici: checks 
joe mama878: bets $3.51 and is all-in
sieupeaici: folds 
Uncalled bet ($3.51) returned to joe mama878
joe mama878 collected $1.14 from pot
joe mama878: doesn't show hand 
*** SUMMARY ***
Total pot $1.18 | Rake $0.04 
Board [Js 4d 5s 3c Tc]
Seat 1: Slaventzzz folded before Flop (didn't bet)
Seat 2: valera_22026 folded before Flop (didn't bet)
Seat 3: joe mama878 collected ($1.14)
Seat 4: fbf58 (button) folded before Flop (didn't bet)
Seat 5: denizlokooo (small blind) folded on the Flop
Seat 6: sieupeaici (big blind) folded on the River
Seat 7: Dorex2007 folded before Flop (didn't bet)
Seat 8: Jappy0310 folded on the Flop
Seat 9: WARRENtheSAP folded before Flop (didn't bet)



PokerStars Hand #234770990614:  Hold'em No Limit ($0.01/$0.02 USD) - 2022/03/13 12:34:44 PT [2022/03/13 15:34:44 ET]
Table 'Troilus II' 9-max Seat #5 is the button
Seat 1: Slaventzzz ($1.99 in chips) 
Seat 2: valera_22026 ($3.26 in chips) 
Seat 3: joe mama878 ($4.65 in chips) 
Seat 4: fbf58 ($1.79 in chips) 
Seat 5: denizlokooo ($1.91 in chips) 
Seat 6: sieupeaici ($3.68 in chips) 
Seat 7: Dorex2007 ($2 in chips) 
Seat 8: Jappy0310 ($1.54 in chips) 
Seat 9: WARRENtheSAP ($2.60 in chips) 
sieupeaici: posts small blind $0.01
Dorex2007: posts big blind $0.02
*** HOLE CARDS ***
Dealt to Dorex2007 [9c Js]
Jappy0310: folds 
WARRENtheSAP: folds 
Slaventzzz: folds 
valera_22026: folds 
joe mama878: calls $0.02
fbf58: calls $0.02
denizlokooo: calls $0.02
sieupeaici: folds 
Dorex2007: checks 
*** FLOP *** [Tc 3s 7c]
Dorex2007: checks 
joe mama878: checks 
fbf58: checks 
denizlokooo: checks 
*** TURN *** [Tc 3s 7c] [7s]
Dorex2007: checks 
joe mama878: checks 
fbf58: checks 
denizlokooo: checks 
*** RIVER *** [Tc 3s 7c 7s] [9d]
Dorex2007: bets $0.06
joe mama878: calls $0.06
fbf58: folds 
denizlokooo: raises $0.70 to $0.76
Dorex2007: folds 
joe mama878: folds 
Uncalled bet ($0.70) returned to denizlokooo
denizlokooo collected $0.26 from pot
denizlokooo: doesn't show hand 
*** SUMMARY ***
Total pot $0.27 | Rake $0.01 
Board [Tc 3s 7c 7s 9d]
Seat 1: Slaventzzz folded before Flop (didn't bet)
Seat 2: valera_22026 folded before Flop (didn't bet)
Seat 3: joe mama878 folded on the River
Seat 4: fbf58 folded on the River
Seat 5: denizlokooo (button) collected ($0.26)
Seat 6: sieupeaici (small blind) folded before Flop
Seat 7: Dorex2007 (big blind) folded on the River
Seat 8: Jappy0310 folded before Flop (didn't bet)
Seat 9: WARRENtheSAP folded before Flop (didn't bet)



PokerStars Hand #234771034414:  Hold'em No Limit ($0.01/$0.02 USD) - 2022/03/13 12:35:47 PT [2022/03/13 15:35:47 ET]
Table 'Troilus II' 9-max Seat #6 is the button
Seat 1: Slaventzzz ($1.99 in chips) 
Seat 2: valera_22026 ($3.26 in chips) 
Seat 3: joe mama878 ($4.57 in chips) 
Seat 4: fbf58 ($1.77 in chips) 
Seat 5: denizlokooo ($2.09 in chips) 
Seat 6: sieupeaici ($3.67 in chips) 
Seat 7: Dorex2007 ($2 in chips) 
Seat 8: Jappy0310 ($1.54 in chips) 
Seat 9: WARRENtheSAP ($2.60 in chips) 
Dorex2007: posts small blind $0.01
Jappy0310: posts big blind $0.02
*** HOLE CARDS ***
Dealt to Dorex2007 [5s 2s]
WARRENtheSAP: folds 
Slaventzzz: folds 
valera_22026: folds 
joe mama878: calls $0.02
fbf58: folds 
denizlokooo: folds 
sieupeaici: raises $0.16 to $0.18
Dorex2007: folds 
Jappy0310: folds 
joe mama878: folds 
Uncalled bet ($0.16) returned to sieupeaici
sieupeaici collected $0.07 from pot
sieupeaici: doesn't show hand 
*** SUMMARY ***
Total pot $0.07 | Rake $0 
Seat 1: Slaventzzz folded before Flop (didn't bet)
Seat 2: valera_22026 folded before Flop (didn't bet)
Seat 3: joe mama878 folded before Flop
Seat 4: fbf58 folded before Flop (didn't bet)
Seat 5: denizlokooo folded before Flop (didn't bet)
Seat 6: sieupeaici (button) collected ($0.07)
Seat 7: Dorex2007 (small blind) folded before Flop
Seat 8: Jappy0310 (big blind) folded before Flop
Seat 9: WARRENtheSAP folded before Flop (didn't bet)



PokerStars Hand #234771050810:  Hold'em No Limit ($0.01/$0.02 USD) - 2022/03/13 12:36:16 PT [2022/03/13 15:36:16 ET]
Table 'Troilus II' 9-max Seat #7 is the button
Seat 1: Slaventzzz ($1.99 in chips) 
Seat 2: valera_22026 ($3.26 in chips) 
Seat 3: joe mama878 ($4.55 in chips) 
Seat 4: fbf58 ($1.77 in chips) 
Seat 5: denizlokooo ($2.09 in chips) 
Seat 6: sieupeaici ($3.72 in chips) 
Seat 7: Dorex2007 ($2 in chips) 
Seat 8: Jappy0310 ($1.52 in chips) 
Seat 9: WARRENtheSAP ($2.60 in chips) 
Jappy0310: posts small blind $0.01
WARRENtheSAP: posts big blind $0.02
*** HOLE CARDS ***
Dealt to Dorex2007 [7d 2s]
Slaventzzz: folds 
valera_22026: folds 
joe mama878: calls $0.02
fbf58: calls $0.02
denizlokooo: folds 
sieupeaici: folds 
Dorex2007: folds 
Jappy0310: calls $0.01
WARRENtheSAP: checks 
*** FLOP *** [3s Jc 7s]
Jappy0310: checks 
WARRENtheSAP: checks 
joe mama878: checks 
fbf58: bets $0.02
Jappy0310: calls $0.02
WARRENtheSAP: folds 
joe mama878: calls $0.02
*** TURN *** [3s Jc 7s] [Ac]
Jappy0310: checks 
joe mama878: checks 
fbf58: checks 
*** RIVER *** [3s Jc 7s Ac] [4c]
Jappy0310: checks 
joe mama878: checks 
fbf58: bets $0.07
Jappy0310: folds 
joe mama878: folds 
Uncalled bet ($0.07) returned to fbf58
fbf58 collected $0.14 from pot
*** SUMMARY ***
Total pot $0.14 | Rake $0 
Board [3s Jc 7s Ac 4c]
Seat 1: Slaventzzz folded before Flop (didn't bet)
Seat 2: valera_22026 folded before Flop (didn't bet)
Seat 3: joe mama878 folded on the River
Seat 4: fbf58 collected ($0.14)
Seat 5: denizlokooo folded before Flop (didn't bet)
Seat 6: sieupeaici folded before Flop (didn't bet)
Seat 7: Dorex2007 (button) folded before Flop (didn't bet)
Seat 8: Jappy0310 (small blind) folded on the River
Seat 9: WARRENtheSAP (big blind) folded on the Flop



PokerStars Hand #234771089602:  Hold'em No Limit ($0.01/$0.02 USD) - 2022/03/13 12:37:26 PT [2022/03/13 15:37:26 ET]
Table 'Troilus II' 9-max Seat #8 is the button
Seat 1: Slaventzzz ($1.99 in chips) 
Seat 2: valera_22026 ($3.26 in chips) 
Seat 3: joe mama878 ($4.51 in chips) 
Seat 4: fbf58 ($1.87 in chips) 
Seat 5: denizlokooo ($2.09 in chips) 
Seat 6: sieupeaici ($3.72 in chips) 
Seat 7: Dorex2007 ($2 in chips) 
Seat 8: Jappy0310 ($1.48 in chips) 
Seat 9: WARRENtheSAP ($2.58 in chips) 
WARRENtheSAP: posts small blind $0.01
Slaventzzz: posts big blind $0.02
*** HOLE CARDS ***
Dealt to Dorex2007 [Qd 7d]
valera_22026: folds 
joe mama878: calls $0.02
fbf58: calls $0.02
denizlokooo: folds 
sieupeaici: raises $0.10 to $0.12
Dorex2007: folds 
Jappy0310: folds 
WARRENtheSAP: folds 
Slaventzzz: folds 
joe mama878: calls $0.10
fbf58: folds 
*** FLOP *** [7s Kd 8c]
joe mama878: checks 
sieupeaici: bets $0.10
joe mama878: folds 
Uncalled bet ($0.10) returned to sieupeaici
sieupeaici collected $0.28 from pot
sieupeaici: doesn't show hand 
*** SUMMARY ***
Total pot $0.29 | Rake $0.01 
Board [7s Kd 8c]
Seat 1: Slaventzzz (big blind) folded before Flop
Seat 2: valera_22026 folded before Flop (didn't bet)
Seat 3: joe mama878 folded on the Flop
Seat 4: fbf58 folded before Flop
Seat 5: denizlokooo folded before Flop (didn't bet)
Seat 6: sieupeaici collected ($0.28)
Seat 7: Dorex2007 folded before Flop (didn't bet)
Seat 8: Jappy0310 (button) folded before Flop (didn't bet)
Seat 9: WARRENtheSAP (small blind) folded before Flop



PokerStars Hand #234771106811:  Hold'em No Limit ($0.01/$0.02 USD) - 2022/03/13 12:37:57 PT [2022/03/13 15:37:57 ET]
Table 'Troilus II' 9-max Seat #9 is the button
Seat 1: Slaventzzz ($1.97 in chips) 
Seat 2: valera_22026 ($3.26 in chips) 
Seat 3: joe mama878 ($4.39 in chips) 
Seat 4: fbf58 ($1.85 in chips) 
Seat 5: denizlokooo ($2.09 in chips) 
Seat 6: sieupeaici ($3.88 in chips) 
Seat 7: Dorex2007 ($2 in chips) 
Seat 8: Jappy0310 ($1.48 in chips) 
Seat 9: WARRENtheSAP ($2.57 in chips) 
Slaventzzz: posts small blind $0.01
valera_22026: posts big blind $0.02
*** HOLE CARDS ***
Dealt to Dorex2007 [Ac 3c]
joe mama878: calls $0.02
fbf58: calls $0.02
denizlokooo: folds 
sieupeaici: raises $0.16 to $0.18
Dorex2007: folds 
Jappy0310: folds 
WARRENtheSAP: folds 
Slaventzzz: folds 
valera_22026: folds 
joe mama878: calls $0.16
fbf58: folds 
*** FLOP *** [8d 2h 7d]
fbf58 leaves the table
joe mama878: checks 
sieupeaici: bets $0.38
joe mama878: calls $0.38
*** TURN *** [8d 2h 7d] [8h]
joe mama878: checks 
sieupeaici: bets $1.05
joe mama878: calls $1.05
*** RIVER *** [8d 2h 7d 8h] [2d]
Piep45 joins the table at seat #4 
joe mama878: checks 
sieupeaici: bets $2.27 and is all-in
joe mama878: calls $2.27
*** SHOW DOWN ***
sieupeaici: shows [Qs Qh] (two pair, Queens and Eights)
joe mama878: shows [Ad 7c] (two pair, Eights and Sevens)
sieupeaici collected $7.54 from pot
*** SUMMARY ***
Total pot $7.81 | Rake $0.27 
Board [8d 2h 7d 8h 2d]
Seat 1: Slaventzzz (small blind) folded before Flop
Seat 2: valera_22026 (big blind) folded before Flop
Seat 3: joe mama878 showed [Ad 7c] and lost with two pair, Eights and Sevens
Seat 4: fbf58 folded before Flop
Seat 5: denizlokooo folded before Flop (didn't bet)
Seat 6: sieupeaici showed [Qs Qh] and won ($7.54) with two pair, Queens and Eights
Seat 7: Dorex2007 folded before Flop (didn't bet)
Seat 8: Jappy0310 folded before Flop (didn't bet)
Seat 9: WARRENtheSAP (button) folded before Flop (didn't bet)



PokerStars Hand #234771153012:  Hold'em No Limit ($0.01/$0.02 USD) - 2022/03/13 12:39:21 PT [2022/03/13 15:39:21 ET]
Table 'Troilus II' 9-max Seat #1 is the button
Seat 1: Slaventzzz ($1.96 in chips) 
Seat 2: valera_22026 ($3.24 in chips) 
Seat 3: joe mama878 ($0.51 in chips) 
Seat 4: Piep45 ($2 in chips) 
Seat 5: denizlokooo ($2.09 in chips) 
Seat 6: sieupeaici ($7.54 in chips) 
Seat 7: Dorex2007 ($2 in chips) 
Seat 8: Jappy0310 ($1.48 in chips) 
Seat 9: WARRENtheSAP ($2.57 in chips) 
valera_22026: posts small blind $0.01
joe mama878: posts big blind $0.02
Piep45: posts big blind $0.02
*** HOLE CARDS ***
Dealt to Dorex2007 [2s 3c]
Piep45: checks 
denizlokooo: folds 
sieupeaici: raises $0.04 to $0.06
Dorex2007: folds 
Jappy0310: calls $0.06
WARRENtheSAP: folds 
Slaventzzz: folds 
valera_22026: folds 
joe mama878: calls $0.04
Piep45: folds 
*** FLOP *** [Jc Qc 9c]
joe mama878: checks 
sieupeaici: checks 
Jappy0310: checks 
*** TURN *** [Jc Qc 9c] [5c]
joe mama878: bets $0.02
sieupeaici: folds 
Jappy0310: folds 
Uncalled bet ($0.02) returned to joe mama878
joe mama878 collected $0.20 from pot
joe mama878: doesn't show hand 
*** SUMMARY ***
Total pot $0.21 | Rake $0.01 
Board [Jc Qc 9c 5c]
Seat 1: Slaventzzz (button) folded before Flop (didn't bet)
Seat 2: valera_22026 (small blind) folded before Flop
Seat 3: joe mama878 (big blind) collected ($0.20)
Seat 4: Piep45 folded before Flop (didn't bet)
Seat 5: denizlokooo folded before Flop (didn't bet)
Seat 6: sieupeaici folded on the Turn
Seat 7: Dorex2007 folded before Flop (didn't bet)
Seat 8: Jappy0310 folded on the Turn
Seat 9: WARRENtheSAP folded before Flop (didn't bet)



PokerStars Hand #234771178451:  Hold'em No Limit ($0.01/$0.02 USD) - 2022/03/13 12:40:07 PT [2022/03/13 15:40:07 ET]
Table 'Troilus II' 9-max Seat #2 is the button
Seat 1: Slaventzzz ($1.96 in chips) 
Seat 2: valera_22026 ($3.23 in chips) 
Seat 3: joe mama878 ($0.65 in chips) 
Seat 4: Piep45 ($1.98 in chips) 
Seat 5: denizlokooo ($2.09 in chips) 
Seat 6: sieupeaici ($7.48 in chips) 
Seat 7: Dorex2007 ($2 in chips) 
Seat 8: Jappy0310 ($1.42 in chips) 
Seat 9: WARRENtheSAP ($2.57 in chips) 
joe mama878: posts small blind $0.01
Piep45: posts big blind $0.02
*** HOLE CARDS ***
Dealt to Dorex2007 [3c 9d]
denizlokooo: folds 
sieupeaici: folds 
Dorex2007: folds 
Jappy0310: folds 
WARRENtheSAP: folds 
Slaventzzz: folds 
valera_22026: folds 
joe mama878: calls $0.01
Piep45: checks 
*** FLOP *** [7h Qh Ks]
joe mama878: checks 
Piep45: bets $0.04
joe mama878: calls $0.04
*** TURN *** [7h Qh Ks] [2h]
joe mama878: checks 
Piep45: bets $0.04
joe mama878: folds 
Uncalled bet ($0.04) returned to Piep45
Piep45 collected $0.12 from pot
*** SUMMARY ***
Total pot $0.12 | Rake $0 
Board [7h Qh Ks 2h]
Seat 1: Slaventzzz folded before Flop (didn't bet)
Seat 2: valera_22026 (button) folded before Flop (didn't bet)
Seat 3: joe mama878 (small blind) folded on the Turn
Seat 4: Piep45 (big blind) collected ($0.12)
Seat 5: denizlokooo folded before Flop (didn't bet)
Seat 6: sieupeaici folded before Flop (didn't bet)
Seat 7: Dorex2007 folded before Flop (didn't bet)
Seat 8: Jappy0310 folded before Flop (didn't bet)
Seat 9: WARRENtheSAP folded before Flop (didn't bet)



PokerStars Hand #234771196300:  Hold'em No Limit ($0.01/$0.02 USD) - 2022/03/13 12:40:40 PT [2022/03/13 15:40:40 ET]
Table 'Troilus II' 9-max Seat #3 is the button
Seat 1: Slaventzzz ($1.96 in chips) 
Seat 2: valera_22026 ($3.23 in chips) 
Seat 3: joe mama878 ($0.59 in chips) 
Seat 4: Piep45 ($2.04 in chips) 
Seat 5: denizlokooo ($2.09 in chips) 
Seat 6: sieupeaici ($7.48 in chips) 
Seat 7: Dorex2007 ($2 in chips) 
Seat 8: Jappy0310 ($1.42 in chips) 
Seat 9: WARRENtheSAP ($2.57 in chips) 
Piep45: posts small blind $0.01
denizlokooo: posts big blind $0.02
*** HOLE CARDS ***
Dealt to Dorex2007 [5s 6s]
sieupeaici: folds 
Dorex2007: folds 
Jappy0310: calls $0.02
WARRENtheSAP: folds 
Slaventzzz: folds 
valera_22026: raises $0.04 to $0.06
joe mama878: raises $0.53 to $0.59 and is all-in
Piep45: folds 
denizlokooo: folds 
Jappy0310: folds 
valera_22026: folds 
Uncalled bet ($0.53) returned to joe mama878
joe mama878 collected $0.17 from pot
joe mama878: doesn't show hand 
*** SUMMARY ***
Total pot $0.17 | Rake $0 
Seat 1: Slaventzzz folded before Flop (didn't bet)
Seat 2: valera_22026 folded before Flop
Seat 3: joe mama878 (button) collected ($0.17)
Seat 4: Piep45 (small blind) folded before Flop
Seat 5: denizlokooo (big blind) folded before Flop
Seat 6: sieupeaici folded before Flop (didn't bet)
Seat 7: Dorex2007 folded before Flop (didn't bet)
Seat 8: Jappy0310 folded before Flop
Seat 9: WARRENtheSAP folded before Flop (didn't bet)



PokerStars Hand #234771213920:  Hold'em No Limit ($0.01/$0.02 USD) - 2022/03/13 12:41:12 PT [2022/03/13 15:41:12 ET]
Table 'Troilus II' 9-max Seat #4 is the button
Seat 1: Slaventzzz ($1.96 in chips) 
Seat 2: valera_22026 ($3.17 in chips) 
Seat 3: joe mama878 ($0.70 in chips) 
Seat 4: Piep45 ($2.03 in chips) 
Seat 5: denizlokooo ($2.07 in chips) 
Seat 6: sieupeaici ($7.48 in chips) 
Seat 7: Dorex2007 ($2 in chips) 
Seat 8: Jappy0310 ($1.40 in chips) 
Seat 9: WARRENtheSAP ($2.57 in chips) 
denizlokooo: posts small blind $0.01
sieupeaici: posts big blind $0.02
*** HOLE CARDS ***
Dealt to Dorex2007 [6h Kh]
Dorex2007: folds 
Jappy0310: folds 
WARRENtheSAP: raises $0.02 to $0.04
Slaventzzz: folds 
valera_22026: folds 
joe mama878: folds 
Piep45: calls $0.04
denizlokooo: folds 
sieupeaici: calls $0.02
*** FLOP *** [2h 5h 9s]
sieupeaici: checks 
WARRENtheSAP: checks 
Piep45: checks 
*** TURN *** [2h 5h 9s] [2s]
sieupeaici: checks 
WARRENtheSAP: checks 
Piep45: checks 
*** RIVER *** [2h 5h 9s 2s] [Tc]
sieupeaici: checks 
WARRENtheSAP: checks 
Piep45: checks 
*** SHOW DOWN ***
sieupeaici: shows [7h 8s] (a pair of Deuces)
WARRENtheSAP: shows [Js Th] (two pair, Tens and Deuces)
Piep45: mucks hand 
WARRENtheSAP collected $0.13 from pot
*** SUMMARY ***
Total pot $0.13 | Rake $0 
Board [2h 5h 9s 2s Tc]
Seat 1: Slaventzzz folded before Flop (didn't bet)
Seat 2: valera_22026 folded before Flop (didn't bet)
Seat 3: joe mama878 folded before Flop (didn't bet)
Seat 4: Piep45 (button) mucked [Kd Jd]
Seat 5: denizlokooo (small blind) folded before Flop
Seat 6: sieupeaici (big blind) showed [7h 8s] and lost with a pair of Deuces
Seat 7: Dorex2007 folded before Flop (didn't bet)
Seat 8: Jappy0310 folded before Flop (didn't bet)
Seat 9: WARRENtheSAP showed [Js Th] and won ($0.13) with two pair, Tens and Deuces



PokerStars Hand #234771234271:  Hold'em No Limit ($0.01/$0.02 USD) - 2022/03/13 12:41:49 PT [2022/03/13 15:41:49 ET]
Table 'Troilus II' 9-max Seat #5 is the button
Seat 1: Slaventzzz ($1.96 in chips) 
Seat 2: valera_22026 ($3.17 in chips) 
Seat 3: joe mama878 ($0.70 in chips) 
Seat 4: Piep45 ($1.99 in chips) 
Seat 5: denizlokooo ($2.06 in chips) 
Seat 6: sieupeaici ($7.44 in chips) 
Seat 7: Dorex2007 ($2 in chips) 
Seat 8: Jappy0310 ($1.40 in chips) 
Seat 9: WARRENtheSAP ($2.66 in chips) 
sieupeaici: posts small blind $0.01
Dorex2007: posts big blind $0.02
*** HOLE CARDS ***
Dealt to Dorex2007 [8d 7s]
Jappy0310: folds 
WARRENtheSAP: folds 
Slaventzzz: folds 
valera_22026: raises $0.04 to $0.06
joe mama878: calls $0.06
Piep45: calls $0.06
denizlokooo: folds 
sieupeaici: folds 
Dorex2007: folds 
*** FLOP *** [4d 6d Qc]
valera_22026: checks 
joe mama878: bets $0.64 and is all-in
Piep45: folds 
valera_22026: folds 
Uncalled bet ($0.64) returned to joe mama878
joe mama878 collected $0.20 from pot
joe mama878: doesn't show hand 
*** SUMMARY ***
Total pot $0.21 | Rake $0.01 
Board [4d 6d Qc]
Seat 1: Slaventzzz folded before Flop (didn't bet)
Seat 2: valera_22026 folded on the Flop
Seat 3: joe mama878 collected ($0.20)
Seat 4: Piep45 folded on the Flop
Seat 5: denizlokooo (button) folded before Flop (didn't bet)
Seat 6: sieupeaici (small blind) folded before Flop
Seat 7: Dorex2007 (big blind) folded before Flop
Seat 8: Jappy0310 folded before Flop (didn't bet)
Seat 9: WARRENtheSAP folded before Flop (didn't bet)



PokerStars Hand #234771252646:  Hold'em No Limit ($0.01/$0.02 USD) - 2022/03/13 12:42:23 PT [2022/03/13 15:42:23 ET]
Table 'Troilus II' 9-max Seat #6 is the button
Seat 1: Slaventzzz ($1.96 in chips) 
Seat 2: valera_22026 ($3.11 in chips) 
Seat 3: joe mama878 ($0.84 in chips) 
Seat 4: Piep45 ($1.93 in chips) 
Seat 5: denizlokooo ($2.06 in chips) 
Seat 6: sieupeaici ($7.43 in chips) 
Seat 7: Dorex2007 ($2 in chips) 
Seat 8: Jappy0310 ($1.40 in chips) 
Seat 9: WARRENtheSAP ($2.66 in chips) 
Dorex2007: posts small blind $0.01
Jappy0310: posts big blind $0.02
*** HOLE CARDS ***
Dealt to Dorex2007 [Jc 7h]
WARRENtheSAP: folds 
Slaventzzz: folds 
valera_22026: folds 
joe mama878: calls $0.02
Piep45: folds 
denizlokooo: calls $0.02
sieupeaici: calls $0.02
Dorex2007: calls $0.01
Jappy0310: checks 
*** FLOP *** [5d 3s Qs]
Dorex2007: checks 
Jappy0310: checks 
joe mama878: bets $0.02
denizlokooo: calls $0.02
sieupeaici: folds 
Dorex2007: folds 
Jappy0310: folds 
*** TURN *** [5d 3s Qs] [Qd]
joe mama878: bets $0.02
denizlokooo: folds 
Uncalled bet ($0.02) returned to joe mama878
joe mama878 collected $0.14 from pot
joe mama878: doesn't show hand 
*** SUMMARY ***
Total pot $0.14 | Rake $0 
Board [5d 3s Qs Qd]
Seat 1: Slaventzzz folded before Flop (didn't bet)
Seat 2: valera_22026 folded before Flop (didn't bet)
Seat 3: joe mama878 collected ($0.14)
Seat 4: Piep45 folded before Flop (didn't bet)
Seat 5: denizlokooo folded on the Turn
Seat 6: sieupeaici (button) folded on the Flop
Seat 7: Dorex2007 (small blind) folded on the Flop
Seat 8: Jappy0310 (big blind) folded on the Flop
Seat 9: WARRENtheSAP folded before Flop (didn't bet)



PokerStars Hand #234771280555:  Hold'em No Limit ($0.01/$0.02 USD) - 2022/03/13 12:43:14 PT [2022/03/13 15:43:14 ET]
Table 'Troilus II' 9-max Seat #7 is the button
Seat 1: Slaventzzz ($1.96 in chips) 
Seat 2: valera_22026 ($3.11 in chips) 
Seat 3: joe mama878 ($0.94 in chips) 
Seat 4: Piep45 ($1.93 in chips) 
Seat 5: denizlokooo ($2.02 in chips) 
Seat 6: sieupeaici ($7.41 in chips) 
Seat 7: Dorex2007 ($2 in chips) 
Seat 8: Jappy0310 ($1.38 in chips) 
Seat 9: WARRENtheSAP ($2.66 in chips) 
Jappy0310: posts small blind $0.01
WARRENtheSAP: posts big blind $0.02
*** HOLE CARDS ***
Dealt to Dorex2007 [Kc 7h]
Slaventzzz: raises $0.04 to $0.06
valera_22026: folds 
joe mama878: calls $0.06
Piep45: folds 
denizlokooo: folds 
sieupeaici: folds 
Dorex2007: folds 
Jappy0310: calls $0.05
WARRENtheSAP: calls $0.04
*** FLOP *** [6c 6s 3d]
Jappy0310: checks 
WARRENtheSAP: checks 
Slaventzzz: bets $0.17
joe mama878: raises $0.71 to $0.88 and is all-in
Jappy0310: folds 
WARRENtheSAP: folds 
Slaventzzz: folds 
Uncalled bet ($0.71) returned to joe mama878
joe mama878 collected $0.56 from pot
joe mama878: doesn't show hand 
*** SUMMARY ***
Total pot $0.58 | Rake $0.02 
Board [6c 6s 3d]
Seat 1: Slaventzzz folded on the Flop
Seat 2: valera_22026 folded before Flop (didn't bet)
Seat 3: joe mama878 collected ($0.56)
Seat 4: Piep45 folded before Flop (didn't bet)
Seat 5: denizlokooo folded before Flop (didn't bet)
Seat 6: sieupeaici folded before Flop (didn't bet)
Seat 7: Dorex2007 (button) folded before Flop (didn't bet)
Seat 8: Jappy0310 (small blind) folded on the Flop
Seat 9: WARRENtheSAP (big blind) folded on the Flop



PokerStars Hand #234771299936:  Hold'em No Limit ($0.01/$0.02 USD) - 2022/03/13 12:43:50 PT [2022/03/13 15:43:50 ET]
Table 'Troilus II' 9-max Seat #8 is the button
Seat 1: Slaventzzz ($1.73 in chips) 
Seat 2: valera_22026 ($3.11 in chips) 
Seat 3: joe mama878 ($1.27 in chips) 
Seat 4: Piep45 ($1.93 in chips) 
Seat 5: denizlokooo ($2.02 in chips) 
Seat 6: sieupeaici ($7.41 in chips) 
Seat 7: Dorex2007 ($2 in chips) 
Seat 8: Jappy0310 ($1.32 in chips) 
Seat 9: WARRENtheSAP ($2.60 in chips) 
WARRENtheSAP: posts small blind $0.01
Slaventzzz: posts big blind $0.02
*** HOLE CARDS ***
Dealt to Dorex2007 [Jd Qs]
valera_22026: folds 
joe mama878: calls $0.02
Piep45: folds 
denizlokooo: folds 
sieupeaici: raises $0.04 to $0.06
Dorex2007: folds 
Jappy0310: folds 
WARRENtheSAP: folds 
Slaventzzz: calls $0.04
joe mama878: raises $0.10 to $0.16
sieupeaici: calls $0.10
Slaventzzz: folds 
*** FLOP *** [2d 5d Kh]
joe mama878: bets $0.10
sieupeaici: calls $0.10
*** TURN *** [2d 5d Kh] [9h]
joe mama878: bets $0.28
sieupeaici: calls $0.28
*** RIVER *** [2d 5d Kh 9h] [Js]
joe mama878: bets $0.73 and is all-in
sieupeaici: folds 
Uncalled bet ($0.73) returned to joe mama878
joe mama878 collected $1.11 from pot
joe mama878: doesn't show hand 
*** SUMMARY ***
Total pot $1.15 | Rake $0.04 
Board [2d 5d Kh 9h Js]
Seat 1: Slaventzzz (big blind) folded before Flop
Seat 2: valera_22026 folded before Flop (didn't bet)
Seat 3: joe mama878 collected ($1.11)
Seat 4: Piep45 folded before Flop (didn't bet)
Seat 5: denizlokooo folded before Flop (didn't bet)
Seat 6: sieupeaici folded on the River
Seat 7: Dorex2007 folded before Flop (didn't bet)
Seat 8: Jappy0310 (button) folded before Flop (didn't bet)
Seat 9: WARRENtheSAP (small blind) folded before Flop



PokerStars Hand #234771337545:  Hold'em No Limit ($0.01/$0.02 USD) - 2022/03/13 12:44:59 PT [2022/03/13 15:44:59 ET]
Table 'Troilus II' 9-max Seat #9 is the button
Seat 1: Slaventzzz ($2 in chips) 
Seat 2: valera_22026 ($3.11 in chips) 
Seat 3: joe mama878 ($1.84 in chips) 
Seat 4: Piep45 ($1.93 in chips) 
Seat 5: denizlokooo ($2.02 in chips) 
Seat 6: sieupeaici ($6.87 in chips) 
Seat 7: Dorex2007 ($2 in chips) 
Seat 8: Jappy0310 ($1.32 in chips) 
Seat 9: WARRENtheSAP ($2.59 in chips) 
Slaventzzz: posts small blind $0.01
valera_22026: posts big blind $0.02
*** HOLE CARDS ***
Dealt to Dorex2007 [9h Jd]
joe mama878: folds 
Piep45: folds 
denizlokooo: folds 
sieupeaici: raises $0.04 to $0.06
Dorex2007: folds 
Jappy0310: folds 
WARRENtheSAP: folds 
Slaventzzz: folds 
valera_22026: folds 
Uncalled bet ($0.04) returned to sieupeaici
sieupeaici collected $0.05 from pot
sieupeaici: doesn't show hand 
*** SUMMARY ***
Total pot $0.05 | Rake $0 
Seat 1: Slaventzzz (small blind) folded before Flop
Seat 2: valera_22026 (big blind) folded before Flop
Seat 3: joe mama878 folded before Flop (didn't bet)
Seat 4: Piep45 folded before Flop (didn't bet)
Seat 5: denizlokooo folded before Flop (didn't bet)
Seat 6: sieupeaici collected ($0.05)
Seat 7: Dorex2007 folded before Flop (didn't bet)
Seat 8: Jappy0310 folded before Flop (didn't bet)
Seat 9: WARRENtheSAP (button) folded before Flop (didn't bet)



PokerStars Hand #234771347456:  Hold'em No Limit ($0.01/$0.02 USD) - 2022/03/13 12:45:17 PT [2022/03/13 15:45:17 ET]
Table 'Troilus II' 9-max Seat #1 is the button
Seat 1: Slaventzzz ($1.99 in chips) 
Seat 2: valera_22026 ($3.09 in chips) 
Seat 3: joe mama878 ($1.84 in chips) 
Seat 4: Piep45 ($1.93 in chips) 
Seat 5: denizlokooo ($2.02 in chips) 
Seat 6: sieupeaici ($6.90 in chips) 
Seat 7: Dorex2007 ($2 in chips) 
Seat 8: Jappy0310 ($1.32 in chips) 
Seat 9: WARRENtheSAP ($2.59 in chips) 
valera_22026: posts small blind $0.01
joe mama878: posts big blind $0.02
*** HOLE CARDS ***
Dealt to Dorex2007 [Ts As]
Piep45: calls $0.02
denizlokooo: folds 
sieupeaici: folds 
Dorex2007: raises $0.02 to $0.04
Jappy0310: calls $0.04
WARRENtheSAP: folds 
Slaventzzz: folds 
valera_22026: folds 
joe mama878: calls $0.02
Piep45: calls $0.02
*** FLOP *** [2s Kh 7c]
joe mama878: checks 
Piep45: checks 
Dorex2007: checks 
Jappy0310: checks 
*** TURN *** [2s Kh 7c] [2h]
joe mama878: bets $0.08
Piep45: folds 
Dorex2007: folds 
Jappy0310: calls $0.08
*** RIVER *** [2s Kh 7c 2h] [Qd]
joe mama878: checks 
Jappy0310: checks 
*** SHOW DOWN ***
joe mama878: shows [Kd 5c] (two pair, Kings and Deuces)
Jappy0310: shows [Kc 3c] (two pair, Kings and Deuces)
joe mama878 collected $0.16 from pot
Jappy0310 collected $0.16 from pot
*** SUMMARY ***
Total pot $0.33 | Rake $0.01 
Board [2s Kh 7c 2h Qd]
Seat 1: Slaventzzz (button) folded before Flop (didn't bet)
Seat 2: valera_22026 (small blind) folded before Flop
Seat 3: joe mama878 (big blind) showed [Kd 5c] and won ($0.16) with two pair, Kings and Deuces
Seat 4: Piep45 folded on the Turn
Seat 5: denizlokooo folded before Flop (didn't bet)
Seat 6: sieupeaici folded before Flop (didn't bet)
Seat 7: Dorex2007 folded on the Turn
Seat 8: Jappy0310 showed [Kc 3c] and won ($0.16) with two pair, Kings and Deuces
Seat 9: WARRENtheSAP folded before Flop (didn't bet)



PokerStars Hand #234771392778:  Hold'em No Limit ($0.01/$0.02 USD) - 2022/03/13 12:46:41 PT [2022/03/13 15:46:41 ET]
Table 'Troilus II' 9-max Seat #2 is the button
Seat 1: Slaventzzz ($1.99 in chips) 
Seat 2: valera_22026 ($3.08 in chips) 
Seat 3: joe mama878 ($1.88 in chips) 
Seat 4: Piep45 ($1.89 in chips) 
Seat 5: denizlokooo ($2.02 in chips) 
Seat 6: sieupeaici ($6.90 in chips) 
Seat 7: Dorex2007 ($2 in chips) 
Seat 8: Jappy0310 ($1.36 in chips) 
Seat 9: WARRENtheSAP ($2.59 in chips) 
joe mama878: posts small blind $0.01
Piep45: posts big blind $0.02
*** HOLE CARDS ***
Dealt to Dorex2007 [7c Th]
denizlokooo: raises $0.04 to $0.06
sieupeaici: folds 
Dorex2007: folds 
Jappy0310: calls $0.06
WARRENtheSAP: folds 
Slaventzzz: folds 
valera_22026: calls $0.06
joe mama878: folds 
Piep45: folds 
*** FLOP *** [2h Tc 9d]
denizlokooo: bets $0.10
Jappy0310: folds 
valera_22026: calls $0.10
*** TURN *** [2h Tc 9d] [9s]
denizlokooo: bets $0.06
valera_22026: raises $0.39 to $0.45
denizlokooo: calls $0.39
*** RIVER *** [2h Tc 9d 9s] [2s]
denizlokooo: bets $0.40
valera_22026: folds 
Uncalled bet ($0.40) returned to denizlokooo
denizlokooo collected $1.26 from pot
denizlokooo: doesn't show hand 
*** SUMMARY ***
Total pot $1.31 | Rake $0.05 
Board [2h Tc 9d 9s 2s]
Seat 1: Slaventzzz folded before Flop (didn't bet)
Seat 2: valera_22026 (button) folded on the River
Seat 3: joe mama878 (small blind) folded before Flop
Seat 4: Piep45 (big blind) folded before Flop
Seat 5: denizlokooo collected ($1.26)
Seat 6: sieupeaici folded before Flop (didn't bet)
Seat 7: Dorex2007 folded before Flop (didn't bet)
Seat 8: Jappy0310 folded on the Flop
Seat 9: WARRENtheSAP folded before Flop (didn't bet)



PokerStars Hand #234771443243:  Hold'em No Limit ($0.01/$0.02 USD) - 2022/03/13 12:48:12 PT [2022/03/13 15:48:12 ET]
Table 'Troilus II' 9-max Seat #4 is the button
Seat 1: Slaventzzz ($1.99 in chips) 
Seat 2: valera_22026 ($2.41 in chips) 
Seat 3: joe mama878 ($1.77 in chips) 
Seat 4: Piep45 ($2.04 in chips) 
Seat 5: denizlokooo ($2.65 in chips) 
Seat 6: sieupeaici ($6.90 in chips) 
Seat 7: Dorex2007 ($2 in chips) 
Seat 8: Jappy0310 ($1.30 in chips) 
Seat 9: WARRENtheSAP ($2.59 in chips) 
denizlokooo: posts small blind $0.01
sieupeaici: posts big blind $0.02
*** HOLE CARDS ***
Dealt to Dorex2007 [2d 9h]
Dorex2007: folds 
Jappy0310: folds 
WARRENtheSAP: folds 
Slaventzzz: folds 
valera_22026: folds 
joe mama878: calls $0.02
Piep45: folds 
denizlokooo: folds 
sieupeaici: checks 
*** FLOP *** [Qd Ad Kc]
sieupeaici: checks 
joe mama878: checks 
*** TURN *** [Qd Ad Kc] [5h]
sieupeaici: checks 
joe mama878: checks 
*** RIVER *** [Qd Ad Kc 5h] [3s]
sieupeaici: checks 
joe mama878: checks 
*** SHOW DOWN ***
sieupeaici: shows [9d 7s] (high card Ace)
joe mama878: shows [Jd 2c] (high card Ace - King+Queen+Jack kicker)
joe mama878 collected $0.05 from pot
*** SUMMARY ***
Total pot $0.05 | Rake $0 
Board [Qd Ad Kc 5h 3s]
Seat 1: Slaventzzz folded before Flop (didn't bet)
Seat 2: valera_22026 folded before Flop (didn't bet)
Seat 3: joe mama878 showed [Jd 2c] and won ($0.05) with high card Ace
Seat 4: Piep45 (button) folded before Flop (didn't bet)
Seat 5: denizlokooo (small blind) folded before Flop
Seat 6: sieupeaici (big blind) showed [9d 7s] and lost with high card Ace
Seat 7: Dorex2007 folded before Flop (didn't bet)
Seat 8: Jappy0310 folded before Flop (didn't bet)
Seat 9: WARRENtheSAP folded before Flop (didn't bet)



PokerStars Hand #234771474813:  Hold'em No Limit ($0.01/$0.02 USD) - 2022/03/13 12:48:55 PT [2022/03/13 15:48:55 ET]
Table 'Troilus II' 9-max Seat #5 is the button
Seat 1: Slaventzzz ($1.99 in chips) 
Seat 2: valera_22026 ($2.41 in chips) 
Seat 3: joe mama878 ($1.80 in chips) 
Seat 4: Piep45 ($2.04 in chips) 
Seat 5: denizlokooo ($2.64 in chips) 
Seat 6: sieupeaici ($6.88 in chips) 
Seat 7: Dorex2007 ($2 in chips) 
Seat 8: Jappy0310 ($1.30 in chips) 
Seat 9: WARRENtheSAP ($2.59 in chips) 
sieupeaici: posts small blind $0.01
Dorex2007: posts big blind $0.02
*** HOLE CARDS ***
Dealt to Dorex2007 [Jd Tc]
Jappy0310: calls $0.02
WARRENtheSAP: folds 
Slaventzzz: folds 
valera_22026: folds 
joe mama878: calls $0.02
Piep45: folds 
denizlokooo: folds 
sieupeaici: calls $0.01
Dorex2007: checks 
*** FLOP *** [3h Qc 8s]
sieupeaici: checks 
Dorex2007: checks 
Jappy0310: checks 
joe mama878: bets $0.02
sieupeaici: calls $0.02
Dorex2007: folds 
Jappy0310: calls $0.02
*** TURN *** [3h Qc 8s] [Js]
sieupeaici: checks 
Jappy0310: checks 
joe mama878: bets $0.10
sieupeaici: calls $0.10
Jappy0310: folds 
*** RIVER *** [3h Qc 8s Js] [Ts]
sieupeaici: checks 
joe mama878: checks 
*** SHOW DOWN ***
sieupeaici: shows [Qd 6s] (a pair of Queens)
joe mama878: shows [Qh 2s] (a pair of Queens)
sieupeaici collected $0.17 from pot
joe mama878 collected $0.16 from pot
*** SUMMARY ***
Total pot $0.34 | Rake $0.01 
Board [3h Qc 8s Js Ts]
Seat 1: Slaventzzz folded before Flop (didn't bet)
Seat 2: valera_22026 folded before Flop (didn't bet)
Seat 3: joe mama878 showed [Qh 2s] and won ($0.16) with a pair of Queens
Seat 4: Piep45 folded before Flop (didn't bet)
Seat 5: denizlokooo (button) folded before Flop (didn't bet)
Seat 6: sieupeaici (small blind) showed [Qd 6s] and won ($0.17) with a pair of Queens
Seat 7: Dorex2007 (big blind) folded on the Flop
Seat 8: Jappy0310 folded on the Turn
Seat 9: WARRENtheSAP folded before Flop (didn't bet)



PokerStars Hand #234771508055:  Hold'em No Limit ($0.01/$0.02 USD) - 2022/03/13 12:49:57 PT [2022/03/13 15:49:57 ET]
Table 'Troilus II' 9-max Seat #6 is the button
Seat 1: Slaventzzz ($1.99 in chips) 
Seat 2: valera_22026 ($2.41 in chips) 
Seat 3: joe mama878 ($1.82 in chips) 
Seat 4: Piep45 ($2.04 in chips) 
Seat 5: denizlokooo ($2.64 in chips) 
Seat 6: sieupeaici ($6.91 in chips) 
Seat 7: Dorex2007 ($2 in chips) 
Seat 8: Jappy0310 ($1.26 in chips) 
Seat 9: WARRENtheSAP ($2.59 in chips) 
Dorex2007: posts small blind $0.01
Jappy0310: posts big blind $0.02
*** HOLE CARDS ***
Dealt to Dorex2007 [Qd Kd]
WARRENtheSAP: folds 
Slaventzzz: folds 
valera_22026: folds 
joe mama878: calls $0.02
Piep45: folds 
denizlokooo: folds 
sieupeaici: folds 
Dorex2007: raises $0.10 to $0.12
Jappy0310: folds 
joe mama878: folds 
Uncalled bet ($0.10) returned to Dorex2007
Dorex2007 collected $0.06 from pot
Dorex2007: doesn't show hand 
*** SUMMARY ***
Total pot $0.06 | Rake $0 
Seat 1: Slaventzzz folded before Flop (didn't bet)
Seat 2: valera_22026 folded before Flop (didn't bet)
Seat 3: joe mama878 folded before Flop
Seat 4: Piep45 folded before Flop (didn't bet)
Seat 5: denizlokooo folded before Flop (didn't bet)
Seat 6: sieupeaici (button) folded before Flop (didn't bet)
Seat 7: Dorex2007 (small blind) collected ($0.06)
Seat 8: Jappy0310 (big blind) folded before Flop
Seat 9: WARRENtheSAP folded before Flop (didn't bet)



PokerStars Hand #234771530328:  Hold'em No Limit ($0.01/$0.02 USD) - 2022/03/13 12:50:38 PT [2022/03/13 15:50:38 ET]
Table 'Troilus II' 9-max Seat #7 is the button
Seat 1: Slaventzzz ($1.99 in chips) 
Seat 2: valera_22026 ($2.41 in chips) 
Seat 3: joe mama878 ($1.80 in chips) 
Seat 4: Piep45 ($2.04 in chips) 
Seat 5: denizlokooo ($2.64 in chips) 
Seat 6: sieupeaici ($6.91 in chips) 
Seat 7: Dorex2007 ($2.04 in chips) 
Seat 8: Jappy0310 ($1.24 in chips) 
Seat 9: WARRENtheSAP ($2.59 in chips) 
Jappy0310: posts small blind $0.01
WARRENtheSAP: posts big blind $0.02
*** HOLE CARDS ***
Dealt to Dorex2007 [9d 5d]
Slaventzzz: folds 
valera_22026: folds 
joe mama878: calls $0.02
Piep45: folds 
denizlokooo: calls $0.02
sieupeaici: folds 
Dorex2007: folds 
Jappy0310: calls $0.01
WARRENtheSAP: checks 
*** FLOP *** [Qd 7c 7h]
Jappy0310: checks 
WARRENtheSAP: checks 
joe mama878: bets $0.04
denizlokooo: calls $0.04
Jappy0310: folds 
WARRENtheSAP: calls $0.04
*** TURN *** [Qd 7c 7h] [3c]
WARRENtheSAP: checks 
joe mama878: checks 
denizlokooo: checks 
*** RIVER *** [Qd 7c 7h 3c] [Qs]
WARRENtheSAP: checks 
joe mama878: checks 
denizlokooo: checks 
*** SHOW DOWN ***
WARRENtheSAP: shows [6h 8h] (two pair, Queens and Sevens)
joe mama878: mucks hand 
denizlokooo: shows [Td 8d] (two pair, Queens and Sevens - Ten kicker)
denizlokooo collected $0.19 from pot
*** SUMMARY ***
Total pot $0.20 | Rake $0.01 
Board [Qd 7c 7h 3c Qs]
Seat 1: Slaventzzz folded before Flop (didn't bet)
Seat 2: valera_22026 folded before Flop (didn't bet)
Seat 3: joe mama878 mucked [4c 6c]
Seat 4: Piep45 folded before Flop (didn't bet)
Seat 5: denizlokooo showed [Td 8d] and won ($0.19) with two pair, Queens and Sevens
Seat 6: sieupeaici folded before Flop (didn't bet)
Seat 7: Dorex2007 (button) folded before Flop (didn't bet)
Seat 8: Jappy0310 (small blind) folded on the Flop
Seat 9: WARRENtheSAP (big blind) showed [6h 8h] and lost with two pair, Queens and Sevens



PokerStars Hand #234771653307:  Hold'em No Limit ($0.01/$0.02 USD) - 2022/03/13 12:54:28 PT [2022/03/13 15:54:28 ET]
Table 'Troilus II' 9-max Seat #4 is the button
Seat 1: Slaventzzz ($3.21 in chips) 
Seat 2: valera_22026 ($2.38 in chips) 
Seat 4: Piep45 ($1.90 in chips) 
Seat 5: denizlokooo ($2.77 in chips) 
Seat 6: sieupeaici ($7.13 in chips) 
Seat 7: Dorex2007 ($2.04 in chips) 
Seat 8: Jappy0310 ($1.22 in chips) 
Seat 9: WARRENtheSAP ($2.52 in chips) 
denizlokooo: posts small blind $0.01
sieupeaici: posts big blind $0.02
*** HOLE CARDS ***
Dealt to Dorex2007 [3d 9s]
Dorex2007: folds 
joe mama878 leaves the table
Jappy0310: calls $0.02
WARRENtheSAP: folds 
Slaventzzz: folds 
Skatinghead7 joins the table at seat #3 
valera_22026: folds 
Piep45: folds 
denizlokooo: calls $0.01
sieupeaici: raises $0.10 to $0.12
Jappy0310: calls $0.10
denizlokooo: folds 
*** FLOP *** [Th 6c 8d]
sieupeaici: bets $0.23
Jappy0310: folds 
Uncalled bet ($0.23) returned to sieupeaici
sieupeaici collected $0.25 from pot
sieupeaici: doesn't show hand 
*** SUMMARY ***
Total pot $0.26 | Rake $0.01 
Board [Th 6c 8d]
Seat 1: Slaventzzz folded before Flop (didn't bet)
Seat 2: valera_22026 folded before Flop (didn't bet)
Seat 4: Piep45 (button) folded before Flop (didn't bet)
Seat 5: denizlokooo (small blind) folded before Flop
Seat 6: sieupeaici (big blind) collected ($0.25)
Seat 7: Dorex2007 folded before Flop (didn't bet)
Seat 8: Jappy0310 folded on the Flop
Seat 9: WARRENtheSAP folded before Flop (didn't bet)



PokerStars Hand #234771675014:  Hold'em No Limit ($0.01/$0.02 USD) - 2022/03/13 12:55:13 PT [2022/03/13 15:55:13 ET]
Table 'Troilus II' 9-max Seat #5 is the button
Seat 1: Slaventzzz ($3.21 in chips) 
Seat 2: valera_22026 ($2.38 in chips) 
Seat 3: Skatinghead7 ($2 in chips) 
Seat 4: Piep45 ($1.90 in chips) 
Seat 5: denizlokooo ($2.75 in chips) 
Seat 6: sieupeaici ($7.26 in chips) 
Seat 7: Dorex2007 ($2.04 in chips) 
Seat 8: Jappy0310 ($1.10 in chips) 
Seat 9: WARRENtheSAP ($2.52 in chips) 
sieupeaici: posts small blind $0.01
Dorex2007: posts big blind $0.02
Skatinghead7: posts big blind $0.02
*** HOLE CARDS ***
Dealt to Dorex2007 [9c 3c]
Jappy0310: calls $0.02
WARRENtheSAP: calls $0.02
Slaventzzz: folds 
valera_22026: folds 
Skatinghead7: checks 
Piep45: folds 
denizlokooo: folds 
sieupeaici: folds 
Dorex2007: checks 
*** FLOP *** [Qc 4c Kh]
Dorex2007: checks 
Jappy0310: checks 
WARRENtheSAP: bets $0.05
Skatinghead7: calls $0.05
Dorex2007: folds 
Jappy0310: folds 
*** TURN *** [Qc 4c Kh] [2c]
WARRENtheSAP: checks 
Skatinghead7: checks 
*** RIVER *** [Qc 4c Kh 2c] [Ad]
WARRENtheSAP: checks 
Skatinghead7: checks 
*** SHOW DOWN ***
WARRENtheSAP: shows [Jd Qd] (a pair of Queens)
Skatinghead7: shows [Ks 7h] (a pair of Kings)
Skatinghead7 collected $0.18 from pot
*** SUMMARY ***
Total pot $0.19 | Rake $0.01 
Board [Qc 4c Kh 2c Ad]
Seat 1: Slaventzzz folded before Flop (didn't bet)
Seat 2: valera_22026 folded before Flop (didn't bet)
Seat 3: Skatinghead7 showed [Ks 7h] and won ($0.18) with a pair of Kings
Seat 4: Piep45 folded before Flop (didn't bet)
Seat 5: denizlokooo (button) folded before Flop (didn't bet)
Seat 6: sieupeaici (small blind) folded before Flop
Seat 7: Dorex2007 (big blind) folded on the Flop
Seat 8: Jappy0310 folded on the Flop
Seat 9: WARRENtheSAP showed [Jd Qd] and lost with a pair of Queens



PokerStars Hand #234771693937:  Hold'em No Limit ($0.01/$0.02 USD) - 2022/03/13 12:56:12 PT [2022/03/13 15:56:12 ET]
Table 'Troilus II' 9-max Seat #6 is the button
Seat 1: Slaventzzz ($3.21 in chips) 
Seat 2: valera_22026 ($2.38 in chips) 
Seat 3: Skatinghead7 ($2.11 in chips) 
Seat 4: Piep45 ($1.90 in chips) 
Seat 5: denizlokooo ($2.75 in chips) 
Seat 6: sieupeaici ($7.25 in chips) 
Seat 7: Dorex2007 ($2.02 in chips) 
Seat 8: Jappy0310 ($1.08 in chips) 
Seat 9: WARRENtheSAP ($2.45 in chips) 
Dorex2007: posts small blind $0.01
Jappy0310: posts big blind $0.02
*** HOLE CARDS ***
Dealt to Dorex2007 [5d 4c]
WARRENtheSAP: folds 
Slaventzzz: folds 
valera_22026: folds 
Skatinghead7: folds 
Piep45: calls $0.02
denizlokooo: folds 
sieupeaici: raises $0.07 to $0.09
Dorex2007: folds 
Jappy0310: folds 
Piep45: calls $0.07
*** FLOP *** [8d Kc 2d]
Piep45: checks 
sieupeaici: checks 
*** TURN *** [8d Kc 2d] [Ks]
Piep45: checks 
sieupeaici: bets $0.13
Piep45: folds 
Uncalled bet ($0.13) returned to sieupeaici
sieupeaici collected $0.20 from pot
sieupeaici: doesn't show hand 
*** SUMMARY ***
Total pot $0.21 | Rake $0.01 
Board [8d Kc 2d Ks]
Seat 1: Slaventzzz folded before Flop (didn't bet)
Seat 2: valera_22026 folded before Flop (didn't bet)
Seat 3: Skatinghead7 folded before Flop (didn't bet)
Seat 4: Piep45 folded on the Turn
Seat 5: denizlokooo folded before Flop (didn't bet)
Seat 6: sieupeaici (button) collected ($0.20)
Seat 7: Dorex2007 (small blind) folded before Flop
Seat 8: Jappy0310 (big blind) folded before Flop
Seat 9: WARRENtheSAP folded before Flop (didn't bet)



PokerStars Hand #234771704585:  Hold'em No Limit ($0.01/$0.02 USD) - 2022/03/13 12:56:44 PT [2022/03/13 15:56:44 ET]
Table 'Troilus II' 9-max Seat #7 is the button
Seat 1: Slaventzzz ($3.21 in chips) 
Seat 2: valera_22026 ($2.38 in chips) 
Seat 3: Skatinghead7 ($2.11 in chips) 
Seat 4: Piep45 ($1.81 in chips) 
Seat 5: denizlokooo ($2.75 in chips) 
Seat 6: sieupeaici ($7.36 in chips) 
Seat 7: Dorex2007 ($2.01 in chips) 
Seat 8: Jappy0310 ($1.06 in chips) 
Seat 9: WARRENtheSAP ($2.45 in chips) 
Jappy0310: posts small blind $0.01
WARRENtheSAP: posts big blind $0.02
*** HOLE CARDS ***
Dealt to Dorex2007 [3c 4h]
Slaventzzz: folds 
valera_22026: raises $0.04 to $0.06
Skatinghead7: folds 
Piep45: calls $0.06
denizlokooo: folds 
sieupeaici: folds 
Dorex2007: folds 
Jappy0310: calls $0.05
WARRENtheSAP: calls $0.04
*** FLOP *** [7h 2c 8c]
Jappy0310: bets $0.02
WARRENtheSAP: calls $0.02
valera_22026: calls $0.02
Piep45: calls $0.02
*** TURN *** [7h 2c 8c] [9s]
Jappy0310: checks 
WARRENtheSAP: checks 
valera_22026: checks 
Piep45: bets $0.08
Jappy0310: folds 
WARRENtheSAP: folds 
valera_22026: folds 
Uncalled bet ($0.08) returned to Piep45
Piep45 collected $0.31 from pot
*** SUMMARY ***
Total pot $0.32 | Rake $0.01 
Board [7h 2c 8c 9s]
Seat 1: Slaventzzz folded before Flop (didn't bet)
Seat 2: valera_22026 folded on the Turn
Seat 3: Skatinghead7 folded before Flop (didn't bet)
Seat 4: Piep45 collected ($0.31)
Seat 5: denizlokooo folded before Flop (didn't bet)
Seat 6: sieupeaici folded before Flop (didn't bet)
Seat 7: Dorex2007 (button) folded before Flop (didn't bet)
Seat 8: Jappy0310 (small blind) folded on the Turn
Seat 9: WARRENtheSAP (big blind) folded on the Turn



PokerStars Hand #234771724328:  Hold'em No Limit ($0.01/$0.02 USD) - 2022/03/13 12:57:44 PT [2022/03/13 15:57:44 ET]
Table 'Troilus II' 9-max Seat #8 is the button
Seat 1: Slaventzzz ($3.21 in chips) 
Seat 2: valera_22026 ($2.30 in chips) 
Seat 3: Skatinghead7 ($2.11 in chips) 
Seat 4: Piep45 ($2.04 in chips) 
Seat 5: denizlokooo ($2.75 in chips) 
Seat 6: sieupeaici ($7.36 in chips) 
Seat 7: Dorex2007 ($2.01 in chips) 
Seat 8: Jappy0310 ($0.98 in chips) 
Seat 9: WARRENtheSAP ($2.37 in chips) 
WARRENtheSAP: posts small blind $0.01
Slaventzzz: posts big blind $0.02
*** HOLE CARDS ***
Dealt to Dorex2007 [Qs Js]
valera_22026: folds 
Skatinghead7: folds 
Piep45: folds 
denizlokooo: calls $0.02
sieupeaici: raises $0.07 to $0.09
Dorex2007: folds 
Jappy0310: folds 
WARRENtheSAP: folds 
Slaventzzz: folds 
denizlokooo: calls $0.07
*** FLOP *** [4d 9s 7d]
denizlokooo: checks 
sieupeaici: bets $0.13
denizlokooo: folds 
Uncalled bet ($0.13) returned to sieupeaici
sieupeaici collected $0.20 from pot
sieupeaici: doesn't show hand 
*** SUMMARY ***
Total pot $0.21 | Rake $0.01 
Board [4d 9s 7d]
Seat 1: Slaventzzz (big blind) folded before Flop
Seat 2: valera_22026 folded before Flop (didn't bet)
Seat 3: Skatinghead7 folded before Flop (didn't bet)
Seat 4: Piep45 folded before Flop (didn't bet)
Seat 5: denizlokooo folded on the Flop
Seat 6: sieupeaici collected ($0.20)
Seat 7: Dorex2007 folded before Flop (didn't bet)
Seat 8: Jappy0310 (button) folded before Flop (didn't bet)
Seat 9: WARRENtheSAP (small blind) folded before Flop



PokerStars Hand #234771740871:  Hold'em No Limit ($0.01/$0.02 USD) - 2022/03/13 12:58:35 PT [2022/03/13 15:58:35 ET]
Table 'Troilus II' 9-max Seat #9 is the button
Seat 1: Slaventzzz ($3.19 in chips) 
Seat 2: valera_22026 ($2.30 in chips) 
Seat 3: Skatinghead7 ($2.11 in chips) 
Seat 4: Piep45 ($2.04 in chips) 
Seat 5: denizlokooo ($2.66 in chips) 
Seat 6: sieupeaici ($7.47 in chips) 
Seat 7: Dorex2007 ($2.01 in chips) 
Seat 8: Jappy0310 ($0.98 in chips) 
Seat 9: WARRENtheSAP ($2.36 in chips) 
Slaventzzz: posts small blind $0.01
valera_22026: posts big blind $0.02
*** HOLE CARDS ***
Dealt to Dorex2007 [4d 5h]
Skatinghead7: calls $0.02
Piep45: raises $0.02 to $0.04
denizlokooo: folds 
sieupeaici: folds 
Dorex2007: folds 
Jappy0310: calls $0.04
WARRENtheSAP: calls $0.04
Slaventzzz: folds 
valera_22026: folds 
Skatinghead7: calls $0.02
*** FLOP *** [8h 5c Kc]
Skatinghead7: checks 
Piep45: bets $0.04
Jappy0310: calls $0.04
WARRENtheSAP: folds 
Skatinghead7: calls $0.04
*** TURN *** [8h 5c Kc] [5d]
Skatinghead7: bets $0.02
Piep45: calls $0.02
Jappy0310: calls $0.02
*** RIVER *** [8h 5c Kc 5d] [Th]
Skatinghead7: bets $0.02
Piep45: folds 
Jappy0310: calls $0.02
*** SHOW DOWN ***
Skatinghead7: shows [Kd 7s] (two pair, Kings and Fives)
Jappy0310: shows [Ks Jc] (two pair, Kings and Fives - Jack kicker)
Jappy0310 collected $0.40 from pot
*** SUMMARY ***
Total pot $0.41 | Rake $0.01 
Board [8h 5c Kc 5d Th]
Seat 1: Slaventzzz (small blind) folded before Flop
Seat 2: valera_22026 (big blind) folded before Flop
Seat 3: Skatinghead7 showed [Kd 7s] and lost with two pair, Kings and Fives
Seat 4: Piep45 folded on the River
Seat 5: denizlokooo folded before Flop (didn't bet)
Seat 6: sieupeaici folded before Flop (didn't bet)
Seat 7: Dorex2007 folded before Flop (didn't bet)
Seat 8: Jappy0310 showed [Ks Jc] and won ($0.40) with two pair, Kings and Fives
Seat 9: WARRENtheSAP (button) folded on the Flop



PokerStars Hand #234771767937:  Hold'em No Limit ($0.01/$0.02 USD) - 2022/03/13 12:59:31 PT [2022/03/13 15:59:31 ET]
Table 'Troilus II' 9-max Seat #1 is the button
Seat 1: Slaventzzz ($3.18 in chips) 
Seat 2: valera_22026 ($2.28 in chips) 
Seat 3: Skatinghead7 ($1.99 in chips) 
Seat 4: Piep45 ($1.94 in chips) 
Seat 5: denizlokooo ($2.66 in chips) 
Seat 6: sieupeaici ($7.47 in chips) 
Seat 7: Dorex2007 ($2.01 in chips) 
Seat 8: Jappy0310 ($1.26 in chips) 
Seat 9: WARRENtheSAP ($2.32 in chips) 
valera_22026: posts small blind $0.01
Skatinghead7: posts big blind $0.02
*** HOLE CARDS ***
Dealt to Dorex2007 [8d 7h]
Piep45: folds 
denizlokooo: folds 
sieupeaici: raises $0.04 to $0.06
Dorex2007: folds 
Jappy0310: calls $0.06
WARRENtheSAP: folds 
Slaventzzz: folds 
valera_22026: calls $0.05
Skatinghead7: calls $0.04
*** FLOP *** [Kc 4s 3c]
valera_22026: checks 
Skatinghead7: checks 
sieupeaici: checks 
Jappy0310: checks 
*** TURN *** [Kc 4s 3c] [Tc]
valera_22026: checks 
Skatinghead7: checks 
sieupeaici: bets $0.14
Jappy0310: folds 
valera_22026: calls $0.14
Skatinghead7: folds 
*** RIVER *** [Kc 4s 3c Tc] [As]
valera_22026: checks 
sieupeaici: bets $0.47
valera_22026: folds 
Uncalled bet ($0.47) returned to sieupeaici
sieupeaici collected $0.50 from pot
sieupeaici: doesn't show hand 
*** SUMMARY ***
Total pot $0.52 | Rake $0.02 
Board [Kc 4s 3c Tc As]
Seat 1: Slaventzzz (button) folded before Flop (didn't bet)
Seat 2: valera_22026 (small blind) folded on the River
Seat 3: Skatinghead7 (big blind) folded on the Turn
Seat 4: Piep45 folded before Flop (didn't bet)
Seat 5: denizlokooo folded before Flop (didn't bet)
Seat 6: sieupeaici collected ($0.50)
Seat 7: Dorex2007 folded before Flop (didn't bet)
Seat 8: Jappy0310 folded on the Turn
Seat 9: WARRENtheSAP folded before Flop (didn't bet)



PokerStars Hand #234771792982:  Hold'em No Limit ($0.01/$0.02 USD) - 2022/03/13 13:00:44 PT [2022/03/13 16:00:44 ET]
Table 'Troilus II' 9-max Seat #2 is the button
Seat 1: Slaventzzz ($3.18 in chips) 
Seat 2: valera_22026 ($2.08 in chips) 
Seat 3: Skatinghead7 ($1.93 in chips) 
Seat 4: Piep45 ($1.94 in chips) 
Seat 5: denizlokooo ($2.66 in chips) 
Seat 6: sieupeaici ($7.77 in chips) 
Seat 7: Dorex2007 ($2.01 in chips) 
Seat 8: Jappy0310 ($1.20 in chips) 
Seat 9: WARRENtheSAP ($2.32 in chips) 
Skatinghead7: posts small blind $0.01
Piep45: posts big blind $0.02
*** HOLE CARDS ***
Dealt to Dorex2007 [Ad 9h]
denizlokooo: calls $0.02
sieupeaici: folds 
Dorex2007: folds 
Jappy0310: calls $0.02
WARRENtheSAP: folds 
Slaventzzz: folds 
valera_22026: folds 
Skatinghead7: calls $0.01
Piep45: raises $0.02 to $0.04
denizlokooo: calls $0.02
Jappy0310: calls $0.02
Skatinghead7: calls $0.02
*** FLOP *** [Js Kc 6d]
Skatinghead7: checks 
Piep45: checks 
denizlokooo: bets $0.02
Jappy0310: calls $0.02
Skatinghead7: folds 
Piep45: calls $0.02
*** TURN *** [Js Kc 6d] [4s]
Piep45: checks 
denizlokooo: bets $0.02
Jappy0310: calls $0.02
Piep45: calls $0.02
*** RIVER *** [Js Kc 6d 4s] [As]
Piep45: bets $0.04
denizlokooo: folds 
Jappy0310: folds 
Uncalled bet ($0.04) returned to Piep45
Piep45 collected $0.27 from pot
*** SUMMARY ***
Total pot $0.28 | Rake $0.01 
Board [Js Kc 6d 4s As]
Seat 1: Slaventzzz folded before Flop (didn't bet)
Seat 2: valera_22026 (button) folded before Flop (didn't bet)
Seat 3: Skatinghead7 (small blind) folded on the Flop
Seat 4: Piep45 (big blind) collected ($0.27)
Seat 5: denizlokooo folded on the River
Seat 6: sieupeaici folded before Flop (didn't bet)
Seat 7: Dorex2007 folded before Flop (didn't bet)
Seat 8: Jappy0310 folded on the River
Seat 9: WARRENtheSAP folded before Flop (didn't bet)



PokerStars Hand #234771826483:  Hold'em No Limit ($0.01/$0.02 USD) - 2022/03/13 13:02:04 PT [2022/03/13 16:02:04 ET]
Table 'Troilus II' 9-max Seat #3 is the button
Seat 1: Slaventzzz ($3.18 in chips) 
Seat 2: valera_22026 ($2.08 in chips) 
Seat 3: Skatinghead7 ($1.89 in chips) 
Seat 4: Piep45 ($2.13 in chips) 
Seat 5: denizlokooo ($2.58 in chips) 
Seat 6: sieupeaici ($7.77 in chips) 
Seat 7: Dorex2007 ($2.01 in chips) 
Seat 8: Jappy0310 ($1.12 in chips) 
Seat 9: WARRENtheSAP ($2.32 in chips) 
Piep45: posts small blind $0.01
denizlokooo: posts big blind $0.02
*** HOLE CARDS ***
Dealt to Dorex2007 [Ts 2h]
sieupeaici: folds 
Dorex2007: folds 
Jappy0310: folds 
WARRENtheSAP: folds 
Slaventzzz: folds 
valera_22026: raises $0.04 to $0.06
Skatinghead7: folds 
Piep45: folds 
denizlokooo: calls $0.04
*** FLOP *** [9c Tc Ad]
denizlokooo: checks 
valera_22026: bets $0.07
denizlokooo: folds 
Uncalled bet ($0.07) returned to valera_22026
valera_22026 collected $0.13 from pot
valera_22026: doesn't show hand 
*** SUMMARY ***
Total pot $0.13 | Rake $0 
Board [9c Tc Ad]
Seat 1: Slaventzzz folded before Flop (didn't bet)
Seat 2: valera_22026 collected ($0.13)
Seat 3: Skatinghead7 (button) folded before Flop (didn't bet)
Seat 4: Piep45 (small blind) folded before Flop
Seat 5: denizlokooo (big blind) folded on the Flop
Seat 6: sieupeaici folded before Flop (didn't bet)
Seat 7: Dorex2007 folded before Flop (didn't bet)
Seat 8: Jappy0310 folded before Flop (didn't bet)
Seat 9: WARRENtheSAP folded before Flop (didn't bet)



PokerStars Hand #234771848820:  Hold'em No Limit ($0.01/$0.02 USD) - 2022/03/13 13:02:49 PT [2022/03/13 16:02:49 ET]
Table 'Troilus II' 9-max Seat #4 is the button
Seat 1: Slaventzzz ($3.18 in chips) 
Seat 2: valera_22026 ($2.15 in chips) 
Seat 3: Skatinghead7 ($1.89 in chips) 
Seat 4: Piep45 ($2.12 in chips) 
Seat 5: denizlokooo ($2.52 in chips) 
Seat 6: sieupeaici ($7.77 in chips) 
Seat 7: Dorex2007 ($2.01 in chips) 
Seat 8: Jappy0310 ($1.12 in chips) 
Seat 9: WARRENtheSAP ($2.32 in chips) 
denizlokooo: posts small blind $0.01
sieupeaici: posts big blind $0.02
*** HOLE CARDS ***
Dealt to Dorex2007 [7h 8d]
Dorex2007: folds 
Jappy0310: folds 
WARRENtheSAP: folds 
Slaventzzz: folds 
valera_22026: folds 
Skatinghead7: calls $0.02
Piep45: folds 
denizlokooo: calls $0.01
sieupeaici: checks 
*** FLOP *** [3h 4h Jd]
denizlokooo: checks 
sieupeaici: checks 
Skatinghead7: checks 
*** TURN *** [3h 4h Jd] [3d]
denizlokooo: checks 
sieupeaici: checks 
Skatinghead7: checks 
*** RIVER *** [3h 4h Jd 3d] [4c]
denizlokooo: checks 
sieupeaici: checks 
Skatinghead7: checks 
*** SHOW DOWN ***
denizlokooo: shows [Qs Ac] (two pair, Fours and Threes)
sieupeaici: mucks hand 
Skatinghead7: mucks hand 
denizlokooo collected $0.06 from pot
*** SUMMARY ***
Total pot $0.06 | Rake $0 
Board [3h 4h Jd 3d 4c]
Seat 1: Slaventzzz folded before Flop (didn't bet)
Seat 2: valera_22026 folded before Flop (didn't bet)
Seat 3: Skatinghead7 mucked [Kh Qd]
Seat 4: Piep45 (button) folded before Flop (didn't bet)
Seat 5: denizlokooo (small blind) showed [Qs Ac] and won ($0.06) with two pair, Fours and Threes
Seat 6: sieupeaici (big blind) mucked [6s Td]
Seat 7: Dorex2007 folded before Flop (didn't bet)
Seat 8: Jappy0310 folded before Flop (didn't bet)
Seat 9: WARRENtheSAP folded before Flop (didn't bet)



PokerStars Hand #234771876056:  Hold'em No Limit ($0.01/$0.02 USD) - 2022/03/13 13:03:42 PT [2022/03/13 16:03:42 ET]
Table 'Troilus II' 9-max Seat #5 is the button
Seat 1: Slaventzzz ($3.18 in chips) 
Seat 2: valera_22026 ($2.15 in chips) 
Seat 3: Skatinghead7 ($1.87 in chips) 
Seat 4: Piep45 ($2.12 in chips) 
Seat 5: denizlokooo ($2.56 in chips) 
Seat 6: sieupeaici ($7.75 in chips) 
Seat 7: Dorex2007 ($2.01 in chips) 
Seat 8: Jappy0310 ($1.12 in chips) 
Seat 9: WARRENtheSAP ($2.32 in chips) 
sieupeaici: posts small blind $0.01
Dorex2007: posts big blind $0.02
*** HOLE CARDS ***
Dealt to Dorex2007 [Qs 6c]
Jappy0310: calls $0.02
WARRENtheSAP: folds 
Slaventzzz: folds 
valera_22026: folds 
Skatinghead7: folds 
Piep45: folds 
denizlokooo: folds 
sieupeaici: folds 
Dorex2007: checks 
*** FLOP *** [4s Ad Ts]
Dorex2007: checks 
Jappy0310: checks 
*** TURN *** [4s Ad Ts] [9h]
Dorex2007: checks 
Jappy0310: checks 
*** RIVER *** [4s Ad Ts 9h] [Qc]
Dorex2007: checks 
Jappy0310: checks 
*** SHOW DOWN ***
Dorex2007: shows [Qs 6c] (a pair of Queens)
Jappy0310: mucks hand 
Dorex2007 collected $0.05 from pot
*** SUMMARY ***
Total pot $0.05 | Rake $0 
Board [4s Ad Ts 9h Qc]
Seat 1: Slaventzzz folded before Flop (didn't bet)
Seat 2: valera_22026 folded before Flop (didn't bet)
Seat 3: Skatinghead7 folded before Flop (didn't bet)
Seat 4: Piep45 folded before Flop (didn't bet)
Seat 5: denizlokooo (button) folded before Flop (didn't bet)
Seat 6: sieupeaici (small blind) folded before Flop
Seat 7: Dorex2007 (big blind) showed [Qs 6c] and won ($0.05) with a pair of Queens
Seat 8: Jappy0310 mucked [6h 4h]
Seat 9: WARRENtheSAP folded before Flop (didn't bet)



PokerStars Hand #234771895225:  Hold'em No Limit ($0.01/$0.02 USD) - 2022/03/13 13:04:19 PT [2022/03/13 16:04:19 ET]
Table 'Troilus II' 9-max Seat #6 is the button
Seat 1: Slaventzzz ($3.18 in chips) 
Seat 2: valera_22026 ($2.15 in chips) 
Seat 3: Skatinghead7 ($1.87 in chips) 
Seat 4: Piep45 ($2.12 in chips) 
Seat 5: denizlokooo ($2.56 in chips) 
Seat 6: sieupeaici ($7.74 in chips) 
Seat 7: Dorex2007 ($2.04 in chips) 
Seat 8: Jappy0310 ($1.10 in chips) 
Seat 9: WARRENtheSAP ($2.32 in chips) 
Dorex2007: posts small blind $0.01
Jappy0310: posts big blind $0.02
*** HOLE CARDS ***
Dealt to Dorex2007 [2d 3c]
WARRENtheSAP: folds 
Slaventzzz: folds 
valera_22026: folds 
Skatinghead7: calls $0.02
Piep45: calls $0.02
denizlokooo: folds 
sieupeaici: raises $0.04 to $0.06
Dorex2007: folds 
Jappy0310: folds 
Skatinghead7: calls $0.04
Piep45: calls $0.04
*** FLOP *** [6h Kc 9s]
Skatinghead7: checks 
Piep45: bets $0.02
sieupeaici: calls $0.02
Skatinghead7: calls $0.02
*** TURN *** [6h Kc 9s] [Kd]
Skatinghead7: checks 
Piep45: bets $0.04
sieupeaici: calls $0.04
Skatinghead7: folds 
*** RIVER *** [6h Kc 9s Kd] [Kh]
Piep45: bets $0.04
sieupeaici: calls $0.04
*** SHOW DOWN ***
Piep45: shows [8s 8c] (a full house, Kings full of Eights)
sieupeaici: shows [Th 9h] (a full house, Kings full of Nines)
sieupeaici collected $0.41 from pot
*** SUMMARY ***
Total pot $0.43 | Rake $0.02 
Board [6h Kc 9s Kd Kh]
Seat 1: Slaventzzz folded before Flop (didn't bet)
Seat 2: valera_22026 folded before Flop (didn't bet)
Seat 3: Skatinghead7 folded on the Turn
Seat 4: Piep45 showed [8s 8c] and lost with a full house, Kings full of Eights
Seat 5: denizlokooo folded before Flop (didn't bet)
Seat 6: sieupeaici (button) showed [Th 9h] and won ($0.41) with a full house, Kings full of Nines
Seat 7: Dorex2007 (small blind) folded before Flop
Seat 8: Jappy0310 (big blind) folded before Flop
Seat 9: WARRENtheSAP folded before Flop (didn't bet)



PokerStars Hand #234771926379:  Hold'em No Limit ($0.01/$0.02 USD) - 2022/03/13 13:05:17 PT [2022/03/13 16:05:17 ET]
Table 'Troilus II' 9-max Seat #7 is the button
Seat 1: Slaventzzz ($3.18 in chips) 
Seat 2: valera_22026 ($2.15 in chips) 
Seat 3: Skatinghead7 ($1.79 in chips) 
Seat 4: Piep45 ($1.96 in chips) 
Seat 5: denizlokooo ($2.56 in chips) 
Seat 6: sieupeaici ($7.99 in chips) 
Seat 7: Dorex2007 ($2.03 in chips) 
Seat 8: Jappy0310 ($1.08 in chips) 
Seat 9: WARRENtheSAP ($2.32 in chips) 
Jappy0310: posts small blind $0.01
WARRENtheSAP: posts big blind $0.02
*** HOLE CARDS ***
Dealt to Dorex2007 [7h 4s]
Slaventzzz: folds 
valera_22026: folds 
Skatinghead7: folds 
Piep45: folds 
denizlokooo: folds 
sieupeaici: raises $0.04 to $0.06
Dorex2007: folds 
Jappy0310: folds 
WARRENtheSAP: calls $0.04
*** FLOP *** [3h Qc 5c]
WARRENtheSAP: checks 
sieupeaici: bets $0.06
WARRENtheSAP: calls $0.06
*** TURN *** [3h Qc 5c] [4h]
WARRENtheSAP: checks 
sieupeaici: bets $0.06
WARRENtheSAP: calls $0.06
*** RIVER *** [3h Qc 5c 4h] [Ks]
WARRENtheSAP: checks 
sieupeaici: checks 
*** SHOW DOWN ***
WARRENtheSAP: shows [Ad Kc] (a pair of Kings)
sieupeaici: mucks hand 
WARRENtheSAP collected $0.36 from pot
*** SUMMARY ***
Total pot $0.37 | Rake $0.01 
Board [3h Qc 5c 4h Ks]
Seat 1: Slaventzzz folded before Flop (didn't bet)
Seat 2: valera_22026 folded before Flop (didn't bet)
Seat 3: Skatinghead7 folded before Flop (didn't bet)
Seat 4: Piep45 folded before Flop (didn't bet)
Seat 5: denizlokooo folded before Flop (didn't bet)
Seat 6: sieupeaici mucked [5d 8d]
Seat 7: Dorex2007 (button) folded before Flop (didn't bet)
Seat 8: Jappy0310 (small blind) folded before Flop
Seat 9: WARRENtheSAP (big blind) showed [Ad Kc] and won ($0.36) with a pair of Kings



PokerStars Hand #234771953197:  Hold'em No Limit ($0.01/$0.02 USD) - 2022/03/13 13:06:07 PT [2022/03/13 16:06:07 ET]
Table 'Troilus II' 9-max Seat #8 is the button
Seat 1: Slaventzzz ($3.18 in chips) 
Seat 2: valera_22026 ($2.15 in chips) 
Seat 3: Skatinghead7 ($1.79 in chips) 
Seat 4: Piep45 ($1.96 in chips) 
Seat 5: denizlokooo ($2.56 in chips) 
Seat 6: sieupeaici ($7.81 in chips) 
Seat 7: Dorex2007 ($2.03 in chips) 
Seat 8: Jappy0310 ($1.07 in chips) 
Seat 9: WARRENtheSAP ($2.50 in chips) 
WARRENtheSAP: posts small blind $0.01
Slaventzzz: posts big blind $0.02
*** HOLE CARDS ***
Dealt to Dorex2007 [Ks Jh]
valera_22026: folds 
Skatinghead7: calls $0.02
Piep45: folds 
denizlokooo: folds 
sieupeaici: folds 
Dorex2007: calls $0.02
Jappy0310: calls $0.02
WARRENtheSAP: calls $0.01
Slaventzzz: checks 
*** FLOP *** [8h 5h 2h]
WARRENtheSAP: checks 
Slaventzzz: checks 
Skatinghead7: checks 
Dorex2007: checks 
Jappy0310: checks 
*** TURN *** [8h 5h 2h] [3s]
WARRENtheSAP: checks 
Slaventzzz: checks 
Skatinghead7: checks 
Dorex2007: checks 
Jappy0310: checks 
*** RIVER *** [8h 5h 2h 3s] [2s]
WARRENtheSAP: checks 
Slaventzzz: bets $0.05
Skatinghead7: folds 
Dorex2007: folds 
Jappy0310: raises $0.09 to $0.14
WARRENtheSAP: folds 
Slaventzzz: calls $0.09
*** SHOW DOWN ***
Jappy0310: shows [Qh 9h] (a flush, Queen high)
Slaventzzz: mucks hand 
Jappy0310 collected $0.37 from pot
*** SUMMARY ***
Total pot $0.38 | Rake $0.01 
Board [8h 5h 2h 3s 2s]
Seat 1: Slaventzzz (big blind) mucked [2d Kc]
Seat 2: valera_22026 folded before Flop (didn't bet)
Seat 3: Skatinghead7 folded on the River
Seat 4: Piep45 folded before Flop (didn't bet)
Seat 5: denizlokooo folded before Flop (didn't bet)
Seat 6: sieupeaici folded before Flop (didn't bet)
Seat 7: Dorex2007 folded on the River
Seat 8: Jappy0310 (button) showed [Qh 9h] and won ($0.37) with a flush, Queen high
Seat 9: WARRENtheSAP (small blind) folded on the River



