PokerStars Hand #227324547037:  Hold'em No Limit ($0.01/$0.02 USD) - 2021/06/04 12:50:23 PT [2021/06/04 15:50:23 ET]
Table 'Beatrix' 9-max Seat #1 is the button
Seat 1: cacho472 ($2.11 in chips) 
Seat 3: max507off ($2.52 in chips) 
Seat 4: Dorex2007 ($2 in chips) 
Seat 5: stupidguy999 ($2.70 in chips) 
Seat 6: kolua122 ($3.92 in chips) 
Seat 7: AlSaVic ($1.62 in chips) 
Seat 8: BrutaL4!K ($1.88 in chips) 
Seat 9: pokereule754 ($2 in chips) 
max507off: posts small blind $0.01
Dorex2007: posts big blind $0.02
*** HOLE CARDS ***
Dealt to Dorex2007 [9h Qs]
stupidguy999: folds 
stupidguy999 leaves the table
kolua122: raises $0.04 to $0.06
AlSaVic: raises $0.14 to $0.20
BrutaL4!K: folds 
pokereule754: folds 
cacho472: folds 
max507off: folds 
Dorex2007: folds 
kolua122: calls $0.14
*** FLOP *** [4s 8d 6s]
kolua122: checks 
AlSaVic: bets $1.42 and is all-in
kolua122: calls $1.42
*** TURN *** [4s 8d 6s] [3c]
*** RIVER *** [4s 8d 6s 3c] [9s]
*** SHOW DOWN ***
kolua122: shows [Jc 8c] (a pair of Eights)
AlSaVic: shows [Ah Kh] (high card Ace)
kolua122 collected $3.16 from pot
*** SUMMARY ***
Total pot $3.27 | Rake $0.11 
Board [4s 8d 6s 3c 9s]
Seat 1: cacho472 (button) folded before Flop (didn't bet)
Seat 3: max507off (small blind) folded before Flop
Seat 4: Dorex2007 (big blind) folded before Flop
Seat 5: stupidguy999 folded before Flop (didn't bet)
Seat 6: kolua122 showed [Jc 8c] and won ($3.16) with a pair of Eights
Seat 7: AlSaVic showed [Ah Kh] and lost with high card Ace
Seat 8: BrutaL4!K folded before Flop (didn't bet)
Seat 9: pokereule754 folded before Flop (didn't bet)



PokerStars Hand #227324575817:  Hold'em No Limit ($0.01/$0.02 USD) - 2021/06/04 12:51:19 PT [2021/06/04 15:51:19 ET]
Table 'Beatrix' 9-max Seat #3 is the button
Seat 1: cacho472 ($2.11 in chips) 
Seat 2: PotterHeid ($2 in chips) 
Seat 3: max507off ($2.51 in chips) 
Seat 4: Dorex2007 ($1.98 in chips) 
Seat 6: kolua122 ($5.46 in chips) 
Seat 8: BrutaL4!K ($1.88 in chips) 
Seat 9: pokereule754 ($2 in chips) 
Dorex2007: posts small blind $0.01
kolua122: posts big blind $0.02
PotterHeid: posts big blind $0.02
*** HOLE CARDS ***
Dealt to Dorex2007 [Qd Kh]
BrutaL4!K: folds 
pokereule754: folds 
cacho472: raises $0.04 to $0.06
PotterHeid: folds 
sanw77 joins the table at seat #5 
max507off: folds 
Dorex2007: calls $0.05
kolua122: folds 
*** FLOP *** [5h 3d 2s]
Dorex2007: checks 
cacho472: bets $0.06
Dorex2007: calls $0.06
*** TURN *** [5h 3d 2s] [7s]
Dorex2007: checks 
cacho472: bets $0.10
Dorex2007: folds 
Uncalled bet ($0.10) returned to cacho472
cacho472 collected $0.27 from pot
*** SUMMARY ***
Total pot $0.28 | Rake $0.01 
Board [5h 3d 2s 7s]
Seat 1: cacho472 collected ($0.27)
Seat 2: PotterHeid folded before Flop (didn't bet)
Seat 3: max507off (button) folded before Flop (didn't bet)
Seat 4: Dorex2007 (small blind) folded on the Turn
Seat 6: kolua122 (big blind) folded before Flop
Seat 8: BrutaL4!K folded before Flop (didn't bet)
Seat 9: pokereule754 folded before Flop (didn't bet)



PokerStars Hand #227324600870:  Hold'em No Limit ($0.01/$0.02 USD) - 2021/06/04 12:52:08 PT [2021/06/04 15:52:08 ET]
Table 'Beatrix' 9-max Seat #4 is the button
Seat 1: cacho472 ($2.26 in chips) 
Seat 2: PotterHeid ($1.98 in chips) 
Seat 3: max507off ($2.51 in chips) 
Seat 4: Dorex2007 ($1.86 in chips) 
Seat 6: kolua122 ($5.44 in chips) 
Seat 7: AlSaVic ($2 in chips) 
Seat 8: BrutaL4!K ($1.88 in chips) 
Seat 9: pokereule754 ($2 in chips) 
kolua122: posts small blind $0.01
AlSaVic: posts big blind $0.02
*** HOLE CARDS ***
Dealt to Dorex2007 [Kh 9c]
BrutaL4!K: raises $0.17 to $0.19
pokereule754: folds 
cacho472: folds 
PotterHeid: folds 
max507off: folds 
Dorex2007: folds 
kolua122: folds 
AlSaVic: folds 
Uncalled bet ($0.17) returned to BrutaL4!K
BrutaL4!K collected $0.05 from pot
BrutaL4!K: doesn't show hand 
*** SUMMARY ***
Total pot $0.05 | Rake $0 
Seat 1: cacho472 folded before Flop (didn't bet)
Seat 2: PotterHeid folded before Flop (didn't bet)
Seat 3: max507off folded before Flop (didn't bet)
Seat 4: Dorex2007 (button) folded before Flop (didn't bet)
Seat 6: kolua122 (small blind) folded before Flop
Seat 7: AlSaVic (big blind) folded before Flop
Seat 8: BrutaL4!K collected ($0.05)
Seat 9: pokereule754 folded before Flop (didn't bet)



PokerStars Hand #227324612076:  Hold'em No Limit ($0.01/$0.02 USD) - 2021/06/04 12:52:30 PT [2021/06/04 15:52:30 ET]
Table 'Beatrix' 9-max Seat #6 is the button
Seat 1: cacho472 ($2.26 in chips) 
Seat 2: PotterHeid ($1.98 in chips) 
Seat 3: max507off ($2.51 in chips) 
Seat 4: Dorex2007 ($1.86 in chips) 
Seat 5: sanw77 ($1.68 in chips) 
Seat 6: kolua122 ($5.43 in chips) 
Seat 7: AlSaVic ($1.98 in chips) 
Seat 8: BrutaL4!K ($1.91 in chips) 
Seat 9: pokereule754 ($2 in chips) 
AlSaVic: posts small blind $0.01
BrutaL4!K: posts big blind $0.02
sanw77: posts big blind $0.02
*** HOLE CARDS ***
Dealt to Dorex2007 [6d 5d]
pokereule754 has timed out
pokereule754: folds 
cacho472: folds 
PotterHeid: folds 
max507off: folds 
Dorex2007: calls $0.02
sanw77: checks 
kolua122: folds 
AlSaVic: calls $0.01
BrutaL4!K: checks 
*** FLOP *** [4s 6h 3d]
AlSaVic: bets $0.02
BrutaL4!K: calls $0.02
Dorex2007: raises $0.08 to $0.10
sanw77: calls $0.10
AlSaVic: calls $0.08
BrutaL4!K: calls $0.08
*** TURN *** [4s 6h 3d] [9c]
AlSaVic: checks 
BrutaL4!K: checks 
Dorex2007: bets $0.46
sanw77: calls $0.46
AlSaVic: folds 
BrutaL4!K: folds 
*** RIVER *** [4s 6h 3d 9c] [2c]
Dorex2007: bets $1.28 and is all-in
sanw77: calls $1.10 and is all-in
Uncalled bet ($0.18) returned to Dorex2007
*** SHOW DOWN ***
Dorex2007: shows [6d 5d] (a straight, Deuce to Six)
sanw77: shows [9s Kh] (a pair of Nines)
Dorex2007 collected $3.47 from pot
*** SUMMARY ***
Total pot $3.60 | Rake $0.13 
Board [4s 6h 3d 9c 2c]
Seat 1: cacho472 folded before Flop (didn't bet)
Seat 2: PotterHeid folded before Flop (didn't bet)
Seat 3: max507off folded before Flop (didn't bet)
Seat 4: Dorex2007 showed [6d 5d] and won ($3.47) with a straight, Deuce to Six
Seat 5: sanw77 showed [9s Kh] and lost with a pair of Nines
Seat 6: kolua122 (button) folded before Flop (didn't bet)
Seat 7: AlSaVic (small blind) folded on the Turn
Seat 8: BrutaL4!K (big blind) folded on the Turn
Seat 9: pokereule754 folded before Flop (didn't bet)



PokerStars Hand #227324645721:  Hold'em No Limit ($0.01/$0.02 USD) - 2021/06/04 12:53:35 PT [2021/06/04 15:53:35 ET]
Table 'Beatrix' 9-max Seat #7 is the button
Seat 1: cacho472 ($2.26 in chips) 
Seat 2: PotterHeid ($1.98 in chips) 
Seat 3: max507off ($2.51 in chips) 
Seat 4: Dorex2007 ($3.65 in chips) 
Seat 6: kolua122 ($5.43 in chips) 
Seat 7: AlSaVic ($1.86 in chips) 
Seat 8: BrutaL4!K ($1.79 in chips) 
Seat 9: pokereule754 ($2 in chips) 
BrutaL4!K: posts small blind $0.01
pokereule754: posts big blind $0.02
*** HOLE CARDS ***
Dealt to Dorex2007 [3d Kc]
cacho472: raises $0.02 to $0.04
PotterHeid: calls $0.04
max507off: raises $0.16 to $0.20
Dorex2007: folds 
kolua122: folds 
sanw77 said, "nh"
AlSaVic: calls $0.20
BrutaL4!K: folds 
pokereule754: folds 
cacho472: folds 
PotterHeid: calls $0.16
*** FLOP *** [2s 5d 4s]
BrutaL4!K leaves the table
PotterHeid: bets $0.33
akarmara joins the table at seat #8 
max507off: folds 
AlSaVic: folds 
Uncalled bet ($0.33) returned to PotterHeid
PotterHeid collected $0.65 from pot
*** SUMMARY ***
Total pot $0.67 | Rake $0.02 
Board [2s 5d 4s]
Seat 1: cacho472 folded before Flop
Seat 2: PotterHeid collected ($0.65)
Seat 3: max507off folded on the Flop
Seat 4: Dorex2007 folded before Flop (didn't bet)
Seat 6: kolua122 folded before Flop (didn't bet)
Seat 7: AlSaVic (button) folded on the Flop
Seat 8: BrutaL4!K (small blind) folded before Flop
Seat 9: pokereule754 (big blind) folded before Flop



PokerStars Hand #227324681684:  Hold'em No Limit ($0.01/$0.02 USD) - 2021/06/04 12:54:45 PT [2021/06/04 15:54:45 ET]
Table 'Beatrix' 9-max Seat #9 is the button
Seat 1: cacho472 ($2.22 in chips) 
Seat 2: PotterHeid ($2.43 in chips) 
Seat 3: max507off ($2.31 in chips) 
Seat 4: Dorex2007 ($3.65 in chips) 
Seat 5: sanw77 ($2 in chips) 
Seat 6: kolua122 ($5.43 in chips) 
Seat 7: AlSaVic ($1.66 in chips) 
Seat 9: pokereule754 ($2 in chips) 
cacho472: posts small blind $0.01
PotterHeid: posts big blind $0.02
akarmara: sits out 
*** HOLE CARDS ***
Dealt to Dorex2007 [Js Ad]
max507off: folds 
Dorex2007: raises $0.02 to $0.04
sanw77: calls $0.04
kolua122: calls $0.04
AlSaVic: calls $0.04
pokereule754: folds 
cacho472: calls $0.03
PotterHeid: calls $0.02
*** FLOP *** [2h 9s 9h]
cacho472: checks 
PotterHeid: checks 
Dorex2007: checks 
sanw77: bets $0.12
kolua122: folds 
AlSaVic: folds 
cacho472: folds 
PotterHeid: calls $0.12
Dorex2007: folds 
*** TURN *** [2h 9s 9h] [8d]
PotterHeid: bets $0.23
sanw77: calls $0.23
*** RIVER *** [2h 9s 9h 8d] [Kd]
PotterHeid: checks 
sanw77: bets $0.46
PotterHeid: calls $0.46
*** SHOW DOWN ***
sanw77: shows [3d 3h] (two pair, Nines and Threes)
PotterHeid: shows [Th 9c] (three of a kind, Nines)
PotterHeid collected $1.79 from pot
*** SUMMARY ***
Total pot $1.86 | Rake $0.07 
Board [2h 9s 9h 8d Kd]
Seat 1: cacho472 (small blind) folded on the Flop
Seat 2: PotterHeid (big blind) showed [Th 9c] and won ($1.79) with three of a kind, Nines
Seat 3: max507off folded before Flop (didn't bet)
Seat 4: Dorex2007 folded on the Flop
Seat 5: sanw77 showed [3d 3h] and lost with two pair, Nines and Threes
Seat 6: kolua122 folded on the Flop
Seat 7: AlSaVic folded on the Flop
Seat 9: pokereule754 (button) folded before Flop (didn't bet)



PokerStars Hand #227324719697:  Hold'em No Limit ($0.01/$0.02 USD) - 2021/06/04 12:56:19 PT [2021/06/04 15:56:19 ET]
Table 'Beatrix' 9-max Seat #1 is the button
Seat 1: cacho472 ($2.18 in chips) 
Seat 2: PotterHeid ($3.37 in chips) 
Seat 3: max507off ($2.31 in chips) 
Seat 4: Dorex2007 ($3.61 in chips) 
Seat 5: sanw77 ($1.15 in chips) 
Seat 6: kolua122 ($5.39 in chips) 
Seat 7: AlSaVic ($1.62 in chips) 
Seat 9: pokereule754 ($2 in chips) 
PotterHeid: posts small blind $0.01
max507off: posts big blind $0.02
akarmara: sits out 
*** HOLE CARDS ***
Dealt to Dorex2007 [Ah 8d]
Dorex2007: folds 
sanw77: calls $0.02
kolua122: folds 
AlSaVic: calls $0.02
pokereule754: folds 
cacho472: calls $0.02
PotterHeid: calls $0.01
max507off: checks 
*** FLOP *** [Kd 6s 6c]
PotterHeid: checks 
max507off: checks 
sanw77: checks 
AlSaVic: bets $0.02
cacho472: folds 
PotterHeid: folds 
max507off: folds 
sanw77: folds 
Uncalled bet ($0.02) returned to AlSaVic
AlSaVic collected $0.10 from pot
AlSaVic: doesn't show hand 
*** SUMMARY ***
Total pot $0.10 | Rake $0 
Board [Kd 6s 6c]
Seat 1: cacho472 (button) folded on the Flop
Seat 2: PotterHeid (small blind) folded on the Flop
Seat 3: max507off (big blind) folded on the Flop
Seat 4: Dorex2007 folded before Flop (didn't bet)
Seat 5: sanw77 folded on the Flop
Seat 6: kolua122 folded before Flop (didn't bet)
Seat 7: AlSaVic collected ($0.10)
Seat 9: pokereule754 folded before Flop (didn't bet)



PokerStars Hand #227324742069:  Hold'em No Limit ($0.01/$0.02 USD) - 2021/06/04 12:57:19 PT [2021/06/04 15:57:19 ET]
Table 'Beatrix' 9-max Seat #2 is the button
Seat 1: cacho472 ($2.16 in chips) 
Seat 2: PotterHeid ($3.35 in chips) 
Seat 3: max507off ($2.29 in chips) 
Seat 4: Dorex2007 ($3.61 in chips) 
Seat 5: sanw77 ($1.13 in chips) 
Seat 7: AlSaVic ($1.70 in chips) 
Seat 9: pokereule754 ($2 in chips) 
max507off: posts small blind $0.01
Dorex2007: posts big blind $0.02
akarmara: sits out 
*** HOLE CARDS ***
Dealt to Dorex2007 [9c 7d]
sanw77: calls $0.02
AlSaVic: calls $0.02
pokereule754: folds 
cacho472: folds 
PotterHeid: calls $0.02
max507off: folds 
Dorex2007: checks 
*** FLOP *** [5h Ah Th]
Dorex2007: checks 
sanw77: bets $0.05
AlSaVic: calls $0.05
PotterHeid: folds 
Dorex2007: folds 
*** TURN *** [5h Ah Th] [Jd]
sanw77: bets $0.18
AlSaVic: calls $0.18
*** RIVER *** [5h Ah Th Jd] [7c]
sanw77: bets $0.53
AlSaVic: raises $0.92 to $1.45 and is all-in
sanw77: calls $0.35 and is all-in
Uncalled bet ($0.57) returned to AlSaVic
*** SHOW DOWN ***
AlSaVic: shows [Td 7s] (two pair, Tens and Sevens)
sanw77: shows [5s 5c] (three of a kind, Fives)
sanw77 collected $2.23 from pot
*** SUMMARY ***
Total pot $2.31 | Rake $0.08 
Board [5h Ah Th Jd 7c]
Seat 1: cacho472 folded before Flop (didn't bet)
Seat 2: PotterHeid (button) folded on the Flop
Seat 3: max507off (small blind) folded before Flop
Seat 4: Dorex2007 (big blind) folded on the Flop
Seat 5: sanw77 showed [5s 5c] and won ($2.23) with three of a kind, Fives
Seat 7: AlSaVic showed [Td 7s] and lost with two pair, Tens and Sevens
Seat 9: pokereule754 folded before Flop (didn't bet)



PokerStars Hand #227324767952:  Hold'em No Limit ($0.01/$0.02 USD) - 2021/06/04 12:58:27 PT [2021/06/04 15:58:27 ET]
Table 'Beatrix' 9-max Seat #3 is the button
Seat 1: cacho472 ($2.16 in chips) 
Seat 2: PotterHeid ($3.33 in chips) 
Seat 3: max507off ($2.28 in chips) 
Seat 4: Dorex2007 ($3.59 in chips) 
Seat 5: sanw77 ($2.23 in chips) 
Seat 7: AlSaVic ($0.57 in chips) 
Seat 9: pokereule754 ($2 in chips) 
Dorex2007: posts small blind $0.01
sanw77: posts big blind $0.02
akarmara: sits out 
*** HOLE CARDS ***
Dealt to Dorex2007 [Tc Ts]
AlSaVic: raises $0.55 to $0.57 and is all-in
pokereule754: folds 
cacho472: folds 
PotterHeid: folds 
max507off: folds 
Dorex2007: folds 
sanw77: folds 
Uncalled bet ($0.55) returned to AlSaVic
AlSaVic collected $0.05 from pot
AlSaVic: doesn't show hand 
*** SUMMARY ***
Total pot $0.05 | Rake $0 
Seat 1: cacho472 folded before Flop (didn't bet)
Seat 2: PotterHeid folded before Flop (didn't bet)
Seat 3: max507off (button) folded before Flop (didn't bet)
Seat 4: Dorex2007 (small blind) folded before Flop
Seat 5: sanw77 (big blind) folded before Flop
Seat 7: AlSaVic collected ($0.05)
Seat 9: pokereule754 folded before Flop (didn't bet)



PokerStars Hand #227324777944:  Hold'em No Limit ($0.01/$0.02 USD) - 2021/06/04 12:58:54 PT [2021/06/04 15:58:54 ET]
Table 'Beatrix' 9-max Seat #4 is the button
Seat 1: cacho472 ($2.16 in chips) 
Seat 2: PotterHeid ($3.33 in chips) 
Seat 3: max507off ($2.28 in chips) 
Seat 4: Dorex2007 ($3.58 in chips) 
Seat 5: sanw77 ($2.21 in chips) 
Seat 7: AlSaVic ($0.60 in chips) 
Seat 9: pokereule754 ($2 in chips) 
sanw77: posts small blind $0.01
AlSaVic: posts big blind $0.02
akarmara: sits out 
*** HOLE CARDS ***
Dealt to Dorex2007 [3d 9s]
pokereule754: folds 
cacho472: folds 
PotterHeid: folds 
max507off: folds 
Dorex2007: folds 
sanw77: folds 
Uncalled bet ($0.01) returned to AlSaVic
AlSaVic collected $0.02 from pot
AlSaVic: doesn't show hand 
*** SUMMARY ***
Total pot $0.02 | Rake $0 
Seat 1: cacho472 folded before Flop (didn't bet)
Seat 2: PotterHeid folded before Flop (didn't bet)
Seat 3: max507off folded before Flop (didn't bet)
Seat 4: Dorex2007 (button) folded before Flop (didn't bet)
Seat 5: sanw77 (small blind) folded before Flop
Seat 7: AlSaVic (big blind) collected ($0.02)
Seat 9: pokereule754 folded before Flop (didn't bet)



PokerStars Hand #227324781479:  Hold'em No Limit ($0.01/$0.02 USD) - 2021/06/04 12:59:04 PT [2021/06/04 15:59:04 ET]
Table 'Beatrix' 9-max Seat #5 is the button
Seat 1: cacho472 ($2.16 in chips) 
Seat 2: PotterHeid ($3.33 in chips) 
Seat 3: max507off ($2.28 in chips) 
Seat 4: Dorex2007 ($3.58 in chips) 
Seat 5: sanw77 ($2.20 in chips) 
Seat 7: AlSaVic ($0.61 in chips) 
Seat 8: akarmara ($2 in chips) 
Seat 9: pokereule754 ($2 in chips) 
AlSaVic: posts small blind $0.01
akarmara: posts big blind $0.02
*** HOLE CARDS ***
Dealt to Dorex2007 [3s Td]
pokereule754: folds 
cacho472: raises $0.02 to $0.04
PotterHeid: folds 
max507off: folds 
Dorex2007: folds 
sanw77: calls $0.04
AlSaVic: calls $0.03
akarmara: calls $0.02
*** FLOP *** [4d 9d Qh]
AlSaVic: checks 
akarmara: checks 
cacho472: bets $0.02
sanw77: calls $0.02
AlSaVic: folds 
akarmara: calls $0.02
*** TURN *** [4d 9d Qh] [4s]
akarmara: checks 
max507off leaves the table
cacho472: bets $0.21
sanw77: folds 
akarmara: calls $0.21
*** RIVER *** [4d 9d Qh 4s] [8d]
akarmara: checks 
cacho472: checks 
*** SHOW DOWN ***
akarmara: shows [Tc Jc] (a straight, Eight to Queen)
cacho472: mucks hand 
akarmara collected $0.62 from pot
*** SUMMARY ***
Total pot $0.64 | Rake $0.02 
Board [4d 9d Qh 4s 8d]
Seat 1: cacho472 mucked [Ad 6s]
Seat 2: PotterHeid folded before Flop (didn't bet)
Seat 3: max507off folded before Flop (didn't bet)
Seat 4: Dorex2007 folded before Flop (didn't bet)
Seat 5: sanw77 (button) folded on the Turn
Seat 7: AlSaVic (small blind) folded on the Flop
Seat 8: akarmara (big blind) showed [Tc Jc] and won ($0.62) with a straight, Eight to Queen
Seat 9: pokereule754 folded before Flop (didn't bet)



PokerStars Hand #227324824361:  Hold'em No Limit ($0.01/$0.02 USD) - 2021/06/04 13:00:52 PT [2021/06/04 16:00:52 ET]
Table 'Beatrix' 9-max Seat #8 is the button
Seat 2: PotterHeid ($3.29 in chips) 
Seat 4: Dorex2007 ($3.58 in chips) 
Seat 5: sanw77 ($2.14 in chips) 
Seat 6: kolua122 ($5.49 in chips) 
Seat 7: AlSaVic ($0.53 in chips) 
Seat 8: akarmara ($2.34 in chips) 
Seat 9: pokereule754 ($2 in chips) 
pokereule754: posts small blind $0.01
PotterHeid: posts big blind $0.02
ClassCley: sits out 
*** HOLE CARDS ***
Dealt to Dorex2007 [7s 8c]
Dorex2007: folds 
sanw77: calls $0.02
kolua122: folds 
AlSaVic: folds 
akarmara: folds 
Vjuk87 joins the table at seat #1 
pokereule754: calls $0.01
PotterHeid: checks 
*** FLOP *** [7h Td Ad]
pokereule754: checks 
PotterHeid: checks 
sanw77: checks 
*** TURN *** [7h Td Ad] [3d]
pokereule754: checks 
PotterHeid: bets $0.02
sanw77: calls $0.02
pokereule754: folds 
*** RIVER *** [7h Td Ad 3d] [Qd]
PotterHeid: bets $0.05
sanw77: folds 
Uncalled bet ($0.05) returned to PotterHeid
PotterHeid collected $0.10 from pot
*** SUMMARY ***
Total pot $0.10 | Rake $0 
Board [7h Td Ad 3d Qd]
Seat 2: PotterHeid (big blind) collected ($0.10)
Seat 4: Dorex2007 folded before Flop (didn't bet)
Seat 5: sanw77 folded on the River
Seat 6: kolua122 folded before Flop (didn't bet)
Seat 7: AlSaVic folded before Flop (didn't bet)
Seat 8: akarmara (button) folded before Flop (didn't bet)
Seat 9: pokereule754 (small blind) folded on the Turn



PokerStars Hand #227324848031:  Hold'em No Limit ($0.01/$0.02 USD) - 2021/06/04 13:01:43 PT [2021/06/04 16:01:43 ET]
Table 'Beatrix' 9-max Seat #9 is the button
Seat 2: PotterHeid ($3.35 in chips) 
Seat 3: ClassCley ($0.80 in chips) 
Seat 4: Dorex2007 ($3.58 in chips) 
Seat 5: sanw77 ($2.10 in chips) 
Seat 6: kolua122 ($5.49 in chips) 
Seat 7: AlSaVic ($0.53 in chips) 
Seat 8: akarmara ($2.34 in chips) 
Seat 9: pokereule754 ($2 in chips) 
PotterHeid: posts small blind $0.01
ClassCley: posts big blind $0.02
*** HOLE CARDS ***
Dealt to Dorex2007 [6d Js]
Dorex2007: folds 
sanw77 has timed out
sanw77: folds 
kolua122: raises $0.05 to $0.07
AlSaVic: calls $0.07
akarmara: folds 
pokereule754: folds 
PotterHeid: folds 
ClassCley: folds 
*** FLOP *** [3c 7c Ad]
kolua122: checks 
AlSaVic: checks 
*** TURN *** [3c 7c Ad] [Qh]
kolua122: bets $0.16
AlSaVic: calls $0.16
*** RIVER *** [3c 7c Ad Qh] [Ks]
kolua122: bets $0.47
AlSaVic: calls $0.30 and is all-in
Uncalled bet ($0.17) returned to kolua122
*** SHOW DOWN ***
kolua122: shows [Jh Th] (a straight, Ten to Ace)
AlSaVic: shows [2d Ac] (a pair of Aces)
kolua122 collected $1.05 from pot
*** SUMMARY ***
Total pot $1.09 | Rake $0.04 
Board [3c 7c Ad Qh Ks]
Seat 2: PotterHeid (small blind) folded before Flop
Seat 3: ClassCley (big blind) folded before Flop
Seat 4: Dorex2007 folded before Flop (didn't bet)
Seat 5: sanw77 folded before Flop (didn't bet)
Seat 6: kolua122 showed [Jh Th] and won ($1.05) with a straight, Ten to Ace
Seat 7: AlSaVic showed [2d Ac] and lost with a pair of Aces
Seat 8: akarmara folded before Flop (didn't bet)
Seat 9: pokereule754 (button) folded before Flop (didn't bet)



PokerStars Hand #227324877191:  Hold'em No Limit ($0.01/$0.02 USD) - 2021/06/04 13:02:40 PT [2021/06/04 16:02:40 ET]
Table 'Beatrix' 9-max Seat #2 is the button
Seat 2: PotterHeid ($3.34 in chips) 
Seat 3: ClassCley ($0.80 in chips) 
Seat 4: Dorex2007 ($3.58 in chips) 
Seat 6: kolua122 ($6.01 in chips) 
Seat 8: akarmara ($2.34 in chips) 
Seat 9: pokereule754 ($2 in chips) 
ClassCley: posts small blind $0.01
Dorex2007: posts big blind $0.02
Vjuk87: sits out 
*** HOLE CARDS ***
Dealt to Dorex2007 [Th 2c]
kolua122: raises $0.02 to $0.04
akarmara: folds 
pokereule754: folds 
AlSaVic leaves the table
PotterHeid: folds 
ClassCley: folds 
Dorex2007: folds 
Uncalled bet ($0.02) returned to kolua122
kolua122 collected $0.05 from pot
kolua122: doesn't show hand 
*** SUMMARY ***
Total pot $0.05 | Rake $0 
Seat 2: PotterHeid (button) folded before Flop (didn't bet)
Seat 3: ClassCley (small blind) folded before Flop
Seat 4: Dorex2007 (big blind) folded before Flop
Seat 6: kolua122 collected ($0.05)
Seat 8: akarmara folded before Flop (didn't bet)
Seat 9: pokereule754 folded before Flop (didn't bet)



PokerStars Hand #227324883944:  Hold'em No Limit ($0.01/$0.02 USD) - 2021/06/04 13:02:54 PT [2021/06/04 16:02:54 ET]
Table 'Beatrix' 9-max Seat #3 is the button
Seat 2: PotterHeid ($3.34 in chips) 
Seat 3: ClassCley ($0.80 in chips) 
Seat 4: Dorex2007 ($3.56 in chips) 
Seat 6: kolua122 ($6.04 in chips) 
Seat 8: akarmara ($2.34 in chips) 
Seat 9: pokereule754 ($2 in chips) 
Dorex2007: posts small blind $0.01
kolua122: posts big blind $0.02
Vjuk87: sits out 
*** HOLE CARDS ***
Dealt to Dorex2007 [2h 4c]
akarmara: folds 
pokereule754: folds 
PotterHeid: raises $0.04 to $0.06
ClassCley: folds 
Dorex2007: folds 
kolua122: folds 
Uncalled bet ($0.04) returned to PotterHeid
PotterHeid collected $0.05 from pot
*** SUMMARY ***
Total pot $0.05 | Rake $0 
Seat 2: PotterHeid collected ($0.05)
Seat 3: ClassCley (button) folded before Flop (didn't bet)
Seat 4: Dorex2007 (small blind) folded before Flop
Seat 6: kolua122 (big blind) folded before Flop
Seat 8: akarmara folded before Flop (didn't bet)
Seat 9: pokereule754 folded before Flop (didn't bet)



PokerStars Hand #227324893762:  Hold'em No Limit ($0.01/$0.02 USD) - 2021/06/04 13:03:13 PT [2021/06/04 16:03:13 ET]
Table 'Beatrix' 9-max Seat #4 is the button
Seat 2: PotterHeid ($3.37 in chips) 
Seat 3: ClassCley ($0.80 in chips) 
Seat 4: Dorex2007 ($3.55 in chips) 
Seat 6: kolua122 ($6.02 in chips) 
Seat 8: akarmara ($2.34 in chips) 
Seat 9: pokereule754 ($2 in chips) 
kolua122: posts small blind $0.01
akarmara: posts big blind $0.02
Vjuk87: sits out 
*** HOLE CARDS ***
Dealt to Dorex2007 [Th 7c]
pokereule754: calls $0.02
PotterHeid: folds 
ClassCley: folds 
Dorex2007: folds 
kolua122: folds 
akarmara: checks 
*** FLOP *** [4c 4h Js]
akarmara: checks 
pokereule754: bets $0.03
akarmara: folds 
Uncalled bet ($0.03) returned to pokereule754
pokereule754 collected $0.05 from pot
pokereule754: doesn't show hand 
*** SUMMARY ***
Total pot $0.05 | Rake $0 
Board [4c 4h Js]
Seat 2: PotterHeid folded before Flop (didn't bet)
Seat 3: ClassCley folded before Flop (didn't bet)
Seat 4: Dorex2007 (button) folded before Flop (didn't bet)
Seat 6: kolua122 (small blind) folded before Flop
Seat 8: akarmara (big blind) folded on the Flop
Seat 9: pokereule754 collected ($0.05)



PokerStars Hand #227324906574:  Hold'em No Limit ($0.01/$0.02 USD) - 2021/06/04 13:03:38 PT [2021/06/04 16:03:38 ET]
Table 'Beatrix' 9-max Seat #6 is the button
Seat 2: PotterHeid ($3.37 in chips) 
Seat 3: ClassCley ($0.80 in chips) 
Seat 4: Dorex2007 ($3.55 in chips) 
Seat 6: kolua122 ($6.01 in chips) 
Seat 8: akarmara ($2.32 in chips) 
Seat 9: pokereule754 ($2.03 in chips) 
akarmara: posts small blind $0.01
pokereule754: posts big blind $0.02
Vjuk87: sits out 
*** HOLE CARDS ***
Dealt to Dorex2007 [7s 5h]
PotterHeid: folds 
ClassCley: folds 
Dorex2007: folds 
kolua122: raises $0.05 to $0.07
akarmara: folds 
pokereule754: folds 
Uncalled bet ($0.05) returned to kolua122
kolua122 collected $0.05 from pot
kolua122: doesn't show hand 
*** SUMMARY ***
Total pot $0.05 | Rake $0 
Seat 2: PotterHeid folded before Flop (didn't bet)
Seat 3: ClassCley folded before Flop (didn't bet)
Seat 4: Dorex2007 folded before Flop (didn't bet)
Seat 6: kolua122 (button) collected ($0.05)
Seat 8: akarmara (small blind) folded before Flop
Seat 9: pokereule754 (big blind) folded before Flop



PokerStars Hand #227324914068:  Hold'em No Limit ($0.01/$0.02 USD) - 2021/06/04 13:03:53 PT [2021/06/04 16:03:53 ET]
Table 'Beatrix' 9-max Seat #8 is the button
Seat 1: Vjuk87 ($1 in chips) 
Seat 2: PotterHeid ($3.37 in chips) 
Seat 3: ClassCley ($0.80 in chips) 
Seat 4: Dorex2007 ($3.55 in chips) 
Seat 6: kolua122 ($6.04 in chips) 
Seat 8: akarmara ($2.31 in chips) 
Seat 9: pokereule754 ($2.01 in chips) 
pokereule754: posts small blind $0.01
Vjuk87: posts big blind $0.02
*** HOLE CARDS ***
Dealt to Dorex2007 [6h 8h]
grituc joins the table at seat #7 
PotterHeid: folds 
ClassCley: folds 
Dorex2007: folds 
kolua122: raises $0.05 to $0.07
akarmara: folds 
pokereule754: calls $0.06
Vjuk87: folds 
*** FLOP *** [8s 5d Ah]
pokereule754: checks 
kolua122: checks 
*** TURN *** [8s 5d Ah] [7h]
pokereule754: checks 
kolua122: checks 
*** RIVER *** [8s 5d Ah 7h] [Ks]
pokereule754: checks 
kolua122: checks 
*** SHOW DOWN ***
pokereule754: shows [Td Jd] (high card Ace)
kolua122: shows [Kd Tc] (a pair of Kings)
kolua122 collected $0.15 from pot
*** SUMMARY ***
Total pot $0.16 | Rake $0.01 
Board [8s 5d Ah 7h Ks]
Seat 1: Vjuk87 (big blind) folded before Flop
Seat 2: PotterHeid folded before Flop (didn't bet)
Seat 3: ClassCley folded before Flop (didn't bet)
Seat 4: Dorex2007 folded before Flop (didn't bet)
Seat 6: kolua122 showed [Kd Tc] and won ($0.15) with a pair of Kings
Seat 8: akarmara (button) folded before Flop (didn't bet)
Seat 9: pokereule754 (small blind) showed [Td Jd] and lost with high card Ace



PokerStars Hand #227324933347:  Hold'em No Limit ($0.01/$0.02 USD) - 2021/06/04 13:04:30 PT [2021/06/04 16:04:30 ET]
Table 'Beatrix' 9-max Seat #9 is the button
Seat 1: Vjuk87 ($0.98 in chips) 
Seat 2: PotterHeid ($3.37 in chips) 
Seat 3: ClassCley ($0.80 in chips) 
Seat 4: Dorex2007 ($3.55 in chips) 
Seat 6: kolua122 ($6.12 in chips) 
Seat 7: grituc ($0.80 in chips) 
Seat 8: akarmara ($2.31 in chips) 
Seat 9: pokereule754 ($2 in chips) 
Vjuk87: posts small blind $0.01
PotterHeid: posts big blind $0.02
grituc: posts big blind $0.02
*** HOLE CARDS ***
Dealt to Dorex2007 [3s 5c]
ClassCley: folds 
Dorex2007: folds 
kolua122: calls $0.02
grituc: checks 
akarmara: folds 
pokereule754: calls $0.02
Vjuk87: folds 
PotterHeid: checks 
*** FLOP *** [5d 4h Kc]
PotterHeid: checks 
kolua122: checks 
grituc: checks 
pokereule754: checks 
*** TURN *** [5d 4h Kc] [Js]
PotterHeid: bets $0.05
kolua122: calls $0.05
grituc: folds 
pokereule754: folds 
*** RIVER *** [5d 4h Kc Js] [As]
PotterHeid: bets $0.09
kolua122: calls $0.09
*** SHOW DOWN ***
PotterHeid: shows [4d Jh] (two pair, Jacks and Fours)
kolua122: mucks hand 
PotterHeid collected $0.36 from pot
*** SUMMARY ***
Total pot $0.37 | Rake $0.01 
Board [5d 4h Kc Js As]
Seat 1: Vjuk87 (small blind) folded before Flop
Seat 2: PotterHeid (big blind) showed [4d Jh] and won ($0.36) with two pair, Jacks and Fours
Seat 3: ClassCley folded before Flop (didn't bet)
Seat 4: Dorex2007 folded before Flop (didn't bet)
Seat 6: kolua122 mucked [Qc Jd]
Seat 7: grituc folded on the Turn (didn't bet)
Seat 8: akarmara folded before Flop (didn't bet)
Seat 9: pokereule754 (button) folded on the Turn



PokerStars Hand #227324956710:  Hold'em No Limit ($0.01/$0.02 USD) - 2021/06/04 13:05:15 PT [2021/06/04 16:05:15 ET]
Table 'Beatrix' 9-max Seat #1 is the button
Seat 1: Vjuk87 ($0.97 in chips) 
Seat 2: PotterHeid ($3.57 in chips) 
Seat 4: Dorex2007 ($3.55 in chips) 
Seat 6: kolua122 ($5.96 in chips) 
Seat 7: grituc ($0.78 in chips) 
Seat 8: akarmara ($2.31 in chips) 
Seat 9: pokereule754 ($2 in chips) 
PotterHeid: posts small blind $0.01
ClassCley: is sitting out 
Dorex2007: posts big blind $0.02
*** HOLE CARDS ***
Dealt to Dorex2007 [Jc 2d]
kolua122: raises $0.14 to $0.16
grituc: folds 
akarmara: folds 
pokereule754: folds 
Vjuk87: folds 
PotterHeid: folds 
Dorex2007: folds 
Uncalled bet ($0.14) returned to kolua122
kolua122 collected $0.05 from pot
kolua122: doesn't show hand 
*** SUMMARY ***
Total pot $0.05 | Rake $0 
Seat 1: Vjuk87 (button) folded before Flop (didn't bet)
Seat 2: PotterHeid (small blind) folded before Flop
Seat 4: Dorex2007 (big blind) folded before Flop
Seat 6: kolua122 collected ($0.05)
Seat 7: grituc folded before Flop (didn't bet)
Seat 8: akarmara folded before Flop (didn't bet)
Seat 9: pokereule754 folded before Flop (didn't bet)



PokerStars Hand #227324964212:  Hold'em No Limit ($0.01/$0.02 USD) - 2021/06/04 13:05:29 PT [2021/06/04 16:05:29 ET]
Table 'Beatrix' 9-max Seat #2 is the button
Seat 1: Vjuk87 ($0.97 in chips) 
Seat 2: PotterHeid ($3.56 in chips) 
Seat 4: Dorex2007 ($3.53 in chips) 
Seat 6: kolua122 ($5.99 in chips) 
Seat 7: grituc ($0.78 in chips) 
Seat 8: akarmara ($2.31 in chips) 
Seat 9: pokereule754 ($2 in chips) 
Dorex2007: posts small blind $0.01
kolua122: posts big blind $0.02
*** HOLE CARDS ***
Dealt to Dorex2007 [8c 4h]
grituc: raises $0.03 to $0.05
akarmara: folds 
pokereule754: calls $0.05
Vjuk87: folds 
PotterHeid: folds 
Dorex2007: folds 
kolua122: calls $0.03
*** FLOP *** [Ah 8h 4s]
kolua122: checks 
grituc: checks 
pokereule754: checks 
*** TURN *** [Ah 8h 4s] [9h]
kolua122: bets $0.15
grituc: folds 
pokereule754: calls $0.15
*** RIVER *** [Ah 8h 4s 9h] [3h]
kolua122: checks 
pokereule754: checks 
*** SHOW DOWN ***
kolua122: shows [9s 8d] (two pair, Nines and Eights)
pokereule754: shows [Jh Th] (a flush, Ace high)
pokereule754 collected $0.44 from pot
*** SUMMARY ***
Total pot $0.46 | Rake $0.02 
Board [Ah 8h 4s 9h 3h]
Seat 1: Vjuk87 folded before Flop (didn't bet)
Seat 2: PotterHeid (button) folded before Flop (didn't bet)
Seat 4: Dorex2007 (small blind) folded before Flop
Seat 6: kolua122 (big blind) showed [9s 8d] and lost with two pair, Nines and Eights
Seat 7: grituc folded on the Turn
Seat 8: akarmara folded before Flop (didn't bet)
Seat 9: pokereule754 showed [Jh Th] and won ($0.44) with a flush, Ace high



PokerStars Hand #227324982165:  Hold'em No Limit ($0.01/$0.02 USD) - 2021/06/04 13:06:04 PT [2021/06/04 16:06:04 ET]
Table 'Beatrix' 9-max Seat #4 is the button
Seat 1: Vjuk87 ($0.97 in chips) 
Seat 2: PotterHeid ($3.56 in chips) 
Seat 4: Dorex2007 ($3.52 in chips) 
Seat 6: kolua122 ($5.79 in chips) 
Seat 7: grituc ($0.73 in chips) 
Seat 8: akarmara ($2.31 in chips) 
Seat 9: pokereule754 ($2.24 in chips) 
kolua122: posts small blind $0.01
grituc: posts big blind $0.02
*** HOLE CARDS ***
Dealt to Dorex2007 [Jh Th]
akarmara: folds 
pokereule754: calls $0.02
Vjuk87: folds 
PotterHeid: raises $0.02 to $0.04
Dorex2007: calls $0.04
kolua122: calls $0.03
grituc: folds 
pokereule754: calls $0.02
*** FLOP *** [8d 2d Jc]
kolua122: bets $0.17
pokereule754: folds 
PotterHeid: folds 
Dorex2007: folds 
Uncalled bet ($0.17) returned to kolua122
kolua122 collected $0.17 from pot
kolua122: doesn't show hand 
*** SUMMARY ***
Total pot $0.18 | Rake $0.01 
Board [8d 2d Jc]
Seat 1: Vjuk87 folded before Flop (didn't bet)
Seat 2: PotterHeid folded on the Flop
Seat 4: Dorex2007 (button) folded on the Flop
Seat 6: kolua122 (small blind) collected ($0.17)
Seat 7: grituc (big blind) folded before Flop
Seat 8: akarmara folded before Flop (didn't bet)
Seat 9: pokereule754 folded on the Flop



PokerStars Hand #227325003091:  Hold'em No Limit ($0.01/$0.02 USD) - 2021/06/04 13:06:45 PT [2021/06/04 16:06:45 ET]
Table 'Beatrix' 9-max Seat #6 is the button
Seat 1: Vjuk87 ($0.97 in chips) 
Seat 2: PotterHeid ($3.52 in chips) 
Seat 4: Dorex2007 ($3.48 in chips) 
Seat 6: kolua122 ($5.92 in chips) 
Seat 7: grituc ($0.71 in chips) 
Seat 8: akarmara ($2.31 in chips) 
Seat 9: pokereule754 ($2.20 in chips) 
grituc: posts small blind $0.01
akarmara: posts big blind $0.02
*** HOLE CARDS ***
Dealt to Dorex2007 [Kd Qc]
pokereule754: folds 
Vjuk87: folds 
PotterHeid: folds 
Dorex2007: raises $0.04 to $0.06
kolua122: folds 
grituc: folds 
akarmara: folds 
Uncalled bet ($0.04) returned to Dorex2007
Dorex2007 collected $0.05 from pot
Dorex2007: doesn't show hand 
*** SUMMARY ***
Total pot $0.05 | Rake $0 
Seat 1: Vjuk87 folded before Flop (didn't bet)
Seat 2: PotterHeid folded before Flop (didn't bet)
Seat 4: Dorex2007 collected ($0.05)
Seat 6: kolua122 (button) folded before Flop (didn't bet)
Seat 7: grituc (small blind) folded before Flop
Seat 8: akarmara (big blind) folded before Flop
Seat 9: pokereule754 folded before Flop (didn't bet)



PokerStars Hand #227325015076:  Hold'em No Limit ($0.01/$0.02 USD) - 2021/06/04 13:07:08 PT [2021/06/04 16:07:08 ET]
Table 'Beatrix' 9-max Seat #7 is the button
Seat 1: Vjuk87 ($0.97 in chips) 
Seat 2: PotterHeid ($3.52 in chips) 
Seat 4: Dorex2007 ($3.51 in chips) 
Seat 6: kolua122 ($5.92 in chips) 
Seat 7: grituc ($0.70 in chips) 
Seat 8: akarmara ($2.29 in chips) 
Seat 9: pokereule754 ($2.20 in chips) 
akarmara: posts small blind $0.01
pokereule754: posts big blind $0.02
*** HOLE CARDS ***
Dealt to Dorex2007 [Qh Td]
Vjuk87: folds 
PotterHeid: folds 
Dorex2007: folds 
kolua122: folds 
grituc: folds 
akarmara: folds 
Uncalled bet ($0.01) returned to pokereule754
pokereule754 collected $0.02 from pot
pokereule754: doesn't show hand 
*** SUMMARY ***
Total pot $0.02 | Rake $0 
Seat 1: Vjuk87 folded before Flop (didn't bet)
Seat 2: PotterHeid folded before Flop (didn't bet)
Seat 4: Dorex2007 folded before Flop (didn't bet)
Seat 6: kolua122 folded before Flop (didn't bet)
Seat 7: grituc (button) folded before Flop (didn't bet)
Seat 8: akarmara (small blind) folded before Flop
Seat 9: pokereule754 (big blind) collected ($0.02)



PokerStars Hand #227325025984:  Hold'em No Limit ($0.01/$0.02 USD) - 2021/06/04 13:07:29 PT [2021/06/04 16:07:29 ET]
Table 'Beatrix' 9-max Seat #8 is the button
Seat 1: Vjuk87 ($0.97 in chips) 
Seat 2: PotterHeid ($3.52 in chips) 
Seat 4: Dorex2007 ($3.51 in chips) 
Seat 6: kolua122 ($5.92 in chips) 
Seat 7: grituc ($0.70 in chips) 
Seat 8: akarmara ($2.28 in chips) 
Seat 9: pokereule754 ($2.21 in chips) 
pokereule754: posts small blind $0.01
Vjuk87: posts big blind $0.02
*** HOLE CARDS ***
Dealt to Dorex2007 [Qc Jh]
PotterHeid: folds 
Dorex2007: folds 
kolua122: folds 
grituc: folds 
akarmara: folds 
akarmara leaves the table
pokereule754: calls $0.01
Vjuk87: raises $0.06 to $0.08
pokereule754: folds 
Uncalled bet ($0.06) returned to Vjuk87
grituc leaves the table
Vjuk87 collected $0.04 from pot
Vjuk87: doesn't show hand 
*** SUMMARY ***
Total pot $0.04 | Rake $0 
Seat 1: Vjuk87 (big blind) collected ($0.04)
Seat 2: PotterHeid folded before Flop (didn't bet)
Seat 4: Dorex2007 folded before Flop (didn't bet)
Seat 6: kolua122 folded before Flop (didn't bet)
Seat 7: grituc folded before Flop (didn't bet)
Seat 8: akarmara (button) folded before Flop (didn't bet)
Seat 9: pokereule754 (small blind) folded before Flop



PokerStars Hand #227325038439:  Hold'em No Limit ($0.01/$0.02 USD) - 2021/06/04 13:07:53 PT [2021/06/04 16:07:53 ET]
Table 'Beatrix' 9-max Seat #9 is the button
Seat 1: Vjuk87 ($0.99 in chips) 
Seat 2: PotterHeid ($3.52 in chips) 
Seat 4: Dorex2007 ($3.51 in chips) 
Seat 6: kolua122 ($5.92 in chips) 
Seat 9: pokereule754 ($2.19 in chips) 
Vjuk87: posts small blind $0.01
PotterHeid: posts big blind $0.02
*** HOLE CARDS ***
Dealt to Dorex2007 [Qc 9d]
Dorex2007: folds 
ClassCley leaves the table
kolua122: folds 
pokereule754: raises $0.02 to $0.04
Vjuk87: folds 
PotterHeid: calls $0.02
*** FLOP *** [Ah 7s Kh]
PotterHeid: checks 
pokereule754: bets $0.05
PotterHeid: calls $0.05
*** TURN *** [Ah 7s Kh] [Qd]
PotterHeid: checks 
pokereule754: checks 
*** RIVER *** [Ah 7s Kh Qd] [5d]
PotterHeid: bets $0.09
pokereule754: calls $0.09
*** SHOW DOWN ***
PotterHeid: shows [Kd 3c] (a pair of Kings)
pokereule754: shows [Jc Ac] (a pair of Aces)
pokereule754 collected $0.36 from pot
*** SUMMARY ***
Total pot $0.37 | Rake $0.01 
Board [Ah 7s Kh Qd 5d]
Seat 1: Vjuk87 (small blind) folded before Flop
Seat 2: PotterHeid (big blind) showed [Kd 3c] and lost with a pair of Kings
Seat 4: Dorex2007 folded before Flop (didn't bet)
Seat 6: kolua122 folded before Flop (didn't bet)
Seat 9: pokereule754 (button) showed [Jc Ac] and won ($0.36) with a pair of Aces



PokerStars Hand #227325056296:  Hold'em No Limit ($0.01/$0.02 USD) - 2021/06/04 13:08:28 PT [2021/06/04 16:08:28 ET]
Table 'Beatrix' 9-max Seat #1 is the button
Seat 1: Vjuk87 ($0.98 in chips) 
Seat 2: PotterHeid ($3.34 in chips) 
Seat 4: Dorex2007 ($3.51 in chips) 
Seat 6: kolua122 ($5.92 in chips) 
Seat 9: pokereule754 ($2.37 in chips) 
PotterHeid: posts small blind $0.01
Dorex2007: posts big blind $0.02
*** HOLE CARDS ***
Dealt to Dorex2007 [7c 8h]
kolua122: folds 
pokereule754: folds 
Vjuk87: raises $0.05 to $0.07
PotterHeid: folds 
Dorex2007: folds 
Uncalled bet ($0.05) returned to Vjuk87
Vjuk87 collected $0.05 from pot
Vjuk87: doesn't show hand 
*** SUMMARY ***
Total pot $0.05 | Rake $0 
Seat 1: Vjuk87 (button) collected ($0.05)
Seat 2: PotterHeid (small blind) folded before Flop
Seat 4: Dorex2007 (big blind) folded before Flop
Seat 6: kolua122 folded before Flop (didn't bet)
Seat 9: pokereule754 folded before Flop (didn't bet)



PokerStars Hand #227325065452:  Hold'em No Limit ($0.01/$0.02 USD) - 2021/06/04 13:08:46 PT [2021/06/04 16:08:46 ET]
Table 'Beatrix' 9-max Seat #2 is the button
Seat 1: Vjuk87 ($1.01 in chips) 
Seat 2: PotterHeid ($3.33 in chips) 
Seat 4: Dorex2007 ($3.49 in chips) 
Seat 6: kolua122 ($5.92 in chips) 
Seat 9: pokereule754 ($2.37 in chips) 
Dorex2007: posts small blind $0.01
kolua122: posts big blind $0.02
*** HOLE CARDS ***
Dealt to Dorex2007 [6c Js]
pokereule754: folds 
Vjuk87: folds 
PotterHeid: calls $0.02
Dorex2007: calls $0.01
kolua122: checks 
*** FLOP *** [7d 4h 9c]
LoAn25 joins the table at seat #3 
Dorex2007: checks 
kolua122: checks 
PotterHeid: checks 
*** TURN *** [7d 4h 9c] [Jc]
Dorex2007: bets $0.04
kolua122: calls $0.04
PotterHeid: folds 
*** RIVER *** [7d 4h 9c Jc] [5c]
Renasciturrr joins the table at seat #7 
Dorex2007: bets $0.07
kolua122: folds 
Uncalled bet ($0.07) returned to Dorex2007
Dorex2007 collected $0.14 from pot
Dorex2007: doesn't show hand 
*** SUMMARY ***
Total pot $0.14 | Rake $0 
Board [7d 4h 9c Jc 5c]
Seat 1: Vjuk87 folded before Flop (didn't bet)
Seat 2: PotterHeid (button) folded on the Turn
Seat 4: Dorex2007 (small blind) collected ($0.14)
Seat 6: kolua122 (big blind) folded on the River
Seat 9: pokereule754 folded before Flop (didn't bet)



PokerStars Hand #227325090067:  Hold'em No Limit ($0.01/$0.02 USD) - 2021/06/04 13:09:33 PT [2021/06/04 16:09:33 ET]
Table 'Beatrix' 9-max Seat #4 is the button
Seat 1: Vjuk87 ($1.01 in chips) 
Seat 2: PotterHeid ($3.31 in chips) 
Seat 4: Dorex2007 ($3.57 in chips) 
Seat 6: kolua122 ($5.86 in chips) 
Seat 7: Renasciturrr ($2 in chips) 
Seat 9: pokereule754 ($2.37 in chips) 
kolua122: posts small blind $0.01
Renasciturrr: posts big blind $0.02
LoAn25: sits out 
*** HOLE CARDS ***
Dealt to Dorex2007 [Kh 5s]
pokereule754: folds 
Vjuk87: folds 
PotterHeid: calls $0.02
Dorex2007: folds 
kolua122: folds 
DmTimSt joins the table at seat #8 
Renasciturrr: checks 
*** FLOP *** [Ah Js Tc]
Renasciturrr: checks 
PotterHeid: checks 
*** TURN *** [Ah Js Tc] [6s]
Renasciturrr: checks 
PotterHeid: checks 
*** RIVER *** [Ah Js Tc 6s] [7c]
Renasciturrr: bets $0.05
PotterHeid: folds 
Uncalled bet ($0.05) returned to Renasciturrr
Renasciturrr collected $0.05 from pot
Renasciturrr: doesn't show hand 
*** SUMMARY ***
Total pot $0.05 | Rake $0 
Board [Ah Js Tc 6s 7c]
Seat 1: Vjuk87 folded before Flop (didn't bet)
Seat 2: PotterHeid folded on the River
Seat 4: Dorex2007 (button) folded before Flop (didn't bet)
Seat 6: kolua122 (small blind) folded before Flop
Seat 7: Renasciturrr (big blind) collected ($0.05)
Seat 9: pokereule754 folded before Flop (didn't bet)



PokerStars Hand #227325111413:  Hold'em No Limit ($0.01/$0.02 USD) - 2021/06/04 13:10:05 PT [2021/06/04 16:10:05 ET]
Table 'Beatrix' 9-max Seat #6 is the button
Seat 1: Vjuk87 ($1.01 in chips) 
Seat 2: PotterHeid ($3.29 in chips) 
Seat 4: Dorex2007 ($3.57 in chips) 
Seat 6: kolua122 ($5.85 in chips) 
Seat 7: Renasciturrr ($2.03 in chips) 
Seat 8: DmTimSt ($0.80 in chips) 
Seat 9: pokereule754 ($2.37 in chips) 
Renasciturrr: posts small blind $0.01
DmTimSt: posts big blind $0.02
LoAn25: sits out 
*** HOLE CARDS ***
Dealt to Dorex2007 [Ah Qc]
pokereule754: folds 
Vjuk87: folds 
PotterHeid: calls $0.02
Dorex2007: raises $0.04 to $0.06
kolua122: calls $0.06
Renasciturrr: folds 
DmTimSt: calls $0.04
PotterHeid: calls $0.04
*** FLOP *** [Ad Ts Kd]
DmTimSt: checks 
PotterHeid: checks 
Dorex2007: bets $0.12
kolua122: calls $0.12
DmTimSt: folds 
PotterHeid: folds 
*** TURN *** [Ad Ts Kd] [7d]
PotterHeid leaves the table
Dorex2007: bets $0.10
kolua122: calls $0.10
*** RIVER *** [Ad Ts Kd 7d] [6d]
4ColdFamily joins the table at seat #2 
Dorex2007: checks 
kolua122: checks 
*** SHOW DOWN ***
Dorex2007: shows [Ah Qc] (a pair of Aces)
kolua122: mucks hand 
Dorex2007 collected $0.67 from pot
*** SUMMARY ***
Total pot $0.69 | Rake $0.02 
Board [Ad Ts Kd 7d 6d]
Seat 1: Vjuk87 folded before Flop (didn't bet)
Seat 2: PotterHeid folded on the Flop
Seat 4: Dorex2007 showed [Ah Qc] and won ($0.67) with a pair of Aces
Seat 6: kolua122 (button) mucked [9c 9s]
Seat 7: Renasciturrr (small blind) folded before Flop
Seat 8: DmTimSt (big blind) folded on the Flop
Seat 9: pokereule754 folded before Flop (didn't bet)



PokerStars Hand #227325145941:  Hold'em No Limit ($0.01/$0.02 USD) - 2021/06/04 13:11:12 PT [2021/06/04 16:11:12 ET]
Table 'Beatrix' 9-max Seat #7 is the button
Seat 1: Vjuk87 ($1.01 in chips) 
Seat 4: Dorex2007 ($3.96 in chips) 
Seat 6: kolua122 ($5.57 in chips) 
Seat 7: Renasciturrr ($2.02 in chips) 
Seat 8: DmTimSt ($0.74 in chips) 
Seat 9: pokereule754 ($2.37 in chips) 
DmTimSt: posts small blind $0.01
pokereule754: posts big blind $0.02
4ColdFamily: sits out 
LoAn25: sits out 
*** HOLE CARDS ***
Dealt to Dorex2007 [Jd Qs]
Vjuk87: folds 
Dorex2007: folds 
kolua122: folds 
Renasciturrr: calls $0.02
DmTimSt: folds 
pokereule754: checks 
*** FLOP *** [Qh Th 4d]
pokereule754: checks 
Renasciturrr: bets $0.04
pokereule754: folds 
Uncalled bet ($0.04) returned to Renasciturrr
Renasciturrr collected $0.05 from pot
Renasciturrr: doesn't show hand 
*** SUMMARY ***
Total pot $0.05 | Rake $0 
Board [Qh Th 4d]
Seat 1: Vjuk87 folded before Flop (didn't bet)
Seat 4: Dorex2007 folded before Flop (didn't bet)
Seat 6: kolua122 folded before Flop (didn't bet)
Seat 7: Renasciturrr (button) collected ($0.05)
Seat 8: DmTimSt (small blind) folded before Flop
Seat 9: pokereule754 (big blind) folded on the Flop



PokerStars Hand #227325160531:  Hold'em No Limit ($0.01/$0.02 USD) - 2021/06/04 13:11:39 PT [2021/06/04 16:11:39 ET]
Table 'Beatrix' 9-max Seat #8 is the button
Seat 1: Vjuk87 ($1.01 in chips) 
Seat 4: Dorex2007 ($3.96 in chips) 
Seat 6: kolua122 ($5.57 in chips) 
Seat 7: Renasciturrr ($2.05 in chips) 
Seat 8: DmTimSt ($0.73 in chips) 
Seat 9: pokereule754 ($2.35 in chips) 
pokereule754: posts small blind $0.01
Vjuk87: posts big blind $0.02
4ColdFamily: sits out 
LoAn25: sits out 
*** HOLE CARDS ***
Dealt to Dorex2007 [5h Td]
Dorex2007: folds 
kolua122: folds 
Renasciturrr: folds 
DmTimSt: folds 
pokereule754: folds 
Uncalled bet ($0.01) returned to Vjuk87
Vjuk87 collected $0.02 from pot
Vjuk87: doesn't show hand 
*** SUMMARY ***
Total pot $0.02 | Rake $0 
Seat 1: Vjuk87 (big blind) collected ($0.02)
Seat 4: Dorex2007 folded before Flop (didn't bet)
Seat 6: kolua122 folded before Flop (didn't bet)
Seat 7: Renasciturrr folded before Flop (didn't bet)
Seat 8: DmTimSt (button) folded before Flop (didn't bet)
Seat 9: pokereule754 (small blind) folded before Flop



PokerStars Hand #227325168220:  Hold'em No Limit ($0.01/$0.02 USD) - 2021/06/04 13:11:54 PT [2021/06/04 16:11:54 ET]
Table 'Beatrix' 9-max Seat #1 is the button
Seat 1: Vjuk87 ($1.02 in chips) 
Seat 4: Dorex2007 ($3.96 in chips) 
Seat 6: kolua122 ($5.57 in chips) 
Seat 7: Renasciturrr ($2.05 in chips) 
Seat 8: DmTimSt ($0.73 in chips) 
Dorex2007: posts small blind $0.01
kolua122: posts big blind $0.02
*** HOLE CARDS ***
Dealt to Dorex2007 [Jh 4c]
Renasciturrr: folds 
pokereule754 leaves the table
0317to024 joins the table at seat #9 
DmTimSt: folds 
Vjuk87: folds 
Dorex2007: folds 
Uncalled bet ($0.01) returned to kolua122
kolua122 collected $0.02 from pot
sanw77 leaves the table
kolua122: doesn't show hand 
*** SUMMARY ***
Total pot $0.02 | Rake $0 
Seat 1: Vjuk87 (button) folded before Flop (didn't bet)
Seat 4: Dorex2007 (small blind) folded before Flop
Seat 6: kolua122 (big blind) collected ($0.02)
Seat 7: Renasciturrr folded before Flop (didn't bet)
Seat 8: DmTimSt folded before Flop (didn't bet)



PokerStars Hand #227325172201:  Hold'em No Limit ($0.01/$0.02 USD) - 2021/06/04 13:12:02 PT [2021/06/04 16:12:02 ET]
Table 'Beatrix' 9-max Seat #4 is the button
Seat 1: Vjuk87 ($1.02 in chips) 
Seat 4: Dorex2007 ($3.95 in chips) 
Seat 6: kolua122 ($5.58 in chips) 
Seat 7: Renasciturrr ($2.05 in chips) 
Seat 8: DmTimSt ($0.73 in chips) 
Seat 9: 0317to024 ($2 in chips) 
kolua122: posts small blind $0.01
Renasciturrr: posts big blind $0.02
0317to024: posts big blind $0.02
4ColdFamily: sits out 
LoAn25: sits out 
*** HOLE CARDS ***
Dealt to Dorex2007 [Th 6c]
DmTimSt: calls $0.02
0317to024: raises $0.03 to $0.05
Vjuk87: folds 
Dorex2007: folds 
michaela73 joins the table at seat #5 
kolua122: calls $0.04
Renasciturrr: folds 
DmTimSt: calls $0.03
*** FLOP *** [3d Jd Kd]
kolua122: bets $0.16
DmTimSt: calls $0.16
0317to024: calls $0.16
*** TURN *** [3d Jd Kd] [4c]
kolua122: checks 
DmTimSt: checks 
0317to024: bets $0.32
kolua122: calls $0.32
DmTimSt: calls $0.32
*** RIVER *** [3d Jd Kd 4c] [3h]
kolua122: checks 
DmTimSt: checks 
0317to024: checks 
*** SHOW DOWN ***
kolua122: shows [Ad 5h] (a pair of Threes)
DmTimSt: shows [Qc Qd] (two pair, Queens and Threes)
0317to024: shows [Kh Ah] (two pair, Kings and Threes)
0317to024 collected $1.55 from pot
*** SUMMARY ***
Total pot $1.61 | Rake $0.06 
Board [3d Jd Kd 4c 3h]
Seat 1: Vjuk87 folded before Flop (didn't bet)
Seat 4: Dorex2007 (button) folded before Flop (didn't bet)
Seat 6: kolua122 (small blind) showed [Ad 5h] and lost with a pair of Threes
Seat 7: Renasciturrr (big blind) folded before Flop
Seat 8: DmTimSt showed [Qc Qd] and lost with two pair, Queens and Threes
Seat 9: 0317to024 showed [Kh Ah] and won ($1.55) with two pair, Kings and Threes



PokerStars Hand #227325200969:  Hold'em No Limit ($0.01/$0.02 USD) - 2021/06/04 13:12:57 PT [2021/06/04 16:12:57 ET]
Table 'Beatrix' 9-max Seat #6 is the button
Seat 1: Vjuk87 ($1.02 in chips) 
Seat 4: Dorex2007 ($3.95 in chips) 
Seat 6: kolua122 ($5.05 in chips) 
Seat 7: Renasciturrr ($2.03 in chips) 
Seat 8: DmTimSt ($0.20 in chips) 
Seat 9: 0317to024 ($3.02 in chips) 
Renasciturrr: posts small blind $0.01
DmTimSt: posts big blind $0.02
4ColdFamily: sits out 
LoAn25: sits out 
michaela73: sits out 
*** HOLE CARDS ***
Dealt to Dorex2007 [7d Th]
0317to024 has timed out
0317to024: folds 
Vjuk87: raises $0.06 to $0.08
Dorex2007: folds 
kolua122: calls $0.08
Renasciturrr: folds 
DmTimSt: calls $0.06
*** FLOP *** [5c Ac 8d]
DmTimSt: checks 
Vjuk87: bets $0.10
kolua122: raises $0.22 to $0.32
DmTimSt: folds 
Vjuk87: folds 
Uncalled bet ($0.22) returned to kolua122
kolua122 collected $0.43 from pot
kolua122: doesn't show hand 
*** SUMMARY ***
Total pot $0.45 | Rake $0.02 
Board [5c Ac 8d]
Seat 1: Vjuk87 folded on the Flop
Seat 4: Dorex2007 folded before Flop (didn't bet)
Seat 6: kolua122 (button) collected ($0.43)
Seat 7: Renasciturrr (small blind) folded before Flop
Seat 8: DmTimSt (big blind) folded on the Flop
Seat 9: 0317to024 folded before Flop (didn't bet)



PokerStars Hand #227325223116:  Hold'em No Limit ($0.01/$0.02 USD) - 2021/06/04 13:13:40 PT [2021/06/04 16:13:40 ET]
Table 'Beatrix' 9-max Seat #7 is the button
Seat 1: Vjuk87 ($0.84 in chips) 
Seat 4: Dorex2007 ($3.95 in chips) 
Seat 6: kolua122 ($5.30 in chips) 
Seat 7: Renasciturrr ($2.02 in chips) 
Seat 8: DmTimSt ($0.12 in chips) 
Seat 9: 0317to024 ($3.02 in chips) 
DmTimSt: posts small blind $0.01
0317to024: posts big blind $0.02
4ColdFamily: sits out 
LoAn25: sits out 
michaela73: sits out 
*** HOLE CARDS ***
Dealt to Dorex2007 [2h Jh]
Vjuk87: raises $0.04 to $0.06
Dorex2007: folds 
kolua122: raises $0.08 to $0.14
Renasciturrr: folds 
DmTimSt: folds 
0317to024: folds 
Vjuk87: calls $0.08
*** FLOP *** [Kh 8c Td]
Vjuk87: checks 
kolua122: bets $0.30
Vjuk87: folds 
Uncalled bet ($0.30) returned to kolua122
kolua122 collected $0.30 from pot
kolua122: doesn't show hand 
*** SUMMARY ***
Total pot $0.31 | Rake $0.01 
Board [Kh 8c Td]
Seat 1: Vjuk87 folded on the Flop
Seat 4: Dorex2007 folded before Flop (didn't bet)
Seat 6: kolua122 collected ($0.30)
Seat 7: Renasciturrr (button) folded before Flop (didn't bet)
Seat 8: DmTimSt (small blind) folded before Flop
Seat 9: 0317to024 (big blind) folded before Flop



