PokerStars Hand #237239188305:  Hold'em No Limit ($0.01/$0.02 USD) - 2022/07/08 12:35:47 PT [2022/07/08 15:35:47 ET]
Table 'Ginevra II' 9-max Seat #9 is the button
Seat 1: ED_CULLEN666 ($2 in chips) 
Seat 2: Egor_SKY88 ($1.26 in chips) 
Seat 3: troyano422 ($0.75 in chips) 
Seat 4: midor1ya ($2.27 in chips) 
Seat 5: Walkel ($1.99 in chips) 
Seat 6: Kiwiloop ($1.68 in chips) 
Seat 7: chefecoxim ($1.92 in chips) 
Seat 8: Dorex2007 ($2 in chips) 
Seat 9: ikai78 ($1.10 in chips) 
ED_CULLEN666: posts small blind $0.01
Egor_SKY88: posts big blind $0.02
Dorex2007: posts big blind $0.02
*** HOLE CARDS ***
Dealt to Dorex2007 [9s Ts]
troyano422: folds 
midor1ya: folds 
Walkel: folds 
Kiwiloop: calls $0.02
chefecoxim: folds 
Dorex2007: checks 
ikai78: calls $0.02
ED_CULLEN666: folds 
Egor_SKY88: checks 
*** FLOP *** [Ks 8c 5c]
Egor_SKY88: checks 
Kiwiloop: bets $0.02
Dorex2007: folds 
ikai78: calls $0.02
Egor_SKY88: folds 
*** TURN *** [Ks 8c 5c] [Qd]
Kiwiloop: bets $0.06
ikai78: folds 
Uncalled bet ($0.06) returned to Kiwiloop
Kiwiloop collected $0.13 from pot
*** SUMMARY ***
Total pot $0.13 | Rake $0 
Board [Ks 8c 5c Qd]
Seat 1: ED_CULLEN666 (small blind) folded before Flop
Seat 2: Egor_SKY88 (big blind) folded on the Flop
Seat 3: troyano422 folded before Flop (didn't bet)
Seat 4: midor1ya folded before Flop (didn't bet)
Seat 5: Walkel folded before Flop (didn't bet)
Seat 6: Kiwiloop collected ($0.13)
Seat 7: chefecoxim folded before Flop (didn't bet)
Seat 8: Dorex2007 folded on the Flop (didn't bet)
Seat 9: ikai78 (button) folded on the Turn



PokerStars Hand #237239205631:  Hold'em No Limit ($0.01/$0.02 USD) - 2022/07/08 12:36:35 PT [2022/07/08 15:36:35 ET]
Table 'Ginevra II' 9-max Seat #1 is the button
Seat 1: ED_CULLEN666 ($2 in chips) 
Seat 2: Egor_SKY88 ($1.24 in chips) 
Seat 3: troyano422 ($0.75 in chips) 
Seat 4: midor1ya ($2.27 in chips) 
Seat 5: Walkel ($1.99 in chips) 
Seat 6: Kiwiloop ($1.77 in chips) 
Seat 7: chefecoxim ($1.92 in chips) 
Seat 8: Dorex2007 ($2 in chips) 
Seat 9: ikai78 ($1.06 in chips) 
Egor_SKY88: posts small blind $0.01
troyano422: posts big blind $0.02
*** HOLE CARDS ***
Dealt to Dorex2007 [8s Ts]
midor1ya: folds 
Walkel: folds 
Kiwiloop: calls $0.02
chefecoxim: calls $0.02
Dorex2007: folds 
ikai78: calls $0.02
ED_CULLEN666: folds 
Egor_SKY88: calls $0.01
troyano422: checks 
*** FLOP *** [Js 6h 6c]
Egor_SKY88: checks 
troyano422: checks 
Kiwiloop: checks 
chefecoxim: bets $0.02
ikai78: folds 
Egor_SKY88: folds 
troyano422: folds 
Kiwiloop: calls $0.02
*** TURN *** [Js 6h 6c] [3h]
Kiwiloop: checks 
chefecoxim: bets $0.02
Kiwiloop: calls $0.02
*** RIVER *** [Js 6h 6c 3h] [Th]
Kiwiloop: checks 
chefecoxim: checks 
*** SHOW DOWN ***
Kiwiloop: shows [8d Qd] (a pair of Sixes)
chefecoxim: shows [Qs Ad] (a pair of Sixes - Ace kicker)
chefecoxim collected $0.17 from pot
*** SUMMARY ***
Total pot $0.18 | Rake $0.01 
Board [Js 6h 6c 3h Th]
Seat 1: ED_CULLEN666 (button) folded before Flop (didn't bet)
Seat 2: Egor_SKY88 (small blind) folded on the Flop
Seat 3: troyano422 (big blind) folded on the Flop
Seat 4: midor1ya folded before Flop (didn't bet)
Seat 5: Walkel folded before Flop (didn't bet)
Seat 6: Kiwiloop showed [8d Qd] and lost with a pair of Sixes
Seat 7: chefecoxim showed [Qs Ad] and won ($0.17) with a pair of Sixes
Seat 8: Dorex2007 folded before Flop (didn't bet)
Seat 9: ikai78 folded on the Flop



PokerStars Hand #237239228598:  Hold'em No Limit ($0.01/$0.02 USD) - 2022/07/08 12:37:39 PT [2022/07/08 15:37:39 ET]
Table 'Ginevra II' 9-max Seat #2 is the button
Seat 1: ED_CULLEN666 ($2 in chips) 
Seat 2: Egor_SKY88 ($1.22 in chips) 
Seat 3: troyano422 ($0.73 in chips) 
Seat 4: midor1ya ($2.27 in chips) 
Seat 5: Walkel ($1.99 in chips) 
Seat 6: Kiwiloop ($1.71 in chips) 
Seat 7: chefecoxim ($2.03 in chips) 
Seat 8: Dorex2007 ($2 in chips) 
Seat 9: ikai78 ($1.04 in chips) 
troyano422: posts small blind $0.01
midor1ya: posts big blind $0.02
*** HOLE CARDS ***
Dealt to Dorex2007 [9c Tc]
Walkel: folds 
Kiwiloop: calls $0.02
chefecoxim: calls $0.02
Dorex2007: folds 
ikai78: folds 
ED_CULLEN666: folds 
Egor_SKY88: raises $0.04 to $0.06
troyano422: folds 
midor1ya: calls $0.04
Kiwiloop: calls $0.04
chefecoxim: folds 
*** FLOP *** [As 8s 6h]
midor1ya: checks 
Kiwiloop: checks 
Egor_SKY88: bets $0.10
midor1ya: folds 
Kiwiloop: calls $0.10
*** TURN *** [As 8s 6h] [4d]
Kiwiloop: bets $0.20
Egor_SKY88: raises $0.20 to $0.40
Kiwiloop: calls $0.20
*** RIVER *** [As 8s 6h 4d] [6d]
Kiwiloop: bets $0.58
Egor_SKY88: calls $0.58
*** SHOW DOWN ***
Kiwiloop: shows [9h 7s] (a pair of Sixes)
Egor_SKY88: shows [4c Ac] (two pair, Aces and Sixes)
Egor_SKY88 collected $2.29 from pot
*** SUMMARY ***
Total pot $2.37 | Rake $0.08 
Board [As 8s 6h 4d 6d]
Seat 1: ED_CULLEN666 folded before Flop (didn't bet)
Seat 2: Egor_SKY88 (button) showed [4c Ac] and won ($2.29) with two pair, Aces and Sixes
Seat 3: troyano422 (small blind) folded before Flop
Seat 4: midor1ya (big blind) folded on the Flop
Seat 5: Walkel folded before Flop (didn't bet)
Seat 6: Kiwiloop showed [9h 7s] and lost with a pair of Sixes
Seat 7: chefecoxim folded before Flop
Seat 8: Dorex2007 folded before Flop (didn't bet)
Seat 9: ikai78 folded before Flop (didn't bet)



PokerStars Hand #237239252900:  Hold'em No Limit ($0.01/$0.02 USD) - 2022/07/08 12:38:44 PT [2022/07/08 15:38:44 ET]
Table 'Ginevra II' 9-max Seat #3 is the button
Seat 1: ED_CULLEN666 ($2 in chips) 
Seat 2: Egor_SKY88 ($2.37 in chips) 
Seat 3: troyano422 ($0.72 in chips) 
Seat 4: midor1ya ($2.21 in chips) 
Seat 5: Walkel ($1.99 in chips) 
Seat 6: Kiwiloop ($0.57 in chips) 
Seat 7: chefecoxim ($2.01 in chips) 
Seat 8: Dorex2007 ($2 in chips) 
Seat 9: ikai78 ($1.04 in chips) 
midor1ya: posts small blind $0.01
Walkel: posts big blind $0.02
*** HOLE CARDS ***
Dealt to Dorex2007 [4c Js]
Kiwiloop: raises $0.02 to $0.04
chefecoxim: folds 
Dorex2007: folds 
ikai78: folds 
ED_CULLEN666: folds 
ED_CULLEN666 leaves the table
Egor_SKY88: calls $0.04
troyano422: folds 
midor1ya: folds 
Walkel: calls $0.02
*** FLOP *** [Jh 2d 9h]
Walkel: checks 
Kiwiloop: bets $0.06
Egor_SKY88: folds 
Walkel: calls $0.06
*** TURN *** [Jh 2d 9h] [Ah]
Walkel: checks 
Kiwiloop: bets $0.12
Walkel: calls $0.12
*** RIVER *** [Jh 2d 9h Ah] [9d]
Walkel: checks 
Kiwiloop: checks 
*** SHOW DOWN ***
Walkel: shows [Ts Qs] (a pair of Nines)
Kiwiloop: shows [Td Th] (two pair, Tens and Nines)
Kiwiloop collected $0.47 from pot
*** SUMMARY ***
Total pot $0.49 | Rake $0.02 
Board [Jh 2d 9h Ah 9d]
Seat 1: ED_CULLEN666 folded before Flop (didn't bet)
Seat 2: Egor_SKY88 folded on the Flop
Seat 3: troyano422 (button) folded before Flop (didn't bet)
Seat 4: midor1ya (small blind) folded before Flop
Seat 5: Walkel (big blind) showed [Ts Qs] and lost with a pair of Nines
Seat 6: Kiwiloop showed [Td Th] and won ($0.47) with two pair, Tens and Nines
Seat 7: chefecoxim folded before Flop (didn't bet)
Seat 8: Dorex2007 folded before Flop (didn't bet)
Seat 9: ikai78 folded before Flop (didn't bet)



PokerStars Hand #237239271714:  Hold'em No Limit ($0.01/$0.02 USD) - 2022/07/08 12:39:37 PT [2022/07/08 15:39:37 ET]
Table 'Ginevra II' 9-max Seat #4 is the button
Seat 2: Egor_SKY88 ($2.33 in chips) 
Seat 3: troyano422 ($0.72 in chips) 
Seat 4: midor1ya ($2.20 in chips) 
Seat 5: Walkel ($2 in chips) 
Seat 6: Kiwiloop ($0.82 in chips) 
Seat 7: chefecoxim ($2.01 in chips) 
Seat 8: Dorex2007 ($2 in chips) 
Seat 9: ikai78 ($1.04 in chips) 
Walkel: posts small blind $0.01
Kiwiloop: posts big blind $0.02
*** HOLE CARDS ***
Dealt to Dorex2007 [8s Ah]
maikmaik494 joins the table at seat #1 
chefecoxim: calls $0.02
Dorex2007: folds 
ikai78: raises $0.04 to $0.06
Egor_SKY88: folds 
troyano422: calls $0.06
midor1ya: folds 
Walkel: folds 
Kiwiloop: calls $0.04
chefecoxim: calls $0.04
*** FLOP *** [Kd 3d 7h]
Kiwiloop: checks 
chefecoxim: checks 
ikai78: bets $0.12
troyano422: folds 
Kiwiloop: calls $0.12
chefecoxim: folds 
*** TURN *** [Kd 3d 7h] [2d]
Kiwiloop: checks 
ikai78: checks 
*** RIVER *** [Kd 3d 7h 2d] [6c]
Kiwiloop: checks 
ikai78: checks 
*** SHOW DOWN ***
Kiwiloop: shows [Kh Jh] (a pair of Kings)
ikai78: mucks hand 
Kiwiloop collected $0.47 from pot
*** SUMMARY ***
Total pot $0.49 | Rake $0.02 
Board [Kd 3d 7h 2d 6c]
Seat 2: Egor_SKY88 folded before Flop (didn't bet)
Seat 3: troyano422 folded on the Flop
Seat 4: midor1ya (button) folded before Flop (didn't bet)
Seat 5: Walkel (small blind) folded before Flop
Seat 6: Kiwiloop (big blind) showed [Kh Jh] and won ($0.47) with a pair of Kings
Seat 7: chefecoxim folded on the Flop
Seat 8: Dorex2007 folded before Flop (didn't bet)
Seat 9: ikai78 mucked [9s 7s]



PokerStars Hand #237239287065:  Hold'em No Limit ($0.01/$0.02 USD) - 2022/07/08 12:40:19 PT [2022/07/08 15:40:19 ET]
Table 'Ginevra II' 9-max Seat #5 is the button
Seat 1: maikmaik494 ($2 in chips) 
Seat 2: Egor_SKY88 ($2.33 in chips) 
Seat 3: troyano422 ($0.66 in chips) 
Seat 4: midor1ya ($2.20 in chips) 
Seat 5: Walkel ($1.99 in chips) 
Seat 6: Kiwiloop ($1.11 in chips) 
Seat 7: chefecoxim ($1.95 in chips) 
Seat 8: Dorex2007 ($2 in chips) 
Seat 9: ikai78 ($0.86 in chips) 
Kiwiloop: posts small blind $0.01
chefecoxim: posts big blind $0.02
maikmaik494: posts big blind $0.02
*** HOLE CARDS ***
Dealt to Dorex2007 [3d Jc]
Dorex2007: folds 
ikai78: raises $0.04 to $0.06
maikmaik494: folds 
Egor_SKY88: folds 
troyano422: folds 
midor1ya: folds 
Walkel: folds 
Kiwiloop: calls $0.05
chefecoxim: calls $0.04
*** FLOP *** [3s 8h 7h]
Kiwiloop: checks 
chefecoxim: checks 
ikai78: bets $0.19
Kiwiloop: calls $0.19
chefecoxim: folds 
*** TURN *** [3s 8h 7h] [4h]
Kiwiloop: checks 
ikai78: bets $0.28
Kiwiloop: calls $0.28
*** RIVER *** [3s 8h 7h 4h] [6h]
Kiwiloop: checks 
ikai78: checks 
*** SHOW DOWN ***
Kiwiloop: shows [Jd 3h] (a flush, Eight high)
ikai78: mucks hand 
Kiwiloop collected $1.10 from pot
*** SUMMARY ***
Total pot $1.14 | Rake $0.04 
Board [3s 8h 7h 4h 6h]
Seat 1: maikmaik494 folded before Flop (didn't bet)
Seat 2: Egor_SKY88 folded before Flop (didn't bet)
Seat 3: troyano422 folded before Flop (didn't bet)
Seat 4: midor1ya folded before Flop (didn't bet)
Seat 5: Walkel (button) folded before Flop (didn't bet)
Seat 6: Kiwiloop (small blind) showed [Jd 3h] and won ($1.10) with a flush, Eight high
Seat 7: chefecoxim (big blind) folded on the Flop
Seat 8: Dorex2007 folded before Flop (didn't bet)
Seat 9: ikai78 mucked [6d 4d]



PokerStars Hand #237239304754:  Hold'em No Limit ($0.01/$0.02 USD) - 2022/07/08 12:41:09 PT [2022/07/08 15:41:09 ET]
Table 'Ginevra II' 9-max Seat #6 is the button
Seat 1: maikmaik494 ($1.98 in chips) 
Seat 2: Egor_SKY88 ($2.33 in chips) 
Seat 3: troyano422 ($0.66 in chips) 
Seat 4: midor1ya ($2.20 in chips) 
Seat 5: Walkel ($1.99 in chips) 
Seat 6: Kiwiloop ($1.68 in chips) 
Seat 7: chefecoxim ($1.89 in chips) 
Seat 8: Dorex2007 ($2 in chips) 
Seat 9: ikai78 ($0.33 in chips) 
chefecoxim: posts small blind $0.01
Dorex2007: posts big blind $0.02
*** HOLE CARDS ***
Dealt to Dorex2007 [6h Td]
ikai78: raises $0.31 to $0.33 and is all-in
maikmaik494: folds 
Egor_SKY88: folds 
troyano422: folds 
midor1ya: folds 
Walkel: folds 
Kiwiloop: calls $0.33
chefecoxim: folds 
Dorex2007: folds 
*** FLOP *** [Jc Qd 9h]
*** TURN *** [Jc Qd 9h] [4h]
*** RIVER *** [Jc Qd 9h 4h] [Qs]
*** SHOW DOWN ***
ikai78: shows [Ah 2c] (a pair of Queens)
Kiwiloop: shows [3h 3s] (two pair, Queens and Threes)
Kiwiloop collected $0.67 from pot
*** SUMMARY ***
Total pot $0.69 | Rake $0.02 
Board [Jc Qd 9h 4h Qs]
Seat 1: maikmaik494 folded before Flop (didn't bet)
Seat 2: Egor_SKY88 folded before Flop (didn't bet)
Seat 3: troyano422 folded before Flop (didn't bet)
Seat 4: midor1ya folded before Flop (didn't bet)
Seat 5: Walkel folded before Flop (didn't bet)
Seat 6: Kiwiloop (button) showed [3h 3s] and won ($0.67) with two pair, Queens and Threes
Seat 7: chefecoxim (small blind) folded before Flop
Seat 8: Dorex2007 (big blind) folded before Flop
Seat 9: ikai78 showed [Ah 2c] and lost with a pair of Queens



PokerStars Hand #237239315958:  Hold'em No Limit ($0.01/$0.02 USD) - 2022/07/08 12:41:40 PT [2022/07/08 15:41:40 ET]
Table 'Ginevra II' 9-max Seat #7 is the button
Seat 1: maikmaik494 ($1.98 in chips) 
Seat 2: Egor_SKY88 ($2.33 in chips) 
Seat 3: troyano422 ($0.66 in chips) 
Seat 4: midor1ya ($2.20 in chips) 
Seat 5: Walkel ($1.99 in chips) 
Seat 6: Kiwiloop ($2.02 in chips) 
Seat 7: chefecoxim ($1.88 in chips) 
Seat 8: Dorex2007 ($2 in chips) 
Dorex2007: posts small blind $0.01
maikmaik494: posts big blind $0.02
*** HOLE CARDS ***
Dealt to Dorex2007 [2d Td]
Egor_SKY88: raises $0.02 to $0.04
ikai78 leaves the table
troyano422: folds 
midor1ya: raises $0.11 to $0.15
Walkel: folds 
Kiwiloop: calls $0.15
chefecoxim: folds 
Dorex2007: folds 
maikmaik494: folds 
Egor_SKY88: calls $0.11
*** FLOP *** [9h Js 4s]
Egor_SKY88: bets $0.23
midor1ya: folds 
Kiwiloop: folds 
Uncalled bet ($0.23) returned to Egor_SKY88
Egor_SKY88 collected $0.46 from pot
*** SUMMARY ***
Total pot $0.48 | Rake $0.02 
Board [9h Js 4s]
Seat 1: maikmaik494 (big blind) folded before Flop
Seat 2: Egor_SKY88 collected ($0.46)
Seat 3: troyano422 folded before Flop (didn't bet)
Seat 4: midor1ya folded on the Flop
Seat 5: Walkel folded before Flop (didn't bet)
Seat 6: Kiwiloop folded on the Flop
Seat 7: chefecoxim (button) folded before Flop (didn't bet)
Seat 8: Dorex2007 (small blind) folded before Flop



PokerStars Hand #237239332337:  Hold'em No Limit ($0.01/$0.02 USD) - 2022/07/08 12:42:25 PT [2022/07/08 15:42:25 ET]
Table 'Ginevra II' 9-max Seat #8 is the button
Seat 1: maikmaik494 ($1.96 in chips) 
Seat 2: Egor_SKY88 ($2.64 in chips) 
Seat 3: troyano422 ($0.66 in chips) 
Seat 4: midor1ya ($2.05 in chips) 
Seat 5: Walkel ($1.99 in chips) 
Seat 6: Kiwiloop ($1.87 in chips) 
Seat 7: chefecoxim ($1.88 in chips) 
Seat 8: Dorex2007 ($2 in chips) 
maikmaik494: posts small blind $0.01
Egor_SKY88: posts big blind $0.02
*** HOLE CARDS ***
Dealt to Dorex2007 [Jh 3c]
nlpoker999 joins the table at seat #9 
troyano422: folds 
midor1ya: folds 
Walkel: folds 
Kiwiloop: calls $0.02
chefecoxim: calls $0.02
Dorex2007: folds 
maikmaik494: calls $0.01
Egor_SKY88: checks 
*** FLOP *** [9s Ah As]
maikmaik494: checks 
Egor_SKY88: checks 
Kiwiloop: checks 
chefecoxim: checks 
*** TURN *** [9s Ah As] [9d]
maikmaik494: checks 
Egor_SKY88: bets $0.02
Kiwiloop: raises $0.06 to $0.08
chefecoxim: folds 
maikmaik494: folds 
Egor_SKY88: calls $0.06
*** RIVER *** [9s Ah As 9d] [Ac]
Egor_SKY88: bets $0.11
Kiwiloop: calls $0.11
*** SHOW DOWN ***
Egor_SKY88: shows [9h 6s] (a full house, Aces full of Nines)
Kiwiloop: shows [2s Td] (a full house, Aces full of Nines)
Egor_SKY88 collected $0.22 from pot
Kiwiloop collected $0.22 from pot
*** SUMMARY ***
Total pot $0.46 | Rake $0.02 
Board [9s Ah As 9d Ac]
Seat 1: maikmaik494 (small blind) folded on the Turn
Seat 2: Egor_SKY88 (big blind) showed [9h 6s] and won ($0.22) with a full house, Aces full of Nines
Seat 3: troyano422 folded before Flop (didn't bet)
Seat 4: midor1ya folded before Flop (didn't bet)
Seat 5: Walkel folded before Flop (didn't bet)
Seat 6: Kiwiloop showed [2s Td] and won ($0.22) with a full house, Aces full of Nines
Seat 7: chefecoxim folded on the Turn
Seat 8: Dorex2007 (button) folded before Flop (didn't bet)



PokerStars Hand #237239352105:  Hold'em No Limit ($0.01/$0.02 USD) - 2022/07/08 12:43:21 PT [2022/07/08 15:43:21 ET]
Table 'Ginevra II' 9-max Seat #1 is the button
Seat 1: maikmaik494 ($1.94 in chips) 
Seat 2: Egor_SKY88 ($2.65 in chips) 
Seat 3: troyano422 ($0.66 in chips) 
Seat 4: midor1ya ($2.05 in chips) 
Seat 5: Walkel ($1.99 in chips) 
Seat 6: Kiwiloop ($1.88 in chips) 
Seat 7: chefecoxim ($1.86 in chips) 
Seat 8: Dorex2007 ($2 in chips) 
Egor_SKY88: posts small blind $0.01
troyano422: posts big blind $0.02
nlpoker999: sits out 
*** HOLE CARDS ***
Dealt to Dorex2007 [3c Kc]
midor1ya: folds 
Walkel: folds 
Kiwiloop: calls $0.02
chefecoxim: calls $0.02
Dorex2007: folds 
maikmaik494: calls $0.02
Egor_SKY88: calls $0.01
troyano422: checks 
*** FLOP *** [9h 3s 2s]
Egor_SKY88: checks 
troyano422: checks 
Kiwiloop: checks 
chefecoxim: checks 
maikmaik494: bets $0.07
Egor_SKY88: folds 
troyano422: folds 
Kiwiloop: calls $0.07
chefecoxim: folds 
*** TURN *** [9h 3s 2s] [Qd]
Kiwiloop: checks 
maikmaik494: bets $0.11
Kiwiloop: calls $0.11
*** RIVER *** [9h 3s 2s Qd] [Jh]
Kiwiloop: checks 
maikmaik494: checks 
*** SHOW DOWN ***
Kiwiloop: shows [Ts As] (high card Ace)
maikmaik494: shows [8s 9c] (a pair of Nines)
maikmaik494 collected $0.44 from pot
*** SUMMARY ***
Total pot $0.46 | Rake $0.02 
Board [9h 3s 2s Qd Jh]
Seat 1: maikmaik494 (button) showed [8s 9c] and won ($0.44) with a pair of Nines
Seat 2: Egor_SKY88 (small blind) folded on the Flop
Seat 3: troyano422 (big blind) folded on the Flop
Seat 4: midor1ya folded before Flop (didn't bet)
Seat 5: Walkel folded before Flop (didn't bet)
Seat 6: Kiwiloop showed [Ts As] and lost with high card Ace
Seat 7: chefecoxim folded on the Flop
Seat 8: Dorex2007 folded before Flop (didn't bet)



PokerStars Hand #237239381320:  Hold'em No Limit ($0.01/$0.02 USD) - 2022/07/08 12:44:27 PT [2022/07/08 15:44:27 ET]
Table 'Ginevra II' 9-max Seat #2 is the button
Seat 1: maikmaik494 ($2.18 in chips) 
Seat 2: Egor_SKY88 ($2.63 in chips) 
Seat 3: troyano422 ($0.64 in chips) 
Seat 4: midor1ya ($2.05 in chips) 
Seat 5: Walkel ($1.99 in chips) 
Seat 6: Kiwiloop ($1.68 in chips) 
Seat 7: chefecoxim ($1.84 in chips) 
Seat 8: Dorex2007 ($2 in chips) 
troyano422: posts small blind $0.01
midor1ya: posts big blind $0.02
nlpoker999: sits out 
*** HOLE CARDS ***
Dealt to Dorex2007 [6h As]
Walkel: folds 
Kiwiloop: raises $0.02 to $0.04
chefecoxim: calls $0.04
Dorex2007: folds 
maikmaik494: folds 
Egor_SKY88: calls $0.04
troyano422: folds 
midor1ya: calls $0.02
*** FLOP *** [Jh Qd Kh]
midor1ya: checks 
Kiwiloop: bets $0.08
chefecoxim: calls $0.08
Egor_SKY88: raises $0.14 to $0.22
midor1ya: folds 
Kiwiloop: calls $0.14
chefecoxim: calls $0.14
*** TURN *** [Jh Qd Kh] [8d]
Kiwiloop: bets $0.30
chefecoxim: calls $0.30
Egor_SKY88: calls $0.30
*** RIVER *** [Jh Qd Kh 8d] [9c]
Kiwiloop: checks 
chefecoxim: checks 
Egor_SKY88: checks 
*** SHOW DOWN ***
Kiwiloop: shows [4d Ah] (high card Ace)
chefecoxim: shows [4s Ks] (a pair of Kings)
Egor_SKY88: shows [6s Kd] (a pair of Kings)
chefecoxim collected $0.84 from pot
Egor_SKY88 collected $0.83 from pot
*** SUMMARY ***
Total pot $1.73 | Rake $0.06 
Board [Jh Qd Kh 8d 9c]
Seat 1: maikmaik494 folded before Flop (didn't bet)
Seat 2: Egor_SKY88 (button) showed [6s Kd] and won ($0.83) with a pair of Kings
Seat 3: troyano422 (small blind) folded before Flop
Seat 4: midor1ya (big blind) folded on the Flop
Seat 5: Walkel folded before Flop (didn't bet)
Seat 6: Kiwiloop showed [4d Ah] and lost with high card Ace
Seat 7: chefecoxim showed [4s Ks] and won ($0.84) with a pair of Kings
Seat 8: Dorex2007 folded before Flop (didn't bet)



PokerStars Hand #237239401526:  Hold'em No Limit ($0.01/$0.02 USD) - 2022/07/08 12:45:23 PT [2022/07/08 15:45:23 ET]
Table 'Ginevra II' 9-max Seat #3 is the button
Seat 1: maikmaik494 ($2.18 in chips) 
Seat 2: Egor_SKY88 ($2.90 in chips) 
Seat 3: troyano422 ($0.63 in chips) 
Seat 4: midor1ya ($2.01 in chips) 
Seat 5: Walkel ($1.99 in chips) 
Seat 6: Kiwiloop ($1.12 in chips) 
Seat 7: chefecoxim ($2.12 in chips) 
Seat 8: Dorex2007 ($2 in chips) 
midor1ya: posts small blind $0.01
Walkel: posts big blind $0.02
nlpoker999: sits out 
*** HOLE CARDS ***
Dealt to Dorex2007 [7d Ac]
Kiwiloop: calls $0.02
chefecoxim: folds 
Dorex2007: folds 
maikmaik494: calls $0.02
Egor_SKY88: raises $0.04 to $0.06
troyano422: calls $0.06
midor1ya: folds 
Walkel: calls $0.04
Kiwiloop: calls $0.04
maikmaik494: calls $0.04
*** FLOP *** [2h 8d Qh]
Walkel: checks 
Kiwiloop: checks 
maikmaik494: checks 
Egor_SKY88: checks 
troyano422: bets $0.10
Walkel: folds 
Kiwiloop: folds 
maikmaik494: folds 
Egor_SKY88: folds 
Uncalled bet ($0.10) returned to troyano422
troyano422 collected $0.30 from pot
*** SUMMARY ***
Total pot $0.31 | Rake $0.01 
Board [2h 8d Qh]
Seat 1: maikmaik494 folded on the Flop
Seat 2: Egor_SKY88 folded on the Flop
Seat 3: troyano422 (button) collected ($0.30)
Seat 4: midor1ya (small blind) folded before Flop
Seat 5: Walkel (big blind) folded on the Flop
Seat 6: Kiwiloop folded on the Flop
Seat 7: chefecoxim folded before Flop (didn't bet)
Seat 8: Dorex2007 folded before Flop (didn't bet)



PokerStars Hand #237239416670:  Hold'em No Limit ($0.01/$0.02 USD) - 2022/07/08 12:46:06 PT [2022/07/08 15:46:06 ET]
Table 'Ginevra II' 9-max Seat #4 is the button
Seat 1: maikmaik494 ($2.12 in chips) 
Seat 2: Egor_SKY88 ($2.84 in chips) 
Seat 3: troyano422 ($0.87 in chips) 
Seat 4: midor1ya ($2 in chips) 
Seat 5: Walkel ($1.93 in chips) 
Seat 6: Kiwiloop ($1.06 in chips) 
Seat 7: chefecoxim ($2.12 in chips) 
Seat 8: Dorex2007 ($2 in chips) 
Walkel: posts small blind $0.01
Kiwiloop: posts big blind $0.02
nlpoker999: sits out 
*** HOLE CARDS ***
Dealt to Dorex2007 [3s 9d]
chefecoxim: folds 
Dorex2007: folds 
maikmaik494: folds 
Egor_SKY88: raises $0.02 to $0.04
troyano422: calls $0.04
midor1ya: calls $0.04
Walkel: folds 
Kiwiloop: calls $0.02
*** FLOP *** [4d Js 3d]
Kiwiloop: checks 
Egor_SKY88: bets $0.08
troyano422: folds 
midor1ya: calls $0.08
Kiwiloop: calls $0.08
*** TURN *** [4d Js 3d] [Td]
Kiwiloop: checks 
Egor_SKY88: checks 
midor1ya: bets $0.13
Kiwiloop: calls $0.13
Egor_SKY88: folds 
*** RIVER *** [4d Js 3d Td] [5s]
Kiwiloop: bets $0.26
midor1ya: folds 
Uncalled bet ($0.26) returned to Kiwiloop
Kiwiloop collected $0.65 from pot
*** SUMMARY ***
Total pot $0.67 | Rake $0.02 
Board [4d Js 3d Td 5s]
Seat 1: maikmaik494 folded before Flop (didn't bet)
Seat 2: Egor_SKY88 folded on the Turn
Seat 3: troyano422 folded on the Flop
Seat 4: midor1ya (button) folded on the River
Seat 5: Walkel (small blind) folded before Flop
Seat 6: Kiwiloop (big blind) collected ($0.65)
Seat 7: chefecoxim folded before Flop (didn't bet)
Seat 8: Dorex2007 folded before Flop (didn't bet)



PokerStars Hand #237239442790:  Hold'em No Limit ($0.01/$0.02 USD) - 2022/07/08 12:47:19 PT [2022/07/08 15:47:19 ET]
Table 'Ginevra II' 9-max Seat #5 is the button
Seat 1: maikmaik494 ($2.12 in chips) 
Seat 2: Egor_SKY88 ($2.72 in chips) 
Seat 3: troyano422 ($0.83 in chips) 
Seat 4: midor1ya ($2 in chips) 
Seat 5: Walkel ($1.92 in chips) 
Seat 6: Kiwiloop ($1.46 in chips) 
Seat 7: chefecoxim ($2.12 in chips) 
Seat 8: Dorex2007 ($2 in chips) 
Kiwiloop: posts small blind $0.01
chefecoxim: posts big blind $0.02
nlpoker999: sits out 
*** HOLE CARDS ***
Dealt to Dorex2007 [4c 5d]
Dorex2007: folds 
maikmaik494: calls $0.02
Egor_SKY88: raises $0.06 to $0.08
troyano422: folds 
midor1ya: folds 
Walkel: folds 
Kiwiloop: calls $0.07
chefecoxim: folds 
maikmaik494: folds 
*** FLOP *** [5s 2d Qd]
Kiwiloop: checks 
Egor_SKY88: bets $0.15
Kiwiloop: raises $0.15 to $0.30
Egor_SKY88: calls $0.15
*** TURN *** [5s 2d Qd] [8d]
Kiwiloop: bets $0.38
Egor_SKY88: folds 
Uncalled bet ($0.38) returned to Kiwiloop
Kiwiloop collected $0.77 from pot
*** SUMMARY ***
Total pot $0.80 | Rake $0.03 
Board [5s 2d Qd 8d]
Seat 1: maikmaik494 folded before Flop
Seat 2: Egor_SKY88 folded on the Turn
Seat 3: troyano422 folded before Flop (didn't bet)
Seat 4: midor1ya folded before Flop (didn't bet)
Seat 5: Walkel (button) folded before Flop (didn't bet)
Seat 6: Kiwiloop (small blind) collected ($0.77)
Seat 7: chefecoxim (big blind) folded before Flop
Seat 8: Dorex2007 folded before Flop (didn't bet)



PokerStars Hand #237239456417:  Hold'em No Limit ($0.01/$0.02 USD) - 2022/07/08 12:47:57 PT [2022/07/08 15:47:57 ET]
Table 'Ginevra II' 9-max Seat #6 is the button
Seat 1: maikmaik494 ($2.10 in chips) 
Seat 2: Egor_SKY88 ($2.34 in chips) 
Seat 3: troyano422 ($0.83 in chips) 
Seat 4: midor1ya ($2 in chips) 
Seat 5: Walkel ($1.92 in chips) 
Seat 6: Kiwiloop ($1.85 in chips) 
Seat 7: chefecoxim ($2.10 in chips) 
Seat 8: Dorex2007 ($2 in chips) 
chefecoxim: posts small blind $0.01
Dorex2007: posts big blind $0.02
nlpoker999: sits out 
*** HOLE CARDS ***
Dealt to Dorex2007 [Th Ad]
maikmaik494: folds 
Egor_SKY88: raises $0.02 to $0.04
troyano422: calls $0.04
midor1ya has timed out
midor1ya: folds 
Walkel: folds 
Kiwiloop: calls $0.04
chefecoxim: folds 
Dorex2007: calls $0.02
*** FLOP *** [6d Ac 9h]
Dorex2007: bets $0.08
Egor_SKY88: calls $0.08
troyano422: folds 
Kiwiloop: folds 
*** TURN *** [6d Ac 9h] [6s]
Dorex2007: checks 
Egor_SKY88: bets $0.16
Dorex2007: calls $0.16
*** RIVER *** [6d Ac 9h 6s] [4c]
Dorex2007: bets $0.24
Egor_SKY88: calls $0.24
*** SHOW DOWN ***
Dorex2007: shows [Th Ad] (two pair, Aces and Sixes)
Egor_SKY88: mucks hand 
Dorex2007 collected $1.09 from pot
*** SUMMARY ***
Total pot $1.13 | Rake $0.04 
Board [6d Ac 9h 6s 4c]
Seat 1: maikmaik494 folded before Flop (didn't bet)
Seat 2: Egor_SKY88 mucked [Kc 9c]
Seat 3: troyano422 folded on the Flop
Seat 4: midor1ya folded before Flop (didn't bet)
Seat 5: Walkel folded before Flop (didn't bet)
Seat 6: Kiwiloop (button) folded on the Flop
Seat 7: chefecoxim (small blind) folded before Flop
Seat 8: Dorex2007 (big blind) showed [Th Ad] and won ($1.09) with two pair, Aces and Sixes



PokerStars Hand #237239482575:  Hold'em No Limit ($0.01/$0.02 USD) - 2022/07/08 12:49:10 PT [2022/07/08 15:49:10 ET]
Table 'Ginevra II' 9-max Seat #7 is the button
Seat 1: maikmaik494 ($2.10 in chips) 
Seat 2: Egor_SKY88 ($1.82 in chips) 
Seat 3: troyano422 ($0.79 in chips) 
Seat 4: midor1ya ($2 in chips) 
Seat 5: Walkel ($1.92 in chips) 
Seat 6: Kiwiloop ($1.81 in chips) 
Seat 7: chefecoxim ($2.09 in chips) 
Seat 8: Dorex2007 ($2.57 in chips) 
Seat 9: nlpoker999 ($2 in chips) 
Dorex2007: posts small blind $0.01
nlpoker999: posts big blind $0.02
*** HOLE CARDS ***
Dealt to Dorex2007 [9c Tc]
maikmaik494: folds 
Egor_SKY88: folds 
troyano422: folds 
midor1ya: folds 
Walkel: folds 
Kiwiloop: calls $0.02
chefecoxim: folds 
Dorex2007: calls $0.01
nlpoker999: checks 
*** FLOP *** [7d Qc 6h]
Dorex2007: checks 
nlpoker999: checks 
Kiwiloop: bets $0.03
Dorex2007: calls $0.03
nlpoker999: folds 
*** TURN *** [7d Qc 6h] [9d]
Dorex2007: checks 
Kiwiloop: bets $0.06
Dorex2007: folds 
Uncalled bet ($0.06) returned to Kiwiloop
Kiwiloop collected $0.12 from pot
*** SUMMARY ***
Total pot $0.12 | Rake $0 
Board [7d Qc 6h 9d]
Seat 1: maikmaik494 folded before Flop (didn't bet)
Seat 2: Egor_SKY88 folded before Flop (didn't bet)
Seat 3: troyano422 folded before Flop (didn't bet)
Seat 4: midor1ya folded before Flop (didn't bet)
Seat 5: Walkel folded before Flop (didn't bet)
Seat 6: Kiwiloop collected ($0.12)
Seat 7: chefecoxim (button) folded before Flop (didn't bet)
Seat 8: Dorex2007 (small blind) folded on the Turn
Seat 9: nlpoker999 (big blind) folded on the Flop



PokerStars Hand #237239499007:  Hold'em No Limit ($0.01/$0.02 USD) - 2022/07/08 12:49:56 PT [2022/07/08 15:49:56 ET]
Table 'Ginevra II' 9-max Seat #8 is the button
Seat 1: maikmaik494 ($2.10 in chips) 
Seat 2: Egor_SKY88 ($1.82 in chips) 
Seat 3: troyano422 ($0.79 in chips) 
Seat 4: midor1ya ($2 in chips) 
Seat 5: Walkel ($1.92 in chips) 
Seat 6: Kiwiloop ($1.88 in chips) 
Seat 7: chefecoxim ($2.09 in chips) 
Seat 8: Dorex2007 ($2.52 in chips) 
Seat 9: nlpoker999 ($1.98 in chips) 
nlpoker999: posts small blind $0.01
maikmaik494: posts big blind $0.02
*** HOLE CARDS ***
Dealt to Dorex2007 [7c 8d]
Egor_SKY88: folds 
troyano422: raises $0.04 to $0.06
midor1ya: folds 
Walkel: folds 
Kiwiloop: calls $0.06
chefecoxim: calls $0.06
Dorex2007: folds 
nlpoker999: folds 
maikmaik494: folds 
*** FLOP *** [Th Js 3c]
troyano422: checks 
Kiwiloop: checks 
chefecoxim: bets $0.06
troyano422: raises $0.08 to $0.14
Kiwiloop: folds 
chefecoxim: calls $0.08
*** TURN *** [Th Js 3c] [7d]
troyano422: bets $0.30
chefecoxim: folds 
Uncalled bet ($0.30) returned to troyano422
troyano422 collected $0.47 from pot
*** SUMMARY ***
Total pot $0.49 | Rake $0.02 
Board [Th Js 3c 7d]
Seat 1: maikmaik494 (big blind) folded before Flop
Seat 2: Egor_SKY88 folded before Flop (didn't bet)
Seat 3: troyano422 collected ($0.47)
Seat 4: midor1ya folded before Flop (didn't bet)
Seat 5: Walkel folded before Flop (didn't bet)
Seat 6: Kiwiloop folded on the Flop
Seat 7: chefecoxim folded on the Turn
Seat 8: Dorex2007 (button) folded before Flop (didn't bet)
Seat 9: nlpoker999 (small blind) folded before Flop



PokerStars Hand #237239521303:  Hold'em No Limit ($0.01/$0.02 USD) - 2022/07/08 12:50:59 PT [2022/07/08 15:50:59 ET]
Table 'Ginevra II' 9-max Seat #9 is the button
Seat 1: maikmaik494 ($2.08 in chips) 
Seat 2: Egor_SKY88 ($1.82 in chips) 
Seat 3: troyano422 ($1.06 in chips) 
Seat 4: midor1ya ($2 in chips) 
Seat 5: Walkel ($1.92 in chips) 
Seat 6: Kiwiloop ($1.82 in chips) 
Seat 7: chefecoxim ($1.89 in chips) 
Seat 8: Dorex2007 ($2.52 in chips) 
Seat 9: nlpoker999 ($1.97 in chips) 
maikmaik494: posts small blind $0.01
Egor_SKY88: posts big blind $0.02
*** HOLE CARDS ***
Dealt to Dorex2007 [Jc 2c]
troyano422: folds 
midor1ya: folds 
Walkel: folds 
Kiwiloop: calls $0.02
chefecoxim: folds 
Dorex2007: folds 
nlpoker999: folds 
maikmaik494: raises $0.04 to $0.06
Egor_SKY88: calls $0.04
Kiwiloop: calls $0.04
*** FLOP *** [Ac 7s 2s]
maikmaik494: checks 
Egor_SKY88: checks 
Kiwiloop: checks 
*** TURN *** [Ac 7s 2s] [9c]
maikmaik494: bets $0.08
Egor_SKY88: folds 
Kiwiloop: folds 
Uncalled bet ($0.08) returned to maikmaik494
maikmaik494 collected $0.17 from pot
*** SUMMARY ***
Total pot $0.18 | Rake $0.01 
Board [Ac 7s 2s 9c]
Seat 1: maikmaik494 (small blind) collected ($0.17)
Seat 2: Egor_SKY88 (big blind) folded on the Turn
Seat 3: troyano422 folded before Flop (didn't bet)
Seat 4: midor1ya folded before Flop (didn't bet)
Seat 5: Walkel folded before Flop (didn't bet)
Seat 6: Kiwiloop folded on the Turn
Seat 7: chefecoxim folded before Flop (didn't bet)
Seat 8: Dorex2007 folded before Flop (didn't bet)
Seat 9: nlpoker999 (button) folded before Flop (didn't bet)



PokerStars Hand #237239538265:  Hold'em No Limit ($0.01/$0.02 USD) - 2022/07/08 12:51:46 PT [2022/07/08 15:51:46 ET]
Table 'Ginevra II' 9-max Seat #1 is the button
Seat 1: maikmaik494 ($2.19 in chips) 
Seat 2: Egor_SKY88 ($1.76 in chips) 
Seat 3: troyano422 ($1.06 in chips) 
Seat 4: midor1ya ($2 in chips) 
Seat 5: Walkel ($1.92 in chips) 
Seat 6: Kiwiloop ($1.76 in chips) 
Seat 7: chefecoxim ($1.89 in chips) 
Seat 8: Dorex2007 ($2.52 in chips) 
Seat 9: nlpoker999 ($1.97 in chips) 
Egor_SKY88: posts small blind $0.01
troyano422: posts big blind $0.02
*** HOLE CARDS ***
Dealt to Dorex2007 [3c Qh]
midor1ya: folds 
Walkel: folds 
Kiwiloop: calls $0.02
chefecoxim: folds 
Dorex2007: folds 
nlpoker999: raises $0.04 to $0.06
maikmaik494: folds 
Egor_SKY88: calls $0.05
troyano422: folds 
Kiwiloop: calls $0.04
*** FLOP *** [5c Th Qd]
Egor_SKY88: checks 
Kiwiloop: checks 
nlpoker999: checks 
*** TURN *** [5c Th Qd] [9h]
Egor_SKY88: bets $0.09
Kiwiloop: calls $0.09
nlpoker999: calls $0.09
*** RIVER *** [5c Th Qd 9h] [8s]
Egor_SKY88: bets $0.22
Kiwiloop: folds 
nlpoker999: folds 
Uncalled bet ($0.22) returned to Egor_SKY88
Egor_SKY88 collected $0.45 from pot
*** SUMMARY ***
Total pot $0.47 | Rake $0.02 
Board [5c Th Qd 9h 8s]
Seat 1: maikmaik494 (button) folded before Flop (didn't bet)
Seat 2: Egor_SKY88 (small blind) collected ($0.45)
Seat 3: troyano422 (big blind) folded before Flop
Seat 4: midor1ya folded before Flop (didn't bet)
Seat 5: Walkel folded before Flop (didn't bet)
Seat 6: Kiwiloop folded on the River
Seat 7: chefecoxim folded before Flop (didn't bet)
Seat 8: Dorex2007 folded before Flop (didn't bet)
Seat 9: nlpoker999 folded on the River



PokerStars Hand #237239560821:  Hold'em No Limit ($0.01/$0.02 USD) - 2022/07/08 12:52:49 PT [2022/07/08 15:52:49 ET]
Table 'Ginevra II' 9-max Seat #2 is the button
Seat 1: maikmaik494 ($2.19 in chips) 
Seat 2: Egor_SKY88 ($2.06 in chips) 
Seat 4: midor1ya ($2 in chips) 
Seat 5: Walkel ($1.92 in chips) 
Seat 6: Kiwiloop ($1.61 in chips) 
Seat 7: chefecoxim ($1.89 in chips) 
Seat 8: Dorex2007 ($2.52 in chips) 
Seat 9: nlpoker999 ($1.82 in chips) 
troyano422: is sitting out 
troyano422 leaves the table
midor1ya: posts small blind $0.01
Walkel: posts big blind $0.02
*** HOLE CARDS ***
Dealt to Dorex2007 [Th Qd]
Kiwiloop: calls $0.02
chefecoxim: folds 
Dorex2007: calls $0.02
nlpoker999: folds 
maikmaik494: calls $0.02
Egor_SKY88: calls $0.02
midor1ya: folds 
Walkel: checks 
*** FLOP *** [8h 9h Ad]
Walkel: checks 
Kiwiloop: checks 
Dorex2007: checks 
maikmaik494: checks 
Egor_SKY88: bets $0.02
Walkel: folds 
Kiwiloop: calls $0.02
Dorex2007: calls $0.02
maikmaik494: calls $0.02
*** TURN *** [8h 9h Ad] [7c]
Kiwiloop: checks 
Dorex2007: checks 
maikmaik494: checks 
Egor_SKY88: bets $0.09
Kiwiloop: folds 
Dorex2007: folds 
maikmaik494: raises $0.09 to $0.18
Egor_SKY88: raises $0.27 to $0.45
maikmaik494: calls $0.27
*** RIVER *** [8h 9h Ad 7c] [4s]
maikmaik494: checks 
Egor_SKY88: bets $0.52
maikmaik494: calls $0.52
*** SHOW DOWN ***
Egor_SKY88: shows [9s 7d] (two pair, Nines and Sevens)
maikmaik494: shows [6c 5c] (a straight, Five to Nine)
maikmaik494 collected $2.04 from pot
*** SUMMARY ***
Total pot $2.13 | Rake $0.09 
Board [8h 9h Ad 7c 4s]
Seat 1: maikmaik494 showed [6c 5c] and won ($2.04) with a straight, Five to Nine
Seat 2: Egor_SKY88 (button) showed [9s 7d] and lost with two pair, Nines and Sevens
Seat 4: midor1ya (small blind) folded before Flop
Seat 5: Walkel (big blind) folded on the Flop
Seat 6: Kiwiloop folded on the Turn
Seat 7: chefecoxim folded before Flop (didn't bet)
Seat 8: Dorex2007 folded on the Turn
Seat 9: nlpoker999 folded before Flop (didn't bet)



PokerStars Hand #237239594228:  Hold'em No Limit ($0.01/$0.02 USD) - 2022/07/08 12:54:04 PT [2022/07/08 15:54:04 ET]
Table 'Ginevra II' 9-max Seat #4 is the button
Seat 1: maikmaik494 ($3.22 in chips) 
Seat 2: Egor_SKY88 ($1.05 in chips) 
Seat 4: midor1ya ($2 in chips) 
Seat 5: Walkel ($1.90 in chips) 
Seat 6: Kiwiloop ($1.57 in chips) 
Seat 7: chefecoxim ($1.89 in chips) 
Seat 8: Dorex2007 ($2.48 in chips) 
Seat 9: nlpoker999 ($1.82 in chips) 
Walkel: posts small blind $0.01
Kiwiloop: posts big blind $0.02
*** HOLE CARDS ***
Dealt to Dorex2007 [Tc 9h]
chefecoxim: folds 
Dorex2007: folds 
nlpoker999: folds 
maikmaik494: raises $0.04 to $0.06
Egor_SKY88: folds 
midor1ya: calls $0.06
Walkel: folds 
Kiwiloop: calls $0.04
*** FLOP *** [5d 2c 7h]
Kiwiloop: checks 
maikmaik494: checks 
midor1ya: bets $0.06
Kiwiloop: calls $0.06
maikmaik494: folds 
*** TURN *** [5d 2c 7h] [Ks]
Kiwiloop: checks 
midor1ya: bets $0.16
Kiwiloop: calls $0.16
*** RIVER *** [5d 2c 7h Ks] [Jc]
Kiwiloop: bets $0.30
midor1ya: raises $1.42 to $1.72 and is all-in
Kiwiloop: folds 
Uncalled bet ($1.42) returned to midor1ya
midor1ya collected $1.19 from pot
*** SUMMARY ***
Total pot $1.23 | Rake $0.04 
Board [5d 2c 7h Ks Jc]
Seat 1: maikmaik494 folded on the Flop
Seat 2: Egor_SKY88 folded before Flop (didn't bet)
Seat 4: midor1ya (button) collected ($1.19)
Seat 5: Walkel (small blind) folded before Flop
Seat 6: Kiwiloop (big blind) folded on the River
Seat 7: chefecoxim folded before Flop (didn't bet)
Seat 8: Dorex2007 folded before Flop (didn't bet)
Seat 9: nlpoker999 folded before Flop (didn't bet)



PokerStars Hand #237239614883:  Hold'em No Limit ($0.01/$0.02 USD) - 2022/07/08 12:55:01 PT [2022/07/08 15:55:01 ET]
Table 'Ginevra II' 9-max Seat #5 is the button
Seat 1: maikmaik494 ($3.16 in chips) 
Seat 2: Egor_SKY88 ($1.05 in chips) 
Seat 4: midor1ya ($2.61 in chips) 
Seat 5: Walkel ($2 in chips) 
Seat 6: Kiwiloop ($0.99 in chips) 
Seat 7: chefecoxim ($1.89 in chips) 
Seat 8: Dorex2007 ($2.48 in chips) 
Seat 9: nlpoker999 ($1.82 in chips) 
Kiwiloop: posts small blind $0.01
chefecoxim: posts big blind $0.02
*** HOLE CARDS ***
Dealt to Dorex2007 [Qd 9d]
Dorex2007 has timed out
Dorex2007: folds 
nlpoker999: folds 
maikmaik494: folds 
Egor_SKY88: raises $0.04 to $0.06
midor1ya: folds 
Walkel: folds 
Kiwiloop: calls $0.05
chefecoxim: folds 
*** FLOP *** [Qc 6d Kh]
Kiwiloop: checks 
Egor_SKY88: bets $0.09
Kiwiloop: raises $0.09 to $0.18
0RB BR0 joins the table at seat #3 
Egor_SKY88: raises $0.81 to $0.99 and is all-in
Kiwiloop: calls $0.75 and is all-in
Uncalled bet ($0.06) returned to Egor_SKY88
*** TURN *** [Qc 6d Kh] [4h]
*** RIVER *** [Qc 6d Kh 4h] [Jh]
*** SHOW DOWN ***
Kiwiloop: shows [7c Kd] (a pair of Kings)
Egor_SKY88: shows [Ts Td] (a pair of Tens)
Kiwiloop collected $1.93 from pot
*** SUMMARY ***
Total pot $2 | Rake $0.07 
Board [Qc 6d Kh 4h Jh]
Seat 1: maikmaik494 folded before Flop (didn't bet)
Seat 2: Egor_SKY88 showed [Ts Td] and lost with a pair of Tens
Seat 4: midor1ya folded before Flop (didn't bet)
Seat 5: Walkel (button) folded before Flop (didn't bet)
Seat 6: Kiwiloop (small blind) showed [7c Kd] and won ($1.93) with a pair of Kings
Seat 7: chefecoxim (big blind) folded before Flop
Seat 8: Dorex2007 folded before Flop (didn't bet)
Seat 9: nlpoker999 folded before Flop (didn't bet)



PokerStars Hand #237239628387:  Hold'em No Limit ($0.01/$0.02 USD) - 2022/07/08 12:55:48 PT [2022/07/08 15:55:48 ET]
Table 'Ginevra II' 9-max Seat #6 is the button
Seat 1: maikmaik494 ($3.16 in chips) 
Seat 2: Egor_SKY88 ($0.06 in chips) 
Seat 3: 0RB BR0 ($0.80 in chips) 
Seat 4: midor1ya ($2.61 in chips) 
Seat 5: Walkel ($2 in chips) 
Seat 6: Kiwiloop ($1.93 in chips) 
Seat 7: chefecoxim ($1.87 in chips) 
Seat 8: Dorex2007 ($2.48 in chips) 
Seat 9: nlpoker999 ($1.82 in chips) 
chefecoxim: posts small blind $0.01
Dorex2007: posts big blind $0.02
0RB BR0: posts big blind $0.02
*** HOLE CARDS ***
Dealt to Dorex2007 [3h 6s]
nlpoker999: raises $0.04 to $0.06
maikmaik494: folds 
Egor_SKY88: calls $0.06 and is all-in
maikmaik494 leaves the table
0RB BR0: calls $0.04
midor1ya: folds 
Walkel: folds 
dboulay1979 joins the table at seat #1 
Kiwiloop: calls $0.06
chefecoxim: calls $0.05
Dorex2007: folds 
*** FLOP *** [2c Tc 8c]
chefecoxim: bets $0.02
nlpoker999: folds 
0RB BR0: calls $0.02
Kiwiloop: calls $0.02
*** TURN *** [2c Tc 8c] [Kd]
chefecoxim: bets $0.02
0RB BR0: calls $0.02
Kiwiloop: calls $0.02
*** RIVER *** [2c Tc 8c Kd] [Td]
chefecoxim: checks 
0RB BR0: bets $0.04
Kiwiloop: raises $0.25 to $0.29
chefecoxim: folds 
0RB BR0: folds 
Uncalled bet ($0.25) returned to Kiwiloop
*** SHOW DOWN ***
Kiwiloop: shows [8s 5h] (two pair, Tens and Eights)
Kiwiloop collected $0.19 from side pot
Egor_SKY88: shows [Ac Jc] (a flush, Ace high)
Egor_SKY88 collected $0.31 from main pot
*** SUMMARY ***
Total pot $0.52 Main pot $0.31. Side pot $0.19. | Rake $0.02 
Board [2c Tc 8c Kd Td]
Seat 1: maikmaik494 folded before Flop (didn't bet)
Seat 2: Egor_SKY88 showed [Ac Jc] and won ($0.31) with a flush, Ace high
Seat 3: 0RB BR0 folded on the River
Seat 4: midor1ya folded before Flop (didn't bet)
Seat 5: Walkel folded before Flop (didn't bet)
Seat 6: Kiwiloop (button) showed [8s 5h] and won ($0.19) with two pair, Tens and Eights
Seat 7: chefecoxim (small blind) folded on the River
Seat 8: Dorex2007 (big blind) folded before Flop
Seat 9: nlpoker999 folded on the Flop



PokerStars Hand #237239641743:  Hold'em No Limit ($0.01/$0.02 USD) - 2022/07/08 12:56:39 PT [2022/07/08 15:56:39 ET]
Table 'Ginevra II' 9-max Seat #7 is the button
Seat 2: Egor_SKY88 ($0.31 in chips) 
Seat 3: 0RB BR0 ($0.66 in chips) 
Seat 4: midor1ya ($2.61 in chips) 
Seat 5: Walkel ($2 in chips) 
Seat 6: Kiwiloop ($1.98 in chips) 
Seat 7: chefecoxim ($1.77 in chips) 
Seat 8: Dorex2007 ($2.46 in chips) 
Seat 9: nlpoker999 ($1.76 in chips) 
Dorex2007: posts small blind $0.01
nlpoker999: posts big blind $0.02
dboulay1979: sits out 
*** HOLE CARDS ***
Dealt to Dorex2007 [5d 6c]
Egor_SKY88: raises $0.02 to $0.04
0RB BR0: folds 
midor1ya: folds 
Walkel: raises $0.12 to $0.16
Kiwiloop: folds 
chefecoxim: calls $0.16
Dorex2007: folds 
nlpoker999: folds 
Egor_SKY88: calls $0.12
*** FLOP *** [9h 8h 7d]
Egor_SKY88: checks 
Walkel: bets $0.24
chefecoxim: calls $0.24
Egor_SKY88: folds 
*** TURN *** [9h 8h 7d] [Jd]
Walkel: checks 
chefecoxim: bets $1.37 and is all-in
Walkel: calls $1.37
*** RIVER *** [9h 8h 7d Jd] [Qc]
*** SHOW DOWN ***
Walkel: shows [Ah Th] (a straight, Eight to Queen)
chefecoxim: shows [Ad Td] (a straight, Eight to Queen)
Walkel collected $1.80 from pot
chefecoxim collected $1.80 from pot
*** SUMMARY ***
Total pot $3.73 | Rake $0.13 
Board [9h 8h 7d Jd Qc]
Seat 2: Egor_SKY88 folded on the Flop
Seat 3: 0RB BR0 folded before Flop (didn't bet)
Seat 4: midor1ya folded before Flop (didn't bet)
Seat 5: Walkel showed [Ah Th] and won ($1.80) with a straight, Eight to Queen
Seat 6: Kiwiloop folded before Flop (didn't bet)
Seat 7: chefecoxim (button) showed [Ad Td] and won ($1.80) with a straight, Eight to Queen
Seat 8: Dorex2007 (small blind) folded before Flop
Seat 9: nlpoker999 (big blind) folded before Flop



PokerStars Hand #237239655730:  Hold'em No Limit ($0.01/$0.02 USD) - 2022/07/08 12:57:32 PT [2022/07/08 15:57:32 ET]
Table 'Ginevra II' 9-max Seat #8 is the button
Seat 1: dboulay1979 ($2 in chips) 
Seat 2: Egor_SKY88 ($0.15 in chips) 
Seat 3: 0RB BR0 ($0.66 in chips) 
Seat 4: midor1ya ($2.61 in chips) 
Seat 5: Walkel ($2.03 in chips) 
Seat 6: Kiwiloop ($1.98 in chips) 
Seat 7: chefecoxim ($1.80 in chips) 
Seat 8: Dorex2007 ($2.45 in chips) 
Seat 9: nlpoker999 ($1.74 in chips) 
nlpoker999: posts small blind $0.01
dboulay1979: posts big blind $0.02
*** HOLE CARDS ***
Dealt to Dorex2007 [6d 7s]
Egor_SKY88: raises $0.02 to $0.04
0RB BR0: folds 
midor1ya: folds 
Walkel: raises $0.12 to $0.16
Kiwiloop: calls $0.16
chefecoxim: folds 
Dorex2007: folds 
nlpoker999: folds 
dboulay1979: folds 
Egor_SKY88: calls $0.11 and is all-in
*** FLOP *** [Jc 3c 8h]
Walkel: checks 
Kiwiloop: checks 
*** TURN *** [Jc 3c 8h] [Qc]
Walkel: checks 
Kiwiloop: bets $0.24
Walkel: calls $0.24
*** RIVER *** [Jc 3c 8h Qc] [6s]
Walkel: checks 
Kiwiloop: bets $0.47
Walkel: calls $0.47
*** SHOW DOWN ***
Kiwiloop: shows [9h 9d] (a pair of Nines)
Walkel: shows [Kh Jh] (a pair of Jacks)
Walkel collected $1.39 from side pot
Egor_SKY88: shows [Kc Kd] (a pair of Kings)
Egor_SKY88 collected $0.46 from main pot
*** SUMMARY ***
Total pot $1.92 Main pot $0.46. Side pot $1.39. | Rake $0.07 
Board [Jc 3c 8h Qc 6s]
Seat 1: dboulay1979 (big blind) folded before Flop
Seat 2: Egor_SKY88 showed [Kc Kd] and won ($0.46) with a pair of Kings
Seat 3: 0RB BR0 folded before Flop (didn't bet)
Seat 4: midor1ya folded before Flop (didn't bet)
Seat 5: Walkel showed [Kh Jh] and won ($1.39) with a pair of Jacks
Seat 6: Kiwiloop showed [9h 9d] and lost with a pair of Nines
Seat 7: chefecoxim folded before Flop (didn't bet)
Seat 8: Dorex2007 (button) folded before Flop (didn't bet)
Seat 9: nlpoker999 (small blind) folded before Flop



PokerStars Hand #237239670732:  Hold'em No Limit ($0.01/$0.02 USD) - 2022/07/08 12:58:29 PT [2022/07/08 15:58:29 ET]
Table 'Ginevra II' 9-max Seat #9 is the button
Seat 1: dboulay1979 ($2 in chips) 
Seat 2: Egor_SKY88 ($0.46 in chips) 
Seat 3: 0RB BR0 ($0.66 in chips) 
Seat 4: midor1ya ($2.61 in chips) 
Seat 5: Walkel ($2.55 in chips) 
Seat 6: Kiwiloop ($1.11 in chips) 
Seat 7: chefecoxim ($1.80 in chips) 
Seat 8: Dorex2007 ($2.45 in chips) 
Seat 9: nlpoker999 ($1.73 in chips) 
dboulay1979: posts small blind $0.01
Egor_SKY88: posts big blind $0.02
*** HOLE CARDS ***
Dealt to Dorex2007 [3s 4h]
0RB BR0: folds 
midor1ya: folds 
Walkel: folds 
Kiwiloop: calls $0.02
chefecoxim: folds 
Dorex2007: folds 
nlpoker999: folds 
dboulay1979: folds 
Egor_SKY88: checks 
*** FLOP *** [3h Ah 4s]
Egor_SKY88: checks 
Kiwiloop: checks 
*** TURN *** [3h Ah 4s] [Kc]
Egor_SKY88: checks 
Kiwiloop: bets $0.02
Egor_SKY88: folds 
Uncalled bet ($0.02) returned to Kiwiloop
Kiwiloop collected $0.05 from pot
*** SUMMARY ***
Total pot $0.05 | Rake $0 
Board [3h Ah 4s Kc]
Seat 1: dboulay1979 (small blind) folded before Flop
Seat 2: Egor_SKY88 (big blind) folded on the Turn
Seat 3: 0RB BR0 folded before Flop (didn't bet)
Seat 4: midor1ya folded before Flop (didn't bet)
Seat 5: Walkel folded before Flop (didn't bet)
Seat 6: Kiwiloop collected ($0.05)
Seat 7: chefecoxim folded before Flop (didn't bet)
Seat 8: Dorex2007 folded before Flop (didn't bet)
Seat 9: nlpoker999 (button) folded before Flop (didn't bet)



PokerStars Hand #237239679131:  Hold'em No Limit ($0.01/$0.02 USD) - 2022/07/08 12:59:01 PT [2022/07/08 15:59:01 ET]
Table 'Ginevra II' 9-max Seat #1 is the button
Seat 1: dboulay1979 ($2 in chips) 
Seat 2: Egor_SKY88 ($0.44 in chips) 
Seat 3: 0RB BR0 ($0.66 in chips) 
Seat 4: midor1ya ($2.61 in chips) 
Seat 5: Walkel ($2.55 in chips) 
Seat 6: Kiwiloop ($1.14 in chips) 
Seat 7: chefecoxim ($1.80 in chips) 
Seat 8: Dorex2007 ($2.45 in chips) 
Seat 9: nlpoker999 ($1.73 in chips) 
Egor_SKY88: posts small blind $0.01
0RB BR0: posts big blind $0.02
*** HOLE CARDS ***
Dealt to Dorex2007 [6d 8s]
midor1ya: raises $0.03 to $0.05
Walkel: folds 
Kiwiloop: calls $0.05
chefecoxim: folds 
Dorex2007: folds 
nlpoker999: calls $0.05
dboulay1979: folds 
Egor_SKY88: calls $0.04
0RB BR0: calls $0.03
*** FLOP *** [7h 5d Qs]
Egor_SKY88: checks 
0RB BR0: checks 
midor1ya: bets $0.12
Kiwiloop: calls $0.12
nlpoker999: folds 
Egor_SKY88: folds 
0RB BR0: folds 
*** TURN *** [7h 5d Qs] [Qd]
midor1ya: bets $0.24
Kiwiloop: calls $0.24
*** RIVER *** [7h 5d Qs Qd] [Jc]
midor1ya: bets $0.74
Kiwiloop: folds 
Uncalled bet ($0.74) returned to midor1ya
midor1ya collected $0.94 from pot
*** SUMMARY ***
Total pot $0.97 | Rake $0.03 
Board [7h 5d Qs Qd Jc]
Seat 1: dboulay1979 (button) folded before Flop (didn't bet)
Seat 2: Egor_SKY88 (small blind) folded on the Flop
Seat 3: 0RB BR0 (big blind) folded on the Flop
Seat 4: midor1ya collected ($0.94)
Seat 5: Walkel folded before Flop (didn't bet)
Seat 6: Kiwiloop folded on the River
Seat 7: chefecoxim folded before Flop (didn't bet)
Seat 8: Dorex2007 folded before Flop (didn't bet)
Seat 9: nlpoker999 folded on the Flop



PokerStars Hand #237239710845:  Hold'em No Limit ($0.01/$0.02 USD) - 2022/07/08 13:00:57 PT [2022/07/08 16:00:57 ET]
Table 'Ginevra II' 9-max Seat #2 is the button
Seat 1: dboulay1979 ($2 in chips) 
Seat 2: Egor_SKY88 ($0.39 in chips) 
Seat 3: 0RB BR0 ($0.61 in chips) 
Seat 4: midor1ya ($3.14 in chips) 
Seat 5: Walkel ($2.55 in chips) 
Seat 6: Kiwiloop ($0.73 in chips) 
Seat 7: chefecoxim ($1.80 in chips) 
Seat 8: Dorex2007 ($2.45 in chips) 
Seat 9: nlpoker999 ($1.68 in chips) 
0RB BR0: posts small blind $0.01
midor1ya: posts big blind $0.02
*** HOLE CARDS ***
Dealt to Dorex2007 [Js Jc]
Walkel: folds 
Kiwiloop: calls $0.02
chefecoxim: folds 
Dorex2007: calls $0.02
nlpoker999: folds 
dboulay1979: folds 
Egor_SKY88: raises $0.02 to $0.04
0RB BR0: folds 
midor1ya: folds 
Kiwiloop: calls $0.02
Dorex2007: calls $0.02
*** FLOP *** [Tc 7c Kc]
Kiwiloop: checks 
Dorex2007: checks 
Egor_SKY88: bets $0.14
Kiwiloop: calls $0.14
Dorex2007: folds 
*** TURN *** [Tc 7c Kc] [Qs]
Kiwiloop: bets $0.02
Egor_SKY88: raises $0.19 to $0.21 and is all-in
Kiwiloop: folds 
Uncalled bet ($0.19) returned to Egor_SKY88
Egor_SKY88 collected $0.45 from pot
*** SUMMARY ***
Total pot $0.47 | Rake $0.02 
Board [Tc 7c Kc Qs]
Seat 1: dboulay1979 folded before Flop (didn't bet)
Seat 2: Egor_SKY88 (button) collected ($0.45)
Seat 3: 0RB BR0 (small blind) folded before Flop
Seat 4: midor1ya (big blind) folded before Flop
Seat 5: Walkel folded before Flop (didn't bet)
Seat 6: Kiwiloop folded on the Turn
Seat 7: chefecoxim folded before Flop (didn't bet)
Seat 8: Dorex2007 folded on the Flop
Seat 9: nlpoker999 folded before Flop (didn't bet)



PokerStars Hand #237239727300:  Hold'em No Limit ($0.01/$0.02 USD) - 2022/07/08 13:01:47 PT [2022/07/08 16:01:47 ET]
Table 'Ginevra II' 9-max Seat #3 is the button
Seat 1: dboulay1979 ($2 in chips) 
Seat 2: Egor_SKY88 ($0.64 in chips) 
Seat 3: 0RB BR0 ($0.60 in chips) 
Seat 4: midor1ya ($3.12 in chips) 
Seat 5: Walkel ($2.55 in chips) 
Seat 6: Kiwiloop ($0.53 in chips) 
Seat 7: chefecoxim ($1.80 in chips) 
Seat 8: Dorex2007 ($2.41 in chips) 
Seat 9: nlpoker999 ($1.68 in chips) 
midor1ya: posts small blind $0.01
Walkel: posts big blind $0.02
*** HOLE CARDS ***
Dealt to Dorex2007 [As 6h]
Kiwiloop: calls $0.02
chefecoxim: folds 
Dorex2007: folds 
nlpoker999: folds 
dboulay1979: raises $0.06 to $0.08
Egor_SKY88: folds 
0RB BR0: folds 
midor1ya: folds 
Walkel: folds 
Kiwiloop: calls $0.06
*** FLOP *** [5s 2s 4d]
Kiwiloop: checks 
dboulay1979: bets $0.14
Kiwiloop: calls $0.14
*** TURN *** [5s 2s 4d] [Qs]
Kiwiloop: checks 
dboulay1979: checks 
*** RIVER *** [5s 2s 4d Qs] [Kh]
Kiwiloop: bets $0.22
dboulay1979: calls $0.22
*** SHOW DOWN ***
Kiwiloop: shows [Jd 5c] (a pair of Fives)
dboulay1979: shows [Kd Ah] (a pair of Kings)
dboulay1979 collected $0.88 from pot
*** SUMMARY ***
Total pot $0.91 | Rake $0.03 
Board [5s 2s 4d Qs Kh]
Seat 1: dboulay1979 showed [Kd Ah] and won ($0.88) with a pair of Kings
Seat 2: Egor_SKY88 folded before Flop (didn't bet)
Seat 3: 0RB BR0 (button) folded before Flop (didn't bet)
Seat 4: midor1ya (small blind) folded before Flop
Seat 5: Walkel (big blind) folded before Flop
Seat 6: Kiwiloop showed [Jd 5c] and lost with a pair of Fives
Seat 7: chefecoxim folded before Flop (didn't bet)
Seat 8: Dorex2007 folded before Flop (didn't bet)
Seat 9: nlpoker999 folded before Flop (didn't bet)



PokerStars Hand #237239747972:  Hold'em No Limit ($0.01/$0.02 USD) - 2022/07/08 13:02:46 PT [2022/07/08 16:02:46 ET]
Table 'Ginevra II' 9-max Seat #4 is the button
Seat 1: dboulay1979 ($2.44 in chips) 
Seat 2: Egor_SKY88 ($0.64 in chips) 
Seat 3: 0RB BR0 ($0.60 in chips) 
Seat 4: midor1ya ($3.11 in chips) 
Seat 5: Walkel ($2.53 in chips) 
Seat 6: Kiwiloop ($0.09 in chips) 
Seat 7: chefecoxim ($1.80 in chips) 
Seat 8: Dorex2007 ($2.41 in chips) 
Seat 9: nlpoker999 ($1.68 in chips) 
Walkel: posts small blind $0.01
Kiwiloop: posts big blind $0.02
*** HOLE CARDS ***
Dealt to Dorex2007 [9d Qh]
chefecoxim: folds 
Dorex2007: folds 
nlpoker999: folds 
dboulay1979: folds 
Egor_SKY88: raises $0.02 to $0.04
0RB BR0: folds 
midor1ya: calls $0.04
Walkel: folds 
Kiwiloop: calls $0.02
*** FLOP *** [Kh 8c 9s]
Kiwiloop: bets $0.05 and is all-in
Egor_SKY88: folds 
midor1ya: calls $0.05
*** TURN *** [Kh 8c 9s] [7h]
*** RIVER *** [Kh 8c 9s 7h] [2d]
*** SHOW DOWN ***
Kiwiloop: shows [9c 4h] (a pair of Nines)
midor1ya: shows [Tc Jd] (a straight, Seven to Jack)
midor1ya collected $0.22 from pot
*** SUMMARY ***
Total pot $0.23 | Rake $0.01 
Board [Kh 8c 9s 7h 2d]
Seat 1: dboulay1979 folded before Flop (didn't bet)
Seat 2: Egor_SKY88 folded on the Flop
Seat 3: 0RB BR0 folded before Flop (didn't bet)
Seat 4: midor1ya (button) showed [Tc Jd] and won ($0.22) with a straight, Seven to Jack
Seat 5: Walkel (small blind) folded before Flop
Seat 6: Kiwiloop (big blind) showed [9c 4h] and lost with a pair of Nines
Seat 7: chefecoxim folded before Flop (didn't bet)
Seat 8: Dorex2007 folded before Flop (didn't bet)
Seat 9: nlpoker999 folded before Flop (didn't bet)



PokerStars Hand #237239768035:  Hold'em No Limit ($0.01/$0.02 USD) - 2022/07/08 13:03:17 PT [2022/07/08 16:03:17 ET]
Table 'Ginevra II' 9-max Seat #5 is the button
Seat 1: dboulay1979 ($2.44 in chips) 
Seat 2: Egor_SKY88 ($0.60 in chips) 
Seat 3: 0RB BR0 ($0.60 in chips) 
Seat 4: midor1ya ($3.24 in chips) 
Seat 5: Walkel ($2.52 in chips) 
Seat 7: chefecoxim ($1.80 in chips) 
Seat 8: Dorex2007 ($2.41 in chips) 
Seat 9: nlpoker999 ($1.68 in chips) 
chefecoxim: posts small blind $0.01
Dorex2007: posts big blind $0.02
*** HOLE CARDS ***
Dealt to Dorex2007 [Kc 4c]
nlpoker999: folds 
dboulay1979: folds 
Egor_SKY88: raises $0.02 to $0.04
0RB BR0: folds 
midor1ya: folds 
Walkel: folds 
chefecoxim: calls $0.03
Dorex2007: calls $0.02
*** FLOP *** [Ad 9h 2d]
chefecoxim: checks 
Dorex2007: checks 
Egor_SKY88: bets $0.10
chefecoxim: folds 
Dorex2007: folds 
Uncalled bet ($0.10) returned to Egor_SKY88
Egor_SKY88 collected $0.12 from pot
*** SUMMARY ***
Total pot $0.12 | Rake $0 
Board [Ad 9h 2d]
Seat 1: dboulay1979 folded before Flop (didn't bet)
Seat 2: Egor_SKY88 collected ($0.12)
Seat 3: 0RB BR0 folded before Flop (didn't bet)
Seat 4: midor1ya folded before Flop (didn't bet)
Seat 5: Walkel (button) folded before Flop (didn't bet)
Seat 7: chefecoxim (small blind) folded on the Flop
Seat 8: Dorex2007 (big blind) folded on the Flop
Seat 9: nlpoker999 folded before Flop (didn't bet)



PokerStars Hand #237239777495:  Hold'em No Limit ($0.01/$0.02 USD) - 2022/07/08 13:03:44 PT [2022/07/08 16:03:44 ET]
Table 'Ginevra II' 9-max Seat #7 is the button
Seat 1: dboulay1979 ($2.44 in chips) 
Seat 2: Egor_SKY88 ($0.68 in chips) 
Seat 3: 0RB BR0 ($0.60 in chips) 
Seat 4: midor1ya ($3.24 in chips) 
Seat 5: Walkel ($2.52 in chips) 
Seat 6: Kiwiloop ($0.80 in chips) 
Seat 7: chefecoxim ($1.76 in chips) 
Seat 8: Dorex2007 ($2.37 in chips) 
Seat 9: nlpoker999 ($1.68 in chips) 
Dorex2007: posts small blind $0.01
nlpoker999: posts big blind $0.02
Kiwiloop: posts small blind $0.01
*** HOLE CARDS ***
Dealt to Dorex2007 [4d Qd]
dboulay1979: calls $0.02
Egor_SKY88: raises $0.02 to $0.04
0RB BR0: folds 
midor1ya: folds 
Walkel: folds 
Kiwiloop: calls $0.04
chefecoxim: folds 
Dorex2007: folds 
nlpoker999: raises $0.14 to $0.18
dboulay1979: folds 
Egor_SKY88: folds 
Kiwiloop: calls $0.14
*** FLOP *** [8h Kh Ad]
nlpoker999: checks 
Kiwiloop: checks 
*** TURN *** [8h Kh Ad] [4s]
nlpoker999: checks 
Kiwiloop: bets $0.21
nlpoker999: folds 
Uncalled bet ($0.21) returned to Kiwiloop
Kiwiloop collected $0.42 from pot
*** SUMMARY ***
Total pot $0.44 | Rake $0.02 
Board [8h Kh Ad 4s]
Seat 1: dboulay1979 folded before Flop
Seat 2: Egor_SKY88 folded before Flop
Seat 3: 0RB BR0 folded before Flop (didn't bet)
Seat 4: midor1ya folded before Flop (didn't bet)
Seat 5: Walkel folded before Flop (didn't bet)
Seat 6: Kiwiloop collected ($0.42)
Seat 7: chefecoxim (button) folded before Flop (didn't bet)
Seat 8: Dorex2007 (small blind) folded before Flop
Seat 9: nlpoker999 (big blind) folded on the Turn



PokerStars Hand #237239806725:  Hold'em No Limit ($0.01/$0.02 USD) - 2022/07/08 13:05:05 PT [2022/07/08 16:05:05 ET]
Table 'Ginevra II' 9-max Seat #8 is the button
Seat 1: dboulay1979 ($2.42 in chips) 
Seat 2: Egor_SKY88 ($0.64 in chips) 
Seat 3: 0RB BR0 ($0.60 in chips) 
Seat 4: midor1ya ($3.24 in chips) 
Seat 5: Walkel ($2.52 in chips) 
Seat 6: Kiwiloop ($1.03 in chips) 
Seat 7: chefecoxim ($1.76 in chips) 
Seat 8: Dorex2007 ($2.36 in chips) 
Seat 9: nlpoker999 ($1.50 in chips) 
nlpoker999: posts small blind $0.01
dboulay1979: posts big blind $0.02
*** HOLE CARDS ***
Dealt to Dorex2007 [Ks 5d]
Egor_SKY88: raises $0.02 to $0.04
0RB BR0: folds 
midor1ya: folds 
Walkel: folds 
Kiwiloop: calls $0.04
chefecoxim: folds 
Dorex2007: folds 
nlpoker999: folds 
dboulay1979: folds 
*** FLOP *** [Qh 7s 4h]
Egor_SKY88: checks 
Kiwiloop: checks 
*** TURN *** [Qh 7s 4h] [5h]
Egor_SKY88: bets $0.07
Kiwiloop: calls $0.07
*** RIVER *** [Qh 7s 4h 5h] [4c]
Egor_SKY88: checks 
Kiwiloop: bets $0.12
Egor_SKY88: folds 
Uncalled bet ($0.12) returned to Kiwiloop
Kiwiloop collected $0.24 from pot
*** SUMMARY ***
Total pot $0.25 | Rake $0.01 
Board [Qh 7s 4h 5h 4c]
Seat 1: dboulay1979 (big blind) folded before Flop
Seat 2: Egor_SKY88 folded on the River
Seat 3: 0RB BR0 folded before Flop (didn't bet)
Seat 4: midor1ya folded before Flop (didn't bet)
Seat 5: Walkel folded before Flop (didn't bet)
Seat 6: Kiwiloop collected ($0.24)
Seat 7: chefecoxim folded before Flop (didn't bet)
Seat 8: Dorex2007 (button) folded before Flop (didn't bet)
Seat 9: nlpoker999 (small blind) folded before Flop



PokerStars Hand #237239825610:  Hold'em No Limit ($0.01/$0.02 USD) - 2022/07/08 13:05:57 PT [2022/07/08 16:05:57 ET]
Table 'Ginevra II' 9-max Seat #9 is the button
Seat 1: dboulay1979 ($2.40 in chips) 
Seat 2: Egor_SKY88 ($0.53 in chips) 
Seat 3: 0RB BR0 ($0.60 in chips) 
Seat 4: midor1ya ($3.24 in chips) 
Seat 5: Walkel ($2.52 in chips) 
Seat 6: Kiwiloop ($1.16 in chips) 
Seat 7: chefecoxim ($1.76 in chips) 
Seat 8: Dorex2007 ($2.36 in chips) 
Seat 9: nlpoker999 ($1.49 in chips) 
dboulay1979: posts small blind $0.01
Egor_SKY88: posts big blind $0.02
*** HOLE CARDS ***
Dealt to Dorex2007 [4h 5d]
0RB BR0: folds 
midor1ya: folds 
Walkel: folds 
Kiwiloop: calls $0.02
chefecoxim: folds 
Dorex2007: folds 
nlpoker999: raises $0.04 to $0.06
dboulay1979: folds 
Egor_SKY88: calls $0.04
Kiwiloop: calls $0.04
*** FLOP *** [3c 3d Ts]
Egor_SKY88: checks 
Kiwiloop: bets $0.02
nlpoker999: calls $0.02
Egor_SKY88: calls $0.02
*** TURN *** [3c 3d Ts] [9s]
Egor_SKY88: checks 
Kiwiloop: bets $0.12
nlpoker999: folds 
Egor_SKY88: folds 
Uncalled bet ($0.12) returned to Kiwiloop
Kiwiloop collected $0.24 from pot
*** SUMMARY ***
Total pot $0.25 | Rake $0.01 
Board [3c 3d Ts 9s]
Seat 1: dboulay1979 (small blind) folded before Flop
Seat 2: Egor_SKY88 (big blind) folded on the Turn
Seat 3: 0RB BR0 folded before Flop (didn't bet)
Seat 4: midor1ya folded before Flop (didn't bet)
Seat 5: Walkel folded before Flop (didn't bet)
Seat 6: Kiwiloop collected ($0.24)
Seat 7: chefecoxim folded before Flop (didn't bet)
Seat 8: Dorex2007 folded before Flop (didn't bet)
Seat 9: nlpoker999 (button) folded on the Turn



PokerStars Hand #237239842491:  Hold'em No Limit ($0.01/$0.02 USD) - 2022/07/08 13:06:44 PT [2022/07/08 16:06:44 ET]
Table 'Ginevra II' 9-max Seat #1 is the button
Seat 1: dboulay1979 ($2.39 in chips) 
Seat 2: Egor_SKY88 ($0.45 in chips) 
Seat 3: 0RB BR0 ($0.60 in chips) 
Seat 4: midor1ya ($3.24 in chips) 
Seat 5: Walkel ($2.52 in chips) 
Seat 6: Kiwiloop ($1.32 in chips) 
Seat 7: chefecoxim ($1.76 in chips) 
Seat 8: Dorex2007 ($2.36 in chips) 
Seat 9: nlpoker999 ($1.41 in chips) 
Egor_SKY88: posts small blind $0.01
0RB BR0: posts big blind $0.02
*** HOLE CARDS ***
Dealt to Dorex2007 [5s Th]
midor1ya: raises $0.03 to $0.05
Walkel: folds 
Kiwiloop: calls $0.05
chefecoxim: folds 
Dorex2007: folds 
nlpoker999: calls $0.05
dboulay1979: folds 
Egor_SKY88: calls $0.04
0RB BR0: folds 
*** FLOP *** [4h Td 8d]
Egor_SKY88: bets $0.21
midor1ya: folds 
Kiwiloop: calls $0.21
nlpoker999: folds 
*** TURN *** [4h Td 8d] [2d]
Egor_SKY88: bets $0.19 and is all-in
Kiwiloop: calls $0.19
*** RIVER *** [4h Td 8d 2d] [2h]
*** SHOW DOWN ***
Egor_SKY88: shows [7h 8c] (two pair, Eights and Deuces)
Kiwiloop: shows [Ts Jh] (two pair, Tens and Deuces)
Kiwiloop collected $0.98 from pot
Egor_SKY88 cashed out the hand for $0.12
*** SUMMARY ***
Total pot $1.02 | Rake $0.04 
Board [4h Td 8d 2d 2h]
Seat 1: dboulay1979 (button) folded before Flop (didn't bet)
Seat 2: Egor_SKY88 (small blind) showed [7h 8c] and lost with two pair, Eights and Deuces (cashed out).
Seat 3: 0RB BR0 (big blind) folded before Flop
Seat 4: midor1ya folded on the Flop
Seat 5: Walkel folded before Flop (didn't bet)
Seat 6: Kiwiloop showed [Ts Jh] and won ($0.98) with two pair, Tens and Deuces
Seat 7: chefecoxim folded before Flop (didn't bet)
Seat 8: Dorex2007 folded before Flop (didn't bet)
Seat 9: nlpoker999 folded on the Flop



PokerStars Hand #237239861641:  Hold'em No Limit ($0.01/$0.02 USD) - 2022/07/08 13:07:37 PT [2022/07/08 16:07:37 ET]
Table 'Ginevra II' 9-max Seat #2 is the button
Seat 1: dboulay1979 ($2.39 in chips) 
Seat 2: Egor_SKY88 ($0.12 in chips) 
Seat 3: 0RB BR0 ($0.58 in chips) 
Seat 5: Walkel ($2.52 in chips) 
Seat 6: Kiwiloop ($1.85 in chips) 
Seat 7: chefecoxim ($1.76 in chips) 
Seat 8: Dorex2007 ($2.36 in chips) 
Seat 9: nlpoker999 ($1.95 in chips) 
0RB BR0: posts small blind $0.01
midor1ya: is sitting out 
Walkel: posts big blind $0.02
*** HOLE CARDS ***
Dealt to Dorex2007 [As 6c]
Kiwiloop: calls $0.02
chefecoxim: folds 
Dorex2007: folds 
nlpoker999: raises $0.04 to $0.06
dboulay1979: folds 
Egor_SKY88: folds 
0RB BR0: folds 
Walkel: calls $0.04
Kiwiloop: calls $0.04
*** FLOP *** [5s Ah 7h]
Walkel: checks 
Kiwiloop: bets $0.02
nlpoker999: raises $0.11 to $0.13
Walkel: folds 
Kiwiloop: calls $0.11
*** TURN *** [5s Ah 7h] [Ad]
Kiwiloop: checks 
nlpoker999: bets $0.22
Kiwiloop: calls $0.22
*** RIVER *** [5s Ah 7h Ad] [3h]
Kiwiloop: checks 
nlpoker999: checks 
*** SHOW DOWN ***
Kiwiloop: shows [Js Qh] (a pair of Aces)
nlpoker999: shows [Jc Ac] (three of a kind, Aces)
nlpoker999 collected $0.86 from pot
*** SUMMARY ***
Total pot $0.89 | Rake $0.03 
Board [5s Ah 7h Ad 3h]
Seat 1: dboulay1979 folded before Flop (didn't bet)
Seat 2: Egor_SKY88 (button) folded before Flop (didn't bet)
Seat 3: 0RB BR0 (small blind) folded before Flop
Seat 5: Walkel (big blind) folded on the Flop
Seat 6: Kiwiloop showed [Js Qh] and lost with a pair of Aces
Seat 7: chefecoxim folded before Flop (didn't bet)
Seat 8: Dorex2007 folded before Flop (didn't bet)
Seat 9: nlpoker999 showed [Jc Ac] and won ($0.86) with three of a kind, Aces



PokerStars Hand #237239883241:  Hold'em No Limit ($0.01/$0.02 USD) - 2022/07/08 13:08:37 PT [2022/07/08 16:08:37 ET]
Table 'Ginevra II' 9-max Seat #3 is the button
Seat 1: dboulay1979 ($2.39 in chips) 
Seat 2: Egor_SKY88 ($0.12 in chips) 
Seat 3: 0RB BR0 ($0.57 in chips) 
Seat 5: Walkel ($2.46 in chips) 
Seat 6: Kiwiloop ($1.44 in chips) 
Seat 7: chefecoxim ($1.76 in chips) 
Seat 8: Dorex2007 ($2.36 in chips) 
Seat 9: nlpoker999 ($2.40 in chips) 
Walkel: posts small blind $0.01
Kiwiloop: posts big blind $0.02
*** HOLE CARDS ***
Dealt to Dorex2007 [4h 8h]
chefecoxim: calls $0.02
Dorex2007: folds 
nlpoker999: folds 
dboulay1979: folds 
Egor_SKY88: folds 
0RB BR0: folds 
Walkel: folds 
Kiwiloop: checks 
*** FLOP *** [2s 8c Kh]
Kiwiloop: checks 
chefecoxim: bets $0.06
Kiwiloop: raises $0.06 to $0.12
chefecoxim: calls $0.06
*** TURN *** [2s 8c Kh] [6s]
Kiwiloop: bets $0.14
chefecoxim: calls $0.14
*** RIVER *** [2s 8c Kh 6s] [5c]
Kiwiloop: checks 
chefecoxim: checks 
*** SHOW DOWN ***
Kiwiloop: shows [9s Qs] (high card King)
chefecoxim: shows [Jd Kc] (a pair of Kings)
chefecoxim collected $0.55 from pot
*** SUMMARY ***
Total pot $0.57 | Rake $0.02 
Board [2s 8c Kh 6s 5c]
Seat 1: dboulay1979 folded before Flop (didn't bet)
Seat 2: Egor_SKY88 folded before Flop (didn't bet)
Seat 3: 0RB BR0 (button) folded before Flop (didn't bet)
Seat 5: Walkel (small blind) folded before Flop
Seat 6: Kiwiloop (big blind) showed [9s Qs] and lost with high card King
Seat 7: chefecoxim showed [Jd Kc] and won ($0.55) with a pair of Kings
Seat 8: Dorex2007 folded before Flop (didn't bet)
Seat 9: nlpoker999 folded before Flop (didn't bet)



PokerStars Hand #237239900798:  Hold'em No Limit ($0.01/$0.02 USD) - 2022/07/08 13:09:26 PT [2022/07/08 16:09:26 ET]
Table 'Ginevra II' 9-max Seat #5 is the button
Seat 1: dboulay1979 ($2.39 in chips) 
Seat 2: Egor_SKY88 ($0.12 in chips) 
Seat 3: 0RB BR0 ($0.57 in chips) 
Seat 5: Walkel ($2.45 in chips) 
Seat 6: Kiwiloop ($1.16 in chips) 
Seat 7: chefecoxim ($2.03 in chips) 
Seat 8: Dorex2007 ($2.36 in chips) 
Seat 9: nlpoker999 ($2.40 in chips) 
Kiwiloop: posts small blind $0.01
chefecoxim: posts big blind $0.02
*** HOLE CARDS ***
Dealt to Dorex2007 [2h Jc]
Dorex2007: folds 
nlpoker999: folds 
dboulay1979: folds 
Egor_SKY88: folds 
0RB BR0: raises $0.04 to $0.06
Walkel: folds 
Kiwiloop: calls $0.05
chefecoxim: folds 
*** FLOP *** [Ad 7d 7s]
Kiwiloop: checks 
0RB BR0: bets $0.04
Kiwiloop: calls $0.04
*** TURN *** [Ad 7d 7s] [3h]
Kiwiloop: bets $0.10
0RB BR0: folds 
Uncalled bet ($0.10) returned to Kiwiloop
Kiwiloop collected $0.21 from pot
*** SUMMARY ***
Total pot $0.22 | Rake $0.01 
Board [Ad 7d 7s 3h]
Seat 1: dboulay1979 folded before Flop (didn't bet)
Seat 2: Egor_SKY88 folded before Flop (didn't bet)
Seat 3: 0RB BR0 folded on the Turn
Seat 5: Walkel (button) folded before Flop (didn't bet)
Seat 6: Kiwiloop (small blind) collected ($0.21)
Seat 7: chefecoxim (big blind) folded before Flop
Seat 8: Dorex2007 folded before Flop (didn't bet)
Seat 9: nlpoker999 folded before Flop (didn't bet)



PokerStars Hand #237239916160:  Hold'em No Limit ($0.01/$0.02 USD) - 2022/07/08 13:10:09 PT [2022/07/08 16:10:09 ET]
Table 'Ginevra II' 9-max Seat #6 is the button
Seat 1: dboulay1979 ($2.39 in chips) 
Seat 2: Egor_SKY88 ($0.12 in chips) 
Seat 3: 0RB BR0 ($0.47 in chips) 
Seat 5: Walkel ($2.45 in chips) 
Seat 6: Kiwiloop ($1.27 in chips) 
Seat 7: chefecoxim ($2.01 in chips) 
Seat 8: Dorex2007 ($2.36 in chips) 
Seat 9: nlpoker999 ($2.40 in chips) 
chefecoxim: posts small blind $0.01
Dorex2007: posts big blind $0.02
*** HOLE CARDS ***
Dealt to Dorex2007 [Td 8c]
nlpoker999: folds 
dboulay1979: folds 
Egor_SKY88: folds 
0RB BR0: folds 
Walkel: raises $0.04 to $0.06
Kiwiloop: calls $0.06
chefecoxim: calls $0.05
Dorex2007: folds 
*** FLOP *** [5d 9d Kc]
chefecoxim: bets $0.02
Walkel: raises $0.07 to $0.09
Kiwiloop: calls $0.09
chefecoxim: calls $0.07
*** TURN *** [5d 9d Kc] [6c]
chefecoxim: bets $0.02
Walkel: raises $0.18 to $0.20
Kiwiloop: calls $0.20
chefecoxim: folds 
*** RIVER *** [5d 9d Kc 6c] [3d]
Walkel: checks 
Kiwiloop: bets $0.38
Walkel: calls $0.38
*** SHOW DOWN ***
Kiwiloop: shows [Ks 2d] (a pair of Kings)
Walkel: mucks hand 
Kiwiloop collected $1.59 from pot
*** SUMMARY ***
Total pot $1.65 | Rake $0.06 
Board [5d 9d Kc 6c 3d]
Seat 1: dboulay1979 folded before Flop (didn't bet)
Seat 2: Egor_SKY88 folded before Flop (didn't bet)
Seat 3: 0RB BR0 folded before Flop (didn't bet)
Seat 5: Walkel mucked [9h Ac]
Seat 6: Kiwiloop (button) showed [Ks 2d] and won ($1.59) with a pair of Kings
Seat 7: chefecoxim (small blind) folded on the Turn
Seat 8: Dorex2007 (big blind) folded before Flop
Seat 9: nlpoker999 folded before Flop (didn't bet)



PokerStars Hand #237239935758:  Hold'em No Limit ($0.01/$0.02 USD) - 2022/07/08 13:11:03 PT [2022/07/08 16:11:03 ET]
Table 'Ginevra II' 9-max Seat #7 is the button
Seat 1: dboulay1979 ($2.39 in chips) 
Seat 2: Egor_SKY88 ($0.12 in chips) 
Seat 3: 0RB BR0 ($0.47 in chips) 
Seat 5: Walkel ($2 in chips) 
Seat 6: Kiwiloop ($2.13 in chips) 
Seat 7: chefecoxim ($1.84 in chips) 
Seat 8: Dorex2007 ($2.34 in chips) 
Seat 9: nlpoker999 ($2.40 in chips) 
Dorex2007: posts small blind $0.01
nlpoker999: posts big blind $0.02
*** HOLE CARDS ***
Dealt to Dorex2007 [7d Qd]
dboulay1979: folds 
Egor_SKY88: folds 
0RB BR0: folds 
Walkel: folds 
Kiwiloop: calls $0.02
chefecoxim: calls $0.02
Dorex2007: calls $0.01
nlpoker999: checks 
*** FLOP *** [4c Qc 4h]
Dorex2007: bets $0.08
nlpoker999: folds 
Kiwiloop: folds 
chefecoxim: folds 
Uncalled bet ($0.08) returned to Dorex2007
Dorex2007 collected $0.08 from pot
*** SUMMARY ***
Total pot $0.08 | Rake $0 
Board [4c Qc 4h]
Seat 1: dboulay1979 folded before Flop (didn't bet)
Seat 2: Egor_SKY88 folded before Flop (didn't bet)
Seat 3: 0RB BR0 folded before Flop (didn't bet)
Seat 5: Walkel folded before Flop (didn't bet)
Seat 6: Kiwiloop folded on the Flop
Seat 7: chefecoxim (button) folded on the Flop
Seat 8: Dorex2007 (small blind) collected ($0.08)
Seat 9: nlpoker999 (big blind) folded on the Flop



PokerStars Hand #237239945138:  Hold'em No Limit ($0.01/$0.02 USD) - 2022/07/08 13:11:29 PT [2022/07/08 16:11:29 ET]
Table 'Ginevra II' 9-max Seat #8 is the button
Seat 1: dboulay1979 ($2.39 in chips) 
Seat 2: Egor_SKY88 ($0.12 in chips) 
Seat 3: 0RB BR0 ($0.47 in chips) 
Seat 5: Walkel ($2 in chips) 
Seat 6: Kiwiloop ($2.11 in chips) 
Seat 7: chefecoxim ($1.82 in chips) 
Seat 8: Dorex2007 ($2.40 in chips) 
Seat 9: nlpoker999 ($2.38 in chips) 
nlpoker999: posts small blind $0.01
dboulay1979: posts big blind $0.02
*** HOLE CARDS ***
Dealt to Dorex2007 [As 8h]
Egor_SKY88: folds 
0RB BR0: folds 
Walkel: folds 
Kiwiloop: folds 
Kiwiloop leaves the table
chefecoxim: folds 
Dorex2007: raises $0.02 to $0.04
nlpoker999: calls $0.03
dboulay1979: folds 
*** FLOP *** [Kc Qs 6h]
jasia1943 joins the table at seat #6 
nlpoker999: bets $0.10
Dorex2007: folds 
Uncalled bet ($0.10) returned to nlpoker999
nlpoker999 collected $0.10 from pot
*** SUMMARY ***
Total pot $0.10 | Rake $0 
Board [Kc Qs 6h]
Seat 1: dboulay1979 (big blind) folded before Flop
Seat 2: Egor_SKY88 folded before Flop (didn't bet)
Seat 3: 0RB BR0 folded before Flop (didn't bet)
Seat 5: Walkel folded before Flop (didn't bet)
Seat 6: Kiwiloop folded before Flop (didn't bet)
Seat 7: chefecoxim folded before Flop (didn't bet)
Seat 8: Dorex2007 (button) folded on the Flop
Seat 9: nlpoker999 (small blind) collected ($0.10)



PokerStars Hand #237239954389:  Hold'em No Limit ($0.01/$0.02 USD) - 2022/07/08 13:11:55 PT [2022/07/08 16:11:55 ET]
Table 'Ginevra II' 9-max Seat #9 is the button
Seat 1: dboulay1979 ($2.37 in chips) 
Seat 2: Egor_SKY88 ($0.12 in chips) 
Seat 3: 0RB BR0 ($0.47 in chips) 
Seat 5: Walkel ($2 in chips) 
Seat 7: chefecoxim ($1.82 in chips) 
Seat 8: Dorex2007 ($2.36 in chips) 
Seat 9: nlpoker999 ($2.44 in chips) 
dboulay1979: posts small blind $0.01
Egor_SKY88: posts big blind $0.02
jasia1943: sits out 
*** HOLE CARDS ***
Dealt to Dorex2007 [Ks 8c]
0RB BR0: folds 
Walkel: folds 
chefecoxim: calls $0.02
Dorex2007: folds 
nlpoker999: folds 
dboulay1979: folds 
Egor_SKY88: checks 
*** FLOP *** [7s 9s Qs]
Egor_SKY88: checks 
chefecoxim: checks 
*** TURN *** [7s 9s Qs] [Kd]
Egor_SKY88: bets $0.02
chefecoxim: calls $0.02
*** RIVER *** [7s 9s Qs Kd] [4s]
Egor_SKY88: checks 
chefecoxim: checks 
*** SHOW DOWN ***
Egor_SKY88: shows [6c 9h] (a pair of Nines)
chefecoxim: mucks hand 
Egor_SKY88 collected $0.09 from pot
*** SUMMARY ***
Total pot $0.09 | Rake $0 
Board [7s 9s Qs Kd 4s]
Seat 1: dboulay1979 (small blind) folded before Flop
Seat 2: Egor_SKY88 (big blind) showed [6c 9h] and won ($0.09) with a pair of Nines
Seat 3: 0RB BR0 folded before Flop (didn't bet)
Seat 5: Walkel folded before Flop (didn't bet)
Seat 7: chefecoxim mucked [Ac 8d]
Seat 8: Dorex2007 folded before Flop (didn't bet)
Seat 9: nlpoker999 (button) folded before Flop (didn't bet)



PokerStars Hand #237239971618:  Hold'em No Limit ($0.01/$0.02 USD) - 2022/07/08 13:12:42 PT [2022/07/08 16:12:42 ET]
Table 'Ginevra II' 9-max Seat #1 is the button
Seat 1: dboulay1979 ($2.36 in chips) 
Seat 2: Egor_SKY88 ($0.17 in chips) 
Seat 3: 0RB BR0 ($0.47 in chips) 
Seat 5: Walkel ($2 in chips) 
Seat 7: chefecoxim ($1.78 in chips) 
Seat 8: Dorex2007 ($2.36 in chips) 
Seat 9: nlpoker999 ($2.44 in chips) 
Egor_SKY88: posts small blind $0.01
0RB BR0: posts big blind $0.02
midor1ya: sits out 
jasia1943: sits out 
*** HOLE CARDS ***
Dealt to Dorex2007 [7c 2d]
Walkel: folds 
chefecoxim: folds 
Dorex2007: folds 
nlpoker999: folds 
dboulay1979: raises $0.04 to $0.06
Egor_SKY88: raises $0.11 to $0.17 and is all-in
0RB BR0: folds 
dboulay1979: calls $0.11
*** FLOP *** [3c 5s 9d]
*** TURN *** [3c 5s 9d] [9s]
*** RIVER *** [3c 5s 9d 9s] [4h]
*** SHOW DOWN ***
Egor_SKY88: shows [Jc Ah] (a pair of Nines)
dboulay1979: shows [Ts Jh] (a pair of Nines - lower kicker)
Egor_SKY88 collected $0.35 from pot
*** SUMMARY ***
Total pot $0.36 | Rake $0.01 
Board [3c 5s 9d 9s 4h]
Seat 1: dboulay1979 (button) showed [Ts Jh] and lost with a pair of Nines
Seat 2: Egor_SKY88 (small blind) showed [Jc Ah] and won ($0.35) with a pair of Nines
Seat 3: 0RB BR0 (big blind) folded before Flop
Seat 5: Walkel folded before Flop (didn't bet)
Seat 7: chefecoxim folded before Flop (didn't bet)
Seat 8: Dorex2007 folded before Flop (didn't bet)
Seat 9: nlpoker999 folded before Flop (didn't bet)



PokerStars Hand #237239983748:  Hold'em No Limit ($0.01/$0.02 USD) - 2022/07/08 13:13:16 PT [2022/07/08 16:13:16 ET]
Table 'Ginevra II' 9-max Seat #2 is the button
Seat 1: dboulay1979 ($2.19 in chips) 
Seat 2: Egor_SKY88 ($0.35 in chips) 
Seat 3: 0RB BR0 ($0.45 in chips) 
Seat 4: midor1ya ($3.19 in chips) 
Seat 5: Walkel ($2 in chips) 
Seat 7: chefecoxim ($1.78 in chips) 
Seat 8: Dorex2007 ($2.36 in chips) 
Seat 9: nlpoker999 ($2.44 in chips) 
0RB BR0: posts small blind $0.01
midor1ya: posts big blind $0.02
jasia1943: sits out 
*** HOLE CARDS ***
Dealt to Dorex2007 [8h Ad]
Walkel: folds 
chefecoxim: folds 
Dorex2007: folds 
nlpoker999: folds 
dboulay1979: folds 
Egor_SKY88: raises $0.04 to $0.06
0RB BR0: folds 
midor1ya: folds 
Uncalled bet ($0.04) returned to Egor_SKY88
Egor_SKY88 collected $0.05 from pot
*** SUMMARY ***
Total pot $0.05 | Rake $0 
Seat 1: dboulay1979 folded before Flop (didn't bet)
Seat 2: Egor_SKY88 (button) collected ($0.05)
Seat 3: 0RB BR0 (small blind) folded before Flop
Seat 4: midor1ya (big blind) folded before Flop
Seat 5: Walkel folded before Flop (didn't bet)
Seat 7: chefecoxim folded before Flop (didn't bet)
Seat 8: Dorex2007 folded before Flop (didn't bet)
Seat 9: nlpoker999 folded before Flop (didn't bet)



PokerStars Hand #237239994346:  Hold'em No Limit ($0.01/$0.02 USD) - 2022/07/08 13:13:46 PT [2022/07/08 16:13:46 ET]
Table 'Ginevra II' 9-max Seat #3 is the button
Seat 1: dboulay1979 ($2.19 in chips) 
Seat 2: Egor_SKY88 ($0.38 in chips) 
Seat 3: 0RB BR0 ($0.44 in chips) 
Seat 4: midor1ya ($3.17 in chips) 
Seat 5: Walkel ($2 in chips) 
Seat 7: chefecoxim ($1.78 in chips) 
Seat 8: Dorex2007 ($2.36 in chips) 
Seat 9: nlpoker999 ($2.44 in chips) 
midor1ya: posts small blind $0.01
Walkel: posts big blind $0.02
jasia1943: sits out 
*** HOLE CARDS ***
Dealt to Dorex2007 [7h 3h]
chefecoxim: folds 
Dorex2007: folds 
nlpoker999: raises $0.04 to $0.06
dboulay1979: folds 
Egor_SKY88: folds 
0RB BR0: folds 
midor1ya: folds 
Walkel: calls $0.04
*** FLOP *** [2h 3s Tc]
Walkel: checks 
nlpoker999: bets $0.06
Walkel: calls $0.06
*** TURN *** [2h 3s Tc] [9s]
Walkel: checks 
nlpoker999: checks 
*** RIVER *** [2h 3s Tc 9s] [Jh]
Walkel: bets $0.19
nlpoker999: folds 
Uncalled bet ($0.19) returned to Walkel
Walkel collected $0.24 from pot
*** SUMMARY ***
Total pot $0.25 | Rake $0.01 
Board [2h 3s Tc 9s Jh]
Seat 1: dboulay1979 folded before Flop (didn't bet)
Seat 2: Egor_SKY88 folded before Flop (didn't bet)
Seat 3: 0RB BR0 (button) folded before Flop (didn't bet)
Seat 4: midor1ya (small blind) folded before Flop
Seat 5: Walkel (big blind) collected ($0.24)
Seat 7: chefecoxim folded before Flop (didn't bet)
Seat 8: Dorex2007 folded before Flop (didn't bet)
Seat 9: nlpoker999 folded on the River



PokerStars Hand #237240010352:  Hold'em No Limit ($0.01/$0.02 USD) - 2022/07/08 13:14:31 PT [2022/07/08 16:14:31 ET]
Table 'Ginevra II' 9-max Seat #4 is the button
Seat 1: dboulay1979 ($2.19 in chips) 
Seat 2: Egor_SKY88 ($0.38 in chips) 
Seat 3: 0RB BR0 ($0.44 in chips) 
Seat 4: midor1ya ($3.16 in chips) 
Seat 5: Walkel ($2.12 in chips) 
Seat 6: jasia1943 ($1.60 in chips) 
Seat 7: chefecoxim ($1.78 in chips) 
Seat 8: Dorex2007 ($2.36 in chips) 
Seat 9: nlpoker999 ($2.32 in chips) 
Walkel: posts small blind $0.01
jasia1943: posts big blind $0.02
*** HOLE CARDS ***
Dealt to Dorex2007 [9d 3c]
chefecoxim: folds 
Dorex2007: folds 
nlpoker999: folds 
dboulay1979: folds 
Egor_SKY88: folds 
0RB BR0: folds 
midor1ya: folds 
Walkel: folds 
Uncalled bet ($0.01) returned to jasia1943
jasia1943 collected $0.02 from pot
*** SUMMARY ***
Total pot $0.02 | Rake $0 
Seat 1: dboulay1979 folded before Flop (didn't bet)
Seat 2: Egor_SKY88 folded before Flop (didn't bet)
Seat 3: 0RB BR0 folded before Flop (didn't bet)
Seat 4: midor1ya (button) folded before Flop (didn't bet)
Seat 5: Walkel (small blind) folded before Flop
Seat 6: jasia1943 (big blind) collected ($0.02)
Seat 7: chefecoxim folded before Flop (didn't bet)
Seat 8: Dorex2007 folded before Flop (didn't bet)
Seat 9: nlpoker999 folded before Flop (didn't bet)



PokerStars Hand #237240015586:  Hold'em No Limit ($0.01/$0.02 USD) - 2022/07/08 13:14:45 PT [2022/07/08 16:14:45 ET]
Table 'Ginevra II' 9-max Seat #5 is the button
Seat 1: dboulay1979 ($2.19 in chips) 
Seat 2: Egor_SKY88 ($0.38 in chips) 
Seat 3: 0RB BR0 ($0.44 in chips) 
Seat 4: midor1ya ($3.16 in chips) 
Seat 5: Walkel ($2.11 in chips) 
Seat 6: jasia1943 ($1.61 in chips) 
Seat 7: chefecoxim ($1.78 in chips) 
Seat 8: Dorex2007 ($2.36 in chips) 
Seat 9: nlpoker999 ($2.32 in chips) 
jasia1943: posts small blind $0.01
chefecoxim: posts big blind $0.02
*** HOLE CARDS ***
Dealt to Dorex2007 [8c 3s]
Dorex2007: folds 
nlpoker999: folds 
dboulay1979: folds 
Egor_SKY88: raises $0.02 to $0.04
0RB BR0: calls $0.04
midor1ya: folds 
Walkel: folds 
jasia1943: calls $0.03
chefecoxim: folds 
*** FLOP *** [Qh Qc 2h]
jasia1943: checks 
Egor_SKY88: bets $0.07
0RB BR0: folds 
jasia1943: folds 
Uncalled bet ($0.07) returned to Egor_SKY88
Egor_SKY88 collected $0.14 from pot
*** SUMMARY ***
Total pot $0.14 | Rake $0 
Board [Qh Qc 2h]
Seat 1: dboulay1979 folded before Flop (didn't bet)
Seat 2: Egor_SKY88 collected ($0.14)
Seat 3: 0RB BR0 folded on the Flop
Seat 4: midor1ya folded before Flop (didn't bet)
Seat 5: Walkel (button) folded before Flop (didn't bet)
Seat 6: jasia1943 (small blind) folded on the Flop
Seat 7: chefecoxim (big blind) folded before Flop
Seat 8: Dorex2007 folded before Flop (didn't bet)
Seat 9: nlpoker999 folded before Flop (didn't bet)



PokerStars Hand #237240029402:  Hold'em No Limit ($0.01/$0.02 USD) - 2022/07/08 13:15:22 PT [2022/07/08 16:15:22 ET]
Table 'Ginevra II' 9-max Seat #6 is the button
Seat 1: dboulay1979 ($2.19 in chips) 
Seat 2: Egor_SKY88 ($0.48 in chips) 
Seat 3: 0RB BR0 ($0.40 in chips) 
Seat 4: midor1ya ($3.16 in chips) 
Seat 5: Walkel ($2.11 in chips) 
Seat 6: jasia1943 ($1.57 in chips) 
Seat 7: chefecoxim ($1.76 in chips) 
Seat 8: Dorex2007 ($2.36 in chips) 
Seat 9: nlpoker999 ($2.32 in chips) 
chefecoxim: posts small blind $0.01
Dorex2007: posts big blind $0.02
*** HOLE CARDS ***
Dealt to Dorex2007 [Kh 3h]
nlpoker999: folds 
dboulay1979: folds 
Egor_SKY88: folds 
0RB BR0: folds 
midor1ya: raises $0.03 to $0.05
Walkel: folds 
jasia1943: calls $0.05
chefecoxim: folds 
Dorex2007: folds 
*** FLOP *** [6s 8h Js]
midor1ya: bets $0.07
jasia1943: calls $0.07
*** TURN *** [6s 8h Js] [7d]
midor1ya: bets $0.20
jasia1943: folds 
Uncalled bet ($0.20) returned to midor1ya
midor1ya collected $0.26 from pot
*** SUMMARY ***
Total pot $0.27 | Rake $0.01 
Board [6s 8h Js 7d]
Seat 1: dboulay1979 folded before Flop (didn't bet)
Seat 2: Egor_SKY88 folded before Flop (didn't bet)
Seat 3: 0RB BR0 folded before Flop (didn't bet)
Seat 4: midor1ya collected ($0.26)
Seat 5: Walkel folded before Flop (didn't bet)
Seat 6: jasia1943 (button) folded on the Turn
Seat 7: chefecoxim (small blind) folded before Flop
Seat 8: Dorex2007 (big blind) folded before Flop
Seat 9: nlpoker999 folded before Flop (didn't bet)



PokerStars Hand #237240044641:  Hold'em No Limit ($0.01/$0.02 USD) - 2022/07/08 13:16:04 PT [2022/07/08 16:16:04 ET]
Table 'Ginevra II' 9-max Seat #7 is the button
Seat 1: dboulay1979 ($2.19 in chips) 
Seat 2: Egor_SKY88 ($0.48 in chips) 
Seat 3: 0RB BR0 ($0.40 in chips) 
Seat 4: midor1ya ($3.30 in chips) 
Seat 5: Walkel ($2.11 in chips) 
Seat 6: jasia1943 ($1.45 in chips) 
Seat 7: chefecoxim ($1.75 in chips) 
Seat 8: Dorex2007 ($2.34 in chips) 
Seat 9: nlpoker999 ($2.32 in chips) 
Dorex2007: posts small blind $0.01
nlpoker999: posts big blind $0.02
*** HOLE CARDS ***
Dealt to Dorex2007 [2h 5c]
dboulay1979: folds 
Egor_SKY88: folds 
0RB BR0: folds 
midor1ya: raises $0.03 to $0.05
Walkel: folds 
jasia1943: folds 
chefecoxim: folds 
Dorex2007: folds 
nlpoker999: folds 
Uncalled bet ($0.03) returned to midor1ya
midor1ya collected $0.05 from pot
*** SUMMARY ***
Total pot $0.05 | Rake $0 
Seat 1: dboulay1979 folded before Flop (didn't bet)
Seat 2: Egor_SKY88 folded before Flop (didn't bet)
Seat 3: 0RB BR0 folded before Flop (didn't bet)
Seat 4: midor1ya collected ($0.05)
Seat 5: Walkel folded before Flop (didn't bet)
Seat 6: jasia1943 folded before Flop (didn't bet)
Seat 7: chefecoxim (button) folded before Flop (didn't bet)
Seat 8: Dorex2007 (small blind) folded before Flop
Seat 9: nlpoker999 (big blind) folded before Flop



PokerStars Hand #237240052673:  Hold'em No Limit ($0.01/$0.02 USD) - 2022/07/08 13:16:24 PT [2022/07/08 16:16:24 ET]
Table 'Ginevra II' 9-max Seat #8 is the button
Seat 1: dboulay1979 ($2.19 in chips) 
Seat 2: Egor_SKY88 ($0.48 in chips) 
Seat 3: 0RB BR0 ($0.40 in chips) 
Seat 4: midor1ya ($3.33 in chips) 
Seat 5: Walkel ($2.11 in chips) 
Seat 6: jasia1943 ($1.45 in chips) 
Seat 7: chefecoxim ($1.75 in chips) 
Seat 8: Dorex2007 ($2.33 in chips) 
Seat 9: nlpoker999 ($2.30 in chips) 
nlpoker999: posts small blind $0.01
dboulay1979: posts big blind $0.02
*** HOLE CARDS ***
Dealt to Dorex2007 [6h Ac]
Egor_SKY88: raises $0.02 to $0.04
0RB BR0: folds 
midor1ya: folds 
Walkel: folds 
jasia1943: calls $0.04
chefecoxim: folds 
Dorex2007: folds 
nlpoker999: folds 
dboulay1979: folds 
*** FLOP *** [8h 2c Js]
Egor_SKY88: checks 
jasia1943: checks 
*** TURN *** [8h 2c Js] [Ad]
Egor_SKY88: bets $0.09
jasia1943: calls $0.09
*** RIVER *** [8h 2c Js Ad] [2s]
Egor_SKY88: bets $0.08
jasia1943: calls $0.08
*** SHOW DOWN ***
Egor_SKY88: shows [9c 9h] (two pair, Nines and Deuces)
jasia1943: shows [As 9d] (two pair, Aces and Deuces)
jasia1943 collected $0.43 from pot
*** SUMMARY ***
Total pot $0.45 | Rake $0.02 
Board [8h 2c Js Ad 2s]
Seat 1: dboulay1979 (big blind) folded before Flop
Seat 2: Egor_SKY88 showed [9c 9h] and lost with two pair, Nines and Deuces
Seat 3: 0RB BR0 folded before Flop (didn't bet)
Seat 4: midor1ya folded before Flop (didn't bet)
Seat 5: Walkel folded before Flop (didn't bet)
Seat 6: jasia1943 showed [As 9d] and won ($0.43) with two pair, Aces and Deuces
Seat 7: chefecoxim folded before Flop (didn't bet)
Seat 8: Dorex2007 (button) folded before Flop (didn't bet)
Seat 9: nlpoker999 (small blind) folded before Flop



PokerStars Hand #237240071168:  Hold'em No Limit ($0.01/$0.02 USD) - 2022/07/08 13:17:13 PT [2022/07/08 16:17:13 ET]
Table 'Ginevra II' 9-max Seat #9 is the button
Seat 1: dboulay1979 ($2.17 in chips) 
Seat 2: Egor_SKY88 ($0.27 in chips) 
Seat 3: 0RB BR0 ($0.40 in chips) 
Seat 4: midor1ya ($3.33 in chips) 
Seat 5: Walkel ($2.11 in chips) 
Seat 6: jasia1943 ($1.67 in chips) 
Seat 7: chefecoxim ($1.75 in chips) 
Seat 8: Dorex2007 ($2.33 in chips) 
Seat 9: nlpoker999 ($2.29 in chips) 
dboulay1979: posts small blind $0.01
Egor_SKY88: posts big blind $0.02
*** HOLE CARDS ***
Dealt to Dorex2007 [4c 7c]
0RB BR0: folds 
midor1ya: folds 
Walkel: folds 
jasia1943: calls $0.02
chefecoxim: calls $0.02
Dorex2007: folds 
nlpoker999: folds 
dboulay1979: folds 
Egor_SKY88: checks 
*** FLOP *** [4d 4h Ac]
Egor_SKY88: checks 
jasia1943: checks 
chefecoxim: bets $0.02
Egor_SKY88: calls $0.02
jasia1943: folds 
*** TURN *** [4d 4h Ac] [As]
Egor_SKY88: checks 
chefecoxim: checks 
*** RIVER *** [4d 4h Ac As] [9h]
Egor_SKY88: bets $0.11
chefecoxim: folds 
Uncalled bet ($0.11) returned to Egor_SKY88
Egor_SKY88 collected $0.11 from pot
*** SUMMARY ***
Total pot $0.11 | Rake $0 
Board [4d 4h Ac As 9h]
Seat 1: dboulay1979 (small blind) folded before Flop
Seat 2: Egor_SKY88 (big blind) collected ($0.11)
Seat 3: 0RB BR0 folded before Flop (didn't bet)
Seat 4: midor1ya folded before Flop (didn't bet)
Seat 5: Walkel folded before Flop (didn't bet)
Seat 6: jasia1943 folded on the Flop
Seat 7: chefecoxim folded on the River
Seat 8: Dorex2007 folded before Flop (didn't bet)
Seat 9: nlpoker999 (button) folded before Flop (didn't bet)



PokerStars Hand #237240101551:  Hold'em No Limit ($0.01/$0.02 USD) - 2022/07/08 13:18:34 PT [2022/07/08 16:18:34 ET]
Table 'Ginevra II' 9-max Seat #1 is the button
Seat 1: dboulay1979 ($2.16 in chips) 
Seat 2: Egor_SKY88 ($0.34 in chips) 
Seat 3: 0RB BR0 ($0.40 in chips) 
Seat 4: midor1ya ($3.33 in chips) 
Seat 5: Walkel ($2.11 in chips) 
Seat 6: jasia1943 ($1.65 in chips) 
Seat 7: chefecoxim ($1.71 in chips) 
Seat 8: Dorex2007 ($2.33 in chips) 
Seat 9: nlpoker999 ($2.29 in chips) 
Egor_SKY88: posts small blind $0.01
0RB BR0: posts big blind $0.02
*** HOLE CARDS ***
Dealt to Dorex2007 [Jc Qh]
midor1ya: folds 
Walkel: folds 
jasia1943: raises $0.10 to $0.12
chefecoxim: folds 
Dorex2007: folds 
nlpoker999: folds 
dboulay1979: folds 
Egor_SKY88: folds 
0RB BR0: folds 
Uncalled bet ($0.10) returned to jasia1943
jasia1943 collected $0.05 from pot
*** SUMMARY ***
Total pot $0.05 | Rake $0 
Seat 1: dboulay1979 (button) folded before Flop (didn't bet)
Seat 2: Egor_SKY88 (small blind) folded before Flop
Seat 3: 0RB BR0 (big blind) folded before Flop
Seat 4: midor1ya folded before Flop (didn't bet)
Seat 5: Walkel folded before Flop (didn't bet)
Seat 6: jasia1943 collected ($0.05)
Seat 7: chefecoxim folded before Flop (didn't bet)
Seat 8: Dorex2007 folded before Flop (didn't bet)
Seat 9: nlpoker999 folded before Flop (didn't bet)



PokerStars Hand #237240109211:  Hold'em No Limit ($0.01/$0.02 USD) - 2022/07/08 13:18:54 PT [2022/07/08 16:18:54 ET]
Table 'Ginevra II' 9-max Seat #2 is the button
Seat 1: dboulay1979 ($2.16 in chips) 
Seat 2: Egor_SKY88 ($0.33 in chips) 
Seat 3: 0RB BR0 ($0.38 in chips) 
Seat 4: midor1ya ($3.33 in chips) 
Seat 5: Walkel ($2.11 in chips) 
Seat 6: jasia1943 ($1.68 in chips) 
Seat 7: chefecoxim ($1.71 in chips) 
Seat 8: Dorex2007 ($2.33 in chips) 
Seat 9: nlpoker999 ($2.29 in chips) 
0RB BR0: posts small blind $0.01
midor1ya: posts big blind $0.02
*** HOLE CARDS ***
Dealt to Dorex2007 [Ac 3h]
Walkel: folds 
jasia1943: calls $0.02
chefecoxim: folds 
Dorex2007: folds 
nlpoker999: folds 
dboulay1979: folds 
Egor_SKY88: calls $0.02
0RB BR0: folds 
midor1ya: checks 
*** FLOP *** [8c Tc 9c]
midor1ya: bets $0.04
jasia1943: folds 
Egor_SKY88: calls $0.04
*** TURN *** [8c Tc 9c] [3d]
midor1ya: bets $0.11
Egor_SKY88: folds 
Uncalled bet ($0.11) returned to midor1ya
midor1ya collected $0.14 from pot
*** SUMMARY ***
Total pot $0.15 | Rake $0.01 
Board [8c Tc 9c 3d]
Seat 1: dboulay1979 folded before Flop (didn't bet)
Seat 2: Egor_SKY88 (button) folded on the Turn
Seat 3: 0RB BR0 (small blind) folded before Flop
Seat 4: midor1ya (big blind) collected ($0.14)
Seat 5: Walkel folded before Flop (didn't bet)
Seat 6: jasia1943 folded on the Flop
Seat 7: chefecoxim folded before Flop (didn't bet)
Seat 8: Dorex2007 folded before Flop (didn't bet)
Seat 9: nlpoker999 folded before Flop (didn't bet)



PokerStars Hand #237240130108:  Hold'em No Limit ($0.01/$0.02 USD) - 2022/07/08 13:19:34 PT [2022/07/08 16:19:34 ET]
Table 'Ginevra II' 9-max Seat #3 is the button
Seat 1: dboulay1979 ($2.16 in chips) 
Seat 2: Egor_SKY88 ($0.27 in chips) 
Seat 3: 0RB BR0 ($0.37 in chips) 
Seat 4: midor1ya ($3.41 in chips) 
Seat 5: Walkel ($2.11 in chips) 
Seat 6: jasia1943 ($1.66 in chips) 
Seat 7: chefecoxim ($1.71 in chips) 
Seat 8: Dorex2007 ($2.33 in chips) 
Seat 9: nlpoker999 ($2.29 in chips) 
midor1ya: posts small blind $0.01
Walkel: posts big blind $0.02
*** HOLE CARDS ***
Dealt to Dorex2007 [Jh 4h]
jasia1943: folds 
chefecoxim: folds 
Dorex2007: folds 
nlpoker999: raises $0.04 to $0.06
dboulay1979: folds 
Egor_SKY88: folds 
0RB BR0: folds 
midor1ya: folds 
Walkel: folds 
Uncalled bet ($0.04) returned to nlpoker999
nlpoker999 collected $0.05 from pot
*** SUMMARY ***
Total pot $0.05 | Rake $0 
Seat 1: dboulay1979 folded before Flop (didn't bet)
Seat 2: Egor_SKY88 folded before Flop (didn't bet)
Seat 3: 0RB BR0 (button) folded before Flop (didn't bet)
Seat 4: midor1ya (small blind) folded before Flop
Seat 5: Walkel (big blind) folded before Flop
Seat 6: jasia1943 folded before Flop (didn't bet)
Seat 7: chefecoxim folded before Flop (didn't bet)
Seat 8: Dorex2007 folded before Flop (didn't bet)
Seat 9: nlpoker999 collected ($0.05)



PokerStars Hand #237240141058:  Hold'em No Limit ($0.01/$0.02 USD) - 2022/07/08 13:20:03 PT [2022/07/08 16:20:03 ET]
Table 'Ginevra II' 9-max Seat #4 is the button
Seat 1: dboulay1979 ($2.16 in chips) 
Seat 2: Egor_SKY88 ($0.27 in chips) 
Seat 3: 0RB BR0 ($0.37 in chips) 
Seat 4: midor1ya ($3.40 in chips) 
Seat 5: Walkel ($2.09 in chips) 
Seat 6: jasia1943 ($1.66 in chips) 
Seat 7: chefecoxim ($1.71 in chips) 
Seat 8: Dorex2007 ($2.33 in chips) 
Seat 9: nlpoker999 ($2.32 in chips) 
Walkel: posts small blind $0.01
jasia1943: posts big blind $0.02
*** HOLE CARDS ***
Dealt to Dorex2007 [Qs 8s]
chefecoxim: calls $0.02
Dorex2007: folds 
nlpoker999: calls $0.02
dboulay1979: folds 
Egor_SKY88: folds 
0RB BR0: calls $0.02
midor1ya: folds 
Walkel: folds 
jasia1943: checks 
*** FLOP *** [Ts 6h 2s]
jasia1943: checks 
chefecoxim: bets $0.02
nlpoker999: folds 
0RB BR0: folds 
jasia1943: calls $0.02
*** TURN *** [Ts 6h 2s] [9c]
jasia1943: checks 
chefecoxim: bets $0.02
jasia1943: calls $0.02
*** RIVER *** [Ts 6h 2s 9c] [Js]
jasia1943: bets $0.02
chefecoxim: calls $0.02
*** SHOW DOWN ***
jasia1943: shows [Jd 9s] (two pair, Jacks and Nines)
chefecoxim: mucks hand 
jasia1943 collected $0.20 from pot
*** SUMMARY ***
Total pot $0.21 | Rake $0.01 
Board [Ts 6h 2s 9c Js]
Seat 1: dboulay1979 folded before Flop (didn't bet)
Seat 2: Egor_SKY88 folded before Flop (didn't bet)
Seat 3: 0RB BR0 folded on the Flop
Seat 4: midor1ya (button) folded before Flop (didn't bet)
Seat 5: Walkel (small blind) folded before Flop
Seat 6: jasia1943 (big blind) showed [Jd 9s] and won ($0.20) with two pair, Jacks and Nines
Seat 7: chefecoxim mucked [Ah Qd]
Seat 8: Dorex2007 folded before Flop (didn't bet)
Seat 9: nlpoker999 folded on the Flop



PokerStars Hand #237240159948:  Hold'em No Limit ($0.01/$0.02 USD) - 2022/07/08 13:20:53 PT [2022/07/08 16:20:53 ET]
Table 'Ginevra II' 9-max Seat #5 is the button
Seat 1: dboulay1979 ($2.16 in chips) 
Seat 2: Egor_SKY88 ($0.27 in chips) 
Seat 3: 0RB BR0 ($0.35 in chips) 
Seat 4: midor1ya ($3.40 in chips) 
Seat 5: Walkel ($2.08 in chips) 
Seat 6: jasia1943 ($1.78 in chips) 
Seat 7: chefecoxim ($1.63 in chips) 
Seat 8: Dorex2007 ($2.33 in chips) 
Seat 9: nlpoker999 ($2.30 in chips) 
jasia1943: posts small blind $0.01
chefecoxim: posts big blind $0.02
*** HOLE CARDS ***
Dealt to Dorex2007 [Qh Kc]
Dorex2007: calls $0.02
nlpoker999: folds 
dboulay1979: folds 
Egor_SKY88: folds 
0RB BR0: folds 
midor1ya: raises $0.07 to $0.09
Walkel: folds 
jasia1943: calls $0.08
chefecoxim: folds 
Dorex2007: folds 
*** FLOP *** [2s 4s Js]
jasia1943: checks 
midor1ya: bets $0.11
jasia1943: folds 
Uncalled bet ($0.11) returned to midor1ya
midor1ya collected $0.21 from pot
*** SUMMARY ***
Total pot $0.22 | Rake $0.01 
Board [2s 4s Js]
Seat 1: dboulay1979 folded before Flop (didn't bet)
Seat 2: Egor_SKY88 folded before Flop (didn't bet)
Seat 3: 0RB BR0 folded before Flop (didn't bet)
Seat 4: midor1ya collected ($0.21)
Seat 5: Walkel (button) folded before Flop (didn't bet)
Seat 6: jasia1943 (small blind) folded on the Flop
Seat 7: chefecoxim (big blind) folded before Flop
Seat 8: Dorex2007 folded before Flop
Seat 9: nlpoker999 folded before Flop (didn't bet)



PokerStars Hand #237240183781:  Hold'em No Limit ($0.01/$0.02 USD) - 2022/07/08 13:21:55 PT [2022/07/08 16:21:55 ET]
Table 'Ginevra II' 9-max Seat #6 is the button
Seat 1: dboulay1979 ($2.16 in chips) 
Seat 2: Egor_SKY88 ($0.27 in chips) 
Seat 3: 0RB BR0 ($0.35 in chips) 
Seat 4: midor1ya ($3.52 in chips) 
Seat 5: Walkel ($2.08 in chips) 
Seat 6: jasia1943 ($1.69 in chips) 
Seat 7: chefecoxim ($1.61 in chips) 
Seat 8: Dorex2007 ($2.31 in chips) 
Seat 9: nlpoker999 ($2.30 in chips) 
chefecoxim: posts small blind $0.01
Dorex2007: posts big blind $0.02
*** HOLE CARDS ***
Dealt to Dorex2007 [Ad 3c]
nlpoker999: folds 
dboulay1979: folds 
Egor_SKY88: folds 
0RB BR0: folds 
midor1ya: raises $0.03 to $0.05
Walkel: folds 
jasia1943: folds 
chefecoxim: folds 
Dorex2007: folds 
Uncalled bet ($0.03) returned to midor1ya
midor1ya collected $0.05 from pot
*** SUMMARY ***
Total pot $0.05 | Rake $0 
Seat 1: dboulay1979 folded before Flop (didn't bet)
Seat 2: Egor_SKY88 folded before Flop (didn't bet)
Seat 3: 0RB BR0 folded before Flop (didn't bet)
Seat 4: midor1ya collected ($0.05)
Seat 5: Walkel folded before Flop (didn't bet)
Seat 6: jasia1943 (button) folded before Flop (didn't bet)
Seat 7: chefecoxim (small blind) folded before Flop
Seat 8: Dorex2007 (big blind) folded before Flop
Seat 9: nlpoker999 folded before Flop (didn't bet)



PokerStars Hand #237240196439:  Hold'em No Limit ($0.01/$0.02 USD) - 2022/07/08 13:22:29 PT [2022/07/08 16:22:29 ET]
Table 'Ginevra II' 9-max Seat #7 is the button
Seat 1: dboulay1979 ($2.16 in chips) 
Seat 2: Egor_SKY88 ($0.27 in chips) 
Seat 3: 0RB BR0 ($0.35 in chips) 
Seat 4: midor1ya ($3.55 in chips) 
Seat 5: Walkel ($2.08 in chips) 
Seat 6: jasia1943 ($1.69 in chips) 
Seat 7: chefecoxim ($1.60 in chips) 
Seat 8: Dorex2007 ($2.29 in chips) 
Dorex2007: posts small blind $0.01
nlpoker999: is sitting out 
dboulay1979: posts big blind $0.02
*** HOLE CARDS ***
Dealt to Dorex2007 [4h 6h]
Egor_SKY88: raises $0.02 to $0.04
nlpoker999 leaves the table
0RB BR0: folds 
midor1ya: folds 
Walkel: folds 
jasia1943: folds 
0RB BR0 leaves the table
chefecoxim: folds 
Dorex2007: folds 
dboulay1979: folds 
Uncalled bet ($0.02) returned to Egor_SKY88
Egor_SKY88 collected $0.05 from pot
*** SUMMARY ***
Total pot $0.05 | Rake $0 
Seat 1: dboulay1979 (big blind) folded before Flop
Seat 2: Egor_SKY88 collected ($0.05)
Seat 3: 0RB BR0 folded before Flop (didn't bet)
Seat 4: midor1ya folded before Flop (didn't bet)
Seat 5: Walkel folded before Flop (didn't bet)
Seat 6: jasia1943 folded before Flop (didn't bet)
Seat 7: chefecoxim (button) folded before Flop (didn't bet)
Seat 8: Dorex2007 (small blind) folded before Flop



PokerStars Hand #237240205392:  Hold'em No Limit ($0.01/$0.02 USD) - 2022/07/08 13:22:52 PT [2022/07/08 16:22:52 ET]
Table 'Ginevra II' 9-max Seat #8 is the button
Seat 1: dboulay1979 ($2.14 in chips) 
Seat 2: Egor_SKY88 ($0.30 in chips) 
Seat 4: midor1ya ($3.55 in chips) 
Seat 5: Walkel ($2.08 in chips) 
Seat 6: jasia1943 ($1.69 in chips) 
Seat 7: chefecoxim ($1.60 in chips) 
Seat 8: Dorex2007 ($2.28 in chips) 
dboulay1979: posts small blind $0.01
Egor_SKY88: posts big blind $0.02
*** HOLE CARDS ***
Dealt to Dorex2007 [2d Jc]
midor1ya: folds 
Walkel: folds 
jasia1943: folds 
chefecoxim: calls $0.02
Dorex2007: folds 
dboulay1979: folds 
Egor_SKY88: checks 
*** FLOP *** [6d Jd Jh]
Egor_SKY88: checks 
chefecoxim: checks 
*** TURN *** [6d Jd Jh] [3d]
Egor_SKY88: checks 
chefecoxim: checks 
*** RIVER *** [6d Jd Jh 3d] [Qd]
Egor_SKY88: checks 
chefecoxim: checks 
*** SHOW DOWN ***
Egor_SKY88: shows [8h 7h] (a pair of Jacks)
chefecoxim: shows [Ks Ac] (a pair of Jacks - Ace kicker)
chefecoxim collected $0.05 from pot
*** SUMMARY ***
Total pot $0.05 | Rake $0 
Board [6d Jd Jh 3d Qd]
Seat 1: dboulay1979 (small blind) folded before Flop
Seat 2: Egor_SKY88 (big blind) showed [8h 7h] and lost with a pair of Jacks
Seat 4: midor1ya folded before Flop (didn't bet)
Seat 5: Walkel folded before Flop (didn't bet)
Seat 6: jasia1943 folded before Flop (didn't bet)
Seat 7: chefecoxim showed [Ks Ac] and won ($0.05) with a pair of Jacks
Seat 8: Dorex2007 (button) folded before Flop (didn't bet)



PokerStars Hand #237240227012:  Hold'em No Limit ($0.01/$0.02 USD) - 2022/07/08 13:23:26 PT [2022/07/08 16:23:26 ET]
Table 'Ginevra II' 9-max Seat #1 is the button
Seat 1: dboulay1979 ($2.13 in chips) 
Seat 2: Egor_SKY88 ($0.28 in chips) 
Seat 5: Walkel ($2.08 in chips) 
Seat 6: jasia1943 ($1.69 in chips) 
Seat 7: chefecoxim ($1.63 in chips) 
Seat 8: Dorex2007 ($2.28 in chips) 
Egor_SKY88: posts small blind $0.01
midor1ya: is sitting out 
Walkel: posts big blind $0.02
*** HOLE CARDS ***
Dealt to Dorex2007 [Kd Ac]
jasia1943: folds 
chefecoxim: calls $0.02
Dorex2007: calls $0.02
dboulay1979: folds 
Egor_SKY88: calls $0.01
Walkel: checks 
*** FLOP *** [8d Tc Qc]
Egor_SKY88: checks 
Walkel: checks 
midor1ya leaves the table
chefecoxim: bets $0.04
Dorex2007: folds 
Egor_SKY88: folds 
Walkel: folds 
Uncalled bet ($0.04) returned to chefecoxim
chefecoxim collected $0.08 from pot
*** SUMMARY ***
Total pot $0.08 | Rake $0 
Board [8d Tc Qc]
Seat 1: dboulay1979 (button) folded before Flop (didn't bet)
Seat 2: Egor_SKY88 (small blind) folded on the Flop
Seat 5: Walkel (big blind) folded on the Flop
Seat 6: jasia1943 folded before Flop (didn't bet)
Seat 7: chefecoxim collected ($0.08)
Seat 8: Dorex2007 folded on the Flop



PokerStars Hand #237240240385:  Hold'em No Limit ($0.01/$0.02 USD) - 2022/07/08 13:24:02 PT [2022/07/08 16:24:02 ET]
Table 'Ginevra II' 9-max Seat #2 is the button
Seat 1: dboulay1979 ($2.13 in chips) 
Seat 2: Egor_SKY88 ($0.26 in chips) 
Seat 5: Walkel ($2.06 in chips) 
Seat 6: jasia1943 ($1.69 in chips) 
Seat 7: chefecoxim ($1.69 in chips) 
Seat 8: Dorex2007 ($2.26 in chips) 
Walkel: posts small blind $0.01
jasia1943: posts big blind $0.02
*** HOLE CARDS ***
Dealt to Dorex2007 [Th 2d]
chefecoxim: folds 
Dorex2007: folds 
dboulay1979: folds 
Egor_SKY88: raises $0.02 to $0.04
Walkel: folds 
jasia1943: calls $0.02
*** FLOP *** [Tc Kd 6s]
jasia1943: checks 
Egor_SKY88: bets $0.09
jasia1943: folds 
Uncalled bet ($0.09) returned to Egor_SKY88
Egor_SKY88 collected $0.09 from pot
*** SUMMARY ***
Total pot $0.09 | Rake $0 
Board [Tc Kd 6s]
Seat 1: dboulay1979 folded before Flop (didn't bet)
Seat 2: Egor_SKY88 (button) collected ($0.09)
Seat 5: Walkel (small blind) folded before Flop
Seat 6: jasia1943 (big blind) folded on the Flop
Seat 7: chefecoxim folded before Flop (didn't bet)
Seat 8: Dorex2007 folded before Flop (didn't bet)



PokerStars Hand #237240250580:  Hold'em No Limit ($0.01/$0.02 USD) - 2022/07/08 13:24:29 PT [2022/07/08 16:24:29 ET]
Table 'Ginevra II' 9-max Seat #5 is the button
Seat 1: dboulay1979 ($2.13 in chips) 
Seat 2: Egor_SKY88 ($0.31 in chips) 
Seat 5: Walkel ($2.05 in chips) 
Seat 6: jasia1943 ($1.65 in chips) 
Seat 7: chefecoxim ($1.69 in chips) 
Seat 8: Dorex2007 ($2.26 in chips) 
jasia1943: posts small blind $0.01
chefecoxim: posts big blind $0.02
*** HOLE CARDS ***
Dealt to Dorex2007 [2c 3h]
Dorex2007: folds 
dboulay1979: folds 
Egor_SKY88: folds 
Walkel: folds 
jasia1943: folds 
Uncalled bet ($0.01) returned to chefecoxim
chefecoxim collected $0.02 from pot
*** SUMMARY ***
Total pot $0.02 | Rake $0 
Seat 1: dboulay1979 folded before Flop (didn't bet)
Seat 2: Egor_SKY88 folded before Flop (didn't bet)
Seat 5: Walkel (button) folded before Flop (didn't bet)
Seat 6: jasia1943 (small blind) folded before Flop
Seat 7: chefecoxim (big blind) collected ($0.02)
Seat 8: Dorex2007 folded before Flop (didn't bet)



PokerStars Hand #237240254627:  Hold'em No Limit ($0.01/$0.02 USD) - 2022/07/08 13:24:39 PT [2022/07/08 16:24:39 ET]
Table 'Ginevra II' 9-max Seat #6 is the button
Seat 1: dboulay1979 ($2.13 in chips) 
Seat 2: Egor_SKY88 ($0.31 in chips) 
Seat 5: Walkel ($2.05 in chips) 
Seat 6: jasia1943 ($1.64 in chips) 
Seat 7: chefecoxim ($1.70 in chips) 
Seat 8: Dorex2007 ($2.26 in chips) 
chefecoxim: posts small blind $0.01
Dorex2007: posts big blind $0.02
*** HOLE CARDS ***
Dealt to Dorex2007 [8c Ks]
dboulay1979: folds 
Egor_SKY88: folds 
Walkel: folds 
jasia1943: raises $0.08 to $0.10
chefecoxim: folds 
Dorex2007: folds 
Uncalled bet ($0.08) returned to jasia1943
jasia1943 collected $0.05 from pot
*** SUMMARY ***
Total pot $0.05 | Rake $0 
Seat 1: dboulay1979 folded before Flop (didn't bet)
Seat 2: Egor_SKY88 folded before Flop (didn't bet)
Seat 5: Walkel folded before Flop (didn't bet)
Seat 6: jasia1943 (button) collected ($0.05)
Seat 7: chefecoxim (small blind) folded before Flop
Seat 8: Dorex2007 (big blind) folded before Flop



PokerStars Hand #237240260383:  Hold'em No Limit ($0.01/$0.02 USD) - 2022/07/08 13:24:54 PT [2022/07/08 16:24:54 ET]
Table 'Ginevra II' 9-max Seat #7 is the button
Seat 1: dboulay1979 ($2.13 in chips) 
Seat 2: Egor_SKY88 ($0.31 in chips) 
Seat 5: Walkel ($2.05 in chips) 
Seat 6: jasia1943 ($1.67 in chips) 
Seat 7: chefecoxim ($1.69 in chips) 
Seat 8: Dorex2007 ($2.24 in chips) 
Dorex2007: posts small blind $0.01
dboulay1979: posts big blind $0.02
*** HOLE CARDS ***
Dealt to Dorex2007 [3d 7s]
Egor_SKY88: raises $0.02 to $0.04
Walkel: raises $0.12 to $0.16
jasia1943: folds 
chefecoxim: folds 
Dorex2007: folds 
dboulay1979: folds 
Egor_SKY88: calls $0.12
*** FLOP *** [Qs Kh 3h]
Egor_SKY88: checks 
Walkel: bets $0.14
Egor_SKY88: folds 
Uncalled bet ($0.14) returned to Walkel
Walkel collected $0.34 from pot
*** SUMMARY ***
Total pot $0.35 | Rake $0.01 
Board [Qs Kh 3h]
Seat 1: dboulay1979 (big blind) folded before Flop
Seat 2: Egor_SKY88 folded on the Flop
Seat 5: Walkel collected ($0.34)
Seat 6: jasia1943 folded before Flop (didn't bet)
Seat 7: chefecoxim (button) folded before Flop (didn't bet)
Seat 8: Dorex2007 (small blind) folded before Flop



PokerStars Hand #237240269815:  Hold'em No Limit ($0.01/$0.02 USD) - 2022/07/08 13:25:19 PT [2022/07/08 16:25:19 ET]
Table 'Ginevra II' 9-max Seat #8 is the button
Seat 1: dboulay1979 ($2.11 in chips) 
Seat 2: Egor_SKY88 ($0.15 in chips) 
Seat 5: Walkel ($2.23 in chips) 
Seat 6: jasia1943 ($1.67 in chips) 
Seat 7: chefecoxim ($1.69 in chips) 
Seat 8: Dorex2007 ($2.23 in chips) 
dboulay1979: posts small blind $0.01
Egor_SKY88: posts big blind $0.02
*** HOLE CARDS ***
Dealt to Dorex2007 [5c 3c]
Walkel: folds 
jasia1943: folds 
chefecoxim: folds 
Dorex2007: folds 
dboulay1979: folds 
Uncalled bet ($0.01) returned to Egor_SKY88
Egor_SKY88 collected $0.02 from pot
*** SUMMARY ***
Total pot $0.02 | Rake $0 
Seat 1: dboulay1979 (small blind) folded before Flop
Seat 2: Egor_SKY88 (big blind) collected ($0.02)
Seat 5: Walkel folded before Flop (didn't bet)
Seat 6: jasia1943 folded before Flop (didn't bet)
Seat 7: chefecoxim folded before Flop (didn't bet)
Seat 8: Dorex2007 (button) folded before Flop (didn't bet)



PokerStars Hand #237240274079:  Hold'em No Limit ($0.01/$0.02 USD) - 2022/07/08 13:25:30 PT [2022/07/08 16:25:30 ET]
Table 'Ginevra II' 9-max Seat #1 is the button
Seat 1: dboulay1979 ($2.10 in chips) 
Seat 2: Egor_SKY88 ($0.16 in chips) 
Seat 5: Walkel ($2.23 in chips) 
Seat 6: jasia1943 ($1.67 in chips) 
Seat 7: chefecoxim ($1.69 in chips) 
Seat 8: Dorex2007 ($2.23 in chips) 
Egor_SKY88: posts small blind $0.01
Walkel: posts big blind $0.02
*** HOLE CARDS ***
Dealt to Dorex2007 [Js Ac]
jasia1943: folds 
chefecoxim: folds 
Dorex2007: raises $0.04 to $0.06
bigcjmitch joins the table at seat #9 
dboulay1979: folds 
Egor_SKY88: folds 
Walkel: folds 
Uncalled bet ($0.04) returned to Dorex2007
Dorex2007 collected $0.05 from pot
*** SUMMARY ***
Total pot $0.05 | Rake $0 
Seat 1: dboulay1979 (button) folded before Flop (didn't bet)
Seat 2: Egor_SKY88 (small blind) folded before Flop
Seat 5: Walkel (big blind) folded before Flop
Seat 6: jasia1943 folded before Flop (didn't bet)
Seat 7: chefecoxim folded before Flop (didn't bet)
Seat 8: Dorex2007 collected ($0.05)



PokerStars Hand #237240279947:  Hold'em No Limit ($0.01/$0.02 USD) - 2022/07/08 13:25:46 PT [2022/07/08 16:25:46 ET]
Table 'Ginevra II' 9-max Seat #5 is the button
Seat 1: dboulay1979 ($2.10 in chips) 
Seat 5: Walkel ($2.21 in chips) 
Seat 6: jasia1943 ($1.67 in chips) 
Seat 7: chefecoxim ($1.69 in chips) 
Seat 8: Dorex2007 ($2.26 in chips) 
Seat 9: bigcjmitch ($2 in chips) 
jasia1943: posts small blind $0.01
chefecoxim: posts big blind $0.02
bigcjmitch: posts big blind $0.02
*** HOLE CARDS ***
Dealt to Dorex2007 [Th 5d]
Dorex2007: folds 
bigcjmitch: checks 
dboulay1979: folds 
Walkel: raises $0.08 to $0.10
jasia1943: folds 
chefecoxim: calls $0.08
bigcjmitch: folds 
*** FLOP *** [4c Ah 5s]
chefecoxim: checks 
Walkel: bets $0.08
chefecoxim: folds 
Uncalled bet ($0.08) returned to Walkel
Walkel collected $0.22 from pot
*** SUMMARY ***
Total pot $0.23 | Rake $0.01 
Board [4c Ah 5s]
Seat 1: dboulay1979 folded before Flop (didn't bet)
Seat 5: Walkel (button) collected ($0.22)
Seat 6: jasia1943 (small blind) folded before Flop
Seat 7: chefecoxim (big blind) folded on the Flop
Seat 8: Dorex2007 folded before Flop (didn't bet)
Seat 9: bigcjmitch folded before Flop (didn't bet)



PokerStars Hand #237240288865:  Hold'em No Limit ($0.01/$0.02 USD) - 2022/07/08 13:26:10 PT [2022/07/08 16:26:10 ET]
Table 'Ginevra II' 9-max Seat #6 is the button
Seat 1: dboulay1979 ($2.10 in chips) 
Seat 5: Walkel ($2.33 in chips) 
Seat 6: jasia1943 ($1.66 in chips) 
Seat 7: chefecoxim ($1.59 in chips) 
Seat 8: Dorex2007 ($2.26 in chips) 
Seat 9: bigcjmitch ($1.98 in chips) 
chefecoxim: posts small blind $0.01
Dorex2007: posts big blind $0.02
*** HOLE CARDS ***
Dealt to Dorex2007 [2s Td]
bigcjmitch: raises $0.02 to $0.04
dboulay1979: calls $0.04
Tarmans joins the table at seat #3 
Walkel: folds 
jasia1943: folds 
chefecoxim: calls $0.03
Dorex2007: folds 
*** FLOP *** [5h 5s 8s]
chefecoxim: bets $0.02
bigcjmitch: raises $0.09 to $0.11
dboulay1979: folds 
chefecoxim: folds 
Uncalled bet ($0.09) returned to bigcjmitch
bigcjmitch collected $0.17 from pot
*** SUMMARY ***
Total pot $0.18 | Rake $0.01 
Board [5h 5s 8s]
Seat 1: dboulay1979 folded on the Flop
Seat 5: Walkel folded before Flop (didn't bet)
Seat 6: jasia1943 (button) folded before Flop (didn't bet)
Seat 7: chefecoxim (small blind) folded on the Flop
Seat 8: Dorex2007 (big blind) folded before Flop
Seat 9: bigcjmitch collected ($0.17)



PokerStars Hand #237240296272:  Hold'em No Limit ($0.01/$0.02 USD) - 2022/07/08 13:26:30 PT [2022/07/08 16:26:30 ET]
Table 'Ginevra II' 9-max Seat #7 is the button
Seat 1: dboulay1979 ($2.06 in chips) 
Seat 5: Walkel ($2.33 in chips) 
Seat 6: jasia1943 ($1.66 in chips) 
Seat 7: chefecoxim ($1.53 in chips) 
Seat 8: Dorex2007 ($2.24 in chips) 
Seat 9: bigcjmitch ($2.09 in chips) 
Dorex2007: posts small blind $0.01
bigcjmitch: posts big blind $0.02
Tarmans: sits out 
*** HOLE CARDS ***
Dealt to Dorex2007 [6s Ks]
dboulay1979: folds 
Walkel: folds 
jasia1943: raises $0.06 to $0.08
sowaaaa joins the table at seat #2 
chefecoxim: calls $0.08
Dorex2007: folds 
bigcjmitch: folds 
*** FLOP *** [Ad 2h Js]
jasia1943: bets $0.18
chefecoxim: calls $0.18
*** TURN *** [Ad 2h Js] [3s]
jasia1943: bets $0.06
chefecoxim: calls $0.06
*** RIVER *** [Ad 2h Js 3s] [6c]
jasia1943: bets $0.06
chefecoxim: calls $0.06
*** SHOW DOWN ***
jasia1943: shows [8h Ah] (a pair of Aces)
chefecoxim: mucks hand 
jasia1943 collected $0.75 from pot
*** SUMMARY ***
Total pot $0.79 | Rake $0.04 
Board [Ad 2h Js 3s 6c]
Seat 1: dboulay1979 folded before Flop (didn't bet)
Seat 5: Walkel folded before Flop (didn't bet)
Seat 6: jasia1943 showed [8h Ah] and won ($0.75) with a pair of Aces
Seat 7: chefecoxim (button) mucked [Qh Qc]
Seat 8: Dorex2007 (small blind) folded before Flop
Seat 9: bigcjmitch (big blind) folded before Flop



PokerStars Hand #237240309085:  Hold'em No Limit ($0.01/$0.02 USD) - 2022/07/08 13:27:04 PT [2022/07/08 16:27:04 ET]
Table 'Ginevra II' 9-max Seat #8 is the button
Seat 1: dboulay1979 ($2.06 in chips) 
Seat 5: Walkel ($2.33 in chips) 
Seat 6: jasia1943 ($2.03 in chips) 
Seat 7: chefecoxim ($1.15 in chips) 
Seat 8: Dorex2007 ($2.23 in chips) 
Seat 9: bigcjmitch ($2.07 in chips) 
bigcjmitch: posts small blind $0.01
dboulay1979: posts big blind $0.02
sowaaaa: sits out 
Tarmans: sits out 
*** HOLE CARDS ***
Dealt to Dorex2007 [6d Ts]
Walkel: folds 
jasia1943: folds 
chefecoxim: folds 
chefecoxim leaves the table
Dorex2007: folds 
bigcjmitch: calls $0.01
dboulay1979: checks 
*** FLOP *** [7d 3d Ks]
bigcjmitch: bets $0.04
dboulay1979: folds 
Uncalled bet ($0.04) returned to bigcjmitch
bigcjmitch collected $0.04 from pot
*** SUMMARY ***
Total pot $0.04 | Rake $0 
Board [7d 3d Ks]
Seat 1: dboulay1979 (big blind) folded on the Flop
Seat 5: Walkel folded before Flop (didn't bet)
Seat 6: jasia1943 folded before Flop (didn't bet)
Seat 7: chefecoxim folded before Flop (didn't bet)
Seat 8: Dorex2007 (button) folded before Flop (didn't bet)
Seat 9: bigcjmitch (small blind) collected ($0.04)



PokerStars Hand #237240317051:  Hold'em No Limit ($0.01/$0.02 USD) - 2022/07/08 13:27:25 PT [2022/07/08 16:27:25 ET]
Table 'Ginevra II' 9-max Seat #9 is the button
Seat 1: dboulay1979 ($2.04 in chips) 
Seat 2: sowaaaa ($2 in chips) 
Seat 5: Walkel ($2.33 in chips) 
Seat 6: jasia1943 ($2.03 in chips) 
Seat 8: Dorex2007 ($2.23 in chips) 
Seat 9: bigcjmitch ($2.09 in chips) 
dboulay1979: posts small blind $0.01
sowaaaa: posts big blind $0.02
Tarmans: sits out 
*** HOLE CARDS ***
Dealt to Dorex2007 [Qs 7s]
Walkel: folds 
jasia1943: folds 
Dorex2007: folds 
bigcjmitch: calls $0.02
dboulay1979: calls $0.01
sowaaaa: checks 
*** FLOP *** [Js 2h 3s]
dboulay1979: bets $0.05
sowaaaa: calls $0.05
bigcjmitch: calls $0.05
*** TURN *** [Js 2h 3s] [8c]
SharpFocused joins the table at seat #4 
Vincamdias joins the table at seat #7 
dboulay1979: bets $0.15
sowaaaa: folds 
bigcjmitch: folds 
Uncalled bet ($0.15) returned to dboulay1979
dboulay1979 collected $0.20 from pot
*** SUMMARY ***
Total pot $0.21 | Rake $0.01 
Board [Js 2h 3s 8c]
Seat 1: dboulay1979 (small blind) collected ($0.20)
Seat 2: sowaaaa (big blind) folded on the Turn
Seat 5: Walkel folded before Flop (didn't bet)
Seat 6: jasia1943 folded before Flop (didn't bet)
Seat 8: Dorex2007 folded before Flop (didn't bet)
Seat 9: bigcjmitch (button) folded on the Turn



PokerStars Hand #237240332352:  Hold'em No Limit ($0.01/$0.02 USD) - 2022/07/08 13:28:06 PT [2022/07/08 16:28:06 ET]
Table 'Ginevra II' 9-max Seat #1 is the button
Seat 1: dboulay1979 ($2.17 in chips) 
Seat 2: sowaaaa ($1.93 in chips) 
Seat 3: Tarmans ($0.80 in chips) 
Seat 4: SharpFocused ($1.50 in chips) 
Seat 5: Walkel ($2.33 in chips) 
Seat 6: jasia1943 ($2.03 in chips) 
Seat 8: Dorex2007 ($2.23 in chips) 
Seat 9: bigcjmitch ($2.02 in chips) 
sowaaaa: posts small blind $0.01
Tarmans: posts big blind $0.02
SharpFocused: posts big blind $0.02
Vincamdias: sits out 
*** HOLE CARDS ***
Dealt to Dorex2007 [Kd 3s]
SharpFocused: checks 
Walkel: folds 
jasia1943: folds 
Dorex2007: folds 
bigcjmitch: folds 
dboulay1979: folds 
sowaaaa: calls $0.01
Tarmans: checks 
*** FLOP *** [8c 6s Jd]
sowaaaa: bets $0.03
Tarmans: folds 
SharpFocused: folds 
Uncalled bet ($0.03) returned to sowaaaa
sowaaaa collected $0.06 from pot
*** SUMMARY ***
Total pot $0.06 | Rake $0 
Board [8c 6s Jd]
Seat 1: dboulay1979 (button) folded before Flop (didn't bet)
Seat 2: sowaaaa (small blind) collected ($0.06)
Seat 3: Tarmans (big blind) folded on the Flop
Seat 4: SharpFocused folded on the Flop (didn't bet)
Seat 5: Walkel folded before Flop (didn't bet)
Seat 6: jasia1943 folded before Flop (didn't bet)
Seat 8: Dorex2007 folded before Flop (didn't bet)
Seat 9: bigcjmitch folded before Flop (didn't bet)



PokerStars Hand #237240347327:  Hold'em No Limit ($0.01/$0.02 USD) - 2022/07/08 13:28:45 PT [2022/07/08 16:28:45 ET]
Table 'Ginevra II' 9-max Seat #2 is the button
Seat 1: dboulay1979 ($2.17 in chips) 
Seat 2: sowaaaa ($1.97 in chips) 
Seat 3: Tarmans ($0.80 in chips) 
Seat 4: SharpFocused ($1.48 in chips) 
Seat 5: Walkel ($2.33 in chips) 
Seat 6: jasia1943 ($2.03 in chips) 
Seat 8: Dorex2007 ($2.23 in chips) 
Seat 9: bigcjmitch ($2.02 in chips) 
Tarmans: posts small blind $0.01
SharpFocused: posts big blind $0.02
Vincamdias: sits out 
*** HOLE CARDS ***
Dealt to Dorex2007 [Tc 9c]
Walkel: folds 
jasia1943: calls $0.02
Dorex2007: folds 
bigcjmitch: folds 
dboulay1979: folds 
sowaaaa: folds 
Tarmans: raises $0.18 to $0.20
SharpFocused: folds 
jasia1943: calls $0.18
*** FLOP *** [8c 6h As]
Tarmans: bets $0.60 and is all-in
jasia1943: folds 
Uncalled bet ($0.60) returned to Tarmans
Tarmans collected $0.41 from pot
*** SUMMARY ***
Total pot $0.42 | Rake $0.01 
Board [8c 6h As]
Seat 1: dboulay1979 folded before Flop (didn't bet)
Seat 2: sowaaaa (button) folded before Flop (didn't bet)
Seat 3: Tarmans (small blind) collected ($0.41)
Seat 4: SharpFocused (big blind) folded before Flop
Seat 5: Walkel folded before Flop (didn't bet)
Seat 6: jasia1943 folded on the Flop
Seat 8: Dorex2007 folded before Flop (didn't bet)
Seat 9: bigcjmitch folded before Flop (didn't bet)



PokerStars Hand #237240357505:  Hold'em No Limit ($0.01/$0.02 USD) - 2022/07/08 13:29:12 PT [2022/07/08 16:29:12 ET]
Table 'Ginevra II' 9-max Seat #3 is the button
Seat 1: dboulay1979 ($2.17 in chips) 
Seat 2: sowaaaa ($1.97 in chips) 
Seat 3: Tarmans ($1.01 in chips) 
Seat 4: SharpFocused ($1.46 in chips) 
Seat 5: Walkel ($2.33 in chips) 
Seat 6: jasia1943 ($1.83 in chips) 
Seat 8: Dorex2007 ($2.23 in chips) 
Seat 9: bigcjmitch ($2.02 in chips) 
SharpFocused: posts small blind $0.01
Walkel: posts big blind $0.02
Vincamdias: sits out 
*** HOLE CARDS ***
Dealt to Dorex2007 [Qc 4h]
jasia1943: calls $0.02
Dorex2007: folds 
bigcjmitch: folds 
dboulay1979: raises $0.06 to $0.08
sowaaaa: folds 
Tarmans: calls $0.08
SharpFocused: folds 
Walkel: folds 
jasia1943: calls $0.06
*** FLOP *** [Ks 5s 5h]
jasia1943: checks 
dboulay1979: bets $0.13
Tarmans: folds 
jasia1943: folds 
Uncalled bet ($0.13) returned to dboulay1979
dboulay1979 collected $0.26 from pot
*** SUMMARY ***
Total pot $0.27 | Rake $0.01 
Board [Ks 5s 5h]
Seat 1: dboulay1979 collected ($0.26)
Seat 2: sowaaaa folded before Flop (didn't bet)
Seat 3: Tarmans (button) folded on the Flop
Seat 4: SharpFocused (small blind) folded before Flop
Seat 5: Walkel (big blind) folded before Flop
Seat 6: jasia1943 folded on the Flop
Seat 8: Dorex2007 folded before Flop (didn't bet)
Seat 9: bigcjmitch folded before Flop (didn't bet)



PokerStars Hand #237240373211:  Hold'em No Limit ($0.01/$0.02 USD) - 2022/07/08 13:29:54 PT [2022/07/08 16:29:54 ET]
Table 'Ginevra II' 9-max Seat #4 is the button
Seat 1: dboulay1979 ($2.35 in chips) 
Seat 2: sowaaaa ($1.97 in chips) 
Seat 3: Tarmans ($0.93 in chips) 
Seat 4: SharpFocused ($1.45 in chips) 
Seat 5: Walkel ($2.31 in chips) 
Seat 6: jasia1943 ($1.75 in chips) 
Seat 8: Dorex2007 ($2.23 in chips) 
Seat 9: bigcjmitch ($2.02 in chips) 
Walkel: posts small blind $0.01
jasia1943: posts big blind $0.02
Vincamdias: sits out 
*** HOLE CARDS ***
Dealt to Dorex2007 [Qh 6d]
Dorex2007: folds 
bigcjmitch: raises $0.02 to $0.04
dboulay1979: folds 
sowaaaa: raises $0.12 to $0.16
Tarmans: folds 
SharpFocused: folds 
Walkel: folds 
jasia1943: folds 
bigcjmitch: folds 
Uncalled bet ($0.12) returned to sowaaaa
sowaaaa collected $0.11 from pot
*** SUMMARY ***
Total pot $0.11 | Rake $0 
Seat 1: dboulay1979 folded before Flop (didn't bet)
Seat 2: sowaaaa collected ($0.11)
Seat 3: Tarmans folded before Flop (didn't bet)
Seat 4: SharpFocused (button) folded before Flop (didn't bet)
Seat 5: Walkel (small blind) folded before Flop
Seat 6: jasia1943 (big blind) folded before Flop
Seat 8: Dorex2007 folded before Flop (didn't bet)
Seat 9: bigcjmitch folded before Flop



PokerStars Hand #237240380598:  Hold'em No Limit ($0.01/$0.02 USD) - 2022/07/08 13:30:14 PT [2022/07/08 16:30:14 ET]
Table 'Ginevra II' 9-max Seat #5 is the button
Seat 1: dboulay1979 ($2.35 in chips) 
Seat 2: sowaaaa ($2.04 in chips) 
Seat 3: Tarmans ($0.93 in chips) 
Seat 4: SharpFocused ($1.45 in chips) 
Seat 5: Walkel ($2.30 in chips) 
Seat 6: jasia1943 ($1.73 in chips) 
Seat 7: Vincamdias ($1 in chips) 
Seat 8: Dorex2007 ($2.23 in chips) 
Seat 9: bigcjmitch ($1.98 in chips) 
jasia1943: posts small blind $0.01
Vincamdias: posts big blind $0.02
*** HOLE CARDS ***
Dealt to Dorex2007 [6c Jc]
Dorex2007: folds 
bigcjmitch: folds 
dboulay1979: folds 
sowaaaa: folds 
Tarmans: folds 
SharpFocused: folds 
Walkel: raises $0.04 to $0.06
jasia1943: calls $0.05
Vincamdias: folds 
*** FLOP *** [Td Ks 7h]
jasia1943: checks 
Walkel: bets $0.05
jasia1943: raises $0.24 to $0.29
Walkel: calls $0.24
*** TURN *** [Td Ks 7h] [9s]
jasia1943: bets $1.38 and is all-in
Walkel: folds 
Uncalled bet ($1.38) returned to jasia1943
jasia1943 collected $0.68 from pot
*** SUMMARY ***
Total pot $0.72 | Rake $0.04 
Board [Td Ks 7h 9s]
Seat 1: dboulay1979 folded before Flop (didn't bet)
Seat 2: sowaaaa folded before Flop (didn't bet)
Seat 3: Tarmans folded before Flop (didn't bet)
Seat 4: SharpFocused folded before Flop (didn't bet)
Seat 5: Walkel (button) folded on the Turn
Seat 6: jasia1943 (small blind) collected ($0.68)
Seat 7: Vincamdias (big blind) folded before Flop
Seat 8: Dorex2007 folded before Flop (didn't bet)
Seat 9: bigcjmitch folded before Flop (didn't bet)



PokerStars Hand #237240398372:  Hold'em No Limit ($0.01/$0.02 USD) - 2022/07/08 13:31:01 PT [2022/07/08 16:31:01 ET]
Table 'Ginevra II' 9-max Seat #6 is the button
Seat 1: dboulay1979 ($2.35 in chips) 
Seat 2: sowaaaa ($2.04 in chips) 
Seat 3: Tarmans ($0.93 in chips) 
Seat 4: SharpFocused ($1.45 in chips) 
Seat 5: Walkel ($1.95 in chips) 
Seat 6: jasia1943 ($2.06 in chips) 
Seat 7: Vincamdias ($0.98 in chips) 
Seat 8: Dorex2007 ($2.23 in chips) 
Seat 9: bigcjmitch ($1.98 in chips) 
Vincamdias: posts small blind $0.01
Dorex2007: posts big blind $0.02
*** HOLE CARDS ***
Dealt to Dorex2007 [Jd 4c]
bigcjmitch: folds 
dboulay1979: folds 
sowaaaa: folds 
Tarmans: folds 
SharpFocused: folds 
Walkel: folds 
jasia1943: calls $0.02
Vincamdias: folds 
Dorex2007: checks 
*** FLOP *** [4s Tc 4h]
Dorex2007: checks 
jasia1943: bets $0.04
Dorex2007: raises $0.10 to $0.14
jasia1943: folds 
Uncalled bet ($0.10) returned to Dorex2007
Dorex2007 collected $0.13 from pot
*** SUMMARY ***
Total pot $0.13 | Rake $0 
Board [4s Tc 4h]
Seat 1: dboulay1979 folded before Flop (didn't bet)
Seat 2: sowaaaa folded before Flop (didn't bet)
Seat 3: Tarmans folded before Flop (didn't bet)
Seat 4: SharpFocused folded before Flop (didn't bet)
Seat 5: Walkel folded before Flop (didn't bet)
Seat 6: jasia1943 (button) folded on the Flop
Seat 7: Vincamdias (small blind) folded before Flop
Seat 8: Dorex2007 (big blind) collected ($0.13)
Seat 9: bigcjmitch folded before Flop (didn't bet)



PokerStars Hand #237240412542:  Hold'em No Limit ($0.01/$0.02 USD) - 2022/07/08 13:31:38 PT [2022/07/08 16:31:38 ET]
Table 'Ginevra II' 9-max Seat #7 is the button
Seat 1: dboulay1979 ($2.35 in chips) 
Seat 2: sowaaaa ($2.04 in chips) 
Seat 3: Tarmans ($0.93 in chips) 
Seat 4: SharpFocused ($1.45 in chips) 
Seat 5: Walkel ($1.95 in chips) 
Seat 6: jasia1943 ($2 in chips) 
Seat 7: Vincamdias ($0.97 in chips) 
Seat 8: Dorex2007 ($2.30 in chips) 
Seat 9: bigcjmitch ($1.98 in chips) 
Dorex2007: posts small blind $0.01
bigcjmitch: posts big blind $0.02
*** HOLE CARDS ***
Dealt to Dorex2007 [3s 5s]
dboulay1979: folds 
sowaaaa: folds 
Tarmans: calls $0.02
SharpFocused: folds 
Walkel: raises $0.08 to $0.10
jasia1943: folds 
Vincamdias: folds 
Dorex2007: folds 
bigcjmitch: folds 
Tarmans: folds 
Uncalled bet ($0.08) returned to Walkel
Walkel collected $0.07 from pot
*** SUMMARY ***
Total pot $0.07 | Rake $0 
Seat 1: dboulay1979 folded before Flop (didn't bet)
Seat 2: sowaaaa folded before Flop (didn't bet)
Seat 3: Tarmans folded before Flop
Seat 4: SharpFocused folded before Flop (didn't bet)
Seat 5: Walkel collected ($0.07)
Seat 6: jasia1943 folded before Flop (didn't bet)
Seat 7: Vincamdias (button) folded before Flop (didn't bet)
Seat 8: Dorex2007 (small blind) folded before Flop
Seat 9: bigcjmitch (big blind) folded before Flop



PokerStars Hand #237240423033:  Hold'em No Limit ($0.01/$0.02 USD) - 2022/07/08 13:32:06 PT [2022/07/08 16:32:06 ET]
Table 'Ginevra II' 9-max Seat #8 is the button
Seat 1: dboulay1979 ($2.35 in chips) 
Seat 2: sowaaaa ($2.04 in chips) 
Seat 3: Tarmans ($0.91 in chips) 
Seat 4: SharpFocused ($1.45 in chips) 
Seat 5: Walkel ($2 in chips) 
Seat 6: jasia1943 ($2 in chips) 
Seat 7: Vincamdias ($0.97 in chips) 
Seat 8: Dorex2007 ($2.29 in chips) 
Seat 9: bigcjmitch ($1.96 in chips) 
bigcjmitch: posts small blind $0.01
dboulay1979: posts big blind $0.02
*** HOLE CARDS ***
Dealt to Dorex2007 [6c 3c]
sowaaaa: folds 
Tarmans: folds 
SharpFocused: calls $0.02
Walkel: folds 
jasia1943: folds 
Vincamdias: calls $0.02
Dorex2007: folds 
bigcjmitch: calls $0.01
dboulay1979: checks 
*** FLOP *** [8d 8h 2h]
bigcjmitch: checks 
dboulay1979: bets $0.04
SharpFocused: folds 
Vincamdias: folds 
bigcjmitch: folds 
Uncalled bet ($0.04) returned to dboulay1979
dboulay1979 collected $0.08 from pot
*** SUMMARY ***
Total pot $0.08 | Rake $0 
Board [8d 8h 2h]
Seat 1: dboulay1979 (big blind) collected ($0.08)
Seat 2: sowaaaa folded before Flop (didn't bet)
Seat 3: Tarmans folded before Flop (didn't bet)
Seat 4: SharpFocused folded on the Flop
Seat 5: Walkel folded before Flop (didn't bet)
Seat 6: jasia1943 folded before Flop (didn't bet)
Seat 7: Vincamdias folded on the Flop
Seat 8: Dorex2007 (button) folded before Flop (didn't bet)
Seat 9: bigcjmitch (small blind) folded on the Flop



PokerStars Hand #237240437685:  Hold'em No Limit ($0.01/$0.02 USD) - 2022/07/08 13:32:46 PT [2022/07/08 16:32:46 ET]
Table 'Ginevra II' 9-max Seat #9 is the button
Seat 1: dboulay1979 ($2.41 in chips) 
Seat 2: sowaaaa ($2.04 in chips) 
Seat 3: Tarmans ($0.91 in chips) 
Seat 4: SharpFocused ($1.43 in chips) 
Seat 5: Walkel ($2 in chips) 
Seat 6: jasia1943 ($2 in chips) 
Seat 7: Vincamdias ($0.95 in chips) 
Seat 8: Dorex2007 ($2.29 in chips) 
Seat 9: bigcjmitch ($1.94 in chips) 
dboulay1979: posts small blind $0.01
sowaaaa: posts big blind $0.02
*** HOLE CARDS ***
Dealt to Dorex2007 [Kd 5s]
Tarmans: folds 
SharpFocused: folds 
Walkel: folds 
jasia1943: folds 
Vincamdias: folds 
Dorex2007: folds 
bigcjmitch: folds 
dboulay1979: folds 
Uncalled bet ($0.01) returned to sowaaaa
sowaaaa collected $0.02 from pot
*** SUMMARY ***
Total pot $0.02 | Rake $0 
Seat 1: dboulay1979 (small blind) folded before Flop
Seat 2: sowaaaa (big blind) collected ($0.02)
Seat 3: Tarmans folded before Flop (didn't bet)
Seat 4: SharpFocused folded before Flop (didn't bet)
Seat 5: Walkel folded before Flop (didn't bet)
Seat 6: jasia1943 folded before Flop (didn't bet)
Seat 7: Vincamdias folded before Flop (didn't bet)
Seat 8: Dorex2007 folded before Flop (didn't bet)
Seat 9: bigcjmitch (button) folded before Flop (didn't bet)



PokerStars Hand #237240444637:  Hold'em No Limit ($0.01/$0.02 USD) - 2022/07/08 13:33:04 PT [2022/07/08 16:33:04 ET]
Table 'Ginevra II' 9-max Seat #1 is the button
Seat 1: dboulay1979 ($2.40 in chips) 
Seat 2: sowaaaa ($2.05 in chips) 
Seat 3: Tarmans ($0.91 in chips) 
Seat 4: SharpFocused ($1.43 in chips) 
Seat 5: Walkel ($2 in chips) 
Seat 6: jasia1943 ($2 in chips) 
Seat 7: Vincamdias ($0.95 in chips) 
Seat 8: Dorex2007 ($2.29 in chips) 
Seat 9: bigcjmitch ($1.94 in chips) 
sowaaaa: posts small blind $0.01
Tarmans: posts big blind $0.02
*** HOLE CARDS ***
Dealt to Dorex2007 [Jc 4h]
SharpFocused: folds 
Walkel: folds 
jasia1943: folds 
Vincamdias: folds 
Dorex2007: folds 
bigcjmitch: calls $0.02
dboulay1979: folds 
sowaaaa: calls $0.01
Tarmans: checks 
*** FLOP *** [Jh Th 2s]
sowaaaa: checks 
Tarmans: checks 
bigcjmitch: checks 
*** TURN *** [Jh Th 2s] [3h]
sowaaaa: checks 
Tarmans: checks 
bigcjmitch: bets $0.06
sowaaaa: calls $0.06
Tarmans: folds 
*** RIVER *** [Jh Th 2s 3h] [9d]
sowaaaa: checks 
bigcjmitch: bets $0.17
sowaaaa: calls $0.17
*** SHOW DOWN ***
bigcjmitch: shows [3s 3d] (three of a kind, Threes)
sowaaaa: mucks hand 
bigcjmitch collected $0.50 from pot
*** SUMMARY ***
Total pot $0.52 | Rake $0.02 
Board [Jh Th 2s 3h 9d]
Seat 1: dboulay1979 (button) folded before Flop (didn't bet)
Seat 2: sowaaaa (small blind) mucked [Td 9h]
Seat 3: Tarmans (big blind) folded on the Turn
Seat 4: SharpFocused folded before Flop (didn't bet)
Seat 5: Walkel folded before Flop (didn't bet)
Seat 6: jasia1943 folded before Flop (didn't bet)
Seat 7: Vincamdias folded before Flop (didn't bet)
Seat 8: Dorex2007 folded before Flop (didn't bet)
Seat 9: bigcjmitch showed [3s 3d] and won ($0.50) with three of a kind, Threes



PokerStars Hand #237240468190:  Hold'em No Limit ($0.01/$0.02 USD) - 2022/07/08 13:34:07 PT [2022/07/08 16:34:07 ET]
Table 'Ginevra II' 9-max Seat #2 is the button
Seat 1: dboulay1979 ($2.40 in chips) 
Seat 2: sowaaaa ($1.80 in chips) 
Seat 3: Tarmans ($0.89 in chips) 
Seat 4: SharpFocused ($1.43 in chips) 
Seat 5: Walkel ($2 in chips) 
Seat 6: jasia1943 ($2 in chips) 
Seat 7: Vincamdias ($0.95 in chips) 
Seat 8: Dorex2007 ($2.29 in chips) 
Seat 9: bigcjmitch ($2.19 in chips) 
Tarmans: posts small blind $0.01
SharpFocused: posts big blind $0.02
*** HOLE CARDS ***
Dealt to Dorex2007 [Js Jc]
Walkel: folds 
jasia1943: folds 
Vincamdias: folds 
Dorex2007: raises $0.04 to $0.06
bigcjmitch: folds 
dboulay1979: folds 
sowaaaa: folds 
Tarmans: raises $0.83 to $0.89 and is all-in
SharpFocused: folds 
Dorex2007: folds 
Uncalled bet ($0.83) returned to Tarmans
Tarmans collected $0.14 from pot
*** SUMMARY ***
Total pot $0.14 | Rake $0 
Seat 1: dboulay1979 folded before Flop (didn't bet)
Seat 2: sowaaaa (button) folded before Flop (didn't bet)
Seat 3: Tarmans (small blind) collected ($0.14)
Seat 4: SharpFocused (big blind) folded before Flop
Seat 5: Walkel folded before Flop (didn't bet)
Seat 6: jasia1943 folded before Flop (didn't bet)
Seat 7: Vincamdias folded before Flop (didn't bet)
Seat 8: Dorex2007 folded before Flop
Seat 9: bigcjmitch folded before Flop (didn't bet)



PokerStars Hand #237240478992:  Hold'em No Limit ($0.01/$0.02 USD) - 2022/07/08 13:34:36 PT [2022/07/08 16:34:36 ET]
Table 'Ginevra II' 9-max Seat #3 is the button
Seat 1: dboulay1979 ($2.40 in chips) 
Seat 2: sowaaaa ($1.80 in chips) 
Seat 3: Tarmans ($0.97 in chips) 
Seat 4: SharpFocused ($1.41 in chips) 
Seat 5: Walkel ($2 in chips) 
Seat 6: jasia1943 ($2 in chips) 
Seat 7: Vincamdias ($0.95 in chips) 
Seat 8: Dorex2007 ($2.23 in chips) 
Seat 9: bigcjmitch ($2.19 in chips) 
SharpFocused: posts small blind $0.01
Walkel: posts big blind $0.02
*** HOLE CARDS ***
Dealt to Dorex2007 [6d 5c]
jasia1943: folds 
Vincamdias: folds 
Dorex2007: folds 
bigcjmitch: calls $0.02
dboulay1979: folds 
sowaaaa: folds 
Tarmans: folds 
SharpFocused: folds 
Walkel: checks 
*** FLOP *** [2s 9h 7h]
Walkel: checks 
bigcjmitch: bets $0.05
Walkel: calls $0.05
*** TURN *** [2s 9h 7h] [Qd]
Walkel: checks 
bigcjmitch: bets $0.18
Walkel: folds 
Uncalled bet ($0.18) returned to bigcjmitch
bigcjmitch collected $0.14 from pot
*** SUMMARY ***
Total pot $0.15 | Rake $0.01 
Board [2s 9h 7h Qd]
Seat 1: dboulay1979 folded before Flop (didn't bet)
Seat 2: sowaaaa folded before Flop (didn't bet)
Seat 3: Tarmans (button) folded before Flop (didn't bet)
Seat 4: SharpFocused (small blind) folded before Flop
Seat 5: Walkel (big blind) folded on the Turn
Seat 6: jasia1943 folded before Flop (didn't bet)
Seat 7: Vincamdias folded before Flop (didn't bet)
Seat 8: Dorex2007 folded before Flop (didn't bet)
Seat 9: bigcjmitch collected ($0.14)



PokerStars Hand #237240490564:  Hold'em No Limit ($0.01/$0.02 USD) - 2022/07/08 13:35:07 PT [2022/07/08 16:35:07 ET]
Table 'Ginevra II' 9-max Seat #4 is the button
Seat 1: dboulay1979 ($2.40 in chips) 
Seat 2: sowaaaa ($1.80 in chips) 
Seat 3: Tarmans ($0.97 in chips) 
Seat 4: SharpFocused ($1.40 in chips) 
Seat 5: Walkel ($1.93 in chips) 
Seat 6: jasia1943 ($2 in chips) 
Seat 7: Vincamdias ($0.95 in chips) 
Seat 8: Dorex2007 ($2.23 in chips) 
Seat 9: bigcjmitch ($2.26 in chips) 
Walkel: posts small blind $0.01
jasia1943: posts big blind $0.02
*** HOLE CARDS ***
Dealt to Dorex2007 [8c 3h]
Vincamdias: folds 
Dorex2007: folds 
bigcjmitch: folds 
dboulay1979: folds 
sowaaaa: folds 
Tarmans: calls $0.02
SharpFocused: calls $0.02
Walkel: folds 
jasia1943: checks 
*** FLOP *** [8d Ts 6s]
jasia1943: checks 
Tarmans: bets $0.07
SharpFocused: calls $0.07
jasia1943: folds 
*** TURN *** [8d Ts 6s] [6h]
Tarmans: checks 
SharpFocused: bets $0.08
Tarmans: calls $0.08
*** RIVER *** [8d Ts 6s 6h] [Qh]
Tarmans: bets $0.06
SharpFocused: calls $0.06
*** SHOW DOWN ***
Tarmans: shows [Kd 8h] (two pair, Eights and Sixes)
SharpFocused: shows [Td 6d] (a full house, Sixes full of Tens)
SharpFocused collected $0.47 from pot
*** SUMMARY ***
Total pot $0.49 | Rake $0.02 
Board [8d Ts 6s 6h Qh]
Seat 1: dboulay1979 folded before Flop (didn't bet)
Seat 2: sowaaaa folded before Flop (didn't bet)
Seat 3: Tarmans showed [Kd 8h] and lost with two pair, Eights and Sixes
Seat 4: SharpFocused (button) showed [Td 6d] and won ($0.47) with a full house, Sixes full of Tens
Seat 5: Walkel (small blind) folded before Flop
Seat 6: jasia1943 (big blind) folded on the Flop
Seat 7: Vincamdias folded before Flop (didn't bet)
Seat 8: Dorex2007 folded before Flop (didn't bet)
Seat 9: bigcjmitch folded before Flop (didn't bet)



PokerStars Hand #237240512491:  Hold'em No Limit ($0.01/$0.02 USD) - 2022/07/08 13:36:06 PT [2022/07/08 16:36:06 ET]
Table 'Ginevra II' 9-max Seat #5 is the button
Seat 1: dboulay1979 ($2.40 in chips) 
Seat 2: sowaaaa ($1.80 in chips) 
Seat 3: Tarmans ($0.80 in chips) 
Seat 4: SharpFocused ($1.64 in chips) 
Seat 5: Walkel ($1.92 in chips) 
Seat 6: jasia1943 ($1.98 in chips) 
Seat 7: Vincamdias ($0.95 in chips) 
Seat 8: Dorex2007 ($2.23 in chips) 
Seat 9: bigcjmitch ($2.26 in chips) 
jasia1943: posts small blind $0.01
Vincamdias: posts big blind $0.02
*** HOLE CARDS ***
Dealt to Dorex2007 [4h Kh]
Dorex2007: folds 
bigcjmitch: calls $0.02
dboulay1979: folds 
sowaaaa: folds 
Tarmans: calls $0.02
SharpFocused: calls $0.02
Walkel: calls $0.02
jasia1943: folds 
Vincamdias: checks 
*** FLOP *** [6h Td 2s]
Vincamdias: checks 
bigcjmitch: checks 
Tarmans: checks 
SharpFocused: checks 
Walkel: checks 
*** TURN *** [6h Td 2s] [5h]
Vincamdias: checks 
bigcjmitch: checks 
Tarmans: checks 
SharpFocused: checks 
Walkel: bets $0.06
Vincamdias: folds 
bigcjmitch: folds 
Tarmans: folds 
SharpFocused: calls $0.06
*** RIVER *** [6h Td 2s 5h] [5d]
SharpFocused: checks 
Walkel: checks 
*** SHOW DOWN ***
SharpFocused: shows [Ad 6d] (two pair, Sixes and Fives)
Walkel: shows [6c Ac] (two pair, Sixes and Fives)
SharpFocused collected $0.11 from pot
Walkel collected $0.11 from pot
*** SUMMARY ***
Total pot $0.23 | Rake $0.01 
Board [6h Td 2s 5h 5d]
Seat 1: dboulay1979 folded before Flop (didn't bet)
Seat 2: sowaaaa folded before Flop (didn't bet)
Seat 3: Tarmans folded on the Turn
Seat 4: SharpFocused showed [Ad 6d] and won ($0.11) with two pair, Sixes and Fives
Seat 5: Walkel (button) showed [6c Ac] and won ($0.11) with two pair, Sixes and Fives
Seat 6: jasia1943 (small blind) folded before Flop
Seat 7: Vincamdias (big blind) folded on the Turn
Seat 8: Dorex2007 folded before Flop (didn't bet)
Seat 9: bigcjmitch folded on the Turn



PokerStars Hand #237240545672:  Hold'em No Limit ($0.01/$0.02 USD) - 2022/07/08 13:37:35 PT [2022/07/08 16:37:35 ET]
Table 'Ginevra II' 9-max Seat #6 is the button
Seat 1: dboulay1979 ($2.40 in chips) 
Seat 2: sowaaaa ($2 in chips) 
Seat 3: Tarmans ($0.80 in chips) 
Seat 4: SharpFocused ($1.67 in chips) 
Seat 5: Walkel ($1.95 in chips) 
Seat 6: jasia1943 ($1.97 in chips) 
Seat 7: Vincamdias ($0.93 in chips) 
Seat 8: Dorex2007 ($2.23 in chips) 
Seat 9: bigcjmitch ($2.24 in chips) 
Vincamdias: posts small blind $0.01
Dorex2007: posts big blind $0.02
*** HOLE CARDS ***
Dealt to Dorex2007 [2c 9c]
bigcjmitch: folds 
dboulay1979: folds 
sowaaaa: folds 
Tarmans: folds 
SharpFocused: folds 
Walkel: folds 
jasia1943: folds 
Vincamdias: folds 
Uncalled bet ($0.01) returned to Dorex2007
Dorex2007 collected $0.02 from pot
*** SUMMARY ***
Total pot $0.02 | Rake $0 
Seat 1: dboulay1979 folded before Flop (didn't bet)
Seat 2: sowaaaa folded before Flop (didn't bet)
Seat 3: Tarmans folded before Flop (didn't bet)
Seat 4: SharpFocused folded before Flop (didn't bet)
Seat 5: Walkel folded before Flop (didn't bet)
Seat 6: jasia1943 (button) folded before Flop (didn't bet)
Seat 7: Vincamdias (small blind) folded before Flop
Seat 8: Dorex2007 (big blind) collected ($0.02)
Seat 9: bigcjmitch folded before Flop (didn't bet)



PokerStars Hand #237240551052:  Hold'em No Limit ($0.01/$0.02 USD) - 2022/07/08 13:37:49 PT [2022/07/08 16:37:49 ET]
Table 'Ginevra II' 9-max Seat #7 is the button
Seat 1: dboulay1979 ($2.40 in chips) 
Seat 2: sowaaaa ($2 in chips) 
Seat 3: Tarmans ($0.80 in chips) 
Seat 4: SharpFocused ($1.67 in chips) 
Seat 5: Walkel ($1.95 in chips) 
Seat 6: jasia1943 ($1.97 in chips) 
Seat 7: Vincamdias ($0.92 in chips) 
Seat 8: Dorex2007 ($2.24 in chips) 
Seat 9: bigcjmitch ($2.24 in chips) 
Dorex2007: posts small blind $0.01
bigcjmitch: posts big blind $0.02
*** HOLE CARDS ***
Dealt to Dorex2007 [2d 2c]
dboulay1979: folds 
sowaaaa: raises $0.04 to $0.06
Tarmans: folds 
SharpFocused: calls $0.06
Walkel: folds 
jasia1943: folds 
Vincamdias: folds 
Dorex2007: folds 
bigcjmitch: calls $0.04
*** FLOP *** [7d 7h Ts]
bigcjmitch: bets $0.09
sowaaaa: raises $0.09 to $0.18
SharpFocused: folds 
bigcjmitch: calls $0.09
*** TURN *** [7d 7h Ts] [Qd]
bigcjmitch: checks 
sowaaaa: bets $0.34
bigcjmitch: folds 
Uncalled bet ($0.34) returned to sowaaaa
sowaaaa collected $0.53 from pot
*** SUMMARY ***
Total pot $0.55 | Rake $0.02 
Board [7d 7h Ts Qd]
Seat 1: dboulay1979 folded before Flop (didn't bet)
Seat 2: sowaaaa collected ($0.53)
Seat 3: Tarmans folded before Flop (didn't bet)
Seat 4: SharpFocused folded on the Flop
Seat 5: Walkel folded before Flop (didn't bet)
Seat 6: jasia1943 folded before Flop (didn't bet)
Seat 7: Vincamdias (button) folded before Flop (didn't bet)
Seat 8: Dorex2007 (small blind) folded before Flop
Seat 9: bigcjmitch (big blind) folded on the Turn



PokerStars Hand #237240577582:  Hold'em No Limit ($0.01/$0.02 USD) - 2022/07/08 13:38:42 PT [2022/07/08 16:38:42 ET]
Table 'Ginevra II' 9-max Seat #8 is the button
Seat 1: dboulay1979 ($2.40 in chips) 
Seat 2: sowaaaa ($2.29 in chips) 
Seat 3: Tarmans ($0.80 in chips) 
Seat 4: SharpFocused ($1.61 in chips) 
Seat 5: Walkel ($1.95 in chips) 
Seat 6: jasia1943 ($1.97 in chips) 
Seat 7: Vincamdias ($0.92 in chips) 
Seat 8: Dorex2007 ($2.23 in chips) 
Seat 9: bigcjmitch ($2 in chips) 
bigcjmitch: posts small blind $0.01
dboulay1979: posts big blind $0.02
*** HOLE CARDS ***
Dealt to Dorex2007 [4d 6s]
sowaaaa: folds 
Tarmans: folds 
SharpFocused: folds 
Walkel: folds 
jasia1943: folds 
Vincamdias: folds 
Dorex2007: folds 
bigcjmitch: calls $0.01
dboulay1979: checks 
*** FLOP *** [Jc Qc 2d]
bigcjmitch: checks 
dboulay1979: checks 
*** TURN *** [Jc Qc 2d] [6c]
bigcjmitch: checks 
dboulay1979: checks 
*** RIVER *** [Jc Qc 2d 6c] [6d]
bigcjmitch: checks 
dboulay1979: checks 
*** SHOW DOWN ***
bigcjmitch: shows [7s 3h] (a pair of Sixes)
dboulay1979: shows [Td 9s] (a pair of Sixes - Queen+Jack+Ten kicker)
dboulay1979 collected $0.04 from pot
*** SUMMARY ***
Total pot $0.04 | Rake $0 
Board [Jc Qc 2d 6c 6d]
Seat 1: dboulay1979 (big blind) showed [Td 9s] and won ($0.04) with a pair of Sixes
Seat 2: sowaaaa folded before Flop (didn't bet)
Seat 3: Tarmans folded before Flop (didn't bet)
Seat 4: SharpFocused folded before Flop (didn't bet)
Seat 5: Walkel folded before Flop (didn't bet)
Seat 6: jasia1943 folded before Flop (didn't bet)
Seat 7: Vincamdias folded before Flop (didn't bet)
Seat 8: Dorex2007 (button) folded before Flop (didn't bet)
Seat 9: bigcjmitch (small blind) showed [7s 3h] and lost with a pair of Sixes



PokerStars Hand #237240587386:  Hold'em No Limit ($0.01/$0.02 USD) - 2022/07/08 13:39:08 PT [2022/07/08 16:39:08 ET]
Table 'Ginevra II' 9-max Seat #9 is the button
Seat 1: dboulay1979 ($2.42 in chips) 
Seat 2: sowaaaa ($2.29 in chips) 
Seat 3: Tarmans ($0.80 in chips) 
Seat 4: SharpFocused ($1.61 in chips) 
Seat 5: Walkel ($1.95 in chips) 
Seat 6: jasia1943 ($1.97 in chips) 
Seat 7: Vincamdias ($0.92 in chips) 
Seat 8: Dorex2007 ($2.23 in chips) 
Seat 9: bigcjmitch ($1.98 in chips) 
dboulay1979: posts small blind $0.01
sowaaaa: posts big blind $0.02
*** HOLE CARDS ***
Dealt to Dorex2007 [2h Ks]
Tarmans: calls $0.02
SharpFocused: folds 
Walkel: folds 
jasia1943: folds 
Vincamdias: folds 
Dorex2007: folds 
bigcjmitch: calls $0.02
dboulay1979: calls $0.01
sowaaaa: raises $0.08 to $0.10
Tarmans: calls $0.08
bigcjmitch: folds 
dboulay1979: folds 
*** FLOP *** [7c 8s Ah]
sowaaaa: bets $0.11
Tarmans: folds 
Uncalled bet ($0.11) returned to sowaaaa
sowaaaa collected $0.23 from pot
*** SUMMARY ***
Total pot $0.24 | Rake $0.01 
Board [7c 8s Ah]
Seat 1: dboulay1979 (small blind) folded before Flop
Seat 2: sowaaaa (big blind) collected ($0.23)
Seat 3: Tarmans folded on the Flop
Seat 4: SharpFocused folded before Flop (didn't bet)
Seat 5: Walkel folded before Flop (didn't bet)
Seat 6: jasia1943 folded before Flop (didn't bet)
Seat 7: Vincamdias folded before Flop (didn't bet)
Seat 8: Dorex2007 folded before Flop (didn't bet)
Seat 9: bigcjmitch (button) folded before Flop



PokerStars Hand #237240599537:  Hold'em No Limit ($0.01/$0.02 USD) - 2022/07/08 13:39:41 PT [2022/07/08 16:39:41 ET]
Table 'Ginevra II' 9-max Seat #1 is the button
Seat 1: dboulay1979 ($2.40 in chips) 
Seat 2: sowaaaa ($2.42 in chips) 
Seat 3: Tarmans ($0.80 in chips) 
Seat 4: SharpFocused ($1.61 in chips) 
Seat 5: Walkel ($1.95 in chips) 
Seat 6: jasia1943 ($1.97 in chips) 
Seat 7: Vincamdias ($0.92 in chips) 
Seat 8: Dorex2007 ($2.23 in chips) 
Seat 9: bigcjmitch ($1.96 in chips) 
sowaaaa: posts small blind $0.01
Tarmans: posts big blind $0.02
*** HOLE CARDS ***
Dealt to Dorex2007 [Th 7h]
SharpFocused: calls $0.02
Walkel: folds 
jasia1943: folds 
Vincamdias: folds 
Dorex2007: folds 
bigcjmitch: folds 
dboulay1979: folds 
sowaaaa: raises $0.06 to $0.08
Tarmans: folds 
SharpFocused: calls $0.06
*** FLOP *** [Jd 2d 4d]
sowaaaa: bets $0.08
SharpFocused: folds 
Uncalled bet ($0.08) returned to sowaaaa
sowaaaa collected $0.17 from pot
*** SUMMARY ***
Total pot $0.18 | Rake $0.01 
Board [Jd 2d 4d]
Seat 1: dboulay1979 (button) folded before Flop (didn't bet)
Seat 2: sowaaaa (small blind) collected ($0.17)
Seat 3: Tarmans (big blind) folded before Flop
Seat 4: SharpFocused folded on the Flop
Seat 5: Walkel folded before Flop (didn't bet)
Seat 6: jasia1943 folded before Flop (didn't bet)
Seat 7: Vincamdias folded before Flop (didn't bet)
Seat 8: Dorex2007 folded before Flop (didn't bet)
Seat 9: bigcjmitch folded before Flop (didn't bet)



PokerStars Hand #237240609834:  Hold'em No Limit ($0.01/$0.02 USD) - 2022/07/08 13:40:08 PT [2022/07/08 16:40:08 ET]
Table 'Ginevra II' 9-max Seat #2 is the button
Seat 1: dboulay1979 ($2.40 in chips) 
Seat 2: sowaaaa ($2.51 in chips) 
Seat 3: Tarmans ($0.80 in chips) 
Seat 4: SharpFocused ($1.53 in chips) 
Seat 5: Walkel ($1.95 in chips) 
Seat 6: jasia1943 ($1.97 in chips) 
Seat 7: Vincamdias ($0.92 in chips) 
Seat 8: Dorex2007 ($2.23 in chips) 
Seat 9: bigcjmitch ($1.96 in chips) 
Tarmans: posts small blind $0.01
SharpFocused: posts big blind $0.02
*** HOLE CARDS ***
Dealt to Dorex2007 [Jc Qs]
Walkel: raises $0.04 to $0.06
jasia1943: folds 
Vincamdias: folds 
Dorex2007: folds 
bigcjmitch: folds 
dboulay1979: calls $0.06
sowaaaa: calls $0.06
Tarmans: raises $0.74 to $0.80 and is all-in
SharpFocused: folds 
Walkel: folds 
dboulay1979: folds 
sowaaaa: folds [As Jh]
Uncalled bet ($0.74) returned to Tarmans
Tarmans collected $0.26 from pot
*** SUMMARY ***
Total pot $0.26 | Rake $0 
Seat 1: dboulay1979 folded before Flop
Seat 2: sowaaaa (button) folded before Flop
Seat 3: Tarmans (small blind) collected ($0.26)
Seat 4: SharpFocused (big blind) folded before Flop
Seat 5: Walkel folded before Flop
Seat 6: jasia1943 folded before Flop (didn't bet)
Seat 7: Vincamdias folded before Flop (didn't bet)
Seat 8: Dorex2007 folded before Flop (didn't bet)
Seat 9: bigcjmitch folded before Flop (didn't bet)



PokerStars Hand #237240618854:  Hold'em No Limit ($0.01/$0.02 USD) - 2022/07/08 13:40:33 PT [2022/07/08 16:40:33 ET]
Table 'Ginevra II' 9-max Seat #3 is the button
Seat 1: dboulay1979 ($2.34 in chips) 
Seat 2: sowaaaa ($2.45 in chips) 
Seat 3: Tarmans ($1 in chips) 
Seat 4: SharpFocused ($1.51 in chips) 
Seat 5: Walkel ($2 in chips) 
Seat 6: jasia1943 ($1.97 in chips) 
Seat 7: Vincamdias ($0.92 in chips) 
Seat 8: Dorex2007 ($2.23 in chips) 
Seat 9: bigcjmitch ($1.96 in chips) 
SharpFocused: posts small blind $0.01
Walkel: posts big blind $0.02
*** HOLE CARDS ***
Dealt to Dorex2007 [9c 5s]
jasia1943: folds 
Vincamdias: folds 
Dorex2007: folds 
bigcjmitch: folds 
dboulay1979: folds 
sowaaaa: folds 
Tarmans: calls $0.02
SharpFocused: folds 
Walkel: checks 
*** FLOP *** [Qs 4c 4d]
Walkel: checks 
Tarmans: checks 
*** TURN *** [Qs 4c 4d] [Tc]
Walkel: bets $0.04
Tarmans: calls $0.04
*** RIVER *** [Qs 4c 4d Tc] [5d]
Walkel: bets $0.06
Tarmans: folds 
Uncalled bet ($0.06) returned to Walkel
Walkel collected $0.13 from pot
*** SUMMARY ***
Total pot $0.13 | Rake $0 
Board [Qs 4c 4d Tc 5d]
Seat 1: dboulay1979 folded before Flop (didn't bet)
Seat 2: sowaaaa folded before Flop (didn't bet)
Seat 3: Tarmans (button) folded on the River
Seat 4: SharpFocused (small blind) folded before Flop
Seat 5: Walkel (big blind) collected ($0.13)
Seat 6: jasia1943 folded before Flop (didn't bet)
Seat 7: Vincamdias folded before Flop (didn't bet)
Seat 8: Dorex2007 folded before Flop (didn't bet)
Seat 9: bigcjmitch folded before Flop (didn't bet)



PokerStars Hand #237240630591:  Hold'em No Limit ($0.01/$0.02 USD) - 2022/07/08 13:41:04 PT [2022/07/08 16:41:04 ET]
Table 'Ginevra II' 9-max Seat #4 is the button
Seat 1: dboulay1979 ($2.34 in chips) 
Seat 2: sowaaaa ($2.45 in chips) 
Seat 3: Tarmans ($0.94 in chips) 
Seat 4: SharpFocused ($1.50 in chips) 
Seat 5: Walkel ($2.07 in chips) 
Seat 6: jasia1943 ($1.97 in chips) 
Seat 7: Vincamdias ($0.92 in chips) 
Seat 8: Dorex2007 ($2.23 in chips) 
Seat 9: bigcjmitch ($1.96 in chips) 
Walkel: posts small blind $0.01
jasia1943: posts big blind $0.02
*** HOLE CARDS ***
Dealt to Dorex2007 [2d Ah]
Vincamdias: folds 
Dorex2007: folds 
bigcjmitch: calls $0.02
dboulay1979: folds 
sowaaaa: folds 
Tarmans: folds 
SharpFocused: folds 
Walkel: folds 
jasia1943: checks 
*** FLOP *** [8d 4c Js]
jasia1943: bets $0.05
bigcjmitch: calls $0.05
*** TURN *** [8d 4c Js] [2c]
jasia1943: bets $0.14
bigcjmitch: folds 
Uncalled bet ($0.14) returned to jasia1943
jasia1943 collected $0.14 from pot
*** SUMMARY ***
Total pot $0.15 | Rake $0.01 
Board [8d 4c Js 2c]
Seat 1: dboulay1979 folded before Flop (didn't bet)
Seat 2: sowaaaa folded before Flop (didn't bet)
Seat 3: Tarmans folded before Flop (didn't bet)
Seat 4: SharpFocused (button) folded before Flop (didn't bet)
Seat 5: Walkel (small blind) folded before Flop
Seat 6: jasia1943 (big blind) collected ($0.14)
Seat 7: Vincamdias folded before Flop (didn't bet)
Seat 8: Dorex2007 folded before Flop (didn't bet)
Seat 9: bigcjmitch folded on the Turn



PokerStars Hand #237240641428:  Hold'em No Limit ($0.01/$0.02 USD) - 2022/07/08 13:41:33 PT [2022/07/08 16:41:33 ET]
Table 'Ginevra II' 9-max Seat #5 is the button
Seat 1: dboulay1979 ($2.34 in chips) 
Seat 2: sowaaaa ($2.45 in chips) 
Seat 3: Tarmans ($0.94 in chips) 
Seat 4: SharpFocused ($1.50 in chips) 
Seat 5: Walkel ($2.06 in chips) 
Seat 6: jasia1943 ($2.04 in chips) 
Seat 7: Vincamdias ($0.92 in chips) 
Seat 8: Dorex2007 ($2.23 in chips) 
Seat 9: bigcjmitch ($1.89 in chips) 
jasia1943: posts small blind $0.01
Vincamdias: posts big blind $0.02
*** HOLE CARDS ***
Dealt to Dorex2007 [8h 9d]
Dorex2007 has timed out
Dorex2007: folds 
bigcjmitch: folds 
dboulay1979: folds 
sowaaaa: folds 
Tarmans: calls $0.02
SharpFocused: calls $0.02
Walkel: folds 
jasia1943: calls $0.01
Vincamdias: checks 
*** FLOP *** [Kc 7c Qs]
jasia1943: bets $0.02
Vincamdias: folds 
Tarmans: calls $0.02
SharpFocused: folds 
*** TURN *** [Kc 7c Qs] [6h]
jasia1943: bets $0.04
Tarmans: calls $0.04
*** RIVER *** [Kc 7c Qs 6h] [4d]
jasia1943: bets $0.08
Tarmans: folds 
Uncalled bet ($0.08) returned to jasia1943
jasia1943 collected $0.19 from pot
*** SUMMARY ***
Total pot $0.20 | Rake $0.01 
Board [Kc 7c Qs 6h 4d]
Seat 1: dboulay1979 folded before Flop (didn't bet)
Seat 2: sowaaaa folded before Flop (didn't bet)
Seat 3: Tarmans folded on the River
Seat 4: SharpFocused folded on the Flop
Seat 5: Walkel (button) folded before Flop (didn't bet)
Seat 6: jasia1943 (small blind) collected ($0.19)
Seat 7: Vincamdias (big blind) folded on the Flop
Seat 8: Dorex2007 folded before Flop (didn't bet)
Seat 9: bigcjmitch folded before Flop (didn't bet)



PokerStars Hand #237240658643:  Hold'em No Limit ($0.01/$0.02 USD) - 2022/07/08 13:42:20 PT [2022/07/08 16:42:20 ET]
Table 'Ginevra II' 9-max Seat #6 is the button
Seat 1: dboulay1979 ($2.34 in chips) 
Seat 2: sowaaaa ($2.45 in chips) 
Seat 3: Tarmans ($0.86 in chips) 
Seat 4: SharpFocused ($1.48 in chips) 
Seat 5: Walkel ($2.06 in chips) 
Seat 6: jasia1943 ($2.15 in chips) 
Seat 7: Vincamdias ($0.90 in chips) 
Seat 8: Dorex2007 ($2.23 in chips) 
Seat 9: bigcjmitch ($1.89 in chips) 
Vincamdias: posts small blind $0.01
Dorex2007: posts big blind $0.02
*** HOLE CARDS ***
Dealt to Dorex2007 [Kd 2d]
bigcjmitch: calls $0.02
dboulay1979: folds 
sowaaaa: raises $0.04 to $0.06
Tarmans: folds 
SharpFocused: folds 
Walkel: folds 
jasia1943: folds 
Vincamdias: calls $0.05
Dorex2007: folds 
bigcjmitch: calls $0.04
*** FLOP *** [5c 3c Ac]
Vincamdias: checks 
bigcjmitch: checks 
sowaaaa: checks 
*** TURN *** [5c 3c Ac] [9d]
Vincamdias: checks 
bigcjmitch: checks 
sowaaaa: checks 
*** RIVER *** [5c 3c Ac 9d] [5h]
Vincamdias: checks 
bigcjmitch: checks 
sowaaaa: checks 
*** SHOW DOWN ***
Vincamdias: shows [Jd Td] (a pair of Fives)
bigcjmitch: shows [Qh 6d] (a pair of Fives - Ace+Queen kicker)
sowaaaa: shows [3h 4h] (two pair, Fives and Threes)
sowaaaa collected $0.19 from pot
*** SUMMARY ***
Total pot $0.20 | Rake $0.01 
Board [5c 3c Ac 9d 5h]
Seat 1: dboulay1979 folded before Flop (didn't bet)
Seat 2: sowaaaa showed [3h 4h] and won ($0.19) with two pair, Fives and Threes
Seat 3: Tarmans folded before Flop (didn't bet)
Seat 4: SharpFocused folded before Flop (didn't bet)
Seat 5: Walkel folded before Flop (didn't bet)
Seat 6: jasia1943 (button) folded before Flop (didn't bet)
Seat 7: Vincamdias (small blind) showed [Jd Td] and lost with a pair of Fives
Seat 8: Dorex2007 (big blind) folded before Flop
Seat 9: bigcjmitch showed [Qh 6d] and lost with a pair of Fives



PokerStars Hand #237240676894:  Hold'em No Limit ($0.01/$0.02 USD) - 2022/07/08 13:43:09 PT [2022/07/08 16:43:09 ET]
Table 'Ginevra II' 9-max Seat #7 is the button
Seat 1: dboulay1979 ($2.34 in chips) 
Seat 2: sowaaaa ($2.58 in chips) 
Seat 3: Tarmans ($0.86 in chips) 
Seat 4: SharpFocused ($1.48 in chips) 
Seat 5: Walkel ($2.06 in chips) 
Seat 6: jasia1943 ($2.15 in chips) 
Seat 7: Vincamdias ($0.84 in chips) 
Seat 8: Dorex2007 ($2.21 in chips) 
Seat 9: bigcjmitch ($1.83 in chips) 
Dorex2007: posts small blind $0.01
bigcjmitch: posts big blind $0.02
*** HOLE CARDS ***
Dealt to Dorex2007 [Td 6d]
dboulay1979: raises $0.06 to $0.08
sowaaaa: folds 
Tarmans: calls $0.08
SharpFocused: folds 
Walkel: raises $0.24 to $0.32
jasia1943: folds 
Vincamdias: folds 
Dorex2007: folds 
bigcjmitch: folds 
dboulay1979: raises $2.02 to $2.34 and is all-in
Tarmans: calls $0.78 and is all-in
Walkel: calls $1.74 and is all-in
Uncalled bet ($0.28) returned to dboulay1979
*** FLOP *** [9s Jd 7d]
*** TURN *** [9s Jd 7d] [4h]
*** RIVER *** [9s Jd 7d 4h] [3s]
*** SHOW DOWN ***
dboulay1979: shows [Ac Ad] (a pair of Aces)
Walkel: shows [As Ah] (a pair of Aces)
dboulay1979 collected $1.16 from side pot
Walkel collected $1.15 from side pot
Tarmans: shows [Jc Kc] (a pair of Jacks)
dboulay1979 collected $1.26 from main pot
Walkel collected $1.26 from main pot
*** SUMMARY ***
Total pot $5.01 Main pot $2.52. Side pot $2.31. | Rake $0.18 
Board [9s Jd 7d 4h 3s]
Seat 1: dboulay1979 showed [Ac Ad] and won ($2.42) with a pair of Aces
Seat 2: sowaaaa folded before Flop (didn't bet)
Seat 3: Tarmans showed [Jc Kc] and lost with a pair of Jacks
Seat 4: SharpFocused folded before Flop (didn't bet)
Seat 5: Walkel showed [As Ah] and won ($2.41) with a pair of Aces
Seat 6: jasia1943 folded before Flop (didn't bet)
Seat 7: Vincamdias (button) folded before Flop (didn't bet)
Seat 8: Dorex2007 (small blind) folded before Flop
Seat 9: bigcjmitch (big blind) folded before Flop



PokerStars Hand #237240693402:  Hold'em No Limit ($0.01/$0.02 USD) - 2022/07/08 13:43:54 PT [2022/07/08 16:43:54 ET]
Table 'Ginevra II' 9-max Seat #8 is the button
Seat 1: dboulay1979 ($2.70 in chips) 
Seat 2: sowaaaa ($2.58 in chips) 
Seat 3: Tarmans ($0.80 in chips) 
Seat 4: SharpFocused ($1.48 in chips) 
Seat 5: Walkel ($2.41 in chips) 
Seat 6: jasia1943 ($2.15 in chips) 
Seat 7: Vincamdias ($0.84 in chips) 
Seat 8: Dorex2007 ($2.20 in chips) 
Seat 9: bigcjmitch ($1.81 in chips) 
bigcjmitch: posts small blind $0.01
dboulay1979: posts big blind $0.02
*** HOLE CARDS ***
Dealt to Dorex2007 [4h 5s]
sowaaaa: calls $0.02
Tarmans: folds 
SharpFocused: folds 
Walkel: folds 
jasia1943: calls $0.02
Vincamdias: folds 
Dorex2007: folds 
bigcjmitch: calls $0.01
dboulay1979: checks 
*** FLOP *** [Qd Ts 5h]
bigcjmitch: checks 
dboulay1979: checks 
sowaaaa: bets $0.04
jasia1943: folds 
bigcjmitch: raises $0.08 to $0.12
dboulay1979: folds 
sowaaaa: calls $0.08
*** TURN *** [Qd Ts 5h] [7s]
bigcjmitch: bets $0.31
sowaaaa: calls $0.31
*** RIVER *** [Qd Ts 5h 7s] [7d]
bigcjmitch: bets $1.36 and is all-in
sowaaaa: folds 
Uncalled bet ($1.36) returned to bigcjmitch
bigcjmitch collected $0.91 from pot
*** SUMMARY ***
Total pot $0.94 | Rake $0.03 
Board [Qd Ts 5h 7s 7d]
Seat 1: dboulay1979 (big blind) folded on the Flop
Seat 2: sowaaaa folded on the River
Seat 3: Tarmans folded before Flop (didn't bet)
Seat 4: SharpFocused folded before Flop (didn't bet)
Seat 5: Walkel folded before Flop (didn't bet)
Seat 6: jasia1943 folded on the Flop
Seat 7: Vincamdias folded before Flop (didn't bet)
Seat 8: Dorex2007 (button) folded before Flop (didn't bet)
Seat 9: bigcjmitch (small blind) collected ($0.91)



PokerStars Hand #237240707744:  Hold'em No Limit ($0.01/$0.02 USD) - 2022/07/08 13:44:34 PT [2022/07/08 16:44:34 ET]
Table 'Ginevra II' 9-max Seat #9 is the button
Seat 1: dboulay1979 ($2.68 in chips) 
Seat 2: sowaaaa ($2.13 in chips) 
Seat 3: Tarmans ($0.80 in chips) 
Seat 4: SharpFocused ($1.48 in chips) 
Seat 5: Walkel ($2.41 in chips) 
Seat 6: jasia1943 ($2.13 in chips) 
Seat 7: Vincamdias ($0.84 in chips) 
Seat 8: Dorex2007 ($2.20 in chips) 
Seat 9: bigcjmitch ($2.27 in chips) 
dboulay1979: posts small blind $0.01
sowaaaa: posts big blind $0.02
*** HOLE CARDS ***
Dealt to Dorex2007 [Kh 8s]
Tarmans: folds 
SharpFocused: folds 
Walkel: folds 
jasia1943: folds 
Vincamdias: folds 
Dorex2007: folds 
bigcjmitch: calls $0.02
dboulay1979: folds 
sowaaaa: checks 
*** FLOP *** [9s 7s 6d]
sowaaaa: checks 
bigcjmitch: checks 
*** TURN *** [9s 7s 6d] [2h]
sowaaaa: bets $0.05
bigcjmitch: calls $0.05
*** RIVER *** [9s 7s 6d 2h] [Jh]
sowaaaa: bets $0.07
bigcjmitch: folds 
Uncalled bet ($0.07) returned to sowaaaa
sowaaaa collected $0.14 from pot
*** SUMMARY ***
Total pot $0.15 | Rake $0.01 
Board [9s 7s 6d 2h Jh]
Seat 1: dboulay1979 (small blind) folded before Flop
Seat 2: sowaaaa (big blind) collected ($0.14)
Seat 3: Tarmans folded before Flop (didn't bet)
Seat 4: SharpFocused folded before Flop (didn't bet)
Seat 5: Walkel folded before Flop (didn't bet)
Seat 6: jasia1943 folded before Flop (didn't bet)
Seat 7: Vincamdias folded before Flop (didn't bet)
Seat 8: Dorex2007 folded before Flop (didn't bet)
Seat 9: bigcjmitch (button) folded on the River



PokerStars Hand #237240720319:  Hold'em No Limit ($0.01/$0.02 USD) - 2022/07/08 13:45:08 PT [2022/07/08 16:45:08 ET]
Table 'Ginevra II' 9-max Seat #1 is the button
Seat 1: dboulay1979 ($2.67 in chips) 
Seat 2: sowaaaa ($2.20 in chips) 
Seat 3: Tarmans ($0.80 in chips) 
Seat 4: SharpFocused ($1.48 in chips) 
Seat 5: Walkel ($2.41 in chips) 
Seat 6: jasia1943 ($2.13 in chips) 
Seat 7: Vincamdias ($0.84 in chips) 
Seat 8: Dorex2007 ($2.20 in chips) 
Seat 9: bigcjmitch ($2.20 in chips) 
sowaaaa: posts small blind $0.01
Tarmans: posts big blind $0.02
*** HOLE CARDS ***
Dealt to Dorex2007 [Ks 7h]
SharpFocused: calls $0.02
Walkel: folds 
jasia1943: folds 
Vincamdias: folds 
Dorex2007: folds 
bigcjmitch: calls $0.02
dboulay1979: folds 
sowaaaa: folds 
Tarmans: checks 
*** FLOP *** [3d 8c Ts]
Tarmans: checks 
SharpFocused: checks 
bigcjmitch: checks 
*** TURN *** [3d 8c Ts] [Qc]
Tarmans: bets $0.07
SharpFocused: folds 
bigcjmitch: folds 
Uncalled bet ($0.07) returned to Tarmans
Tarmans collected $0.07 from pot
*** SUMMARY ***
Total pot $0.07 | Rake $0 
Board [3d 8c Ts Qc]
Seat 1: dboulay1979 (button) folded before Flop (didn't bet)
Seat 2: sowaaaa (small blind) folded before Flop
Seat 3: Tarmans (big blind) collected ($0.07)
Seat 4: SharpFocused folded on the Turn
Seat 5: Walkel folded before Flop (didn't bet)
Seat 6: jasia1943 folded before Flop (didn't bet)
Seat 7: Vincamdias folded before Flop (didn't bet)
Seat 8: Dorex2007 folded before Flop (didn't bet)
Seat 9: bigcjmitch folded on the Turn



PokerStars Hand #237240730674:  Hold'em No Limit ($0.01/$0.02 USD) - 2022/07/08 13:45:35 PT [2022/07/08 16:45:35 ET]
Table 'Ginevra II' 9-max Seat #2 is the button
Seat 1: dboulay1979 ($2.67 in chips) 
Seat 2: sowaaaa ($2.19 in chips) 
Seat 3: Tarmans ($0.85 in chips) 
Seat 4: SharpFocused ($1.46 in chips) 
Seat 5: Walkel ($2.41 in chips) 
Seat 6: jasia1943 ($2.13 in chips) 
Seat 7: Vincamdias ($0.84 in chips) 
Seat 8: Dorex2007 ($2.20 in chips) 
Seat 9: bigcjmitch ($2.18 in chips) 
Tarmans: posts small blind $0.01
SharpFocused: posts big blind $0.02
*** HOLE CARDS ***
Dealt to Dorex2007 [Td 2d]
Walkel: folds 
jasia1943: folds 
Vincamdias: folds 
Dorex2007: folds 
bigcjmitch: folds 
dboulay1979: folds 
sowaaaa: raises $0.04 to $0.06
Tarmans: folds 
SharpFocused: folds 
Uncalled bet ($0.04) returned to sowaaaa
sowaaaa collected $0.05 from pot
*** SUMMARY ***
Total pot $0.05 | Rake $0 
Seat 1: dboulay1979 folded before Flop (didn't bet)
Seat 2: sowaaaa (button) collected ($0.05)
Seat 3: Tarmans (small blind) folded before Flop
Seat 4: SharpFocused (big blind) folded before Flop
Seat 5: Walkel folded before Flop (didn't bet)
Seat 6: jasia1943 folded before Flop (didn't bet)
Seat 7: Vincamdias folded before Flop (didn't bet)
Seat 8: Dorex2007 folded before Flop (didn't bet)
Seat 9: bigcjmitch folded before Flop (didn't bet)



PokerStars Hand #237240737082:  Hold'em No Limit ($0.01/$0.02 USD) - 2022/07/08 13:45:53 PT [2022/07/08 16:45:53 ET]
Table 'Ginevra II' 9-max Seat #3 is the button
Seat 1: dboulay1979 ($2.67 in chips) 
Seat 2: sowaaaa ($2.22 in chips) 
Seat 3: Tarmans ($0.84 in chips) 
Seat 4: SharpFocused ($1.44 in chips) 
Seat 5: Walkel ($2.41 in chips) 
Seat 6: jasia1943 ($2.13 in chips) 
Seat 7: Vincamdias ($0.84 in chips) 
Seat 8: Dorex2007 ($2.20 in chips) 
Seat 9: bigcjmitch ($2.18 in chips) 
SharpFocused: posts small blind $0.01
Walkel: posts big blind $0.02
*** HOLE CARDS ***
Dealt to Dorex2007 [8d Ts]
jasia1943: folds 
Vincamdias: folds 
Dorex2007: folds 
bigcjmitch: calls $0.02
dboulay1979: folds 
sowaaaa: raises $0.04 to $0.06
Tarmans: calls $0.06
SharpFocused: calls $0.05
Walkel: folds 
bigcjmitch: folds 
*** FLOP *** [6s 9d 4c]
SharpFocused: checks 
sowaaaa: checks 
Tarmans: bets $0.78 and is all-in
SharpFocused: folds 
sowaaaa: folds 
Uncalled bet ($0.78) returned to Tarmans
Tarmans collected $0.21 from pot
*** SUMMARY ***
Total pot $0.22 | Rake $0.01 
Board [6s 9d 4c]
Seat 1: dboulay1979 folded before Flop (didn't bet)
Seat 2: sowaaaa folded on the Flop
Seat 3: Tarmans (button) collected ($0.21)
Seat 4: SharpFocused (small blind) folded on the Flop
Seat 5: Walkel (big blind) folded before Flop
Seat 6: jasia1943 folded before Flop (didn't bet)
Seat 7: Vincamdias folded before Flop (didn't bet)
Seat 8: Dorex2007 folded before Flop (didn't bet)
Seat 9: bigcjmitch folded before Flop



PokerStars Hand #237240757111:  Hold'em No Limit ($0.01/$0.02 USD) - 2022/07/08 13:46:46 PT [2022/07/08 16:46:46 ET]
Table 'Ginevra II' 9-max Seat #4 is the button
Seat 1: dboulay1979 ($2.67 in chips) 
Seat 2: sowaaaa ($2.16 in chips) 
Seat 3: Tarmans ($0.99 in chips) 
Seat 4: SharpFocused ($1.38 in chips) 
Seat 5: Walkel ($2.39 in chips) 
Seat 7: Vincamdias ($0.84 in chips) 
Seat 8: Dorex2007 ($2.20 in chips) 
Seat 9: bigcjmitch ($2.16 in chips) 
Walkel: posts small blind $0.01
jasia1943: is sitting out 
Vincamdias: posts big blind $0.02
*** HOLE CARDS ***
Dealt to Dorex2007 [4d 3s]
Dorex2007: folds 
bigcjmitch: folds 
dboulay1979: folds 
sowaaaa: raises $0.02 to $0.04
Tarmans: calls $0.04
jasia1943 leaves the table
SharpFocused: folds 
Walkel: folds 
Vincamdias: folds 
*** FLOP *** [Qc 4c 2s]
SharpFocused leaves the table
sowaaaa: checks 
Tarmans: checks 
*** TURN *** [Qc 4c 2s] [2d]
sowaaaa: checks 
Tarmans: checks 
*** RIVER *** [Qc 4c 2s 2d] [6c]
sowaaaa: checks 
Tarmans: checks 
*** SHOW DOWN ***
sowaaaa: shows [Ad 7s] (a pair of Deuces)
Tarmans: mucks hand 
sowaaaa collected $0.11 from pot
*** SUMMARY ***
Total pot $0.11 | Rake $0 
Board [Qc 4c 2s 2d 6c]
Seat 1: dboulay1979 folded before Flop (didn't bet)
Seat 2: sowaaaa showed [Ad 7s] and won ($0.11) with a pair of Deuces
Seat 3: Tarmans mucked [Ks 7d]
Seat 4: SharpFocused (button) folded before Flop (didn't bet)
Seat 5: Walkel (small blind) folded before Flop
Seat 7: Vincamdias (big blind) folded before Flop
Seat 8: Dorex2007 folded before Flop (didn't bet)
Seat 9: bigcjmitch folded before Flop (didn't bet)



PokerStars Hand #237240773796:  Hold'em No Limit ($0.01/$0.02 USD) - 2022/07/08 13:47:31 PT [2022/07/08 16:47:31 ET]
Table 'Ginevra II' 9-max Seat #5 is the button
Seat 1: dboulay1979 ($2.67 in chips) 
Seat 2: sowaaaa ($2.23 in chips) 
Seat 3: Tarmans ($0.95 in chips) 
Seat 5: Walkel ($2.38 in chips) 
Seat 7: Vincamdias ($0.82 in chips) 
Seat 8: Dorex2007 ($2.20 in chips) 
Seat 9: bigcjmitch ($2.16 in chips) 
Vincamdias: posts small blind $0.01
Dorex2007: posts big blind $0.02
*** HOLE CARDS ***
Dealt to Dorex2007 [Ac 9s]
bigcjmitch: calls $0.02
dboulay1979: folds 
sowaaaa: folds 
Tarmans: raises $0.16 to $0.18
Walkel: folds 
Vincamdias: folds 
Dorex2007: folds 
bigcjmitch: folds 
Uncalled bet ($0.16) returned to Tarmans
Tarmans collected $0.07 from pot
*** SUMMARY ***
Total pot $0.07 | Rake $0 
Seat 1: dboulay1979 folded before Flop (didn't bet)
Seat 2: sowaaaa folded before Flop (didn't bet)
Seat 3: Tarmans collected ($0.07)
Seat 5: Walkel (button) folded before Flop (didn't bet)
Seat 7: Vincamdias (small blind) folded before Flop
Seat 8: Dorex2007 (big blind) folded before Flop
Seat 9: bigcjmitch folded before Flop



PokerStars Hand #237240779572:  Hold'em No Limit ($0.01/$0.02 USD) - 2022/07/08 13:47:46 PT [2022/07/08 16:47:46 ET]
Table 'Ginevra II' 9-max Seat #7 is the button
Seat 1: dboulay1979 ($2.67 in chips) 
Seat 2: sowaaaa ($2.23 in chips) 
Seat 3: Tarmans ($1 in chips) 
Seat 5: Walkel ($2.38 in chips) 
Seat 7: Vincamdias ($0.81 in chips) 
Seat 8: Dorex2007 ($2.18 in chips) 
Seat 9: bigcjmitch ($2.14 in chips) 
Dorex2007: posts small blind $0.01
bigcjmitch: posts big blind $0.02
*** HOLE CARDS ***
Dealt to Dorex2007 [4s Kc]
dboulay1979: folds 
sowaaaa: raises $0.04 to $0.06
Tarmans: calls $0.06
Walkel: folds 
Vincamdias: calls $0.06
Dorex2007: folds 
bigcjmitch: calls $0.04
*** FLOP *** [As Qc 2s]
bigcjmitch: checks 
sowaaaa: checks 
Tarmans: bets $0.24
Vincamdias: raises $0.24 to $0.48
bigcjmitch: raises $1.60 to $2.08 and is all-in
sowaaaa: folds 
Tarmans: calls $0.70 and is all-in
Vincamdias: calls $0.27 and is all-in
Uncalled bet ($1.14) returned to bigcjmitch
HecticNo1 joins the table at seat #6 
*** TURN *** [As Qc 2s] [2d]
*** RIVER *** [As Qc 2s 2d] [3s]
*** SHOW DOWN ***
bigcjmitch: shows [Js Ks] (a flush, Ace high)
Tarmans: shows [Ad 7s] (two pair, Aces and Deuces)
bigcjmitch collected $0.37 from side pot
Vincamdias: shows [Qs Ac] (two pair, Aces and Queens)
bigcjmitch collected $2.41 from main pot
*** SUMMARY ***
Total pot $2.88 Main pot $2.41. Side pot $0.37. | Rake $0.10 
Board [As Qc 2s 2d 3s]
Seat 1: dboulay1979 folded before Flop (didn't bet)
Seat 2: sowaaaa folded on the Flop
Seat 3: Tarmans showed [Ad 7s] and lost with two pair, Aces and Deuces
Seat 5: Walkel folded before Flop (didn't bet)
Seat 7: Vincamdias (button) showed [Qs Ac] and lost with two pair, Aces and Queens
Seat 8: Dorex2007 (small blind) folded before Flop
Seat 9: bigcjmitch (big blind) showed [Js Ks] and won ($2.78) with a flush, Ace high



PokerStars Hand #237240803042:  Hold'em No Limit ($0.01/$0.02 USD) - 2022/07/08 13:48:49 PT [2022/07/08 16:48:49 ET]
Table 'Ginevra II' 9-max Seat #8 is the button
Seat 1: dboulay1979 ($2.67 in chips) 
Seat 2: sowaaaa ($2.17 in chips) 
Seat 3: Tarmans ($0.80 in chips) 
Seat 5: Walkel ($2.38 in chips) 
Seat 8: Dorex2007 ($2.17 in chips) 
Seat 9: bigcjmitch ($3.92 in chips) 
bigcjmitch: posts small blind $0.01
dboulay1979: posts big blind $0.02
HecticNo1: sits out 
*** HOLE CARDS ***
Dealt to Dorex2007 [6h 3s]
sowaaaa: folds 
Tarmans: folds 
Walkel: folds 
Dorex2007: folds 
bigcjmitch: calls $0.01
dboulay1979: checks 
*** FLOP *** [4h 9h 3c]
bigcjmitch: checks 
dboulay1979: checks 
*** TURN *** [4h 9h 3c] [Tc]
bigcjmitch: checks 
dboulay1979: checks 
*** RIVER *** [4h 9h 3c Tc] [Qd]
bigcjmitch: checks 
dboulay1979: checks 
*** SHOW DOWN ***
bigcjmitch: shows [4s Kc] (a pair of Fours)
dboulay1979: shows [Qc 5d] (a pair of Queens)
dboulay1979 collected $0.04 from pot
*** SUMMARY ***
Total pot $0.04 | Rake $0 
Board [4h 9h 3c Tc Qd]
Seat 1: dboulay1979 (big blind) showed [Qc 5d] and won ($0.04) with a pair of Queens
Seat 2: sowaaaa folded before Flop (didn't bet)
Seat 3: Tarmans folded before Flop (didn't bet)
Seat 5: Walkel folded before Flop (didn't bet)
Seat 8: Dorex2007 (button) folded before Flop (didn't bet)
Seat 9: bigcjmitch (small blind) showed [4s Kc] and lost with a pair of Fours



PokerStars Hand #237240811635:  Hold'em No Limit ($0.01/$0.02 USD) - 2022/07/08 13:49:12 PT [2022/07/08 16:49:12 ET]
Table 'Ginevra II' 9-max Seat #9 is the button
Seat 1: dboulay1979 ($2.69 in chips) 
Seat 2: sowaaaa ($2.17 in chips) 
Seat 3: Tarmans ($0.80 in chips) 
Seat 5: Walkel ($2.38 in chips) 
Seat 7: Vincamdias ($1 in chips) 
Seat 8: Dorex2007 ($2.17 in chips) 
Seat 9: bigcjmitch ($3.90 in chips) 
dboulay1979: posts small blind $0.01
sowaaaa: posts big blind $0.02
HecticNo1: sits out 
*** HOLE CARDS ***
Dealt to Dorex2007 [5h 3s]
Tarmans: calls $0.02
Walkel: folds 
Vincamdias: folds 
Dorex2007: folds 
bigcjmitch: calls $0.02
dboulay1979: calls $0.01
sowaaaa: raises $0.08 to $0.10
Tarmans: calls $0.08
bigcjmitch: calls $0.08
dboulay1979: calls $0.08
*** FLOP *** [Js 5d 7s]
dboulay1979: checks 
sowaaaa: bets $0.19
radis1975 joins the table at seat #4 
Tarmans: calls $0.19
bigcjmitch: folds 
dboulay1979: folds 
*** TURN *** [Js 5d 7s] [8s]
sowaaaa: checks 
Tarmans: bets $0.51 and is all-in
sowaaaa: folds 
Uncalled bet ($0.51) returned to Tarmans
Tarmans collected $0.75 from pot
*** SUMMARY ***
Total pot $0.78 | Rake $0.03 
Board [Js 5d 7s 8s]
Seat 1: dboulay1979 (small blind) folded on the Flop
Seat 2: sowaaaa (big blind) folded on the Turn
Seat 3: Tarmans collected ($0.75)
Seat 5: Walkel folded before Flop (didn't bet)
Seat 7: Vincamdias folded before Flop (didn't bet)
Seat 8: Dorex2007 folded before Flop (didn't bet)
Seat 9: bigcjmitch (button) folded on the Flop



PokerStars Hand #237240838797:  Hold'em No Limit ($0.01/$0.02 USD) - 2022/07/08 13:50:25 PT [2022/07/08 16:50:25 ET]
Table 'Ginevra II' 9-max Seat #1 is the button
Seat 1: dboulay1979 ($2.59 in chips) 
Seat 2: sowaaaa ($1.88 in chips) 
Seat 3: Tarmans ($1.26 in chips) 
Seat 5: Walkel ($2.38 in chips) 
Seat 7: Vincamdias ($1 in chips) 
Seat 8: Dorex2007 ($2.17 in chips) 
Seat 9: bigcjmitch ($3.80 in chips) 
sowaaaa: posts small blind $0.01
Tarmans: posts big blind $0.02
radis1975: sits out 
HecticNo1: sits out 
*** HOLE CARDS ***
Dealt to Dorex2007 [9s 8s]
Walkel: folds 
Vincamdias: folds 
Dorex2007: folds 
bigcjmitch: calls $0.02
dboulay1979: folds 
sowaaaa: raises $0.06 to $0.08
Tarmans: calls $0.06
bigcjmitch: calls $0.06
*** FLOP *** [9h Kd 6h]
sowaaaa: checks 
Tarmans: checks 
radis1975 leaves the table
bigcjmitch is connected 
bigcjmitch: checks 
*** TURN *** [9h Kd 6h] [Th]
sowaaaa: bets $0.10
Tarmans: raises $0.43 to $0.53
bigcjmitch: folds 
sowaaaa: calls $0.43
*** RIVER *** [9h Kd 6h Th] [Kh]
sowaaaa: bets $0.66
Tarmans: calls $0.65 and is all-in
Uncalled bet ($0.01) returned to sowaaaa
*** SHOW DOWN ***
sowaaaa: shows [8c Ah] (a flush, Ace high)
Tarmans: shows [Js Qc] (a straight, Nine to King)
sowaaaa collected $2.51 from pot
*** SUMMARY ***
Total pot $2.60 | Rake $0.09 
Board [9h Kd 6h Th Kh]
Seat 1: dboulay1979 (button) folded before Flop (didn't bet)
Seat 2: sowaaaa (small blind) showed [8c Ah] and won ($2.51) with a flush, Ace high
Seat 3: Tarmans (big blind) showed [Js Qc] and lost with a straight, Nine to King
Seat 5: Walkel folded before Flop (didn't bet)
Seat 7: Vincamdias folded before Flop (didn't bet)
Seat 8: Dorex2007 folded before Flop (didn't bet)
Seat 9: bigcjmitch folded on the Turn



PokerStars Hand #237240872098:  Hold'em No Limit ($0.01/$0.02 USD) - 2022/07/08 13:51:55 PT [2022/07/08 16:51:55 ET]
Table 'Ginevra II' 9-max Seat #2 is the button
Seat 1: dboulay1979 ($2.59 in chips) 
Seat 2: sowaaaa ($3.13 in chips) 
Seat 3: Tarmans ($0.80 in chips) 
Seat 5: Walkel ($2.38 in chips) 
Seat 7: Vincamdias ($1 in chips) 
Seat 8: Dorex2007 ($2.17 in chips) 
Seat 9: bigcjmitch ($3.72 in chips) 
Tarmans: posts small blind $0.01
Walkel: posts big blind $0.02
HecticNo1: sits out 
*** HOLE CARDS ***
Dealt to Dorex2007 [Kd 4d]
Vincamdias: folds 
Dorex2007: folds 
bigcjmitch: folds 
dboulay1979: folds 
sowaaaa: folds 
Tarmans: raises $0.04 to $0.06
Walkel: calls $0.04
*** FLOP *** [8c 9h 5d]
Tarmans: bets $0.12
kiling1 joins the table at seat #4 
Walkel: raises $2.20 to $2.32 and is all-in
Tarmans: folds 
Uncalled bet ($2.20) returned to Walkel
Walkel collected $0.35 from pot
*** SUMMARY ***
Total pot $0.36 | Rake $0.01 
Board [8c 9h 5d]
Seat 1: dboulay1979 folded before Flop (didn't bet)
Seat 2: sowaaaa (button) folded before Flop (didn't bet)
Seat 3: Tarmans (small blind) folded on the Flop
Seat 5: Walkel (big blind) collected ($0.35)
Seat 7: Vincamdias folded before Flop (didn't bet)
Seat 8: Dorex2007 folded before Flop (didn't bet)
Seat 9: bigcjmitch folded before Flop (didn't bet)



PokerStars Hand #237240882944:  Hold'em No Limit ($0.01/$0.02 USD) - 2022/07/08 13:52:24 PT [2022/07/08 16:52:24 ET]
Table 'Ginevra II' 9-max Seat #3 is the button
Seat 1: dboulay1979 ($2.59 in chips) 
Seat 2: sowaaaa ($3.13 in chips) 
Seat 3: Tarmans ($0.80 in chips) 
Seat 5: Walkel ($2.55 in chips) 
Seat 6: HecticNo1 ($2 in chips) 
Seat 7: Vincamdias ($1 in chips) 
Seat 8: Dorex2007 ($2.17 in chips) 
Seat 9: bigcjmitch ($3.72 in chips) 
Walkel: posts small blind $0.01
HecticNo1: posts big blind $0.02
*** HOLE CARDS ***
Dealt to Dorex2007 [2s Jh]
Vincamdias: folds 
Dorex2007: folds 
bigcjmitch has timed out
bigcjmitch: folds 
dboulay1979: folds 
sowaaaa: folds 
Tarmans: raises $0.05 to $0.07
Walkel: folds 
bigcjmitch is disconnected 
HecticNo1: folds 
Uncalled bet ($0.05) returned to Tarmans
Tarmans collected $0.05 from pot
*** SUMMARY ***
Total pot $0.05 | Rake $0 
Seat 1: dboulay1979 folded before Flop (didn't bet)
Seat 2: sowaaaa folded before Flop (didn't bet)
Seat 3: Tarmans (button) collected ($0.05)
Seat 5: Walkel (small blind) folded before Flop
Seat 6: HecticNo1 (big blind) folded before Flop
Seat 7: Vincamdias folded before Flop (didn't bet)
Seat 8: Dorex2007 folded before Flop (didn't bet)
Seat 9: bigcjmitch folded before Flop (didn't bet)



PokerStars Hand #237240896967:  Hold'em No Limit ($0.01/$0.02 USD) - 2022/07/08 13:53:02 PT [2022/07/08 16:53:02 ET]
Table 'Ginevra II' 9-max Seat #5 is the button
Seat 1: dboulay1979 ($2.59 in chips) 
Seat 2: sowaaaa ($3.13 in chips) 
Seat 3: Tarmans ($0.83 in chips) 
Seat 5: Walkel ($2.54 in chips) 
Seat 6: HecticNo1 ($1.98 in chips) 
Seat 7: Vincamdias ($1 in chips) 
Seat 8: Dorex2007 ($2.17 in chips) 
Seat 9: bigcjmitch ($3.72 in chips) 
HecticNo1: posts small blind $0.01
Vincamdias: posts big blind $0.02
kiling1: sits out 
*** HOLE CARDS ***
Dealt to Dorex2007 [4s Jd]
Dorex2007: folds 
bigcjmitch: calls $0.02
dboulay1979: folds 
sowaaaa: folds 
kiling1 leaves the table
Tarmans: raises $0.81 to $0.83 and is all-in
Walkel: folds 
HecticNo1: calls $0.82
Vincamdias: folds 
bigcjmitch: folds 
*** FLOP *** [5c 4c Kh]
*** TURN *** [5c 4c Kh] [8c]
*** RIVER *** [5c 4c Kh 8c] [Kd]
*** SHOW DOWN ***
HecticNo1: shows [Ad Qd] (a pair of Kings)
Tarmans: shows [As 3d] (a pair of Kings - lower kicker)
HecticNo1 collected $1.64 from pot
*** SUMMARY ***
Total pot $1.70 | Rake $0.06 
Board [5c 4c Kh 8c Kd]
Seat 1: dboulay1979 folded before Flop (didn't bet)
Seat 2: sowaaaa folded before Flop (didn't bet)
Seat 3: Tarmans showed [As 3d] and lost with a pair of Kings
Seat 5: Walkel (button) folded before Flop (didn't bet)
Seat 6: HecticNo1 (small blind) showed [Ad Qd] and won ($1.64) with a pair of Kings
Seat 7: Vincamdias (big blind) folded before Flop
Seat 8: Dorex2007 folded before Flop (didn't bet)
Seat 9: bigcjmitch folded before Flop



PokerStars Hand #237240911961:  Hold'em No Limit ($0.01/$0.02 USD) - 2022/07/08 13:53:42 PT [2022/07/08 16:53:42 ET]
Table 'Ginevra II' 9-max Seat #6 is the button
Seat 1: dboulay1979 ($2.59 in chips) 
Seat 2: sowaaaa ($3.13 in chips) 
Seat 3: Tarmans ($0.80 in chips) 
Seat 5: Walkel ($2.54 in chips) 
Seat 6: HecticNo1 ($2.79 in chips) 
Seat 7: Vincamdias ($0.98 in chips) 
Seat 8: Dorex2007 ($2.17 in chips) 
Seat 9: bigcjmitch ($3.70 in chips) 
Vincamdias: posts small blind $0.01
Dorex2007: posts big blind $0.02
*** HOLE CARDS ***
Dealt to Dorex2007 [4s 3h]
bigcjmitch: calls $0.02
dboulay1979: folds 
sowaaaa: folds 
Tarmans: folds 
Walkel: folds 
HecticNo1: folds 
Vincamdias: folds 
Dorex2007: checks 
*** FLOP *** [Kd As Kc]
Dorex2007: checks 
bigcjmitch: checks 
*** TURN *** [Kd As Kc] [Ks]
Dorex2007: checks 
bigcjmitch: checks 
*** RIVER *** [Kd As Kc Ks] [Ac]
Dorex2007: checks 
bigcjmitch: checks 
*** SHOW DOWN ***
Dorex2007: shows [4s 3h] (a full house, Kings full of Aces)
bigcjmitch: shows [Qc Jc] (a full house, Kings full of Aces)
Dorex2007 collected $0.03 from pot
bigcjmitch collected $0.02 from pot
*** SUMMARY ***
Total pot $0.05 | Rake $0 
Board [Kd As Kc Ks Ac]
Seat 1: dboulay1979 folded before Flop (didn't bet)
Seat 2: sowaaaa folded before Flop (didn't bet)
Seat 3: Tarmans folded before Flop (didn't bet)
Seat 5: Walkel folded before Flop (didn't bet)
Seat 6: HecticNo1 (button) folded before Flop (didn't bet)
Seat 7: Vincamdias (small blind) folded before Flop
Seat 8: Dorex2007 (big blind) showed [4s 3h] and won ($0.03) with a full house, Kings full of Aces
Seat 9: bigcjmitch showed [Qc Jc] and won ($0.02) with a full house, Kings full of Aces



PokerStars Hand #237240923008:  Hold'em No Limit ($0.01/$0.02 USD) - 2022/07/08 13:54:13 PT [2022/07/08 16:54:13 ET]
Table 'Ginevra II' 9-max Seat #7 is the button
Seat 1: dboulay1979 ($2.59 in chips) 
Seat 2: sowaaaa ($3.13 in chips) 
Seat 3: Tarmans ($0.80 in chips) 
Seat 5: Walkel ($2.54 in chips) 
Seat 6: HecticNo1 ($2.79 in chips) 
Seat 7: Vincamdias ($0.97 in chips) 
Seat 8: Dorex2007 ($2.18 in chips) 
Seat 9: bigcjmitch ($3.70 in chips) 
Dorex2007: posts small blind $0.01
bigcjmitch: posts big blind $0.02
*** HOLE CARDS ***
Dealt to Dorex2007 [7s Tc]
dboulay1979: folds 
sowaaaa: folds 
Tarmans: raises $0.22 to $0.24
Walkel: folds 
HecticNo1: folds 
Vincamdias: folds 
Dorex2007: folds 
bigcjmitch: folds 
Uncalled bet ($0.22) returned to Tarmans
Tarmans collected $0.05 from pot
*** SUMMARY ***
Total pot $0.05 | Rake $0 
Seat 1: dboulay1979 folded before Flop (didn't bet)
Seat 2: sowaaaa folded before Flop (didn't bet)
Seat 3: Tarmans collected ($0.05)
Seat 5: Walkel folded before Flop (didn't bet)
Seat 6: HecticNo1 folded before Flop (didn't bet)
Seat 7: Vincamdias (button) folded before Flop (didn't bet)
Seat 8: Dorex2007 (small blind) folded before Flop
Seat 9: bigcjmitch (big blind) folded before Flop



PokerStars Hand #237240931053:  Hold'em No Limit ($0.01/$0.02 USD) - 2022/07/08 13:54:34 PT [2022/07/08 16:54:34 ET]
Table 'Ginevra II' 9-max Seat #8 is the button
Seat 1: dboulay1979 ($2.59 in chips) 
Seat 2: sowaaaa ($3.13 in chips) 
Seat 3: Tarmans ($0.83 in chips) 
Seat 5: Walkel ($2.54 in chips) 
Seat 6: HecticNo1 ($2.79 in chips) 
Seat 7: Vincamdias ($0.97 in chips) 
Seat 8: Dorex2007 ($2.17 in chips) 
Seat 9: bigcjmitch ($3.68 in chips) 
bigcjmitch: posts small blind $0.01
dboulay1979: posts big blind $0.02
*** HOLE CARDS ***
Dealt to Dorex2007 [4c 5h]
sowaaaa: folds 
Tarmans: folds 
Walkel: folds 
HecticNo1: raises $0.04 to $0.06
Vincamdias: folds 
Jobat-639j joins the table at seat #4 
Dorex2007: folds 
bigcjmitch: folds 
dboulay1979: folds 
Uncalled bet ($0.04) returned to HecticNo1
HecticNo1 collected $0.05 from pot
*** SUMMARY ***
Total pot $0.05 | Rake $0 
Seat 1: dboulay1979 (big blind) folded before Flop
Seat 2: sowaaaa folded before Flop (didn't bet)
Seat 3: Tarmans folded before Flop (didn't bet)
Seat 5: Walkel folded before Flop (didn't bet)
Seat 6: HecticNo1 collected ($0.05)
Seat 7: Vincamdias folded before Flop (didn't bet)
Seat 8: Dorex2007 (button) folded before Flop (didn't bet)
Seat 9: bigcjmitch (small blind) folded before Flop



PokerStars Hand #237240940898:  Hold'em No Limit ($0.01/$0.02 USD) - 2022/07/08 13:55:01 PT [2022/07/08 16:55:01 ET]
Table 'Ginevra II' 9-max Seat #9 is the button
Seat 1: dboulay1979 ($2.57 in chips) 
Seat 3: Tarmans ($0.83 in chips) 
Seat 4: Jobat-639j ($0.80 in chips) 
Seat 5: Walkel ($2.54 in chips) 
Seat 6: HecticNo1 ($2.82 in chips) 
Seat 7: Vincamdias ($0.97 in chips) 
Seat 8: Dorex2007 ($2.17 in chips) 
Seat 9: bigcjmitch ($3.67 in chips) 
dboulay1979: posts small blind $0.01
sowaaaa: is sitting out 
Tarmans: posts big blind $0.02
Jobat-639j is connected 
Jobat-639j: posts big blind $0.02
*** HOLE CARDS ***
Dealt to Dorex2007 [Kd Td]
Jobat-639j: checks 
Walkel: folds 
HecticNo1: folds 
Vincamdias: folds 
Dorex2007: raises $0.04 to $0.06
bigcjmitch: folds 
dboulay1979: folds 
Tarmans: folds 
Jobat-639j: folds 
Uncalled bet ($0.04) returned to Dorex2007
Dorex2007 collected $0.07 from pot
*** SUMMARY ***
Total pot $0.07 | Rake $0 
Seat 1: dboulay1979 (small blind) folded before Flop
Seat 3: Tarmans (big blind) folded before Flop
Seat 4: Jobat-639j folded before Flop (didn't bet)
Seat 5: Walkel folded before Flop (didn't bet)
Seat 6: HecticNo1 folded before Flop (didn't bet)
Seat 7: Vincamdias folded before Flop (didn't bet)
Seat 8: Dorex2007 collected ($0.07)
Seat 9: bigcjmitch (button) folded before Flop (didn't bet)



PokerStars Hand #237240949602:  Hold'em No Limit ($0.01/$0.02 USD) - 2022/07/08 13:55:28 PT [2022/07/08 16:55:28 ET]
Table 'Ginevra II' 9-max Seat #1 is the button
Seat 1: dboulay1979 ($2.56 in chips) 
Seat 3: Tarmans ($0.81 in chips) 
Seat 4: Jobat-639j ($0.78 in chips) 
Seat 5: Walkel ($2.54 in chips) 
Seat 6: HecticNo1 ($2.82 in chips) 
Seat 7: Vincamdias ($0.97 in chips) 
Seat 8: Dorex2007 ($2.22 in chips) 
Seat 9: bigcjmitch ($3.67 in chips) 
Tarmans: posts small blind $0.01
Jobat-639j: posts big blind $0.02
*** HOLE CARDS ***
Dealt to Dorex2007 [2d 6c]
Walkel: raises $0.04 to $0.06
HecticNo1: folds 
Vincamdias: folds 
Dorex2007: folds 
bigcjmitch: folds 
dboulay1979: calls $0.06
Tarmans: calls $0.05
Jobat-639j: calls $0.04
*** FLOP *** [Kh 7d 5s]
Tarmans: checks 
Jobat-639j: checks 
Walkel: bets $0.06
dboulay1979: folds 
Tarmans: calls $0.06
Jobat-639j: folds 
*** TURN *** [Kh 7d 5s] [9s]
Tarmans: checks 
Walkel: bets $0.14
Tarmans: calls $0.14
*** RIVER *** [Kh 7d 5s 9s] [Ad]
Tarmans: checks 
Walkel: bets $0.25
Tarmans: calls $0.25
*** SHOW DOWN ***
Walkel: shows [5c Ac] (two pair, Aces and Fives)
Tarmans: mucks hand 
Walkel collected $1.10 from pot
*** SUMMARY ***
Total pot $1.14 | Rake $0.04 
Board [Kh 7d 5s 9s Ad]
Seat 1: dboulay1979 (button) folded on the Flop
Seat 3: Tarmans (small blind) mucked [8s 9h]
Seat 4: Jobat-639j (big blind) folded on the Flop
Seat 5: Walkel showed [5c Ac] and won ($1.10) with two pair, Aces and Fives
Seat 6: HecticNo1 folded before Flop (didn't bet)
Seat 7: Vincamdias folded before Flop (didn't bet)
Seat 8: Dorex2007 folded before Flop (didn't bet)
Seat 9: bigcjmitch folded before Flop (didn't bet)



PokerStars Hand #237240963744:  Hold'em No Limit ($0.01/$0.02 USD) - 2022/07/08 13:56:18 PT [2022/07/08 16:56:18 ET]
Table 'Ginevra II' 9-max Seat #3 is the button
Seat 1: dboulay1979 ($2.50 in chips) 
Seat 2: sowaaaa ($3.13 in chips) 
Seat 3: Tarmans ($0.80 in chips) 
Seat 4: Jobat-639j ($0.72 in chips) 
Seat 5: Walkel ($3.13 in chips) 
Seat 6: HecticNo1 ($2.82 in chips) 
Seat 7: Vincamdias ($0.97 in chips) 
Seat 8: Dorex2007 ($2.22 in chips) 
Seat 9: bigcjmitch ($3.67 in chips) 
Jobat-639j: posts small blind $0.01
Walkel: posts big blind $0.02
sowaaaa: posts small & big blinds $0.03
*** HOLE CARDS ***
Dealt to Dorex2007 [Qs 9d]
HecticNo1: folds 
Vincamdias: folds 
Dorex2007: folds 
bigcjmitch: folds 
dboulay1979: calls $0.02
sowaaaa: checks 
Tarmans: folds 
Jobat-639j: calls $0.01
Walkel: checks 
*** FLOP *** [2s 2h 6c]
Jobat-639j: checks 
Walkel: checks 
dboulay1979: checks 
sowaaaa: bets $0.04
Jobat-639j: folds 
Walkel: folds 
dboulay1979: folds 
Uncalled bet ($0.04) returned to sowaaaa
sowaaaa collected $0.09 from pot
*** SUMMARY ***
Total pot $0.09 | Rake $0 
Board [2s 2h 6c]
Seat 1: dboulay1979 folded on the Flop
Seat 2: sowaaaa collected ($0.09)
Seat 3: Tarmans (button) folded before Flop (didn't bet)
Seat 4: Jobat-639j (small blind) folded on the Flop
Seat 5: Walkel (big blind) folded on the Flop
Seat 6: HecticNo1 folded before Flop (didn't bet)
Seat 7: Vincamdias folded before Flop (didn't bet)
Seat 8: Dorex2007 folded before Flop (didn't bet)
Seat 9: bigcjmitch folded before Flop (didn't bet)



PokerStars Hand #237240978119:  Hold'em No Limit ($0.01/$0.02 USD) - 2022/07/08 13:57:09 PT [2022/07/08 16:57:09 ET]
Table 'Ginevra II' 9-max Seat #4 is the button
Seat 1: dboulay1979 ($2.48 in chips) 
Seat 2: sowaaaa ($3.19 in chips) 
Seat 3: Tarmans ($0.80 in chips) 
Seat 4: Jobat-639j ($0.70 in chips) 
Seat 5: Walkel ($3.11 in chips) 
Seat 6: HecticNo1 ($2.82 in chips) 
Seat 7: Vincamdias ($0.97 in chips) 
Seat 8: Dorex2007 ($2.22 in chips) 
Seat 9: bigcjmitch ($3.67 in chips) 
Walkel: posts small blind $0.01
HecticNo1: posts big blind $0.02
*** HOLE CARDS ***
Dealt to Dorex2007 [5c Jh]
Vincamdias: folds 
Dorex2007: folds 
bigcjmitch: folds 
dboulay1979: folds 
sowaaaa: folds 
Tarmans: raises $0.22 to $0.24
Jobat-639j: folds 
Walkel: folds 
HecticNo1: folds 
Uncalled bet ($0.22) returned to Tarmans
Tarmans collected $0.05 from pot
*** SUMMARY ***
Total pot $0.05 | Rake $0 
Seat 1: dboulay1979 folded before Flop (didn't bet)
Seat 2: sowaaaa folded before Flop (didn't bet)
Seat 3: Tarmans collected ($0.05)
Seat 4: Jobat-639j (button) folded before Flop (didn't bet)
Seat 5: Walkel (small blind) folded before Flop
Seat 6: HecticNo1 (big blind) folded before Flop
Seat 7: Vincamdias folded before Flop (didn't bet)
Seat 8: Dorex2007 folded before Flop (didn't bet)
Seat 9: bigcjmitch folded before Flop (didn't bet)



PokerStars Hand #237240983997:  Hold'em No Limit ($0.01/$0.02 USD) - 2022/07/08 13:57:29 PT [2022/07/08 16:57:29 ET]
Table 'Ginevra II' 9-max Seat #5 is the button
Seat 1: dboulay1979 ($2.48 in chips) 
Seat 2: sowaaaa ($3.19 in chips) 
Seat 3: Tarmans ($0.83 in chips) 
Seat 4: Jobat-639j ($0.70 in chips) 
Seat 5: Walkel ($3.10 in chips) 
Seat 6: HecticNo1 ($2.80 in chips) 
Seat 7: Vincamdias ($0.97 in chips) 
Seat 8: Dorex2007 ($2.22 in chips) 
Seat 9: bigcjmitch ($3.67 in chips) 
HecticNo1: posts small blind $0.01
Vincamdias: posts big blind $0.02
*** HOLE CARDS ***
Dealt to Dorex2007 [Td 8s]
Dorex2007: folds 
bigcjmitch: calls $0.02
dboulay1979: folds 
sowaaaa: folds 
Tarmans: folds 
Jobat-639j: raises $0.04 to $0.06
Walkel: calls $0.06
HecticNo1: folds 
Vincamdias: folds 
bigcjmitch: calls $0.04
*** FLOP *** [5c 6s 3s]
bigcjmitch: checks 
Jobat-639j: checks 
Walkel: checks 
*** TURN *** [5c 6s 3s] [Tc]
bigcjmitch: bets $0.12
Jobat-639j: folds 
Walkel: calls $0.12
*** RIVER *** [5c 6s 3s Tc] [9h]
bigcjmitch: checks 
Walkel: checks 
*** SHOW DOWN ***
bigcjmitch: shows [4s 4d] (a pair of Fours)
Walkel: shows [8h Th] (a pair of Tens)
Walkel collected $0.43 from pot
*** SUMMARY ***
Total pot $0.45 | Rake $0.02 
Board [5c 6s 3s Tc 9h]
Seat 1: dboulay1979 folded before Flop (didn't bet)
Seat 2: sowaaaa folded before Flop (didn't bet)
Seat 3: Tarmans folded before Flop (didn't bet)
Seat 4: Jobat-639j folded on the Turn
Seat 5: Walkel (button) showed [8h Th] and won ($0.43) with a pair of Tens
Seat 6: HecticNo1 (small blind) folded before Flop
Seat 7: Vincamdias (big blind) folded before Flop
Seat 8: Dorex2007 folded before Flop (didn't bet)
Seat 9: bigcjmitch showed [4s 4d] and lost with a pair of Fours



PokerStars Hand #237241000229:  Hold'em No Limit ($0.01/$0.02 USD) - 2022/07/08 13:58:26 PT [2022/07/08 16:58:26 ET]
Table 'Ginevra II' 9-max Seat #6 is the button
Seat 1: dboulay1979 ($2.48 in chips) 
Seat 2: sowaaaa ($3.19 in chips) 
Seat 3: Tarmans ($0.83 in chips) 
Seat 4: Jobat-639j ($0.64 in chips) 
Seat 5: Walkel ($3.35 in chips) 
Seat 6: HecticNo1 ($2.79 in chips) 
Seat 7: Vincamdias ($0.95 in chips) 
Seat 8: Dorex2007 ($2.22 in chips) 
Seat 9: bigcjmitch ($3.49 in chips) 
Vincamdias: posts small blind $0.01
Dorex2007: posts big blind $0.02
*** HOLE CARDS ***
Dealt to Dorex2007 [Jh Ad]
bigcjmitch: folds 
dboulay1979: folds 
sowaaaa: folds 
Tarmans: raises $0.04 to $0.06
Jobat-639j: folds 
Walkel: folds 
HecticNo1: calls $0.06
Vincamdias: folds 
Dorex2007: calls $0.04
*** FLOP *** [Ac Qh 3s]
Dorex2007: bets $0.12
Tarmans: folds 
HecticNo1: folds 
Uncalled bet ($0.12) returned to Dorex2007
Dorex2007 collected $0.18 from pot
*** SUMMARY ***
Total pot $0.19 | Rake $0.01 
Board [Ac Qh 3s]
Seat 1: dboulay1979 folded before Flop (didn't bet)
Seat 2: sowaaaa folded before Flop (didn't bet)
Seat 3: Tarmans folded on the Flop
Seat 4: Jobat-639j folded before Flop (didn't bet)
Seat 5: Walkel folded before Flop (didn't bet)
Seat 6: HecticNo1 (button) folded on the Flop
Seat 7: Vincamdias (small blind) folded before Flop
Seat 8: Dorex2007 (big blind) collected ($0.18)
Seat 9: bigcjmitch folded before Flop (didn't bet)



PokerStars Hand #237241013547:  Hold'em No Limit ($0.01/$0.02 USD) - 2022/07/08 13:59:13 PT [2022/07/08 16:59:13 ET]
Table 'Ginevra II' 9-max Seat #7 is the button
Seat 1: dboulay1979 ($2.48 in chips) 
Seat 2: sowaaaa ($3.19 in chips) 
Seat 3: Tarmans ($0.80 in chips) 
Seat 4: Jobat-639j ($0.64 in chips) 
Seat 5: Walkel ($3.35 in chips) 
Seat 6: HecticNo1 ($2.73 in chips) 
Seat 7: Vincamdias ($0.94 in chips) 
Seat 8: Dorex2007 ($2.34 in chips) 
Seat 9: bigcjmitch ($3.49 in chips) 
Dorex2007: posts small blind $0.01
bigcjmitch: posts big blind $0.02
*** HOLE CARDS ***
Dealt to Dorex2007 [6d 5c]
dboulay1979: folds 
sowaaaa: folds 
Tarmans: calls $0.02
Jobat-639j: calls $0.02
Walkel: folds 
HecticNo1: folds 
Vincamdias: folds 
Dorex2007: folds 
bigcjmitch: checks 
*** FLOP *** [As Ah Jd]
bigcjmitch: checks 
Tarmans: checks 
Jobat-639j: bets $0.03
bigcjmitch: folds 
Tarmans: calls $0.03
*** TURN *** [As Ah Jd] [3c]
Tarmans: checks 
Jobat-639j: bets $0.06
Tarmans: calls $0.06
*** RIVER *** [As Ah Jd 3c] [Td]
Tarmans: checks 
Jobat-639j: bets $0.02
Tarmans: calls $0.02
*** SHOW DOWN ***
Jobat-639j: shows [5d Ad] (three of a kind, Aces)
Tarmans: mucks hand 
Jobat-639j collected $0.28 from pot
*** SUMMARY ***
Total pot $0.29 | Rake $0.01 
Board [As Ah Jd 3c Td]
Seat 1: dboulay1979 folded before Flop (didn't bet)
Seat 2: sowaaaa folded before Flop (didn't bet)
Seat 3: Tarmans mucked [9s 9d]
Seat 4: Jobat-639j showed [5d Ad] and won ($0.28) with three of a kind, Aces
Seat 5: Walkel folded before Flop (didn't bet)
Seat 6: HecticNo1 folded before Flop (didn't bet)
Seat 7: Vincamdias (button) folded before Flop (didn't bet)
Seat 8: Dorex2007 (small blind) folded before Flop
Seat 9: bigcjmitch (big blind) folded on the Flop



PokerStars Hand #237241035671:  Hold'em No Limit ($0.01/$0.02 USD) - 2022/07/08 14:00:30 PT [2022/07/08 17:00:30 ET]
Table 'Ginevra II' 9-max Seat #8 is the button
Seat 1: dboulay1979 ($2.48 in chips) 
Seat 2: sowaaaa ($3.19 in chips) 
Seat 3: Tarmans ($0.80 in chips) 
Seat 4: Jobat-639j ($0.79 in chips) 
Seat 5: Walkel ($3.35 in chips) 
Seat 6: HecticNo1 ($2.73 in chips) 
Seat 7: Vincamdias ($0.94 in chips) 
Seat 8: Dorex2007 ($2.33 in chips) 
Seat 9: bigcjmitch ($3.47 in chips) 
bigcjmitch: posts small blind $0.01
dboulay1979: posts big blind $0.02
*** HOLE CARDS ***
Dealt to Dorex2007 [3s Jd]
sowaaaa: folds 
Tarmans: folds 
sowaaaa leaves the table
Jobat-639j: calls $0.02
Walkel: folds 
HecticNo1: folds 
Vincamdias: calls $0.02
Dorex2007: folds 
bigcjmitch: calls $0.01
enixblr joins the table at seat #2 
dboulay1979: checks 
*** FLOP *** [Ad Js 7h]
bigcjmitch: checks 
dboulay1979: checks 
Jobat-639j: checks 
Vincamdias: checks 
*** TURN *** [Ad Js 7h] [5s]
bigcjmitch: bets $0.04
dboulay1979: folds 
Jobat-639j: folds 
Vincamdias: folds 
Uncalled bet ($0.04) returned to bigcjmitch
bigcjmitch collected $0.08 from pot
*** SUMMARY ***
Total pot $0.08 | Rake $0 
Board [Ad Js 7h 5s]
Seat 1: dboulay1979 (big blind) folded on the Turn
Seat 2: sowaaaa folded before Flop (didn't bet)
Seat 3: Tarmans folded before Flop (didn't bet)
Seat 4: Jobat-639j folded on the Turn
Seat 5: Walkel folded before Flop (didn't bet)
Seat 6: HecticNo1 folded before Flop (didn't bet)
Seat 7: Vincamdias folded on the Turn
Seat 8: Dorex2007 (button) folded before Flop (didn't bet)
Seat 9: bigcjmitch (small blind) collected ($0.08)



PokerStars Hand #237241051063:  Hold'em No Limit ($0.01/$0.02 USD) - 2022/07/08 14:01:10 PT [2022/07/08 17:01:10 ET]
Table 'Ginevra II' 9-max Seat #9 is the button
Seat 1: dboulay1979 ($2.46 in chips) 
Seat 2: enixblr ($2 in chips) 
Seat 3: Tarmans ($0.80 in chips) 
Seat 4: Jobat-639j ($0.77 in chips) 
Seat 5: Walkel ($3.35 in chips) 
Seat 6: HecticNo1 ($2.73 in chips) 
Seat 7: Vincamdias ($0.92 in chips) 
Seat 8: Dorex2007 ($2.33 in chips) 
Seat 9: bigcjmitch ($3.53 in chips) 
dboulay1979: posts small blind $0.01
enixblr: posts big blind $0.02
*** HOLE CARDS ***
Dealt to Dorex2007 [9c Kc]
Tarmans: folds 
Jobat-639j: raises $0.02 to $0.04
Walkel: folds 
HecticNo1: folds 
Vincamdias: folds 
Dorex2007: folds 
bigcjmitch has timed out
bigcjmitch: folds 
dboulay1979: folds 
enixblr: folds 
Uncalled bet ($0.02) returned to Jobat-639j
Jobat-639j collected $0.05 from pot
*** SUMMARY ***
Total pot $0.05 | Rake $0 
Seat 1: dboulay1979 (small blind) folded before Flop
Seat 2: enixblr (big blind) folded before Flop
Seat 3: Tarmans folded before Flop (didn't bet)
Seat 4: Jobat-639j collected ($0.05)
Seat 5: Walkel folded before Flop (didn't bet)
Seat 6: HecticNo1 folded before Flop (didn't bet)
Seat 7: Vincamdias folded before Flop (didn't bet)
Seat 8: Dorex2007 folded before Flop (didn't bet)
Seat 9: bigcjmitch (button) folded before Flop (didn't bet)



PokerStars Hand #237241069485:  Hold'em No Limit ($0.01/$0.02 USD) - 2022/07/08 14:02:03 PT [2022/07/08 17:02:03 ET]
Table 'Ginevra II' 9-max Seat #1 is the button
Seat 1: dboulay1979 ($2.45 in chips) 
Seat 2: enixblr ($2 in chips) 
Seat 3: Tarmans ($0.80 in chips) 
Seat 4: Jobat-639j ($0.80 in chips) 
Seat 5: Walkel ($3.35 in chips) 
Seat 6: HecticNo1 ($2.73 in chips) 
Seat 7: Vincamdias ($0.92 in chips) 
Seat 8: Dorex2007 ($2.33 in chips) 
enixblr: posts small blind $0.01
Tarmans: posts big blind $0.02
*** HOLE CARDS ***
Dealt to Dorex2007 [6h 6d]
Jobat-639j: folds 
Walkel: folds 
HecticNo1: folds 
Vincamdias: calls $0.02
Dorex2007: raises $0.04 to $0.06
dboulay1979: folds 
enixblr: folds 
Tarmans: calls $0.04
Vincamdias: calls $0.04
*** FLOP *** [Kh Tc Kc]
Tarmans: checks 
Vincamdias: checks 
Dorex2007: bets $0.09
Tarmans: calls $0.09
Vincamdias: folds 
*** TURN *** [Kh Tc Kc] [8h]
Tarmans: checks 
Dorex2007: checks 
*** RIVER *** [Kh Tc Kc 8h] [7c]
Tarmans: bets $0.36
Dorex2007: folds 
Uncalled bet ($0.36) returned to Tarmans
Tarmans collected $0.36 from pot
*** SUMMARY ***
Total pot $0.37 | Rake $0.01 
Board [Kh Tc Kc 8h 7c]
Seat 1: dboulay1979 (button) folded before Flop (didn't bet)
Seat 2: enixblr (small blind) folded before Flop
Seat 3: Tarmans (big blind) collected ($0.36)
Seat 4: Jobat-639j folded before Flop (didn't bet)
Seat 5: Walkel folded before Flop (didn't bet)
Seat 6: HecticNo1 folded before Flop (didn't bet)
Seat 7: Vincamdias folded on the Flop
Seat 8: Dorex2007 folded on the River



