PokerStars Hand #237308394029:  Hold'em No Limit ($0.01/$0.02 USD) - 2022/07/11 21:01:10 PT [2022/07/12 0:01:10 ET]
Table 'Deimos IV' 9-max Seat #8 is the button
Seat 1: cberto09 ($4.14 in chips) 
Seat 2: gasasilva ($2.56 in chips) 
Seat 3: Pejep ($2.11 in chips) 
Seat 4: X_Leaper_X ($1.61 in chips) 
Seat 5: Dorex2007 ($2 in chips) 
Seat 6: kammikkazi ($6.57 in chips) 
Seat 7: Gilberto2332 ($1.04 in chips) 
Seat 8: cpoker252 ($3.85 in chips) 
Seat 9: Kkk_kr ($1.89 in chips) 
Kkk_kr: posts small blind $0.01
cberto09: posts big blind $0.02
*** HOLE CARDS ***
Dealt to Dorex2007 [9c 5h]
gasasilva: calls $0.02
Pejep: folds 
X_Leaper_X: folds 
Dorex2007: folds 
kammikkazi: folds 
Gilberto2332: folds 
cpoker252: folds 
Kkk_kr: calls $0.01
cberto09: checks 
*** FLOP *** [7h Qd Jc]
Kkk_kr: checks 
cberto09: checks 
gasasilva: checks 
*** TURN *** [7h Qd Jc] [Kh]
Kkk_kr: bets $0.03
cberto09: calls $0.03
gasasilva: calls $0.03
*** RIVER *** [7h Qd Jc Kh] [Ks]
Kkk_kr: checks 
cberto09: checks 
gasasilva: bets $0.24
Kkk_kr: folds 
cberto09: calls $0.24
*** SHOW DOWN ***
gasasilva: shows [Th Qh] (two pair, Kings and Queens)
cberto09: shows [Kd 8c] (three of a kind, Kings)
cberto09 collected $0.61 from pot
*** SUMMARY ***
Total pot $0.63 | Rake $0.02 
Board [7h Qd Jc Kh Ks]
Seat 1: cberto09 (big blind) showed [Kd 8c] and won ($0.61) with three of a kind, Kings
Seat 2: gasasilva showed [Th Qh] and lost with two pair, Kings and Queens
Seat 3: Pejep folded before Flop (didn't bet)
Seat 4: X_Leaper_X folded before Flop (didn't bet)
Seat 5: Dorex2007 folded before Flop (didn't bet)
Seat 6: kammikkazi folded before Flop (didn't bet)
Seat 7: Gilberto2332 folded before Flop (didn't bet)
Seat 8: cpoker252 (button) folded before Flop (didn't bet)
Seat 9: Kkk_kr (small blind) folded on the River



PokerStars Hand #237308401912:  Hold'em No Limit ($0.01/$0.02 USD) - 2022/07/11 21:02:14 PT [2022/07/12 0:02:14 ET]
Table 'Deimos IV' 9-max Seat #9 is the button
Seat 1: cberto09 ($4.46 in chips) 
Seat 2: gasasilva ($2.27 in chips) 
Seat 3: Pejep ($2.11 in chips) 
Seat 4: X_Leaper_X ($1.61 in chips) 
Seat 5: Dorex2007 ($2 in chips) 
Seat 6: kammikkazi ($6.57 in chips) 
Seat 7: Gilberto2332 ($1.04 in chips) 
Seat 8: cpoker252 ($3.85 in chips) 
Seat 9: Kkk_kr ($1.84 in chips) 
cberto09: posts small blind $0.01
gasasilva: posts big blind $0.02
*** HOLE CARDS ***
Dealt to Dorex2007 [5h Jh]
Pejep: folds 
X_Leaper_X: folds 
Dorex2007: folds 
kammikkazi: folds 
Gilberto2332: folds 
cpoker252: folds 
Kkk_kr: folds 
cberto09: raises $0.04 to $0.06
gasasilva: raises $0.12 to $0.18
cberto09: folds 
Uncalled bet ($0.12) returned to gasasilva
gasasilva collected $0.12 from pot
*** SUMMARY ***
Total pot $0.12 | Rake $0 
Seat 1: cberto09 (small blind) folded before Flop
Seat 2: gasasilva (big blind) collected ($0.12)
Seat 3: Pejep folded before Flop (didn't bet)
Seat 4: X_Leaper_X folded before Flop (didn't bet)
Seat 5: Dorex2007 folded before Flop (didn't bet)
Seat 6: kammikkazi folded before Flop (didn't bet)
Seat 7: Gilberto2332 folded before Flop (didn't bet)
Seat 8: cpoker252 folded before Flop (didn't bet)
Seat 9: Kkk_kr (button) folded before Flop (didn't bet)



PokerStars Hand #237308404544:  Hold'em No Limit ($0.01/$0.02 USD) - 2022/07/11 21:02:34 PT [2022/07/12 0:02:34 ET]
Table 'Deimos IV' 9-max Seat #1 is the button
Seat 1: cberto09 ($4.40 in chips) 
Seat 2: gasasilva ($2.33 in chips) 
Seat 3: Pejep ($2.11 in chips) 
Seat 4: X_Leaper_X ($1.61 in chips) 
Seat 5: Dorex2007 ($2 in chips) 
Seat 6: kammikkazi ($6.57 in chips) 
Seat 7: Gilberto2332 ($1.04 in chips) 
Seat 8: cpoker252 ($3.85 in chips) 
Seat 9: Kkk_kr ($1.84 in chips) 
gasasilva: posts small blind $0.01
Pejep: posts big blind $0.02
*** HOLE CARDS ***
Dealt to Dorex2007 [7c Ah]
X_Leaper_X: folds 
Dorex2007: folds 
kammikkazi: folds 
Gilberto2332: raises $0.02 to $0.04
cpoker252: folds 
Kkk_kr: calls $0.04
cberto09: folds 
gasasilva: folds 
Pejep: folds 
*** FLOP *** [9c Kh Js]
Gilberto2332: bets $0.05
Kkk_kr: calls $0.05
*** TURN *** [9c Kh Js] [6d]
Gilberto2332: checks 
Kkk_kr: checks 
*** RIVER *** [9c Kh Js 6d] [Jc]
Gilberto2332: checks 
Kkk_kr: checks 
*** SHOW DOWN ***
Gilberto2332: shows [Ac Qd] (a pair of Jacks)
Kkk_kr: shows [As 9s] (two pair, Jacks and Nines)
Kkk_kr collected $0.20 from pot
*** SUMMARY ***
Total pot $0.21 | Rake $0.01 
Board [9c Kh Js 6d Jc]
Seat 1: cberto09 (button) folded before Flop (didn't bet)
Seat 2: gasasilva (small blind) folded before Flop
Seat 3: Pejep (big blind) folded before Flop
Seat 4: X_Leaper_X folded before Flop (didn't bet)
Seat 5: Dorex2007 folded before Flop (didn't bet)
Seat 6: kammikkazi folded before Flop (didn't bet)
Seat 7: Gilberto2332 showed [Ac Qd] and lost with a pair of Jacks
Seat 8: cpoker252 folded before Flop (didn't bet)
Seat 9: Kkk_kr showed [As 9s] and won ($0.20) with two pair, Jacks and Nines



PokerStars Hand #237308412358:  Hold'em No Limit ($0.01/$0.02 USD) - 2022/07/11 21:03:36 PT [2022/07/12 0:03:36 ET]
Table 'Deimos IV' 9-max Seat #2 is the button
Seat 1: cberto09 ($4.40 in chips) 
Seat 2: gasasilva ($2.32 in chips) 
Seat 3: Pejep ($2.09 in chips) 
Seat 4: X_Leaper_X ($1.61 in chips) 
Seat 5: Dorex2007 ($2 in chips) 
Seat 6: kammikkazi ($6.57 in chips) 
Seat 7: Gilberto2332 ($0.95 in chips) 
Seat 8: cpoker252 ($3.85 in chips) 
Seat 9: Kkk_kr ($1.95 in chips) 
Pejep: posts small blind $0.01
X_Leaper_X: posts big blind $0.02
*** HOLE CARDS ***
Dealt to Dorex2007 [Qd 9d]
Dorex2007: folds 
kammikkazi: raises $0.03 to $0.05
Gilberto2332: folds 
cpoker252: calls $0.05
Kkk_kr: folds 
cberto09: calls $0.05
gasasilva: calls $0.05
Pejep: folds 
X_Leaper_X: calls $0.03
*** FLOP *** [Kd Ah 6c]
X_Leaper_X: checks 
kammikkazi: checks 
cpoker252: checks 
cberto09: checks 
gasasilva: checks 
*** TURN *** [Kd Ah 6c] [2d]
X_Leaper_X: checks 
kammikkazi: checks 
cpoker252: checks 
cberto09: checks 
gasasilva: checks 
*** RIVER *** [Kd Ah 6c 2d] [5c]
X_Leaper_X: checks 
kammikkazi: checks 
cpoker252: bets $0.04
cberto09: folds 
gasasilva: raises $2.23 to $2.27 and is all-in
X_Leaper_X: folds 
kammikkazi: folds 
cpoker252: folds 
Uncalled bet ($2.23) returned to gasasilva
gasasilva collected $0.33 from pot
*** SUMMARY ***
Total pot $0.34 | Rake $0.01 
Board [Kd Ah 6c 2d 5c]
Seat 1: cberto09 folded on the River
Seat 2: gasasilva (button) collected ($0.33)
Seat 3: Pejep (small blind) folded before Flop
Seat 4: X_Leaper_X (big blind) folded on the River
Seat 5: Dorex2007 folded before Flop (didn't bet)
Seat 6: kammikkazi folded on the River
Seat 7: Gilberto2332 folded before Flop (didn't bet)
Seat 8: cpoker252 folded on the River
Seat 9: Kkk_kr folded before Flop (didn't bet)



PokerStars Hand #237308427296:  Hold'em No Limit ($0.01/$0.02 USD) - 2022/07/11 21:05:06 PT [2022/07/12 0:05:06 ET]
Table 'Deimos IV' 9-max Seat #3 is the button
Seat 1: cberto09 ($4.35 in chips) 
Seat 2: gasasilva ($2.56 in chips) 
Seat 3: Pejep ($2.08 in chips) 
Seat 4: X_Leaper_X ($1.56 in chips) 
Seat 5: Dorex2007 ($2 in chips) 
Seat 6: kammikkazi ($6.52 in chips) 
Seat 7: Gilberto2332 ($0.95 in chips) 
Seat 8: cpoker252 ($3.76 in chips) 
Seat 9: Kkk_kr ($1.95 in chips) 
X_Leaper_X: posts small blind $0.01
Dorex2007: posts big blind $0.02
*** HOLE CARDS ***
Dealt to Dorex2007 [Qd Qh]
kammikkazi: folds 
Gilberto2332: folds 
cpoker252: folds 
Kkk_kr: folds 
cberto09: raises $0.04 to $0.06
gasasilva: folds 
Pejep: folds 
X_Leaper_X: folds 
Dorex2007: calls $0.04
*** FLOP *** [3c 8d 8c]
Dorex2007: bets $0.13
cberto09: folds 
Uncalled bet ($0.13) returned to Dorex2007
Dorex2007 collected $0.13 from pot
*** SUMMARY ***
Total pot $0.13 | Rake $0 
Board [3c 8d 8c]
Seat 1: cberto09 folded on the Flop
Seat 2: gasasilva folded before Flop (didn't bet)
Seat 3: Pejep (button) folded before Flop (didn't bet)
Seat 4: X_Leaper_X (small blind) folded before Flop
Seat 5: Dorex2007 (big blind) collected ($0.13)
Seat 6: kammikkazi folded before Flop (didn't bet)
Seat 7: Gilberto2332 folded before Flop (didn't bet)
Seat 8: cpoker252 folded before Flop (didn't bet)
Seat 9: Kkk_kr folded before Flop (didn't bet)



PokerStars Hand #237308431931:  Hold'em No Limit ($0.01/$0.02 USD) - 2022/07/11 21:05:42 PT [2022/07/12 0:05:42 ET]
Table 'Deimos IV' 9-max Seat #4 is the button
Seat 1: cberto09 ($4.29 in chips) 
Seat 2: gasasilva ($2.56 in chips) 
Seat 3: Pejep ($2.08 in chips) 
Seat 4: X_Leaper_X ($1.55 in chips) 
Seat 5: Dorex2007 ($2.07 in chips) 
Seat 6: kammikkazi ($6.52 in chips) 
Seat 7: Gilberto2332 ($0.95 in chips) 
Seat 8: cpoker252 ($3.76 in chips) 
Seat 9: Kkk_kr ($1.95 in chips) 
Dorex2007: posts small blind $0.01
kammikkazi: posts big blind $0.02
*** HOLE CARDS ***
Dealt to Dorex2007 [6s Kh]
Gilberto2332: folds 
cpoker252: raises $0.04 to $0.06
Kkk_kr: folds 
cberto09: folds 
gasasilva: raises $0.10 to $0.16
Pejep: folds 
X_Leaper_X: folds 
Dorex2007: folds 
kammikkazi: folds 
cpoker252: folds 
Uncalled bet ($0.10) returned to gasasilva
gasasilva collected $0.15 from pot
*** SUMMARY ***
Total pot $0.15 | Rake $0 
Seat 1: cberto09 folded before Flop (didn't bet)
Seat 2: gasasilva collected ($0.15)
Seat 3: Pejep folded before Flop (didn't bet)
Seat 4: X_Leaper_X (button) folded before Flop (didn't bet)
Seat 5: Dorex2007 (small blind) folded before Flop
Seat 6: kammikkazi (big blind) folded before Flop
Seat 7: Gilberto2332 folded before Flop (didn't bet)
Seat 8: cpoker252 folded before Flop
Seat 9: Kkk_kr folded before Flop (didn't bet)



PokerStars Hand #237308436455:  Hold'em No Limit ($0.01/$0.02 USD) - 2022/07/11 21:06:18 PT [2022/07/12 0:06:18 ET]
Table 'Deimos IV' 9-max Seat #5 is the button
Seat 1: cberto09 ($4.29 in chips) 
Seat 2: gasasilva ($2.65 in chips) 
Seat 3: Pejep ($2.08 in chips) 
Seat 4: X_Leaper_X ($1.55 in chips) 
Seat 5: Dorex2007 ($2.06 in chips) 
Seat 6: kammikkazi ($6.50 in chips) 
Seat 7: Gilberto2332 ($0.95 in chips) 
Seat 8: cpoker252 ($3.70 in chips) 
Seat 9: Kkk_kr ($1.95 in chips) 
kammikkazi: posts small blind $0.01
Gilberto2332: posts big blind $0.02
*** HOLE CARDS ***
Dealt to Dorex2007 [4c 5c]
cpoker252: folds 
Kkk_kr: folds 
cberto09: folds 
gasasilva: calls $0.02
Pejep: folds 
X_Leaper_X: calls $0.02
Dorex2007: folds 
kammikkazi: folds 
Gilberto2332: checks 
*** FLOP *** [7s 3h 9d]
Gilberto2332: checks 
gasasilva: checks 
X_Leaper_X: checks 
*** TURN *** [7s 3h 9d] [Ac]
Gilberto2332: checks 
gasasilva: checks 
X_Leaper_X: checks 
*** RIVER *** [7s 3h 9d Ac] [Ks]
Gilberto2332: checks 
gasasilva: checks 
X_Leaper_X: checks 
*** SHOW DOWN ***
Gilberto2332: shows [2d Tc] (high card Ace)
gasasilva: shows [Kd 4d] (a pair of Kings)
X_Leaper_X: shows [As Ts] (a pair of Aces)
X_Leaper_X collected $0.07 from pot
*** SUMMARY ***
Total pot $0.07 | Rake $0 
Board [7s 3h 9d Ac Ks]
Seat 1: cberto09 folded before Flop (didn't bet)
Seat 2: gasasilva showed [Kd 4d] and lost with a pair of Kings
Seat 3: Pejep folded before Flop (didn't bet)
Seat 4: X_Leaper_X showed [As Ts] and won ($0.07) with a pair of Aces
Seat 5: Dorex2007 (button) folded before Flop (didn't bet)
Seat 6: kammikkazi (small blind) folded before Flop
Seat 7: Gilberto2332 (big blind) showed [2d Tc] and lost with high card Ace
Seat 8: cpoker252 folded before Flop (didn't bet)
Seat 9: Kkk_kr folded before Flop (didn't bet)



PokerStars Hand #237308444389:  Hold'em No Limit ($0.01/$0.02 USD) - 2022/07/11 21:07:08 PT [2022/07/12 0:07:08 ET]
Table 'Deimos IV' 9-max Seat #6 is the button
Seat 1: cberto09 ($4.29 in chips) 
Seat 2: gasasilva ($2.63 in chips) 
Seat 3: Pejep ($2.08 in chips) 
Seat 4: X_Leaper_X ($1.60 in chips) 
Seat 5: Dorex2007 ($2.06 in chips) 
Seat 6: kammikkazi ($6.49 in chips) 
Seat 7: Gilberto2332 ($0.93 in chips) 
Seat 8: cpoker252 ($3.70 in chips) 
Seat 9: Kkk_kr ($1.95 in chips) 
Gilberto2332: posts small blind $0.01
cpoker252: posts big blind $0.02
*** HOLE CARDS ***
Dealt to Dorex2007 [4d Td]
Kkk_kr: folds 
cberto09: folds 
gasasilva: calls $0.02
Pejep: folds 
X_Leaper_X: calls $0.02
Dorex2007: folds 
kammikkazi: raises $0.03 to $0.05
Gilberto2332: folds 
cpoker252: calls $0.03
gasasilva: calls $0.03
X_Leaper_X: calls $0.03
*** FLOP *** [2c Ac Ks]
cpoker252: checks 
gasasilva: bets $0.06
X_Leaper_X: calls $0.06
kammikkazi: calls $0.06
cpoker252: calls $0.06
*** TURN *** [2c Ac Ks] [9s]
cpoker252: checks 
gasasilva: checks 
X_Leaper_X: checks 
kammikkazi: bets $0.26
cpoker252: raises $0.40 to $0.66
gasasilva: folds 
X_Leaper_X: folds 
kammikkazi: calls $0.40
*** RIVER *** [2c Ac Ks 9s] [2d]
cpoker252: bets $0.85
kammikkazi: folds 
Uncalled bet ($0.85) returned to cpoker252
cpoker252 collected $1.71 from pot
*** SUMMARY ***
Total pot $1.77 | Rake $0.06 
Board [2c Ac Ks 9s 2d]
Seat 1: cberto09 folded before Flop (didn't bet)
Seat 2: gasasilva folded on the Turn
Seat 3: Pejep folded before Flop (didn't bet)
Seat 4: X_Leaper_X folded on the Turn
Seat 5: Dorex2007 folded before Flop (didn't bet)
Seat 6: kammikkazi (button) folded on the River
Seat 7: Gilberto2332 (small blind) folded before Flop
Seat 8: cpoker252 (big blind) collected ($1.71)
Seat 9: Kkk_kr folded before Flop (didn't bet)



PokerStars Hand #237308458445:  Hold'em No Limit ($0.01/$0.02 USD) - 2022/07/11 21:08:59 PT [2022/07/12 0:08:59 ET]
Table 'Deimos IV' 9-max Seat #8 is the button
Seat 1: cberto09 ($4.29 in chips) 
Seat 2: gasasilva ($2.52 in chips) 
Seat 3: Pejep ($2.08 in chips) 
Seat 4: X_Leaper_X ($1.49 in chips) 
Seat 5: Dorex2007 ($2.06 in chips) 
Seat 6: kammikkazi ($5.72 in chips) 
Seat 8: cpoker252 ($4.64 in chips) 
Seat 9: Kkk_kr ($1.95 in chips) 
Kkk_kr: posts small blind $0.01
cberto09: posts big blind $0.02
*** HOLE CARDS ***
Dealt to Dorex2007 [8c 3s]
gasasilva: folds 
Pejep: folds 
X_Leaper_X: calls $0.02
Dorex2007: folds 
kammikkazi: folds 
cpoker252: calls $0.02
Kkk_kr: calls $0.01
cberto09: checks 
*** FLOP *** [7c 5h 4h]
Kkk_kr: bets $0.04
cberto09: calls $0.04
X_Leaper_X: folds 
cpoker252: calls $0.04
*** TURN *** [7c 5h 4h] [9d]
Kkk_kr: bets $0.09
cberto09: calls $0.09
cpoker252: folds 
*** RIVER *** [7c 5h 4h 9d] [9c]
Kkk_kr: checks 
cberto09: bets $0.19
Kkk_kr: calls $0.19
*** SHOW DOWN ***
cberto09: shows [Qh 2h] (a pair of Nines)
Kkk_kr: shows [6d 4c] (two pair, Nines and Fours)
Kkk_kr collected $0.73 from pot
*** SUMMARY ***
Total pot $0.76 | Rake $0.03 
Board [7c 5h 4h 9d 9c]
Seat 1: cberto09 (big blind) showed [Qh 2h] and lost with a pair of Nines
Seat 2: gasasilva folded before Flop (didn't bet)
Seat 3: Pejep folded before Flop (didn't bet)
Seat 4: X_Leaper_X folded on the Flop
Seat 5: Dorex2007 folded before Flop (didn't bet)
Seat 6: kammikkazi folded before Flop (didn't bet)
Seat 8: cpoker252 (button) folded on the Turn
Seat 9: Kkk_kr (small blind) showed [6d 4c] and won ($0.73) with two pair, Nines and Fours



PokerStars Hand #237308470187:  Hold'em No Limit ($0.01/$0.02 USD) - 2022/07/11 21:10:33 PT [2022/07/12 0:10:33 ET]
Table 'Deimos IV' 9-max Seat #9 is the button
Seat 1: cberto09 ($3.95 in chips) 
Seat 2: gasasilva ($2.52 in chips) 
Seat 3: Pejep ($2.08 in chips) 
Seat 4: X_Leaper_X ($1.47 in chips) 
Seat 5: Dorex2007 ($2.06 in chips) 
Seat 6: kammikkazi ($5.72 in chips) 
Seat 8: cpoker252 ($4.58 in chips) 
Seat 9: Kkk_kr ($2.34 in chips) 
cberto09: posts small blind $0.01
gasasilva: posts big blind $0.02
*** HOLE CARDS ***
Dealt to Dorex2007 [5h 3c]
Pejep: folds 
X_Leaper_X: folds 
Dorex2007: folds 
kammikkazi: raises $0.03 to $0.05
cpoker252: calls $0.05
Kkk_kr: calls $0.05
cberto09: folds 
gasasilva: calls $0.03
*** FLOP *** [7c 2s 9d]
gasasilva: checks 
kammikkazi: checks 
cpoker252: checks 
Kkk_kr: bets $0.10
gasasilva: folds 
kammikkazi: calls $0.10
cpoker252: folds 
*** TURN *** [7c 2s 9d] [6s]
kammikkazi: checks 
Kkk_kr: bets $0.40
kammikkazi: folds 
Uncalled bet ($0.40) returned to Kkk_kr
Kkk_kr collected $0.40 from pot
*** SUMMARY ***
Total pot $0.41 | Rake $0.01 
Board [7c 2s 9d 6s]
Seat 1: cberto09 (small blind) folded before Flop
Seat 2: gasasilva (big blind) folded on the Flop
Seat 3: Pejep folded before Flop (didn't bet)
Seat 4: X_Leaper_X folded before Flop (didn't bet)
Seat 5: Dorex2007 folded before Flop (didn't bet)
Seat 6: kammikkazi folded on the Turn
Seat 8: cpoker252 folded on the Flop
Seat 9: Kkk_kr (button) collected ($0.40)



PokerStars Hand #237308478970:  Hold'em No Limit ($0.01/$0.02 USD) - 2022/07/11 21:11:45 PT [2022/07/12 0:11:45 ET]
Table 'Deimos IV' 9-max Seat #1 is the button
Seat 1: cberto09 ($3.94 in chips) 
Seat 2: gasasilva ($2.47 in chips) 
Seat 3: Pejep ($2.08 in chips) 
Seat 4: X_Leaper_X ($1.47 in chips) 
Seat 5: Dorex2007 ($2.06 in chips) 
Seat 6: kammikkazi ($5.57 in chips) 
Seat 7: Gilberto2332 ($0.92 in chips) 
Seat 8: cpoker252 ($4.53 in chips) 
Seat 9: Kkk_kr ($2.59 in chips) 
gasasilva: posts small blind $0.01
Pejep: posts big blind $0.02
*** HOLE CARDS ***
Dealt to Dorex2007 [Ac 2s]
X_Leaper_X: folds 
Dorex2007: folds 
kammikkazi: folds 
Gilberto2332: calls $0.02
cpoker252: folds 
Kkk_kr: folds 
cberto09: folds 
gasasilva: folds 
Pejep: checks 
*** FLOP *** [2h 4s 4d]
Pejep: checks 
Gilberto2332: checks 
*** TURN *** [2h 4s 4d] [7s]
Pejep: checks 
Gilberto2332: checks 
*** RIVER *** [2h 4s 4d 7s] [2d]
Pejep: checks 
Gilberto2332: checks 
*** SHOW DOWN ***
Pejep: shows [Th Kc] (two pair, Fours and Deuces)
Gilberto2332: mucks hand 
Pejep collected $0.05 from pot
*** SUMMARY ***
Total pot $0.05 | Rake $0 
Board [2h 4s 4d 7s 2d]
Seat 1: cberto09 (button) folded before Flop (didn't bet)
Seat 2: gasasilva (small blind) folded before Flop
Seat 3: Pejep (big blind) showed [Th Kc] and won ($0.05) with two pair, Fours and Deuces
Seat 4: X_Leaper_X folded before Flop (didn't bet)
Seat 5: Dorex2007 folded before Flop (didn't bet)
Seat 6: kammikkazi folded before Flop (didn't bet)
Seat 7: Gilberto2332 mucked [8c Tc]
Seat 8: cpoker252 folded before Flop (didn't bet)
Seat 9: Kkk_kr folded before Flop (didn't bet)



PokerStars Hand #237308491558:  Hold'em No Limit ($0.01/$0.02 USD) - 2022/07/11 21:12:26 PT [2022/07/12 0:12:26 ET]
Table 'Deimos IV' 9-max Seat #2 is the button
Seat 1: cberto09 ($3.94 in chips) 
Seat 2: gasasilva ($2.46 in chips) 
Seat 3: Pejep ($2.11 in chips) 
Seat 4: X_Leaper_X ($1.47 in chips) 
Seat 5: Dorex2007 ($2.06 in chips) 
Seat 6: kammikkazi ($5.57 in chips) 
Seat 7: Gilberto2332 ($0.90 in chips) 
Seat 8: cpoker252 ($4.53 in chips) 
Seat 9: Kkk_kr ($2.59 in chips) 
Pejep: posts small blind $0.01
X_Leaper_X: posts big blind $0.02
*** HOLE CARDS ***
Dealt to Dorex2007 [3h 2c]
Dorex2007: folds 
kammikkazi: raises $0.03 to $0.05
Gilberto2332: folds 
cpoker252: folds 
Kkk_kr: folds 
cberto09: folds 
gasasilva: calls $0.05
Pejep: folds 
X_Leaper_X: calls $0.03
*** FLOP *** [Qh Ah 9s]
X_Leaper_X: checks 
kammikkazi: bets $0.09
gasasilva: folds 
gasasilva leaves the table
X_Leaper_X: calls $0.09
*** TURN *** [Qh Ah 9s] [8h]
X_Leaper_X: checks 
kammikkazi: checks 
*** RIVER *** [Qh Ah 9s 8h] [Ac]
X_Leaper_X: bets $0.08
kammikkazi: folds 
Uncalled bet ($0.08) returned to X_Leaper_X
X_Leaper_X collected $0.33 from pot
*** SUMMARY ***
Total pot $0.34 | Rake $0.01 
Board [Qh Ah 9s 8h Ac]
Seat 1: cberto09 folded before Flop (didn't bet)
Seat 2: gasasilva (button) folded on the Flop
Seat 3: Pejep (small blind) folded before Flop
Seat 4: X_Leaper_X (big blind) collected ($0.33)
Seat 5: Dorex2007 folded before Flop (didn't bet)
Seat 6: kammikkazi folded on the River
Seat 7: Gilberto2332 folded before Flop (didn't bet)
Seat 8: cpoker252 folded before Flop (didn't bet)
Seat 9: Kkk_kr folded before Flop (didn't bet)



PokerStars Hand #237308504001:  Hold'em No Limit ($0.01/$0.02 USD) - 2022/07/11 21:13:28 PT [2022/07/12 0:13:28 ET]
Table 'Deimos IV' 9-max Seat #3 is the button
Seat 1: cberto09 ($3.94 in chips) 
Seat 3: Pejep ($2.10 in chips) 
Seat 4: X_Leaper_X ($1.66 in chips) 
Seat 5: Dorex2007 ($2.06 in chips) 
Seat 6: kammikkazi ($5.43 in chips) 
Seat 7: Gilberto2332 ($0.90 in chips) 
Seat 8: cpoker252 ($4.53 in chips) 
Seat 9: Kkk_kr ($2.59 in chips) 
X_Leaper_X: posts small blind $0.01
Dorex2007: posts big blind $0.02
*** HOLE CARDS ***
Dealt to Dorex2007 [5s 8d]
kammikkazi: raises $0.03 to $0.05
Gilberto2332: folds 
cpoker252: calls $0.05
Kkk_kr: folds 
cberto09: calls $0.05
Pejep: calls $0.05
X_Leaper_X: folds 
Dorex2007: folds 
*** FLOP *** [5c 2h 2d]
X_Leaper_X leaves the table
kammikkazi: bets $0.13
cpoker252: folds 
cberto09: calls $0.13
Pejep: folds 
*** TURN *** [5c 2h 2d] [Ah]
kammikkazi: checks 
cberto09: bets $0.16
kammikkazi: folds 
Uncalled bet ($0.16) returned to cberto09
cberto09 collected $0.47 from pot
*** SUMMARY ***
Total pot $0.49 | Rake $0.02 
Board [5c 2h 2d Ah]
Seat 1: cberto09 collected ($0.47)
Seat 3: Pejep (button) folded on the Flop
Seat 4: X_Leaper_X (small blind) folded before Flop
Seat 5: Dorex2007 (big blind) folded before Flop
Seat 6: kammikkazi folded on the Turn
Seat 7: Gilberto2332 folded before Flop (didn't bet)
Seat 8: cpoker252 folded on the Flop
Seat 9: Kkk_kr folded before Flop (didn't bet)



PokerStars Hand #237308515863:  Hold'em No Limit ($0.01/$0.02 USD) - 2022/07/11 21:15:03 PT [2022/07/12 0:15:03 ET]
Table 'Deimos IV' 9-max Seat #5 is the button
Seat 1: cberto09 ($4.23 in chips) 
Seat 3: Pejep ($2.05 in chips) 
Seat 5: Dorex2007 ($2.04 in chips) 
Seat 6: kammikkazi ($5.25 in chips) 
Seat 7: Gilberto2332 ($0.90 in chips) 
Seat 8: cpoker252 ($4.48 in chips) 
Seat 9: Kkk_kr ($2.59 in chips) 
kammikkazi: posts small blind $0.01
Gilberto2332: posts big blind $0.02
*** HOLE CARDS ***
Dealt to Dorex2007 [3d 5d]
cpoker252: folds 
Kkk_kr: folds 
cberto09: folds 
Pejep: folds 
Dorex2007: folds 
kammikkazi: folds 
Uncalled bet ($0.01) returned to Gilberto2332
Gilberto2332 collected $0.02 from pot
*** SUMMARY ***
Total pot $0.02 | Rake $0 
Seat 1: cberto09 folded before Flop (didn't bet)
Seat 3: Pejep folded before Flop (didn't bet)
Seat 5: Dorex2007 (button) folded before Flop (didn't bet)
Seat 6: kammikkazi (small blind) folded before Flop
Seat 7: Gilberto2332 (big blind) collected ($0.02)
Seat 8: cpoker252 folded before Flop (didn't bet)
Seat 9: Kkk_kr folded before Flop (didn't bet)



PokerStars Hand #237308517741:  Hold'em No Limit ($0.01/$0.02 USD) - 2022/07/11 21:15:19 PT [2022/07/12 0:15:19 ET]
Table 'Deimos IV' 9-max Seat #6 is the button
Seat 1: cberto09 ($4.23 in chips) 
Seat 3: Pejep ($2.05 in chips) 
Seat 5: Dorex2007 ($2.04 in chips) 
Seat 6: kammikkazi ($5.24 in chips) 
Seat 7: Gilberto2332 ($0.91 in chips) 
Seat 8: cpoker252 ($4.48 in chips) 
Seat 9: Kkk_kr ($2.59 in chips) 
Gilberto2332: posts small blind $0.01
cpoker252: posts big blind $0.02
*** HOLE CARDS ***
Dealt to Dorex2007 [Jh As]
Kkk_kr has timed out
Kkk_kr: folds 
cberto09: raises $0.04 to $0.06
Pejep: folds 
Dorex2007: calls $0.06
WeeedMNReap joins the table at seat #2 
kammikkazi: calls $0.06
Gilberto2332: folds 
cpoker252: folds 
*** FLOP *** [7c Qd 4h]
cberto09: bets $0.07
Dorex2007: folds 
kammikkazi: calls $0.07
*** TURN *** [7c Qd 4h] [8h]
cberto09: checks 
kammikkazi: bets $0.20
cberto09: folds 
Uncalled bet ($0.20) returned to kammikkazi
kammikkazi collected $0.34 from pot
*** SUMMARY ***
Total pot $0.35 | Rake $0.01 
Board [7c Qd 4h 8h]
Seat 1: cberto09 folded on the Turn
Seat 3: Pejep folded before Flop (didn't bet)
Seat 5: Dorex2007 folded on the Flop
Seat 6: kammikkazi (button) collected ($0.34)
Seat 7: Gilberto2332 (small blind) folded before Flop
Seat 8: cpoker252 (big blind) folded before Flop
Seat 9: Kkk_kr folded before Flop (didn't bet)



PokerStars Hand #237308524546:  Hold'em No Limit ($0.01/$0.02 USD) - 2022/07/11 21:16:15 PT [2022/07/12 0:16:15 ET]
Table 'Deimos IV' 9-max Seat #7 is the button
Seat 1: cberto09 ($4.10 in chips) 
Seat 2: WeeedMNReap ($0.80 in chips) 
Seat 3: Pejep ($2.05 in chips) 
Seat 5: Dorex2007 ($2 in chips) 
Seat 6: kammikkazi ($5.45 in chips) 
Seat 7: Gilberto2332 ($0.90 in chips) 
Seat 8: cpoker252 ($4.46 in chips) 
Seat 9: Kkk_kr ($2.59 in chips) 
cpoker252: posts small blind $0.01
Kkk_kr: posts big blind $0.02
WeeedMNReap: posts big blind $0.02
*** HOLE CARDS ***
Dealt to Dorex2007 [4h Ac]
cberto09: folds 
WeeedMNReap: checks 
Pejep: raises $0.06 to $0.08
Dorex2007: folds 
kammikkazi: folds 
Gilberto2332: calls $0.08
cpoker252: calls $0.07
Kkk_kr: folds 
WeeedMNReap: calls $0.06
*** FLOP *** [Ks 9d 3d]
cpoker252: checks 
WeeedMNReap: checks 
Pejep: checks 
Gilberto2332: checks 
*** TURN *** [Ks 9d 3d] [3h]
cpoker252: checks 
WeeedMNReap: checks 
Pejep: checks 
Gilberto2332: checks 
*** RIVER *** [Ks 9d 3d 3h] [9s]
cpoker252: checks 
WeeedMNReap: checks 
Pejep: checks 
Gilberto2332: checks 
*** SHOW DOWN ***
cpoker252: shows [7c 7d] (two pair, Nines and Sevens)
WeeedMNReap: mucks hand 
Pejep: shows [Qh Qd] (two pair, Queens and Nines)
Gilberto2332: mucks hand 
Pejep collected $0.33 from pot
*** SUMMARY ***
Total pot $0.34 | Rake $0.01 
Board [Ks 9d 3d 3h 9s]
Seat 1: cberto09 folded before Flop (didn't bet)
Seat 2: WeeedMNReap mucked [Jd Ts]
Seat 3: Pejep showed [Qh Qd] and won ($0.33) with two pair, Queens and Nines
Seat 5: Dorex2007 folded before Flop (didn't bet)
Seat 6: kammikkazi folded before Flop (didn't bet)
Seat 7: Gilberto2332 (button) mucked [Jh Th]
Seat 8: cpoker252 (small blind) showed [7c 7d] and lost with two pair, Nines and Sevens
Seat 9: Kkk_kr (big blind) folded before Flop



PokerStars Hand #237308531149:  Hold'em No Limit ($0.01/$0.02 USD) - 2022/07/11 21:17:09 PT [2022/07/12 0:17:09 ET]
Table 'Deimos IV' 9-max Seat #8 is the button
Seat 1: cberto09 ($4.10 in chips) 
Seat 2: WeeedMNReap ($0.72 in chips) 
Seat 3: Pejep ($2.30 in chips) 
Seat 5: Dorex2007 ($2 in chips) 
Seat 6: kammikkazi ($5.45 in chips) 
Seat 7: Gilberto2332 ($0.82 in chips) 
Seat 8: cpoker252 ($4.38 in chips) 
Seat 9: Kkk_kr ($2.57 in chips) 
Kkk_kr: posts small blind $0.01
cberto09: posts big blind $0.02
*** HOLE CARDS ***
Dealt to Dorex2007 [As 9h]
WeeedMNReap: folds 
Pejep: folds 
Dorex2007: folds 
kammikkazi: folds 
Gilberto2332: folds 
carladimar joins the table at seat #4 
cpoker252: folds 
Kkk_kr: calls $0.01
cberto09: raises $0.08 to $0.10
Kkk_kr: calls $0.08
*** FLOP *** [4h Ad Kd]
Kkk_kr: checks 
cberto09: bets $0.06
Kkk_kr: calls $0.06
*** TURN *** [4h Ad Kd] [7c]
Kkk_kr: checks 
cberto09: bets $0.10
Kkk_kr: calls $0.10
*** RIVER *** [4h Ad Kd 7c] [Td]
Kkk_kr: checks 
cberto09: bets $0.40
Kkk_kr: folds 
Uncalled bet ($0.40) returned to cberto09
cberto09 collected $0.50 from pot
*** SUMMARY ***
Total pot $0.52 | Rake $0.02 
Board [4h Ad Kd 7c Td]
Seat 1: cberto09 (big blind) collected ($0.50)
Seat 2: WeeedMNReap folded before Flop (didn't bet)
Seat 3: Pejep folded before Flop (didn't bet)
Seat 5: Dorex2007 folded before Flop (didn't bet)
Seat 6: kammikkazi folded before Flop (didn't bet)
Seat 7: Gilberto2332 folded before Flop (didn't bet)
Seat 8: cpoker252 (button) folded before Flop (didn't bet)
Seat 9: Kkk_kr (small blind) folded on the River



PokerStars Hand #237308538209:  Hold'em No Limit ($0.01/$0.02 USD) - 2022/07/11 21:18:07 PT [2022/07/12 0:18:07 ET]
Table 'Deimos IV' 9-max Seat #9 is the button
Seat 1: cberto09 ($4.34 in chips) 
Seat 2: WeeedMNReap ($0.72 in chips) 
Seat 3: Pejep ($2.30 in chips) 
Seat 5: Dorex2007 ($2 in chips) 
Seat 6: kammikkazi ($5.45 in chips) 
Seat 7: Gilberto2332 ($0.82 in chips) 
Seat 8: cpoker252 ($4.38 in chips) 
Seat 9: Kkk_kr ($2.31 in chips) 
cberto09: posts small blind $0.01
WeeedMNReap: posts big blind $0.02
carladimar: sits out 
*** HOLE CARDS ***
Dealt to Dorex2007 [5s Ac]
Pejep: folds 
Dorex2007: folds 
kammikkazi: folds 
Gilberto2332: folds 
cpoker252: raises $0.04 to $0.06
Kkk_kr: calls $0.06
cberto09: calls $0.05
WeeedMNReap: calls $0.04
*** FLOP *** [6c 9h Ad]
cberto09: checks 
WeeedMNReap: checks 
cpoker252: bets $0.11
Kkk_kr: raises $0.19 to $0.30
cberto09: folds 
WeeedMNReap: folds 
cpoker252: calls $0.19
*** TURN *** [6c 9h Ad] [Qc]
cpoker252: checks 
Kkk_kr: bets $0.81
cpoker252: folds 
Uncalled bet ($0.81) returned to Kkk_kr
Kkk_kr collected $0.81 from pot
*** SUMMARY ***
Total pot $0.84 | Rake $0.03 
Board [6c 9h Ad Qc]
Seat 1: cberto09 (small blind) folded on the Flop
Seat 2: WeeedMNReap (big blind) folded on the Flop
Seat 3: Pejep folded before Flop (didn't bet)
Seat 5: Dorex2007 folded before Flop (didn't bet)
Seat 6: kammikkazi folded before Flop (didn't bet)
Seat 7: Gilberto2332 folded before Flop (didn't bet)
Seat 8: cpoker252 folded on the Turn
Seat 9: Kkk_kr (button) collected ($0.81)



PokerStars Hand #237308546264:  Hold'em No Limit ($0.01/$0.02 USD) - 2022/07/11 21:19:13 PT [2022/07/12 0:19:13 ET]
Table 'Deimos IV' 9-max Seat #1 is the button
Seat 1: cberto09 ($4.28 in chips) 
Seat 2: WeeedMNReap ($0.66 in chips) 
Seat 3: Pejep ($2.30 in chips) 
Seat 5: Dorex2007 ($2 in chips) 
Seat 6: kammikkazi ($5.45 in chips) 
Seat 7: Gilberto2332 ($0.82 in chips) 
Seat 8: cpoker252 ($4.02 in chips) 
Seat 9: Kkk_kr ($2.76 in chips) 
WeeedMNReap: posts small blind $0.01
Pejep: posts big blind $0.02
carladimar: sits out 
*** HOLE CARDS ***
Dealt to Dorex2007 [6h 7c]
Dorex2007: folds 
kammikkazi: folds 
Gilberto2332: folds 
cpoker252: folds 
Kkk_kr: folds 
cberto09: raises $0.04 to $0.06
WeeedMNReap: folds 
Pejep: folds 
Uncalled bet ($0.04) returned to cberto09
cberto09 collected $0.05 from pot
*** SUMMARY ***
Total pot $0.05 | Rake $0 
Seat 1: cberto09 (button) collected ($0.05)
Seat 2: WeeedMNReap (small blind) folded before Flop
Seat 3: Pejep (big blind) folded before Flop
Seat 5: Dorex2007 folded before Flop (didn't bet)
Seat 6: kammikkazi folded before Flop (didn't bet)
Seat 7: Gilberto2332 folded before Flop (didn't bet)
Seat 8: cpoker252 folded before Flop (didn't bet)
Seat 9: Kkk_kr folded before Flop (didn't bet)



PokerStars Hand #237308551102:  Hold'em No Limit ($0.01/$0.02 USD) - 2022/07/11 21:19:53 PT [2022/07/12 0:19:53 ET]
Table 'Deimos IV' 9-max Seat #2 is the button
Seat 1: cberto09 ($4.31 in chips) 
Seat 2: WeeedMNReap ($0.65 in chips) 
Seat 3: Pejep ($2.28 in chips) 
Seat 4: carladimar ($2 in chips) 
Seat 5: Dorex2007 ($2 in chips) 
Seat 6: kammikkazi ($5.45 in chips) 
Seat 7: Gilberto2332 ($0.82 in chips) 
Seat 8: cpoker252 ($4.02 in chips) 
Seat 9: Kkk_kr ($2.76 in chips) 
Pejep: posts small blind $0.01
carladimar: posts big blind $0.02
*** HOLE CARDS ***
Dealt to Dorex2007 [Kh 3d]
Dorex2007: folds 
kammikkazi: folds 
Gilberto2332: folds 
cpoker252: folds 
Kkk_kr: calls $0.02
cberto09: folds 
WeeedMNReap: raises $0.04 to $0.06
Pejep: raises $0.24 to $0.30
carladimar: folds 
Kkk_kr: folds 
WeeedMNReap: calls $0.24
*** FLOP *** [7s 3c Kd]
Pejep: bets $0.43
WeeedMNReap: folds 
Uncalled bet ($0.43) returned to Pejep
Pejep collected $0.62 from pot
*** SUMMARY ***
Total pot $0.64 | Rake $0.02 
Board [7s 3c Kd]
Seat 1: cberto09 folded before Flop (didn't bet)
Seat 2: WeeedMNReap (button) folded on the Flop
Seat 3: Pejep (small blind) collected ($0.62)
Seat 4: carladimar (big blind) folded before Flop
Seat 5: Dorex2007 folded before Flop (didn't bet)
Seat 6: kammikkazi folded before Flop (didn't bet)
Seat 7: Gilberto2332 folded before Flop (didn't bet)
Seat 8: cpoker252 folded before Flop (didn't bet)
Seat 9: Kkk_kr folded before Flop



PokerStars Hand #237308557970:  Hold'em No Limit ($0.01/$0.02 USD) - 2022/07/11 21:20:49 PT [2022/07/12 0:20:49 ET]
Table 'Deimos IV' 9-max Seat #3 is the button
Seat 1: cberto09 ($4.31 in chips) 
Seat 2: WeeedMNReap ($0.35 in chips) 
Seat 3: Pejep ($2.60 in chips) 
Seat 4: carladimar ($1.98 in chips) 
Seat 5: Dorex2007 ($2 in chips) 
Seat 6: kammikkazi ($5.45 in chips) 
Seat 7: Gilberto2332 ($0.82 in chips) 
Seat 9: Kkk_kr ($2.74 in chips) 
carladimar: posts small blind $0.01
Dorex2007: posts big blind $0.02
*** HOLE CARDS ***
Dealt to Dorex2007 [5c 5h]
kammikkazi: folds 
Gilberto2332: folds 
Kkk_kr: folds 
cberto09: folds 
WeeedMNReap: raises $0.04 to $0.06
Pejep: folds 
carladimar: calls $0.05
Dorex2007: calls $0.04
*** FLOP *** [7s 4c 9c]
carladimar: checks 
Dorex2007: checks 
WeeedMNReap: bets $0.08
carladimar: folds 
Dorex2007: folds 
Uncalled bet ($0.08) returned to WeeedMNReap
WeeedMNReap collected $0.17 from pot
*** SUMMARY ***
Total pot $0.18 | Rake $0.01 
Board [7s 4c 9c]
Seat 1: cberto09 folded before Flop (didn't bet)
Seat 2: WeeedMNReap collected ($0.17)
Seat 3: Pejep (button) folded before Flop (didn't bet)
Seat 4: carladimar (small blind) folded on the Flop
Seat 5: Dorex2007 (big blind) folded on the Flop
Seat 6: kammikkazi folded before Flop (didn't bet)
Seat 7: Gilberto2332 folded before Flop (didn't bet)
Seat 9: Kkk_kr folded before Flop (didn't bet)



PokerStars Hand #237308562719:  Hold'em No Limit ($0.01/$0.02 USD) - 2022/07/11 21:21:29 PT [2022/07/12 0:21:29 ET]
Table 'Deimos IV' 9-max Seat #4 is the button
Seat 1: cberto09 ($4.31 in chips) 
Seat 2: WeeedMNReap ($0.46 in chips) 
Seat 3: Pejep ($2.60 in chips) 
Seat 4: carladimar ($1.92 in chips) 
Seat 5: Dorex2007 ($2 in chips) 
Seat 6: kammikkazi ($5.45 in chips) 
Seat 7: Gilberto2332 ($0.82 in chips) 
Seat 9: Kkk_kr ($2.74 in chips) 
Dorex2007: posts small blind $0.01
kammikkazi: posts big blind $0.02
*** HOLE CARDS ***
Dealt to Dorex2007 [Qh Tc]
Gilberto2332: raises $0.02 to $0.04
Kkk_kr: folds 
cberto09: folds 
WeeedMNReap: calls $0.04
Pejep: folds 
carladimar: folds 
Dorex2007: calls $0.03
kammikkazi: calls $0.02
*** FLOP *** [4c Ah 3s]
Dorex2007: checks 
kammikkazi: checks 
Gilberto2332: bets $0.15
WeeedMNReap: folds 
Dorex2007: folds 
kammikkazi: calls $0.15
*** TURN *** [4c Ah 3s] [6d]
kammikkazi: checks 
Gilberto2332: bets $0.22
kammikkazi: calls $0.22
*** RIVER *** [4c Ah 3s 6d] [6s]
kammikkazi: bets $0.52
Gilberto2332: calls $0.41 and is all-in
Uncalled bet ($0.11) returned to kammikkazi
*** SHOW DOWN ***
kammikkazi: shows [6c 5h] (three of a kind, Sixes)
Gilberto2332: shows [Qd Qc] (two pair, Queens and Sixes)
kammikkazi collected $1.66 from pot
*** SUMMARY ***
Total pot $1.72 | Rake $0.06 
Board [4c Ah 3s 6d 6s]
Seat 1: cberto09 folded before Flop (didn't bet)
Seat 2: WeeedMNReap folded on the Flop
Seat 3: Pejep folded before Flop (didn't bet)
Seat 4: carladimar (button) folded before Flop (didn't bet)
Seat 5: Dorex2007 (small blind) folded on the Flop
Seat 6: kammikkazi (big blind) showed [6c 5h] and won ($1.66) with three of a kind, Sixes
Seat 7: Gilberto2332 showed [Qd Qc] and lost with two pair, Queens and Sixes
Seat 9: Kkk_kr folded before Flop (didn't bet)



PokerStars Hand #237308572620:  Hold'em No Limit ($0.01/$0.02 USD) - 2022/07/11 21:22:50 PT [2022/07/12 0:22:50 ET]
Table 'Deimos IV' 9-max Seat #5 is the button
Seat 1: cberto09 ($4.31 in chips) 
Seat 2: WeeedMNReap ($0.42 in chips) 
Seat 3: Pejep ($2.60 in chips) 
Seat 4: carladimar ($1.92 in chips) 
Seat 5: Dorex2007 ($2 in chips) 
Seat 6: kammikkazi ($6.29 in chips) 
Seat 9: Kkk_kr ($2.74 in chips) 
kammikkazi: posts small blind $0.01
Kkk_kr: posts big blind $0.02
*** HOLE CARDS ***
Dealt to Dorex2007 [5h 9h]
cberto09: folds 
WeeedMNReap: folds 
Pejep: raises $0.04 to $0.06
carladimar: calls $0.06
Dorex2007: folds 
kammikkazi: calls $0.05
Kkk_kr: calls $0.04
*** FLOP *** [5c Ts 4h]
kammikkazi: checks 
Kkk_kr: checks 
Pejep: bets $0.16
carladimar: raises $0.28 to $0.44
kammikkazi: folds 
Kkk_kr: folds 
Pejep: calls $0.28
*** TURN *** [5c Ts 4h] [6h]
Pejep: checks 
carladimar: checks 
*** RIVER *** [5c Ts 4h 6h] [Ad]
Pejep: checks 
carladimar: bets $1.08
Pejep: calls $1.08
*** SHOW DOWN ***
carladimar: shows [Td As] (two pair, Aces and Tens)
Pejep: mucks hand 
carladimar collected $3.17 from pot
*** SUMMARY ***
Total pot $3.28 | Rake $0.11 
Board [5c Ts 4h 6h Ad]
Seat 1: cberto09 folded before Flop (didn't bet)
Seat 2: WeeedMNReap folded before Flop (didn't bet)
Seat 3: Pejep mucked [Jh Th]
Seat 4: carladimar showed [Td As] and won ($3.17) with two pair, Aces and Tens
Seat 5: Dorex2007 (button) folded before Flop (didn't bet)
Seat 6: kammikkazi (small blind) folded on the Flop
Seat 9: Kkk_kr (big blind) folded on the Flop



PokerStars Hand #237308580931:  Hold'em No Limit ($0.01/$0.02 USD) - 2022/07/11 21:24:00 PT [2022/07/12 0:24:00 ET]
Table 'Deimos IV' 9-max Seat #6 is the button
Seat 1: cberto09 ($4.31 in chips) 
Seat 2: WeeedMNReap ($0.42 in chips) 
Seat 3: Pejep ($2 in chips) 
Seat 4: carladimar ($3.51 in chips) 
Seat 5: Dorex2007 ($2 in chips) 
Seat 6: kammikkazi ($6.23 in chips) 
Seat 9: Kkk_kr ($2.68 in chips) 
Kkk_kr: posts small blind $0.01
cberto09: posts big blind $0.02
*** HOLE CARDS ***
Dealt to Dorex2007 [2c 4c]
WeeedMNReap: folds 
Pejep: folds 
carladimar: calls $0.02
Dorex2007: folds 
kammikkazi: folds 
Kkk_kr: calls $0.01
cberto09: checks 
*** FLOP *** [9c 7s 7h]
Kkk_kr: bets $0.03
Pejep leaves the table
cberto09: folds 
carladimar: folds 
Uncalled bet ($0.03) returned to Kkk_kr
Kkk_kr collected $0.06 from pot
*** SUMMARY ***
Total pot $0.06 | Rake $0 
Board [9c 7s 7h]
Seat 1: cberto09 (big blind) folded on the Flop
Seat 2: WeeedMNReap folded before Flop (didn't bet)
Seat 3: Pejep folded before Flop (didn't bet)
Seat 4: carladimar folded on the Flop
Seat 5: Dorex2007 folded before Flop (didn't bet)
Seat 6: kammikkazi (button) folded before Flop (didn't bet)
Seat 9: Kkk_kr (small blind) collected ($0.06)



PokerStars Hand #237308584772:  Hold'em No Limit ($0.01/$0.02 USD) - 2022/07/11 21:24:31 PT [2022/07/12 0:24:31 ET]
Table 'Deimos IV' 9-max Seat #9 is the button
Seat 1: cberto09 ($4.29 in chips) 
Seat 2: WeeedMNReap ($0.42 in chips) 
Seat 4: carladimar ($3.49 in chips) 
Seat 5: Dorex2007 ($2 in chips) 
Seat 6: kammikkazi ($6.23 in chips) 
Seat 7: Gilberto2332 ($1.71 in chips) 
Seat 8: cpoker252 ($4.02 in chips) 
Seat 9: Kkk_kr ($2.72 in chips) 
cberto09: posts small blind $0.01
WeeedMNReap: posts big blind $0.02
Gilberto2332: posts small & big blinds $0.03
cpoker252: posts small & big blinds $0.03
*** HOLE CARDS ***
Dealt to Dorex2007 [Qc 6c]
carladimar: folds 
Dorex2007: folds 
carladimar leaves the table
kammikkazi: folds 
Gilberto2332: checks 
cpoker252: raises $0.02 to $0.04
Kkk_kr: folds 
cberto09: folds 
WeeedMNReap: calls $0.02
Gilberto2332: folds 
*** FLOP *** [6h 8d Td]
WeeedMNReap: checks 
cpoker252: bets $0.06
WeeedMNReap: calls $0.06
*** TURN *** [6h 8d Td] [8c]
Hoobs 23 joins the table at seat #3 
WeeedMNReap: checks 
cpoker252: bets $0.12
WeeedMNReap: folds 
Uncalled bet ($0.12) returned to cpoker252
cpoker252 collected $0.24 from pot
*** SUMMARY ***
Total pot $0.25 | Rake $0.01 
Board [6h 8d Td 8c]
Seat 1: cberto09 (small blind) folded before Flop
Seat 2: WeeedMNReap (big blind) folded on the Turn
Seat 4: carladimar folded before Flop (didn't bet)
Seat 5: Dorex2007 folded before Flop (didn't bet)
Seat 6: kammikkazi folded before Flop (didn't bet)
Seat 7: Gilberto2332 folded before Flop (didn't bet)
Seat 8: cpoker252 collected ($0.24)
Seat 9: Kkk_kr (button) folded before Flop (didn't bet)



PokerStars Hand #237308596377:  Hold'em No Limit ($0.01/$0.02 USD) - 2022/07/11 21:25:31 PT [2022/07/12 0:25:31 ET]
Table 'Deimos IV' 9-max Seat #1 is the button
Seat 1: cberto09 ($4.28 in chips) 
Seat 2: WeeedMNReap ($0.32 in chips) 
Seat 3: Hoobs 23 ($2 in chips) 
Seat 5: Dorex2007 ($2 in chips) 
Seat 6: kammikkazi ($6.23 in chips) 
Seat 7: Gilberto2332 ($1.68 in chips) 
Seat 8: cpoker252 ($4.15 in chips) 
Seat 9: Kkk_kr ($2.72 in chips) 
WeeedMNReap: posts small blind $0.01
Hoobs 23: posts big blind $0.02
*** HOLE CARDS ***
Dealt to Dorex2007 [Jh Tc]
Dorex2007: calls $0.02
kammikkazi: folds 
Gilberto2332: folds 
cpoker252: folds 
Kkk_kr: folds 
cberto09: raises $0.08 to $0.10
WeeedMNReap: calls $0.09
Hoobs 23: folds 
Dorex2007: folds 
*** FLOP *** [Td 2h 6s]
Kohinur186 joins the table at seat #4 
WeeedMNReap: checks 
cberto09: bets $0.08
WeeedMNReap: raises $0.14 to $0.22 and is all-in
cberto09: calls $0.14
*** TURN *** [Td 2h 6s] [8s]
*** RIVER *** [Td 2h 6s 8s] [Th]
*** SHOW DOWN ***
WeeedMNReap: shows [5d 5c] (two pair, Tens and Fives)
cberto09: shows [6h Kh] (two pair, Tens and Sixes)
cberto09 collected $0.66 from pot
*** SUMMARY ***
Total pot $0.68 | Rake $0.02 
Board [Td 2h 6s 8s Th]
Seat 1: cberto09 (button) showed [6h Kh] and won ($0.66) with two pair, Tens and Sixes
Seat 2: WeeedMNReap (small blind) showed [5d 5c] and lost with two pair, Tens and Fives
Seat 3: Hoobs 23 (big blind) folded before Flop
Seat 5: Dorex2007 folded before Flop
Seat 6: kammikkazi folded before Flop (didn't bet)
Seat 7: Gilberto2332 folded before Flop (didn't bet)
Seat 8: cpoker252 folded before Flop (didn't bet)
Seat 9: Kkk_kr folded before Flop (didn't bet)



PokerStars Hand #237308603810:  Hold'em No Limit ($0.01/$0.02 USD) - 2022/07/11 21:26:32 PT [2022/07/12 0:26:32 ET]
Table 'Deimos IV' 9-max Seat #3 is the button
Seat 1: cberto09 ($4.62 in chips) 
Seat 3: Hoobs 23 ($2 in chips) 
Seat 5: Dorex2007 ($2 in chips) 
Seat 6: kammikkazi ($6.23 in chips) 
Seat 7: Gilberto2332 ($1.68 in chips) 
Seat 8: cpoker252 ($4.15 in chips) 
Seat 9: Kkk_kr ($2.72 in chips) 
Dorex2007: posts small blind $0.01
kammikkazi: posts big blind $0.02
*** HOLE CARDS ***
Dealt to Dorex2007 [Js 2s]
Gilberto2332: raises $0.02 to $0.04
WeeedMNReap leaves the table
cpoker252: folds 
Kkk_kr: calls $0.04
cberto09: folds 
Hoobs 23: calls $0.04
Dorex2007: folds 
dhabiles52 joins the table at seat #2 
kammikkazi: folds 
*** FLOP *** [Kh 5h Qs]
Gilberto2332: bets $0.14
Kkk_kr: calls $0.14
Hoobs 23: folds 
*** TURN *** [Kh 5h Qs] [Td]
Gilberto2332: bets $0.41
Kkk_kr: raises $0.81 to $1.22
Gilberto2332: raises $0.28 to $1.50 and is all-in
Kkk_kr: calls $0.28
*** RIVER *** [Kh 5h Qs Td] [Ts]
*** SHOW DOWN ***
Gilberto2332: shows [Kd Jd] (two pair, Kings and Tens)
Kkk_kr: shows [6h Jh] (a pair of Tens)
Gilberto2332 collected $3.31 from pot
*** SUMMARY ***
Total pot $3.43 | Rake $0.12 
Board [Kh 5h Qs Td Ts]
Seat 1: cberto09 folded before Flop (didn't bet)
Seat 3: Hoobs 23 (button) folded on the Flop
Seat 5: Dorex2007 (small blind) folded before Flop
Seat 6: kammikkazi (big blind) folded before Flop
Seat 7: Gilberto2332 showed [Kd Jd] and won ($3.31) with two pair, Kings and Tens
Seat 8: cpoker252 folded before Flop (didn't bet)
Seat 9: Kkk_kr showed [6h Jh] and lost with a pair of Tens



PokerStars Hand #237308614038:  Hold'em No Limit ($0.01/$0.02 USD) - 2022/07/11 21:27:57 PT [2022/07/12 0:27:57 ET]
Table 'Deimos IV' 9-max Seat #5 is the button
Seat 1: cberto09 ($4.62 in chips) 
Seat 3: Hoobs 23 ($2 in chips) 
Seat 5: Dorex2007 ($2 in chips) 
Seat 6: kammikkazi ($6.21 in chips) 
Seat 7: Gilberto2332 ($3.31 in chips) 
Seat 9: Kkk_kr ($1.04 in chips) 
kammikkazi: posts small blind $0.01
Gilberto2332: posts big blind $0.02
dhabiles52: sits out 
Kohinur186: sits out 
*** HOLE CARDS ***
Dealt to Dorex2007 [8c Tc]
Kkk_kr: calls $0.02
cberto09: folds 
Hoobs 23: folds 
Dorex2007: folds 
kammikkazi: calls $0.01
Gilberto2332: checks 
*** FLOP *** [9d Ac Kc]
kammikkazi: checks 
Gilberto2332: checks 
Kkk_kr: folds 
*** TURN *** [9d Ac Kc] [2d]
Kkk_kr leaves the table
kammikkazi: checks 
Gilberto2332: folds 
Gilberto2332 leaves the table
kammikkazi collected $0.06 from pot
*** SUMMARY ***
Total pot $0.06 | Rake $0 
Board [9d Ac Kc 2d]
Seat 1: cberto09 folded before Flop (didn't bet)
Seat 3: Hoobs 23 folded before Flop (didn't bet)
Seat 5: Dorex2007 (button) folded before Flop (didn't bet)
Seat 6: kammikkazi (small blind) collected ($0.06)
Seat 7: Gilberto2332 (big blind) folded on the Turn
Seat 9: Kkk_kr folded on the Flop



PokerStars Hand #237308618416:  Hold'em No Limit ($0.01/$0.02 USD) - 2022/07/11 21:28:33 PT [2022/07/12 0:28:33 ET]
Table 'Deimos IV' 9-max Seat #6 is the button
Seat 1: cberto09 ($4.62 in chips) 
Seat 3: Hoobs 23 ($2 in chips) 
Seat 5: Dorex2007 ($2 in chips) 
Seat 6: kammikkazi ($6.25 in chips) 
Seat 8: cpoker252 ($4.15 in chips) 
cpoker252: posts small blind $0.01
cberto09: posts big blind $0.02
zanozaN1 joins the table at seat #9 
dhabiles52: sits out 
Kohinur186: sits out 
*** HOLE CARDS ***
Dealt to Dorex2007 [4c Ad]
Hoobs 23: folds 
Dorex2007: folds 
Venezuelan Dmg joins the table at seat #7 
kammikkazi: folds 
cpoker252: calls $0.01
cberto09: checks 
*** FLOP *** [3d Jh 6d]
cpoker252: bets $0.04
cberto09: folds 
Uncalled bet ($0.04) returned to cpoker252
cpoker252 collected $0.04 from pot
*** SUMMARY ***
Total pot $0.04 | Rake $0 
Board [3d Jh 6d]
Seat 1: cberto09 (big blind) folded on the Flop
Seat 3: Hoobs 23 folded before Flop (didn't bet)
Seat 5: Dorex2007 folded before Flop (didn't bet)
Seat 6: kammikkazi (button) folded before Flop (didn't bet)
Seat 8: cpoker252 (small blind) collected ($0.04)



PokerStars Hand #237308621799:  Hold'em No Limit ($0.01/$0.02 USD) - 2022/07/11 21:29:01 PT [2022/07/12 0:29:01 ET]
Table 'Deimos IV' 9-max Seat #8 is the button
Seat 1: cberto09 ($4.60 in chips) 
Seat 2: dhabiles52 ($2 in chips) 
Seat 3: Hoobs 23 ($2 in chips) 
Seat 5: Dorex2007 ($2 in chips) 
Seat 6: kammikkazi ($6.25 in chips) 
Seat 8: cpoker252 ($4.17 in chips) 
cberto09: posts small blind $0.01
dhabiles52: posts big blind $0.02
Kohinur186: sits out 
Venezuelan Dmg: sits out 
*** HOLE CARDS ***
Dealt to Dorex2007 [Ts Kc]
Hoobs 23: raises $0.05 to $0.07
Dorex2007: folds 
kammikkazi: calls $0.07
cpoker252: calls $0.07
cberto09: folds 
dhabiles52: folds 
*** FLOP *** [9s Ks 7h]
Hoobs 23: checks 
kammikkazi: checks 
cpoker252: bets $0.23
Hoobs 23: folds 
kammikkazi: folds 
Uncalled bet ($0.23) returned to cpoker252
cpoker252 collected $0.23 from pot
*** SUMMARY ***
Total pot $0.24 | Rake $0.01 
Board [9s Ks 7h]
Seat 1: cberto09 (small blind) folded before Flop
Seat 2: dhabiles52 (big blind) folded before Flop
Seat 3: Hoobs 23 folded on the Flop
Seat 5: Dorex2007 folded before Flop (didn't bet)
Seat 6: kammikkazi folded on the Flop
Seat 8: cpoker252 (button) collected ($0.23)



PokerStars Hand #237308628766:  Hold'em No Limit ($0.01/$0.02 USD) - 2022/07/11 21:29:59 PT [2022/07/12 0:29:59 ET]
Table 'Deimos IV' 9-max Seat #1 is the button
Seat 1: cberto09 ($4.59 in chips) 
Seat 2: dhabiles52 ($2 in chips) 
Seat 3: Hoobs 23 ($2 in chips) 
Seat 5: Dorex2007 ($2 in chips) 
Seat 6: kammikkazi ($6.18 in chips) 
Seat 8: cpoker252 ($4.33 in chips) 
dhabiles52: posts small blind $0.01
Hoobs 23: posts big blind $0.02
Kohinur186: sits out 
Venezuelan Dmg: sits out 
zanozaN1: sits out 
*** HOLE CARDS ***
Dealt to Dorex2007 [8d 8s]
Dorex2007: calls $0.02
kammikkazi: folds 
cpoker252: raises $0.06 to $0.08
cberto09: folds 
dhabiles52: folds 
Hoobs 23: folds 
Dorex2007: calls $0.06
*** FLOP *** [4s 3d Jh]
Dorex2007: checks 
cpoker252: bets $0.18
Dorex2007: folds 
Uncalled bet ($0.18) returned to cpoker252
cpoker252 collected $0.18 from pot
*** SUMMARY ***
Total pot $0.19 | Rake $0.01 
Board [4s 3d Jh]
Seat 1: cberto09 (button) folded before Flop (didn't bet)
Seat 2: dhabiles52 (small blind) folded before Flop
Seat 3: Hoobs 23 (big blind) folded before Flop
Seat 5: Dorex2007 folded on the Flop
Seat 6: kammikkazi folded before Flop (didn't bet)
Seat 8: cpoker252 collected ($0.18)



PokerStars Hand #237308633439:  Hold'em No Limit ($0.01/$0.02 USD) - 2022/07/11 21:30:38 PT [2022/07/12 0:30:38 ET]
Table 'Deimos IV' 9-max Seat #2 is the button
Seat 1: cberto09 ($4.59 in chips) 
Seat 2: dhabiles52 ($2 in chips) 
Seat 3: Hoobs 23 ($2 in chips) 
Seat 4: Kohinur186 ($2 in chips) 
Seat 5: Dorex2007 ($2 in chips) 
Seat 6: kammikkazi ($6.18 in chips) 
Seat 8: cpoker252 ($4.43 in chips) 
Hoobs 23: posts small blind $0.01
Kohinur186: posts big blind $0.02
Venezuelan Dmg: sits out 
zanozaN1: sits out 
*** HOLE CARDS ***
Dealt to Dorex2007 [3h Jc]
Dorex2007: folds 
kammikkazi: folds 
cpoker252: raises $0.04 to $0.06
cberto09: calls $0.06
dhabiles52: folds 
Hoobs 23: folds 
Kohinur186: folds 
*** FLOP *** [Kh 2h 5d]
cpoker252: checks 
cberto09: bets $0.05
cpoker252: folds 
Uncalled bet ($0.05) returned to cberto09
cberto09 collected $0.14 from pot
*** SUMMARY ***
Total pot $0.15 | Rake $0.01 
Board [Kh 2h 5d]
Seat 1: cberto09 collected ($0.14)
Seat 2: dhabiles52 (button) folded before Flop (didn't bet)
Seat 3: Hoobs 23 (small blind) folded before Flop
Seat 4: Kohinur186 (big blind) folded before Flop
Seat 5: Dorex2007 folded before Flop (didn't bet)
Seat 6: kammikkazi folded before Flop (didn't bet)
Seat 8: cpoker252 folded on the Flop



PokerStars Hand #237308639534:  Hold'em No Limit ($0.01/$0.02 USD) - 2022/07/11 21:31:29 PT [2022/07/12 0:31:29 ET]
Table 'Deimos IV' 9-max Seat #3 is the button
Seat 1: cberto09 ($4.67 in chips) 
Seat 2: dhabiles52 ($2 in chips) 
Seat 3: Hoobs 23 ($2 in chips) 
Seat 4: Kohinur186 ($2 in chips) 
Seat 5: Dorex2007 ($2 in chips) 
Seat 6: kammikkazi ($6.18 in chips) 
Seat 7: Venezuelan Dmg ($2 in chips) 
Seat 8: cpoker252 ($4.37 in chips) 
Kohinur186: posts small blind $0.01
Dorex2007: posts big blind $0.02
Venezuelan Dmg: posts big blind $0.02
zanozaN1: sits out 
*** HOLE CARDS ***
Dealt to Dorex2007 [Qc Ts]
kammikkazi: folds 
Venezuelan Dmg: checks 
cpoker252: folds 
cberto09: folds 
dhabiles52: folds 
Hoobs 23: folds 
Kohinur186: folds 
Dorex2007: checks 
*** FLOP *** [Jd 7d Tc]
Dorex2007: checks 
Venezuelan Dmg: checks 
*** TURN *** [Jd 7d Tc] [3c]
Dorex2007: checks 
dhabiles52 is disconnected 
Venezuelan Dmg: checks 
*** RIVER *** [Jd 7d Tc 3c] [Qh]
Dorex2007: bets $0.05
Venezuelan Dmg: folds 
Uncalled bet ($0.05) returned to Dorex2007
Dorex2007 collected $0.05 from pot
*** SUMMARY ***
Total pot $0.05 | Rake $0 
Board [Jd 7d Tc 3c Qh]
Seat 1: cberto09 folded before Flop (didn't bet)
Seat 2: dhabiles52 folded before Flop (didn't bet)
Seat 3: Hoobs 23 (button) folded before Flop (didn't bet)
Seat 4: Kohinur186 (small blind) folded before Flop
Seat 5: Dorex2007 (big blind) collected ($0.05)
Seat 6: kammikkazi folded before Flop (didn't bet)
Seat 7: Venezuelan Dmg folded on the River (didn't bet)
Seat 8: cpoker252 folded before Flop (didn't bet)



PokerStars Hand #237308654644:  Hold'em No Limit ($0.01/$0.02 USD) - 2022/07/11 21:32:59 PT [2022/07/12 0:32:59 ET]
Table 'Deimos IV' 9-max Seat #4 is the button
Seat 1: cberto09 ($4.67 in chips) 
Seat 2: dhabiles52 ($2 in chips) 
Seat 3: Hoobs 23 ($2 in chips) 
Seat 4: Kohinur186 ($2 in chips) 
Seat 5: Dorex2007 ($2.03 in chips) 
Seat 6: kammikkazi ($6.18 in chips) 
Seat 7: Venezuelan Dmg ($1.98 in chips) 
Seat 8: cpoker252 ($4.37 in chips) 
Dorex2007: posts small blind $0.01
kammikkazi: posts big blind $0.02
zanozaN1: sits out 
*** HOLE CARDS ***
Dealt to Dorex2007 [2c 6d]
Venezuelan Dmg: folds 
cpoker252: folds 
cberto09: raises $0.04 to $0.06
dhabiles52 has timed out while disconnected
dhabiles52: folds 
Hoobs 23: folds 
Kohinur186: folds 
Dorex2007: folds 
kammikkazi: folds 
Uncalled bet ($0.04) returned to cberto09
cberto09 collected $0.05 from pot
*** SUMMARY ***
Total pot $0.05 | Rake $0 
Seat 1: cberto09 collected ($0.05)
Seat 2: dhabiles52 folded before Flop (didn't bet)
Seat 3: Hoobs 23 folded before Flop (didn't bet)
Seat 4: Kohinur186 (button) folded before Flop (didn't bet)
Seat 5: Dorex2007 (small blind) folded before Flop
Seat 6: kammikkazi (big blind) folded before Flop
Seat 7: Venezuelan Dmg folded before Flop (didn't bet)
Seat 8: cpoker252 folded before Flop (didn't bet)



PokerStars Hand #237308659532:  Hold'em No Limit ($0.01/$0.02 USD) - 2022/07/11 21:33:40 PT [2022/07/12 0:33:40 ET]
Table 'Deimos IV' 9-max Seat #5 is the button
Seat 1: cberto09 ($4.70 in chips) 
Seat 3: Hoobs 23 ($2 in chips) 
Seat 4: Kohinur186 ($2 in chips) 
Seat 5: Dorex2007 ($2.02 in chips) 
Seat 6: kammikkazi ($6.16 in chips) 
Seat 7: Venezuelan Dmg ($1.98 in chips) 
Seat 8: cpoker252 ($4.37 in chips) 
kammikkazi: posts small blind $0.01
Venezuelan Dmg: posts big blind $0.02
zanozaN1: sits out 
*** HOLE CARDS ***
Dealt to Dorex2007 [5c 5d]
cpoker252: folds 
cberto09: folds 
Hoobs 23: folds 
Kohinur186: folds 
Dorex2007: calls $0.02
kammikkazi: calls $0.01
Venezuelan Dmg: checks 
*** FLOP *** [4d Jh 5s]
kammikkazi: checks 
Venezuelan Dmg: checks 
Dorex2007: checks 
*** TURN *** [4d Jh 5s] [2h]
kammikkazi: bets $0.05
Venezuelan Dmg: folds 
Dorex2007: raises $0.05 to $0.10
kammikkazi: calls $0.05
*** RIVER *** [4d Jh 5s 2h] [As]
kammikkazi: checks 
Dorex2007: checks 
*** SHOW DOWN ***
kammikkazi: shows [6d 7c] (high card Ace)
Dorex2007: shows [5c 5d] (three of a kind, Fives)
Dorex2007 collected $0.25 from pot
*** SUMMARY ***
Total pot $0.26 | Rake $0.01 
Board [4d Jh 5s 2h As]
Seat 1: cberto09 folded before Flop (didn't bet)
Seat 3: Hoobs 23 folded before Flop (didn't bet)
Seat 4: Kohinur186 folded before Flop (didn't bet)
Seat 5: Dorex2007 (button) showed [5c 5d] and won ($0.25) with three of a kind, Fives
Seat 6: kammikkazi (small blind) showed [6d 7c] and lost with high card Ace
Seat 7: Venezuelan Dmg (big blind) folded on the Turn
Seat 8: cpoker252 folded before Flop (didn't bet)



PokerStars Hand #237308670113:  Hold'em No Limit ($0.01/$0.02 USD) - 2022/07/11 21:35:10 PT [2022/07/12 0:35:10 ET]
Table 'Deimos IV' 9-max Seat #6 is the button
Seat 1: cberto09 ($4.70 in chips) 
Seat 2: dhabiles52 ($2 in chips) 
Seat 3: Hoobs 23 ($2 in chips) 
Seat 4: Kohinur186 ($2 in chips) 
Seat 5: Dorex2007 ($2.15 in chips) 
Seat 6: kammikkazi ($6.04 in chips) 
Seat 7: Venezuelan Dmg ($1.96 in chips) 
Seat 8: cpoker252 ($4.37 in chips) 
Venezuelan Dmg: posts small blind $0.01
cpoker252: posts big blind $0.02
zanozaN1: sits out 
*** HOLE CARDS ***
Dealt to Dorex2007 [Kh Jd]
cberto09: folds 
dhabiles52: folds 
Hoobs 23: folds 
Kohinur186: folds 
Dorex2007: calls $0.02
kammikkazi: calls $0.02
Venezuelan Dmg: raises $0.02 to $0.04
cpoker252: folds 
Dorex2007: calls $0.02
kammikkazi: calls $0.02
*** FLOP *** [Qs 4d As]
Venezuelan Dmg: bets $0.04
Dorex2007: folds 
kammikkazi: folds 
Uncalled bet ($0.04) returned to Venezuelan Dmg
Venezuelan Dmg collected $0.14 from pot
*** SUMMARY ***
Total pot $0.14 | Rake $0 
Board [Qs 4d As]
Seat 1: cberto09 folded before Flop (didn't bet)
Seat 2: dhabiles52 folded before Flop (didn't bet)
Seat 3: Hoobs 23 folded before Flop (didn't bet)
Seat 4: Kohinur186 folded before Flop (didn't bet)
Seat 5: Dorex2007 folded on the Flop
Seat 6: kammikkazi (button) folded on the Flop
Seat 7: Venezuelan Dmg (small blind) collected ($0.14)
Seat 8: cpoker252 (big blind) folded before Flop



PokerStars Hand #237308676553:  Hold'em No Limit ($0.01/$0.02 USD) - 2022/07/11 21:36:04 PT [2022/07/12 0:36:04 ET]
Table 'Deimos IV' 9-max Seat #7 is the button
Seat 1: cberto09 ($4.70 in chips) 
Seat 2: dhabiles52 ($2 in chips) 
Seat 3: Hoobs 23 ($2 in chips) 
Seat 4: Kohinur186 ($2 in chips) 
Seat 5: Dorex2007 ($2.11 in chips) 
Seat 6: kammikkazi ($6 in chips) 
Seat 7: Venezuelan Dmg ($2.06 in chips) 
Seat 8: cpoker252 ($4.35 in chips) 
Seat 9: zanozaN1 ($2 in chips) 
cpoker252: posts small blind $0.01
zanozaN1: posts big blind $0.02
*** HOLE CARDS ***
Dealt to Dorex2007 [9d 2d]
cberto09: folds 
dhabiles52: folds 
Hoobs 23: folds 
Kohinur186: folds 
Dorex2007: folds 
kammikkazi: folds 
Venezuelan Dmg: raises $0.04 to $0.06
cpoker252: folds 
zanozaN1: folds 
Uncalled bet ($0.04) returned to Venezuelan Dmg
Venezuelan Dmg collected $0.05 from pot
*** SUMMARY ***
Total pot $0.05 | Rake $0 
Seat 1: cberto09 folded before Flop (didn't bet)
Seat 2: dhabiles52 folded before Flop (didn't bet)
Seat 3: Hoobs 23 folded before Flop (didn't bet)
Seat 4: Kohinur186 folded before Flop (didn't bet)
Seat 5: Dorex2007 folded before Flop (didn't bet)
Seat 6: kammikkazi folded before Flop (didn't bet)
Seat 7: Venezuelan Dmg (button) collected ($0.05)
Seat 8: cpoker252 (small blind) folded before Flop
Seat 9: zanozaN1 (big blind) folded before Flop



PokerStars Hand #237308679839:  Hold'em No Limit ($0.01/$0.02 USD) - 2022/07/11 21:36:32 PT [2022/07/12 0:36:32 ET]
Table 'Deimos IV' 9-max Seat #8 is the button
Seat 1: cberto09 ($4.70 in chips) 
Seat 2: dhabiles52 ($2 in chips) 
Seat 3: Hoobs 23 ($2 in chips) 
Seat 4: Kohinur186 ($2 in chips) 
Seat 5: Dorex2007 ($2.11 in chips) 
Seat 6: kammikkazi ($6 in chips) 
Seat 7: Venezuelan Dmg ($2.09 in chips) 
Seat 8: cpoker252 ($4.34 in chips) 
Seat 9: zanozaN1 ($2 in chips) 
zanozaN1: posts small blind $0.01
cberto09: posts big blind $0.02
*** HOLE CARDS ***
Dealt to Dorex2007 [5h 5s]
dhabiles52: folds 
Hoobs 23: raises $0.05 to $0.07
Kohinur186: folds 
Dorex2007: folds 
kammikkazi: raises $0.13 to $0.20
Venezuelan Dmg: folds 
cpoker252: folds 
zanozaN1: folds 
cberto09: folds 
Hoobs 23: folds 
Uncalled bet ($0.13) returned to kammikkazi
kammikkazi collected $0.17 from pot
*** SUMMARY ***
Total pot $0.17 | Rake $0 
Seat 1: cberto09 (big blind) folded before Flop
Seat 2: dhabiles52 folded before Flop (didn't bet)
Seat 3: Hoobs 23 folded before Flop
Seat 4: Kohinur186 folded before Flop (didn't bet)
Seat 5: Dorex2007 folded before Flop (didn't bet)
Seat 6: kammikkazi collected ($0.17)
Seat 7: Venezuelan Dmg folded before Flop (didn't bet)
Seat 8: cpoker252 (button) folded before Flop (didn't bet)
Seat 9: zanozaN1 (small blind) folded before Flop



PokerStars Hand #237308683560:  Hold'em No Limit ($0.01/$0.02 USD) - 2022/07/11 21:37:03 PT [2022/07/12 0:37:03 ET]
Table 'Deimos IV' 9-max Seat #9 is the button
Seat 1: cberto09 ($4.68 in chips) 
Seat 2: dhabiles52 ($2 in chips) 
Seat 3: Hoobs 23 ($2 in chips) 
Seat 4: Kohinur186 ($2 in chips) 
Seat 5: Dorex2007 ($2.11 in chips) 
Seat 6: kammikkazi ($6.10 in chips) 
Seat 7: Venezuelan Dmg ($2.09 in chips) 
Seat 8: cpoker252 ($4.34 in chips) 
Seat 9: zanozaN1 ($2 in chips) 
cberto09: posts small blind $0.01
dhabiles52: posts big blind $0.02
*** HOLE CARDS ***
Dealt to Dorex2007 [Qd 4h]
Hoobs 23: folds 
Kohinur186: folds 
Dorex2007: folds 
kammikkazi: folds 
Venezuelan Dmg: folds 
cpoker252: folds 
zanozaN1: raises $0.04 to $0.06
cberto09: folds 
dhabiles52: calls $0.04
*** FLOP *** [2d 4s 9h]
dhabiles52: checks 
zanozaN1: checks 
*** TURN *** [2d 4s 9h] [2h]
dhabiles52: checks 
zanozaN1: bets $0.06
dhabiles52: folds 
Uncalled bet ($0.06) returned to zanozaN1
zanozaN1 collected $0.13 from pot
*** SUMMARY ***
Total pot $0.13 | Rake $0 
Board [2d 4s 9h 2h]
Seat 1: cberto09 (small blind) folded before Flop
Seat 2: dhabiles52 (big blind) folded on the Turn
Seat 3: Hoobs 23 folded before Flop (didn't bet)
Seat 4: Kohinur186 folded before Flop (didn't bet)
Seat 5: Dorex2007 folded before Flop (didn't bet)
Seat 6: kammikkazi folded before Flop (didn't bet)
Seat 7: Venezuelan Dmg folded before Flop (didn't bet)
Seat 8: cpoker252 folded before Flop (didn't bet)
Seat 9: zanozaN1 (button) collected ($0.13)



PokerStars Hand #237308691613:  Hold'em No Limit ($0.01/$0.02 USD) - 2022/07/11 21:38:12 PT [2022/07/12 0:38:12 ET]
Table 'Deimos IV' 9-max Seat #1 is the button
Seat 1: cberto09 ($4.67 in chips) 
Seat 2: dhabiles52 ($2 in chips) 
Seat 3: Hoobs 23 ($2 in chips) 
Seat 4: Kohinur186 ($2 in chips) 
Seat 5: Dorex2007 ($2.11 in chips) 
Seat 6: kammikkazi ($6.10 in chips) 
Seat 7: Venezuelan Dmg ($2.09 in chips) 
Seat 8: cpoker252 ($4.34 in chips) 
Seat 9: zanozaN1 ($2.07 in chips) 
dhabiles52: posts small blind $0.01
Hoobs 23: posts big blind $0.02
*** HOLE CARDS ***
Dealt to Dorex2007 [9c Qh]
Kohinur186: folds 
Dorex2007: folds 
kammikkazi: folds 
Venezuelan Dmg: folds 
cpoker252: folds 
zanozaN1: raises $0.04 to $0.06
cberto09: folds 
dhabiles52: folds 
Hoobs 23: folds 
Uncalled bet ($0.04) returned to zanozaN1
zanozaN1 collected $0.05 from pot
*** SUMMARY ***
Total pot $0.05 | Rake $0 
Seat 1: cberto09 (button) folded before Flop (didn't bet)
Seat 2: dhabiles52 (small blind) folded before Flop
Seat 3: Hoobs 23 (big blind) folded before Flop
Seat 4: Kohinur186 folded before Flop (didn't bet)
Seat 5: Dorex2007 folded before Flop (didn't bet)
Seat 6: kammikkazi folded before Flop (didn't bet)
Seat 7: Venezuelan Dmg folded before Flop (didn't bet)
Seat 8: cpoker252 folded before Flop (didn't bet)
Seat 9: zanozaN1 collected ($0.05)



PokerStars Hand #237308695567:  Hold'em No Limit ($0.01/$0.02 USD) - 2022/07/11 21:38:46 PT [2022/07/12 0:38:46 ET]
Table 'Deimos IV' 9-max Seat #2 is the button
Seat 1: cberto09 ($4.67 in chips) 
Seat 2: dhabiles52 ($2 in chips) 
Seat 3: Hoobs 23 ($2 in chips) 
Seat 4: Kohinur186 ($2 in chips) 
Seat 5: Dorex2007 ($2.11 in chips) 
Seat 6: kammikkazi ($6.10 in chips) 
Seat 7: Venezuelan Dmg ($2.09 in chips) 
Seat 8: cpoker252 ($4.34 in chips) 
Seat 9: zanozaN1 ($2.10 in chips) 
Hoobs 23: posts small blind $0.01
Kohinur186: posts big blind $0.02
*** HOLE CARDS ***
Dealt to Dorex2007 [Jc Kh]
Dorex2007: calls $0.02
kammikkazi: folds 
Venezuelan Dmg: folds 
cpoker252: folds 
zanozaN1: folds 
cberto09: folds 
dhabiles52: raises $0.04 to $0.06
Hoobs 23: folds 
Kohinur186: folds 
Dorex2007: calls $0.04
*** FLOP *** [9h 2h Qh]
Dorex2007: checks 
dhabiles52: checks 
*** TURN *** [9h 2h Qh] [9d]
Dorex2007: bets $0.07
dhabiles52: calls $0.07
*** RIVER *** [9h 2h Qh 9d] [As]
Dorex2007: checks 
dhabiles52: checks 
*** SHOW DOWN ***
Dorex2007: shows [Jc Kh] (a pair of Nines)
dhabiles52: shows [2d Ad] (two pair, Aces and Nines)
Venezuelan Dmg leaves the table
dhabiles52 collected $0.28 from pot
*** SUMMARY ***
Total pot $0.29 | Rake $0.01 
Board [9h 2h Qh 9d As]
Seat 1: cberto09 folded before Flop (didn't bet)
Seat 2: dhabiles52 (button) showed [2d Ad] and won ($0.28) with two pair, Aces and Nines
Seat 3: Hoobs 23 (small blind) folded before Flop
Seat 4: Kohinur186 (big blind) folded before Flop
Seat 5: Dorex2007 showed [Jc Kh] and lost with a pair of Nines
Seat 6: kammikkazi folded before Flop (didn't bet)
Seat 7: Venezuelan Dmg folded before Flop (didn't bet)
Seat 8: cpoker252 folded before Flop (didn't bet)
Seat 9: zanozaN1 folded before Flop (didn't bet)



PokerStars Hand #237308701624:  Hold'em No Limit ($0.01/$0.02 USD) - 2022/07/11 21:39:38 PT [2022/07/12 0:39:38 ET]
Table 'Deimos IV' 9-max Seat #3 is the button
Seat 1: cberto09 ($4.67 in chips) 
Seat 2: dhabiles52 ($2.15 in chips) 
Seat 3: Hoobs 23 ($2 in chips) 
Seat 4: Kohinur186 ($2 in chips) 
Seat 5: Dorex2007 ($2 in chips) 
Seat 6: kammikkazi ($6.10 in chips) 
Seat 8: cpoker252 ($4.34 in chips) 
Seat 9: zanozaN1 ($2.10 in chips) 
Kohinur186: posts small blind $0.01
Dorex2007: posts big blind $0.02
*** HOLE CARDS ***
Dealt to Dorex2007 [Ah 6h]
kammikkazi: folds 
cpoker252: folds 
zanozaN1: folds 
cberto09: folds 
dhabiles52: folds 
Hoobs 23: folds 
Kohinur186: raises $0.04 to $0.06
Dorex2007: calls $0.04
*** FLOP *** [5c 4h 2d]
shaun44arey joins the table at seat #7 
Kohinur186: checks 
Dorex2007: checks 
*** TURN *** [5c 4h 2d] [8d]
Kohinur186: checks 
Dorex2007: checks 
*** RIVER *** [5c 4h 2d 8d] [4d]
Kohinur186: checks 
Dorex2007: checks 
*** SHOW DOWN ***
Kohinur186: shows [Qh 8h] (two pair, Eights and Fours)
Dorex2007: mucks hand 
Kohinur186 collected $0.12 from pot
*** SUMMARY ***
Total pot $0.12 | Rake $0 
Board [5c 4h 2d 8d 4d]
Seat 1: cberto09 folded before Flop (didn't bet)
Seat 2: dhabiles52 folded before Flop (didn't bet)
Seat 3: Hoobs 23 (button) folded before Flop (didn't bet)
Seat 4: Kohinur186 (small blind) showed [Qh 8h] and won ($0.12) with two pair, Eights and Fours
Seat 5: Dorex2007 (big blind) mucked [Ah 6h]
Seat 6: kammikkazi folded before Flop (didn't bet)
Seat 8: cpoker252 folded before Flop (didn't bet)
Seat 9: zanozaN1 folded before Flop (didn't bet)



PokerStars Hand #237308707242:  Hold'em No Limit ($0.01/$0.02 USD) - 2022/07/11 21:40:25 PT [2022/07/12 0:40:25 ET]
Table 'Deimos IV' 9-max Seat #4 is the button
Seat 1: cberto09 ($4.67 in chips) 
Seat 2: dhabiles52 ($2.15 in chips) 
Seat 3: Hoobs 23 ($2 in chips) 
Seat 4: Kohinur186 ($2.06 in chips) 
Seat 5: Dorex2007 ($2 in chips) 
Seat 6: kammikkazi ($6.10 in chips) 
Seat 8: cpoker252 ($4.34 in chips) 
Seat 9: zanozaN1 ($2.10 in chips) 
Dorex2007: posts small blind $0.01
kammikkazi: posts big blind $0.02
shaun44arey: sits out 
*** HOLE CARDS ***
Dealt to Dorex2007 [4c As]
cpoker252: folds 
zanozaN1: folds 
cberto09: folds 
dhabiles52: raises $0.04 to $0.06
Hoobs 23: folds 
Kohinur186: folds 
Dorex2007: folds 
kammikkazi: folds 
Uncalled bet ($0.04) returned to dhabiles52
dhabiles52 collected $0.05 from pot
*** SUMMARY ***
Total pot $0.05 | Rake $0 
Seat 1: cberto09 folded before Flop (didn't bet)
Seat 2: dhabiles52 collected ($0.05)
Seat 3: Hoobs 23 folded before Flop (didn't bet)
Seat 4: Kohinur186 (button) folded before Flop (didn't bet)
Seat 5: Dorex2007 (small blind) folded before Flop
Seat 6: kammikkazi (big blind) folded before Flop
Seat 8: cpoker252 folded before Flop (didn't bet)
Seat 9: zanozaN1 folded before Flop (didn't bet)



PokerStars Hand #237308710184:  Hold'em No Limit ($0.01/$0.02 USD) - 2022/07/11 21:40:50 PT [2022/07/12 0:40:50 ET]
Table 'Deimos IV' 9-max Seat #5 is the button
Seat 1: cberto09 ($4.67 in chips) 
Seat 2: dhabiles52 ($2.18 in chips) 
Seat 3: Hoobs 23 ($2 in chips) 
Seat 4: Kohinur186 ($2.06 in chips) 
Seat 5: Dorex2007 ($2 in chips) 
Seat 6: kammikkazi ($6.08 in chips) 
Seat 7: shaun44arey ($1.60 in chips) 
Seat 8: cpoker252 ($4.34 in chips) 
Seat 9: zanozaN1 ($2.10 in chips) 
kammikkazi: posts small blind $0.01
shaun44arey: posts big blind $0.02
*** HOLE CARDS ***
Dealt to Dorex2007 [2h 6s]
cpoker252: raises $0.04 to $0.06
zanozaN1: folds 
cberto09: folds 
dhabiles52: folds 
Hoobs 23: folds 
Kohinur186: folds 
Dorex2007: folds 
kammikkazi: folds 
shaun44arey is disconnected 
shaun44arey has timed out while disconnected
shaun44arey: folds 
Uncalled bet ($0.04) returned to cpoker252
cpoker252 collected $0.05 from pot
*** SUMMARY ***
Total pot $0.05 | Rake $0 
Seat 1: cberto09 folded before Flop (didn't bet)
Seat 2: dhabiles52 folded before Flop (didn't bet)
Seat 3: Hoobs 23 folded before Flop (didn't bet)
Seat 4: Kohinur186 folded before Flop (didn't bet)
Seat 5: Dorex2007 (button) folded before Flop (didn't bet)
Seat 6: kammikkazi (small blind) folded before Flop
Seat 7: shaun44arey (big blind) folded before Flop
Seat 8: cpoker252 collected ($0.05)
Seat 9: zanozaN1 folded before Flop (didn't bet)



PokerStars Hand #237308716732:  Hold'em No Limit ($0.01/$0.02 USD) - 2022/07/11 21:41:46 PT [2022/07/12 0:41:46 ET]
Table 'Deimos IV' 9-max Seat #6 is the button
Seat 1: cberto09 ($4.67 in chips) 
Seat 2: dhabiles52 ($2.18 in chips) 
Seat 3: Hoobs 23 ($2 in chips) 
Seat 4: Kohinur186 ($2.06 in chips) 
Seat 5: Dorex2007 ($2 in chips) 
Seat 6: kammikkazi ($6.07 in chips) 
Seat 8: cpoker252 ($4.37 in chips) 
Seat 9: zanozaN1 ($2.10 in chips) 
cpoker252: posts small blind $0.01
zanozaN1: posts big blind $0.02
*** HOLE CARDS ***
Dealt to Dorex2007 [Ts Js]
cberto09: folds 
dhabiles52: folds 
Hoobs 23: folds 
Kohinur186: folds 
cberto09 leaves the table
Dorex2007: calls $0.02
kammikkazi has timed out
kammikkazi: folds 
cpoker252: calls $0.01
zanozaN1: checks 
*** FLOP *** [5c 9d 2c]
cpoker252: bets $0.03
AnjoRush joins the table at seat #1 
zanozaN1: calls $0.03
Dorex2007: folds 
*** TURN *** [5c 9d 2c] [Td]
cpoker252: checks 
zanozaN1: bets $0.06
cpoker252: raises $0.24 to $0.30
zanozaN1: calls $0.24
*** RIVER *** [5c 9d 2c Td] [Ah]
cpoker252: checks 
zanozaN1: checks 
*** SHOW DOWN ***
cpoker252: shows [6c 7s] (high card Ace)
zanozaN1: shows [4c Tc] (a pair of Tens)
zanozaN1 collected $0.69 from pot
*** SUMMARY ***
Total pot $0.72 | Rake $0.03 
Board [5c 9d 2c Td Ah]
Seat 1: cberto09 folded before Flop (didn't bet)
Seat 2: dhabiles52 folded before Flop (didn't bet)
Seat 3: Hoobs 23 folded before Flop (didn't bet)
Seat 4: Kohinur186 folded before Flop (didn't bet)
Seat 5: Dorex2007 folded on the Flop
Seat 6: kammikkazi (button) folded before Flop (didn't bet)
Seat 8: cpoker252 (small blind) showed [6c 7s] and lost with high card Ace
Seat 9: zanozaN1 (big blind) showed [4c Tc] and won ($0.69) with a pair of Tens



PokerStars Hand #237308726675:  Hold'em No Limit ($0.01/$0.02 USD) - 2022/07/11 21:43:11 PT [2022/07/12 0:43:11 ET]
Table 'Deimos IV' 9-max Seat #8 is the button
Seat 1: AnjoRush ($2 in chips) 
Seat 2: dhabiles52 ($2.18 in chips) 
Seat 3: Hoobs 23 ($2 in chips) 
Seat 4: Kohinur186 ($2.06 in chips) 
Seat 5: Dorex2007 ($2 in chips) 
Seat 6: kammikkazi ($6.07 in chips) 
Seat 8: cpoker252 ($4.02 in chips) 
Seat 9: zanozaN1 ($2.44 in chips) 
zanozaN1: posts small blind $0.01
AnjoRush: posts big blind $0.02
*** HOLE CARDS ***
Dealt to Dorex2007 [Ac 6c]
dhabiles52: folds 
Hoobs 23: folds 
Kohinur186: folds 
Dorex2007: folds 
kammikkazi: raises $0.03 to $0.05
cpoker252: folds 
zanozaN1: folds 
AnjoRush: folds 
Uncalled bet ($0.03) returned to kammikkazi
kammikkazi collected $0.05 from pot
*** SUMMARY ***
Total pot $0.05 | Rake $0 
Seat 1: AnjoRush (big blind) folded before Flop
Seat 2: dhabiles52 folded before Flop (didn't bet)
Seat 3: Hoobs 23 folded before Flop (didn't bet)
Seat 4: Kohinur186 folded before Flop (didn't bet)
Seat 5: Dorex2007 folded before Flop (didn't bet)
Seat 6: kammikkazi collected ($0.05)
Seat 8: cpoker252 (button) folded before Flop (didn't bet)
Seat 9: zanozaN1 (small blind) folded before Flop



PokerStars Hand #237308729069:  Hold'em No Limit ($0.01/$0.02 USD) - 2022/07/11 21:43:32 PT [2022/07/12 0:43:32 ET]
Table 'Deimos IV' 9-max Seat #9 is the button
Seat 1: AnjoRush ($1.98 in chips) 
Seat 2: dhabiles52 ($2.18 in chips) 
Seat 3: Hoobs 23 ($2 in chips) 
Seat 4: Kohinur186 ($2.06 in chips) 
Seat 5: Dorex2007 ($2 in chips) 
Seat 6: kammikkazi ($6.10 in chips) 
Seat 8: cpoker252 ($4.02 in chips) 
Seat 9: zanozaN1 ($2.43 in chips) 
AnjoRush: posts small blind $0.01
dhabiles52: posts big blind $0.02
*** HOLE CARDS ***
Dealt to Dorex2007 [Jh Tc]
Hoobs 23: calls $0.02
Kohinur186: folds 
Dorex2007: calls $0.02
kammikkazi: folds 
cpoker252: calls $0.02
zanozaN1: calls $0.02
AnjoRush: calls $0.01
dhabiles52: checks 
*** FLOP *** [As 5d 7s]
AnjoRush: checks 
dhabiles52: checks 
Hoobs 23: checks 
Dorex2007: checks 
cpoker252: bets $0.12
zanozaN1: folds 
AnjoRush: folds 
dhabiles52: folds 
Hoobs 23: folds 
Dorex2007: folds 
Uncalled bet ($0.12) returned to cpoker252
cpoker252 collected $0.12 from pot
*** SUMMARY ***
Total pot $0.12 | Rake $0 
Board [As 5d 7s]
Seat 1: AnjoRush (small blind) folded on the Flop
Seat 2: dhabiles52 (big blind) folded on the Flop
Seat 3: Hoobs 23 folded on the Flop
Seat 4: Kohinur186 folded before Flop (didn't bet)
Seat 5: Dorex2007 folded on the Flop
Seat 6: kammikkazi folded before Flop (didn't bet)
Seat 8: cpoker252 collected ($0.12)
Seat 9: zanozaN1 (button) folded on the Flop



PokerStars Hand #237308737071:  Hold'em No Limit ($0.01/$0.02 USD) - 2022/07/11 21:44:42 PT [2022/07/12 0:44:42 ET]
Table 'Deimos IV' 9-max Seat #1 is the button
Seat 1: AnjoRush ($1.96 in chips) 
Seat 2: dhabiles52 ($2.16 in chips) 
Seat 3: Hoobs 23 ($2 in chips) 
Seat 4: Kohinur186 ($2.06 in chips) 
Seat 5: Dorex2007 ($2 in chips) 
Seat 6: kammikkazi ($6.10 in chips) 
Seat 8: cpoker252 ($4.12 in chips) 
Seat 9: zanozaN1 ($2.41 in chips) 
dhabiles52: posts small blind $0.01
Hoobs 23: posts big blind $0.02
*** HOLE CARDS ***
Dealt to Dorex2007 [5d Td]
Kohinur186: folds 
Dorex2007: folds 
kammikkazi: folds 
cpoker252: folds 
zanozaN1: raises $0.04 to $0.06
AnjoRush: folds 
dhabiles52: folds 
Hoobs 23: folds 
Uncalled bet ($0.04) returned to zanozaN1
zanozaN1 collected $0.05 from pot
*** SUMMARY ***
Total pot $0.05 | Rake $0 
Seat 1: AnjoRush (button) folded before Flop (didn't bet)
Seat 2: dhabiles52 (small blind) folded before Flop
Seat 3: Hoobs 23 (big blind) folded before Flop
Seat 4: Kohinur186 folded before Flop (didn't bet)
Seat 5: Dorex2007 folded before Flop (didn't bet)
Seat 6: kammikkazi folded before Flop (didn't bet)
Seat 8: cpoker252 folded before Flop (didn't bet)
Seat 9: zanozaN1 collected ($0.05)



PokerStars Hand #237308740985:  Hold'em No Limit ($0.01/$0.02 USD) - 2022/07/11 21:45:17 PT [2022/07/12 0:45:17 ET]
Table 'Deimos IV' 9-max Seat #2 is the button
Seat 1: AnjoRush ($1.96 in chips) 
Seat 2: dhabiles52 ($2.15 in chips) 
Seat 3: Hoobs 23 ($2 in chips) 
Seat 4: Kohinur186 ($2.06 in chips) 
Seat 5: Dorex2007 ($2 in chips) 
Seat 6: kammikkazi ($6.10 in chips) 
Seat 8: cpoker252 ($4.12 in chips) 
Seat 9: zanozaN1 ($2.44 in chips) 
Hoobs 23: posts small blind $0.01
Kohinur186: posts big blind $0.02
*** HOLE CARDS ***
Dealt to Dorex2007 [3s 6c]
Dorex2007: folds 
kammikkazi: folds 
cpoker252: folds 
zanozaN1: folds 
AnjoRush: raises $0.02 to $0.04
dhabiles52: folds 
Hoobs 23: folds 
Kohinur186: folds 
Uncalled bet ($0.02) returned to AnjoRush
AnjoRush collected $0.05 from pot
*** SUMMARY ***
Total pot $0.05 | Rake $0 
Seat 1: AnjoRush collected ($0.05)
Seat 2: dhabiles52 (button) folded before Flop (didn't bet)
Seat 3: Hoobs 23 (small blind) folded before Flop
Seat 4: Kohinur186 (big blind) folded before Flop
Seat 5: Dorex2007 folded before Flop (didn't bet)
Seat 6: kammikkazi folded before Flop (didn't bet)
Seat 8: cpoker252 folded before Flop (didn't bet)
Seat 9: zanozaN1 folded before Flop (didn't bet)



PokerStars Hand #237308743031:  Hold'em No Limit ($0.01/$0.02 USD) - 2022/07/11 21:45:35 PT [2022/07/12 0:45:35 ET]
Table 'Deimos IV' 9-max Seat #3 is the button
Seat 1: AnjoRush ($1.99 in chips) 
Seat 2: dhabiles52 ($2.15 in chips) 
Seat 3: Hoobs 23 ($2 in chips) 
Seat 4: Kohinur186 ($2.04 in chips) 
Seat 5: Dorex2007 ($2 in chips) 
Seat 6: kammikkazi ($6.10 in chips) 
Seat 8: cpoker252 ($4.12 in chips) 
Seat 9: zanozaN1 ($2.44 in chips) 
Kohinur186: posts small blind $0.01
Dorex2007: posts big blind $0.02
*** HOLE CARDS ***
Dealt to Dorex2007 [Ks Jd]
kammikkazi: folds 
cpoker252: raises $0.04 to $0.06
zanozaN1: folds 
AnjoRush: folds 
dhabiles52: calls $0.06
Hoobs 23: folds 
Kohinur186: folds 
Dorex2007: calls $0.04
*** FLOP *** [Qs 8s 9s]
Dorex2007: bets $0.12
cpoker252: folds 
dhabiles52: raises $0.21 to $0.33
Dorex2007: calls $0.21
*** TURN *** [Qs 8s 9s] [6c]
Dorex2007: bets $0.12
dhabiles52: raises $1.64 to $1.76 and is all-in
Dorex2007: folds 
Uncalled bet ($1.64) returned to dhabiles52
dhabiles52 collected $1.05 from pot
*** SUMMARY ***
Total pot $1.09 | Rake $0.04 
Board [Qs 8s 9s 6c]
Seat 1: AnjoRush folded before Flop (didn't bet)
Seat 2: dhabiles52 collected ($1.05)
Seat 3: Hoobs 23 (button) folded before Flop (didn't bet)
Seat 4: Kohinur186 (small blind) folded before Flop
Seat 5: Dorex2007 (big blind) folded on the Turn
Seat 6: kammikkazi folded before Flop (didn't bet)
Seat 8: cpoker252 folded on the Flop
Seat 9: zanozaN1 folded before Flop (didn't bet)



