PokerStars Hand #234226125413:  Hold'em No Limit ($0.01/$0.02 USD) - 2022/02/19 23:26:23 PT [2022/02/20 2:26:23 ET]
Table 'Telephus V' 9-max Seat #9 is the button
Seat 2: sergey76576 ($2.63 in chips) 
Seat 3: Har Meggido21 ($1.62 in chips) 
Seat 5: Ben Grymm ($1.37 in chips) 
Seat 6: Dorex2007 ($2 in chips) 
Seat 7: SqUi5Hy ($2 in chips) 
Seat 8: Freed-zero ($1.20 in chips) 
Seat 9: Blvnyfa ($4.88 in chips) 
sergey76576: posts small blind $0.01
Har Meggido21: posts big blind $0.02
Dorex2007: posts big blind $0.02
SqUi5Hy: posts big blind $0.02
Freed-zero: posts big blind $0.02
sergey76576: posts the ante $0.01
Har Meggido21: posts the ante $0.01
Ben Grymm: posts the ante $0.01
Dorex2007: posts the ante $0.01
SqUi5Hy: posts the ante $0.01
Freed-zero: posts the ante $0.01
Blvnyfa: posts the ante $0.01
*** HOLE CARDS ***
Dealt to Dorex2007 [Ts 5d]
Ben Grymm: folds 
Dorex2007: checks 
SqUi5Hy: checks 
Freed-zero: raises $1.17 to $1.19 and is all-in
Blvnyfa: folds 
sergey76576: folds 
Har Meggido21: calls $1.17
Dorex2007: folds 
SqUi5Hy: folds 
*** FLOP *** [Kc 7h 8d]
*** TURN *** [Kc 7h 8d] [2c]
*** RIVER *** [Kc 7h 8d 2c] [7c]
*** SHOW DOWN ***
Har Meggido21: shows [As Th] (a pair of Sevens)
Freed-zero: shows [Ah Qh] (a pair of Sevens - Ace+King+Queen kicker)
Freed-zero collected $2.41 from pot
*** SUMMARY ***
Total pot $2.50 | Rake $0.09 
Board [Kc 7h 8d 2c 7c]
Seat 2: sergey76576 (small blind) folded before Flop
Seat 3: Har Meggido21 (big blind) showed [As Th] and lost with a pair of Sevens
Seat 5: Ben Grymm folded before Flop (didn't bet)
Seat 6: Dorex2007 folded before Flop (didn't bet)
Seat 7: SqUi5Hy folded before Flop (didn't bet)
Seat 8: Freed-zero showed [Ah Qh] and won ($2.41) with a pair of Sevens
Seat 9: Blvnyfa (button) folded before Flop (didn't bet)



PokerStars Hand #234226130193:  Hold'em No Limit ($0.01/$0.02 USD) - 2022/02/19 23:26:51 PT [2022/02/20 2:26:51 ET]
Table 'Telephus V' 9-max Seat #2 is the button
Seat 2: sergey76576 ($2.61 in chips) 
Seat 3: Har Meggido21 ($0.42 in chips) 
Seat 5: Ben Grymm ($1.36 in chips) 
Seat 6: Dorex2007 ($2 in chips) 
Seat 7: SqUi5Hy ($1.97 in chips) 
Seat 8: Freed-zero ($2.41 in chips) 
Seat 9: Blvnyfa ($4.87 in chips) 
Har Meggido21: posts small blind $0.01
Ben Grymm: posts big blind $0.02
sergey76576: posts the ante $0.01
Har Meggido21: posts the ante $0.01
Ben Grymm: posts the ante $0.01
Dorex2007: posts the ante $0.01
SqUi5Hy: posts the ante $0.01
Freed-zero: posts the ante $0.01
Blvnyfa: posts the ante $0.01
*** HOLE CARDS ***
Dealt to Dorex2007 [As 9s]
Dorex2007: raises $0.04 to $0.06
SqUi5Hy: calls $0.06
Freed-zero: folds 
Blvnyfa: folds 
sergey76576: calls $0.06
Har Meggido21: raises $0.35 to $0.41 and is all-in
Ben Grymm: folds 
Dorex2007: calls $0.35
SqUi5Hy: folds 
sergey76576: calls $0.35
*** FLOP *** [Kc 6d Td]
Dorex2007: checks 
sergey76576: checks 
*** TURN *** [Kc 6d Td] [Ac]
Dorex2007: bets $1.33
sergey76576: folds 
Uncalled bet ($1.33) returned to Dorex2007
*** RIVER *** [Kc 6d Td Ac] [5c]
RF Odin joins the table at seat #1 
*** SHOW DOWN ***
Har Meggido21: shows [Ah 4c] (a pair of Aces)
Dorex2007: shows [As 9s] (a pair of Aces - King+Ten+Nine kicker)
Dorex2007 collected $1.33 from pot
*** SUMMARY ***
Total pot $1.38 | Rake $0.05 
Board [Kc 6d Td Ac 5c]
Seat 2: sergey76576 (button) folded on the Turn
Seat 3: Har Meggido21 (small blind) showed [Ah 4c] and lost with a pair of Aces
Seat 5: Ben Grymm (big blind) folded before Flop
Seat 6: Dorex2007 showed [As 9s] and won ($1.33) with a pair of Aces
Seat 7: SqUi5Hy folded before Flop
Seat 8: Freed-zero folded before Flop (didn't bet)
Seat 9: Blvnyfa folded before Flop (didn't bet)



PokerStars Hand #234226137801:  Hold'em No Limit ($0.01/$0.02 USD) - 2022/02/19 23:27:37 PT [2022/02/20 2:27:37 ET]
Table 'Telephus V' 9-max Seat #5 is the button
Seat 2: sergey76576 ($2.19 in chips) 
Seat 5: Ben Grymm ($1.33 in chips) 
Seat 6: Dorex2007 ($2.91 in chips) 
Seat 7: SqUi5Hy ($1.90 in chips) 
Seat 8: Freed-zero ($2.40 in chips) 
Seat 9: Blvnyfa ($4.86 in chips) 
Dorex2007: posts small blind $0.01
SqUi5Hy: posts big blind $0.02
RF Odin: sits out 
sergey76576: posts the ante $0.01
Ben Grymm: posts the ante $0.01
Dorex2007: posts the ante $0.01
SqUi5Hy: posts the ante $0.01
Freed-zero: posts the ante $0.01
Blvnyfa: posts the ante $0.01
*** HOLE CARDS ***
Dealt to Dorex2007 [8s Kd]
Freed-zero: raises $0.02 to $0.04
Blvnyfa: folds 
sergey76576: calls $0.04
RF Odin leaves the table
Ben Grymm: calls $0.04
Dorex2007: folds 
SqUi5Hy: calls $0.02
*** FLOP *** [6h Jc 3d]
SqUi5Hy: checks 
Freed-zero: checks 
sergey76576: checks 
Ben Grymm: checks 
*** TURN *** [6h Jc 3d] [4c]
SqUi5Hy: bets $0.22
Freed-zero: folds 
sergey76576: folds 
Ben Grymm: calls $0.22
*** RIVER *** [6h Jc 3d 4c] [Th]
SqUi5Hy: bets $0.33
Ben Grymm: folds 
Uncalled bet ($0.33) returned to SqUi5Hy
SqUi5Hy collected $0.65 from pot
SqUi5Hy: doesn't show hand 
*** SUMMARY ***
Total pot $0.67 | Rake $0.02 
Board [6h Jc 3d 4c Th]
Seat 2: sergey76576 folded on the Turn
Seat 5: Ben Grymm (button) folded on the River
Seat 6: Dorex2007 (small blind) folded before Flop
Seat 7: SqUi5Hy (big blind) collected ($0.65)
Seat 8: Freed-zero folded on the Turn
Seat 9: Blvnyfa folded before Flop (didn't bet)



PokerStars Hand #234226147968:  Hold'em No Limit ($0.01/$0.02 USD) - 2022/02/19 23:28:37 PT [2022/02/20 2:28:37 ET]
Table 'Telephus V' 9-max Seat #6 is the button
Seat 2: sergey76576 ($2.14 in chips) 
Seat 3: Har Meggido21 ($2 in chips) 
Seat 5: Ben Grymm ($1.06 in chips) 
Seat 6: Dorex2007 ($2.89 in chips) 
Seat 7: SqUi5Hy ($2.28 in chips) 
Seat 8: Freed-zero ($2.35 in chips) 
Seat 9: Blvnyfa ($4.85 in chips) 
SqUi5Hy: posts small blind $0.01
Freed-zero: posts big blind $0.02
sergey76576: posts the ante $0.01
Har Meggido21: posts the ante $0.01
Ben Grymm: posts the ante $0.01
Dorex2007: posts the ante $0.01
SqUi5Hy: posts the ante $0.01
Freed-zero: posts the ante $0.01
Blvnyfa: posts the ante $0.01
*** HOLE CARDS ***
Dealt to Dorex2007 [8d 7d]
Blvnyfa: folds 
sergey76576: calls $0.02
Har Meggido21: calls $0.02
Ben Grymm: folds 
Dorex2007: folds 
SqUi5Hy: calls $0.01
Freed-zero: checks 
*** FLOP *** [Ks Ac 8s]
SqUi5Hy: checks 
Freed-zero: checks 
sergey76576: checks 
Har Meggido21: checks 
*** TURN *** [Ks Ac 8s] [9d]
SqUi5Hy: bets $0.24
Freed-zero: folds 
sergey76576: calls $0.24
Har Meggido21: folds 
*** RIVER *** [Ks Ac 8s 9d] [Td]
SqUi5Hy: bets $0.31
sergey76576: raises $1.23 to $1.54
SqUi5Hy: calls $1.23
*** SHOW DOWN ***
sergey76576: shows [Ts 9h] (two pair, Tens and Nines)
SqUi5Hy: mucks hand 
sergey76576 collected $3.58 from pot
*** SUMMARY ***
Total pot $3.71 | Rake $0.13 
Board [Ks Ac 8s 9d Td]
Seat 2: sergey76576 showed [Ts 9h] and won ($3.58) with two pair, Tens and Nines
Seat 3: Har Meggido21 folded on the Turn
Seat 5: Ben Grymm folded before Flop (didn't bet)
Seat 6: Dorex2007 (button) folded before Flop (didn't bet)
Seat 7: SqUi5Hy (small blind) mucked [Ah 7h]
Seat 8: Freed-zero (big blind) folded on the Turn
Seat 9: Blvnyfa folded before Flop (didn't bet)



PokerStars Hand #234226154876:  Hold'em No Limit ($0.01/$0.02 USD) - 2022/02/19 23:29:18 PT [2022/02/20 2:29:18 ET]
Table 'Telephus V' 9-max Seat #7 is the button
Seat 2: sergey76576 ($3.91 in chips) 
Seat 3: Har Meggido21 ($1.97 in chips) 
Seat 5: Ben Grymm ($1.05 in chips) 
Seat 6: Dorex2007 ($2.88 in chips) 
Seat 7: SqUi5Hy ($0.47 in chips) 
Seat 8: Freed-zero ($2.32 in chips) 
Seat 9: Blvnyfa ($4.84 in chips) 
Freed-zero: posts small blind $0.01
Blvnyfa: posts big blind $0.02
sergey76576: posts the ante $0.01
Har Meggido21: posts the ante $0.01
Ben Grymm: posts the ante $0.01
Dorex2007: posts the ante $0.01
SqUi5Hy: posts the ante $0.01
Freed-zero: posts the ante $0.01
Blvnyfa: posts the ante $0.01
*** HOLE CARDS ***
Dealt to Dorex2007 [5h Ac]
sergey76576: calls $0.02
Har Meggido21: calls $0.02
Ben Grymm: folds 
Dorex2007: folds 
SqUi5Hy: folds 
SqUi5Hy leaves the table
Freed-zero: raises $0.18 to $0.20
Blvnyfa: folds 
sergey76576: calls $0.18
Har Meggido21: folds 
*** FLOP *** [7h 8h Th]
Freed-zero: bets $0.49
sergey76576: folds 
Uncalled bet ($0.49) returned to Freed-zero
Freed-zero collected $0.49 from pot
*** SUMMARY ***
Total pot $0.51 | Rake $0.02 
Board [7h 8h Th]
Seat 2: sergey76576 folded on the Flop
Seat 3: Har Meggido21 folded before Flop
Seat 5: Ben Grymm folded before Flop (didn't bet)
Seat 6: Dorex2007 folded before Flop (didn't bet)
Seat 7: SqUi5Hy (button) folded before Flop (didn't bet)
Seat 8: Freed-zero (small blind) collected ($0.49)
Seat 9: Blvnyfa (big blind) folded before Flop



PokerStars Hand #234226159510:  Hold'em No Limit ($0.01/$0.02 USD) - 2022/02/19 23:29:46 PT [2022/02/20 2:29:46 ET]
Table 'Telephus V' 9-max Seat #8 is the button
Seat 2: sergey76576 ($3.70 in chips) 
Seat 3: Har Meggido21 ($1.94 in chips) 
Seat 5: Ben Grymm ($1.04 in chips) 
Seat 6: Dorex2007 ($2.87 in chips) 
Seat 8: Freed-zero ($2.60 in chips) 
Seat 9: Blvnyfa ($4.81 in chips) 
Blvnyfa: posts small blind $0.01
sergey76576: posts big blind $0.02
sergey76576: posts the ante $0.01
Har Meggido21: posts the ante $0.01
Ben Grymm: posts the ante $0.01
Dorex2007: posts the ante $0.01
Freed-zero: posts the ante $0.01
Blvnyfa: posts the ante $0.01
*** HOLE CARDS ***
Dealt to Dorex2007 [Qd Ks]
Har Meggido21: calls $0.02
Ben Grymm: calls $0.02
Dorex2007: raises $0.04 to $0.06
Freed-zero: folds 
Blvnyfa: folds 
sergey76576: calls $0.04
Har Meggido21: folds 
Ben Grymm: calls $0.04
*** FLOP *** [Jh 9c 9d]
sergey76576: checks 
Ben Grymm: checks 
Dorex2007: checks 
*** TURN *** [Jh 9c 9d] [As]
sergey76576: checks 
Ben Grymm: checks 
Dorex2007: checks 
*** RIVER *** [Jh 9c 9d As] [4d]
sergey76576: checks 
Ben Grymm: checks 
Dorex2007: bets $0.17
sergey76576: folds 
Ben Grymm: folds 
Uncalled bet ($0.17) returned to Dorex2007
Dorex2007 collected $0.26 from pot
Dorex2007: doesn't show hand 
*** SUMMARY ***
Total pot $0.27 | Rake $0.01 
Board [Jh 9c 9d As 4d]
Seat 2: sergey76576 (big blind) folded on the River
Seat 3: Har Meggido21 folded before Flop
Seat 5: Ben Grymm folded on the River
Seat 6: Dorex2007 collected ($0.26)
Seat 8: Freed-zero (button) folded before Flop (didn't bet)
Seat 9: Blvnyfa (small blind) folded before Flop



PokerStars Hand #234226168540:  Hold'em No Limit ($0.01/$0.02 USD) - 2022/02/19 23:30:40 PT [2022/02/20 2:30:40 ET]
Table 'Telephus V' 9-max Seat #9 is the button
Seat 2: sergey76576 ($3.63 in chips) 
Seat 3: Har Meggido21 ($1.91 in chips) 
Seat 5: Ben Grymm ($0.97 in chips) 
Seat 6: Dorex2007 ($3.06 in chips) 
Seat 8: Freed-zero ($2.59 in chips) 
Seat 9: Blvnyfa ($4.79 in chips) 
sergey76576: posts small blind $0.01
Har Meggido21: posts big blind $0.02
sergey76576: posts the ante $0.01
Har Meggido21: posts the ante $0.01
Ben Grymm: posts the ante $0.01
Dorex2007: posts the ante $0.01
Freed-zero: posts the ante $0.01
Blvnyfa: posts the ante $0.01
*** HOLE CARDS ***
Dealt to Dorex2007 [Jd 6h]
Ben Grymm: calls $0.02
Dorex2007: folds 
Freed-zero: folds 
Blvnyfa: folds 
sergey76576: calls $0.01
Har Meggido21: checks 
*** FLOP *** [4h Ks 5s]
sergey76576: checks 
Har Meggido21: bets $0.02
73dmitro73 joins the table at seat #7 
Ben Grymm: calls $0.02
sergey76576: calls $0.02
*** TURN *** [4h Ks 5s] [Jh]
sergey76576: checks 
Har Meggido21: bets $0.09
Ben Grymm: folds 
sergey76576: folds 
Uncalled bet ($0.09) returned to Har Meggido21
Har Meggido21 collected $0.17 from pot
Har Meggido21: doesn't show hand 
*** SUMMARY ***
Total pot $0.18 | Rake $0.01 
Board [4h Ks 5s Jh]
Seat 2: sergey76576 (small blind) folded on the Turn
Seat 3: Har Meggido21 (big blind) collected ($0.17)
Seat 5: Ben Grymm folded on the Turn
Seat 6: Dorex2007 folded before Flop (didn't bet)
Seat 8: Freed-zero folded before Flop (didn't bet)
Seat 9: Blvnyfa (button) folded before Flop (didn't bet)



PokerStars Hand #234226175377:  Hold'em No Limit ($0.01/$0.02 USD) - 2022/02/19 23:31:20 PT [2022/02/20 2:31:20 ET]
Table 'Telephus V' 9-max Seat #2 is the button
Seat 2: sergey76576 ($3.58 in chips) 
Seat 3: Har Meggido21 ($2.03 in chips) 
Seat 5: Ben Grymm ($0.92 in chips) 
Seat 6: Dorex2007 ($3.05 in chips) 
Seat 8: Freed-zero ($2.58 in chips) 
Seat 9: Blvnyfa ($4.78 in chips) 
Har Meggido21: posts small blind $0.01
Ben Grymm: posts big blind $0.02
73dmitro73: sits out 
sergey76576: posts the ante $0.01
Har Meggido21: posts the ante $0.01
Ben Grymm: posts the ante $0.01
Dorex2007: posts the ante $0.01
Freed-zero: posts the ante $0.01
Blvnyfa: posts the ante $0.01
*** HOLE CARDS ***
Dealt to Dorex2007 [Ah Qd]
Dorex2007: raises $0.04 to $0.06
Freed-zero: calls $0.06
Blvnyfa: folds 
sergey76576: folds 
Har Meggido21: calls $0.05
Ben Grymm: folds 
*** FLOP *** [2d Jh 8d]
Har Meggido21: checks 
Dorex2007: checks 
Freed-zero: bets $0.10
Har Meggido21: folds 
Dorex2007: folds 
Uncalled bet ($0.10) returned to Freed-zero
Freed-zero collected $0.25 from pot
*** SUMMARY ***
Total pot $0.26 | Rake $0.01 
Board [2d Jh 8d]
Seat 2: sergey76576 (button) folded before Flop (didn't bet)
Seat 3: Har Meggido21 (small blind) folded on the Flop
Seat 5: Ben Grymm (big blind) folded before Flop
Seat 6: Dorex2007 folded on the Flop
Seat 8: Freed-zero collected ($0.25)
Seat 9: Blvnyfa folded before Flop (didn't bet)



PokerStars Hand #234226182927:  Hold'em No Limit ($0.01/$0.02 USD) - 2022/02/19 23:32:04 PT [2022/02/20 2:32:04 ET]
Table 'Telephus V' 9-max Seat #3 is the button
Seat 2: sergey76576 ($3.57 in chips) 
Seat 3: Har Meggido21 ($1.96 in chips) 
Seat 5: Ben Grymm ($0.89 in chips) 
Seat 6: Dorex2007 ($2.98 in chips) 
Seat 8: Freed-zero ($2.76 in chips) 
Seat 9: Blvnyfa ($4.77 in chips) 
Ben Grymm: posts small blind $0.01
Dorex2007: posts big blind $0.02
73dmitro73: sits out 
sergey76576: posts the ante $0.01
Har Meggido21: posts the ante $0.01
Ben Grymm: posts the ante $0.01
Dorex2007: posts the ante $0.01
Freed-zero: posts the ante $0.01
Blvnyfa: posts the ante $0.01
*** HOLE CARDS ***
Dealt to Dorex2007 [6h Kd]
Freed-zero: raises $0.08 to $0.10
aslanturc joins the table at seat #1 
Blvnyfa: folds 
sergey76576: folds 
Har Meggido21: folds 
Ben Grymm: calls $0.09
Dorex2007: folds 
*** FLOP *** [2s 2h 8s]
Ben Grymm: checks 
Freed-zero: bets $0.27
Ben Grymm: folds 
Uncalled bet ($0.27) returned to Freed-zero
Freed-zero collected $0.27 from pot
*** SUMMARY ***
Total pot $0.28 | Rake $0.01 
Board [2s 2h 8s]
Seat 2: sergey76576 folded before Flop (didn't bet)
Seat 3: Har Meggido21 (button) folded before Flop (didn't bet)
Seat 5: Ben Grymm (small blind) folded on the Flop
Seat 6: Dorex2007 (big blind) folded before Flop
Seat 8: Freed-zero collected ($0.27)
Seat 9: Blvnyfa folded before Flop (didn't bet)



PokerStars Hand #234226188017:  Hold'em No Limit ($0.01/$0.02 USD) - 2022/02/19 23:32:34 PT [2022/02/20 2:32:34 ET]
Table 'Telephus V' 9-max Seat #5 is the button
Seat 2: sergey76576 ($3.56 in chips) 
Seat 3: Har Meggido21 ($1.95 in chips) 
Seat 5: Ben Grymm ($0.78 in chips) 
Seat 6: Dorex2007 ($2.95 in chips) 
Seat 7: 73dmitro73 ($1.60 in chips) 
Seat 8: Freed-zero ($2.92 in chips) 
Seat 9: Blvnyfa ($4.76 in chips) 
Dorex2007: posts small blind $0.01
73dmitro73: posts big blind $0.02
aslanturc: sits out 
sergey76576: posts the ante $0.01
Har Meggido21: posts the ante $0.01
Ben Grymm: posts the ante $0.01
Dorex2007: posts the ante $0.01
73dmitro73: posts the ante $0.01
Freed-zero: posts the ante $0.01
Blvnyfa: posts the ante $0.01
*** HOLE CARDS ***
Dealt to Dorex2007 [7d Ad]
Freed-zero: folds 
Blvnyfa: raises $0.12 to $0.14
sergey76576: folds 
Har Meggido21: folds 
Ben Grymm: folds 
Dorex2007: folds 
73dmitro73: folds 
Uncalled bet ($0.12) returned to Blvnyfa
Blvnyfa collected $0.12 from pot
Blvnyfa: doesn't show hand 
*** SUMMARY ***
Total pot $0.12 | Rake $0 
Seat 2: sergey76576 folded before Flop (didn't bet)
Seat 3: Har Meggido21 folded before Flop (didn't bet)
Seat 5: Ben Grymm (button) folded before Flop (didn't bet)
Seat 6: Dorex2007 (small blind) folded before Flop
Seat 7: 73dmitro73 (big blind) folded before Flop
Seat 8: Freed-zero folded before Flop (didn't bet)
Seat 9: Blvnyfa collected ($0.12)



PokerStars Hand #234226190850:  Hold'em No Limit ($0.01/$0.02 USD) - 2022/02/19 23:32:51 PT [2022/02/20 2:32:51 ET]
Table 'Telephus V' 9-max Seat #6 is the button
Seat 2: sergey76576 ($3.55 in chips) 
Seat 3: Har Meggido21 ($1.94 in chips) 
Seat 5: Ben Grymm ($0.77 in chips) 
Seat 6: Dorex2007 ($2.93 in chips) 
Seat 7: 73dmitro73 ($1.57 in chips) 
Seat 8: Freed-zero ($2.91 in chips) 
Seat 9: Blvnyfa ($4.85 in chips) 
73dmitro73: posts small blind $0.01
Freed-zero: posts big blind $0.02
aslanturc: sits out 
sergey76576: posts the ante $0.01
Har Meggido21: posts the ante $0.01
Ben Grymm: posts the ante $0.01
Dorex2007: posts the ante $0.01
73dmitro73: posts the ante $0.01
Freed-zero: posts the ante $0.01
Blvnyfa: posts the ante $0.01
*** HOLE CARDS ***
Dealt to Dorex2007 [3h 5s]
Blvnyfa: folds 
sergey76576: calls $0.02
Har Meggido21: calls $0.02
aslanturc leaves the table
Ben Grymm: folds 
Dorex2007: folds 
73dmitro73: calls $0.01
Freed-zero: checks 
*** FLOP *** [As 4s 2h]
73dmitro73: checks 
Freed-zero: checks 
sergey76576: checks 
Har Meggido21: bets $0.14
73dmitro73: folds 
Freed-zero: folds 
sergey76576: calls $0.14
*** TURN *** [As 4s 2h] [Td]
sergey76576: checks 
Har Meggido21: checks 
*** RIVER *** [As 4s 2h Td] [7s]
sergey76576: checks 
Har Meggido21: checks 
*** SHOW DOWN ***
sergey76576: shows [Js Jh] (a pair of Jacks)
Har Meggido21: mucks hand 
sergey76576 collected $0.41 from pot
*** SUMMARY ***
Total pot $0.43 | Rake $0.02 
Board [As 4s 2h Td 7s]
Seat 2: sergey76576 showed [Js Jh] and won ($0.41) with a pair of Jacks
Seat 3: Har Meggido21 mucked [4d Kc]
Seat 5: Ben Grymm folded before Flop (didn't bet)
Seat 6: Dorex2007 (button) folded before Flop (didn't bet)
Seat 7: 73dmitro73 (small blind) folded on the Flop
Seat 8: Freed-zero (big blind) folded on the Flop
Seat 9: Blvnyfa folded before Flop (didn't bet)



PokerStars Hand #234226198962:  Hold'em No Limit ($0.01/$0.02 USD) - 2022/02/19 23:33:38 PT [2022/02/20 2:33:38 ET]
Table 'Telephus V' 9-max Seat #7 is the button
Seat 2: sergey76576 ($3.79 in chips) 
Seat 3: Har Meggido21 ($1.77 in chips) 
Seat 5: Ben Grymm ($0.76 in chips) 
Seat 6: Dorex2007 ($2.92 in chips) 
Seat 7: 73dmitro73 ($1.54 in chips) 
Seat 8: Freed-zero ($2.88 in chips) 
Seat 9: Blvnyfa ($4.84 in chips) 
Freed-zero: posts small blind $0.01
Blvnyfa: posts big blind $0.02
sergey76576: posts the ante $0.01
Har Meggido21: posts the ante $0.01
Ben Grymm: posts the ante $0.01
Dorex2007: posts the ante $0.01
73dmitro73: posts the ante $0.01
Freed-zero: posts the ante $0.01
Blvnyfa: posts the ante $0.01
*** HOLE CARDS ***
Dealt to Dorex2007 [7h 2s]
sergey76576: calls $0.02
Har Meggido21: calls $0.02
Ben Grymm: folds 
Dorex2007: folds 
73dmitro73: folds 
Freed-zero: folds 
Blvnyfa: raises $0.12 to $0.14
sergey76576: calls $0.12
Har Meggido21: folds 
*** FLOP *** [Qh 2d 9s]
Blvnyfa: bets $0.19
sergey76576: calls $0.19
*** TURN *** [Qh 2d 9s] [7c]
Blvnyfa: bets $0.37
sergey76576: folds 
Uncalled bet ($0.37) returned to Blvnyfa
Blvnyfa collected $0.73 from pot
Blvnyfa: doesn't show hand 
*** SUMMARY ***
Total pot $0.76 | Rake $0.03 
Board [Qh 2d 9s 7c]
Seat 2: sergey76576 folded on the Turn
Seat 3: Har Meggido21 folded before Flop
Seat 5: Ben Grymm folded before Flop (didn't bet)
Seat 6: Dorex2007 folded before Flop (didn't bet)
Seat 7: 73dmitro73 (button) folded before Flop (didn't bet)
Seat 8: Freed-zero (small blind) folded before Flop
Seat 9: Blvnyfa (big blind) collected ($0.73)



PokerStars Hand #234226206534:  Hold'em No Limit ($0.01/$0.02 USD) - 2022/02/19 23:34:23 PT [2022/02/20 2:34:23 ET]
Table 'Telephus V' 9-max Seat #8 is the button
Seat 2: sergey76576 ($3.45 in chips) 
Seat 3: Har Meggido21 ($1.74 in chips) 
Seat 5: Ben Grymm ($0.75 in chips) 
Seat 6: Dorex2007 ($2.91 in chips) 
Seat 7: 73dmitro73 ($1.53 in chips) 
Seat 8: Freed-zero ($2.86 in chips) 
Seat 9: Blvnyfa ($5.23 in chips) 
Blvnyfa: posts small blind $0.01
sergey76576: posts big blind $0.02
sergey76576: posts the ante $0.01
Har Meggido21: posts the ante $0.01
Ben Grymm: posts the ante $0.01
Dorex2007: posts the ante $0.01
73dmitro73: posts the ante $0.01
Freed-zero: posts the ante $0.01
Blvnyfa: posts the ante $0.01
*** HOLE CARDS ***
Dealt to Dorex2007 [Ts 3d]
MePcieM joins the table at seat #1 
Har Meggido21: calls $0.02
Ben Grymm: folds 
Dorex2007: folds 
73dmitro73: folds 
Freed-zero: folds 
Blvnyfa: folds 
sergey76576: checks 
*** FLOP *** [9d 2s Qs]
sergey76576: checks 
Har Meggido21: checks 
*** TURN *** [9d 2s Qs] [2d]
sergey76576: checks 
Har Meggido21: checks 
*** RIVER *** [9d 2s Qs 2d] [Ah]
sergey76576: checks 
Har Meggido21: checks 
*** SHOW DOWN ***
sergey76576: shows [6s 5s] (a pair of Deuces)
Har Meggido21: shows [Kh 8h] (a pair of Deuces - Ace+King kicker)
Har Meggido21 collected $0.12 from pot
*** SUMMARY ***
Total pot $0.12 | Rake $0 
Board [9d 2s Qs 2d Ah]
Seat 2: sergey76576 (big blind) showed [6s 5s] and lost with a pair of Deuces
Seat 3: Har Meggido21 showed [Kh 8h] and won ($0.12) with a pair of Deuces
Seat 5: Ben Grymm folded before Flop (didn't bet)
Seat 6: Dorex2007 folded before Flop (didn't bet)
Seat 7: 73dmitro73 folded before Flop (didn't bet)
Seat 8: Freed-zero (button) folded before Flop (didn't bet)
Seat 9: Blvnyfa (small blind) folded before Flop



PokerStars Hand #234226212013:  Hold'em No Limit ($0.01/$0.02 USD) - 2022/02/19 23:34:54 PT [2022/02/20 2:34:54 ET]
Table 'Telephus V' 9-max Seat #9 is the button
Seat 2: sergey76576 ($3.42 in chips) 
Seat 3: Har Meggido21 ($1.83 in chips) 
Seat 5: Ben Grymm ($0.74 in chips) 
Seat 6: Dorex2007 ($2.90 in chips) 
Seat 7: 73dmitro73 ($1.52 in chips) 
Seat 8: Freed-zero ($2.85 in chips) 
Seat 9: Blvnyfa ($5.21 in chips) 
sergey76576: posts small blind $0.01
Har Meggido21: posts big blind $0.02
sergey76576: posts the ante $0.01
Har Meggido21: posts the ante $0.01
Ben Grymm: posts the ante $0.01
Dorex2007: posts the ante $0.01
73dmitro73: posts the ante $0.01
Freed-zero: posts the ante $0.01
Blvnyfa: posts the ante $0.01
*** HOLE CARDS ***
Dealt to Dorex2007 [8s 2c]
Ben Grymm: calls $0.02
Dorex2007: folds 
73dmitro73: calls $0.02
Freed-zero: raises $0.18 to $0.20
Blvnyfa: folds 
sergey76576: calls $0.19
Har Meggido21: folds 
Ben Grymm: calls $0.18
73dmitro73: folds 
*** FLOP *** [5c 7d Jh]
sergey76576: checks 
Ben Grymm: bets $0.53 and is all-in
Freed-zero: calls $0.53
sergey76576: folds 
*** TURN *** [5c 7d Jh] [Ac]
*** RIVER *** [5c 7d Jh Ac] [Kd]
*** SHOW DOWN ***
Ben Grymm: shows [Kc Jc] (two pair, Kings and Jacks)
Freed-zero: shows [8c Ad] (a pair of Aces)
Ben Grymm collected $1.71 from pot
*** SUMMARY ***
Total pot $1.77 | Rake $0.06 
Board [5c 7d Jh Ac Kd]
Seat 2: sergey76576 (small blind) folded on the Flop
Seat 3: Har Meggido21 (big blind) folded before Flop
Seat 5: Ben Grymm showed [Kc Jc] and won ($1.71) with two pair, Kings and Jacks
Seat 6: Dorex2007 folded before Flop (didn't bet)
Seat 7: 73dmitro73 folded before Flop
Seat 8: Freed-zero showed [8c Ad] and lost with a pair of Aces
Seat 9: Blvnyfa (button) folded before Flop (didn't bet)



PokerStars Hand #234226221413:  Hold'em No Limit ($0.01/$0.02 USD) - 2022/02/19 23:35:35 PT [2022/02/20 2:35:35 ET]
Table 'Telephus V' 9-max Seat #2 is the button
Seat 1: MePcieM ($1.31 in chips) 
Seat 2: sergey76576 ($3.21 in chips) 
Seat 3: Har Meggido21 ($1.80 in chips) 
Seat 5: Ben Grymm ($1.71 in chips) 
Seat 6: Dorex2007 ($2.89 in chips) 
Seat 7: 73dmitro73 ($1.49 in chips) 
Seat 8: Freed-zero ($2.11 in chips) 
Seat 9: Blvnyfa ($5.20 in chips) 
Har Meggido21: posts small blind $0.01
Ben Grymm: posts big blind $0.02
MePcieM: posts big blind $0.02
MePcieM: posts the ante $0.01
sergey76576: posts the ante $0.01
Har Meggido21: posts the ante $0.01
Ben Grymm: posts the ante $0.01
Dorex2007: posts the ante $0.01
73dmitro73: posts the ante $0.01
Freed-zero: posts the ante $0.01
Blvnyfa: posts the ante $0.01
*** HOLE CARDS ***
Dealt to Dorex2007 [3h Kc]
Dorex2007: folds 
73dmitro73: folds 
Freed-zero: raises $0.15 to $0.17
Blvnyfa: folds 
MePcieM: folds 
sergey76576: folds 
Har Meggido21: folds 
sergey76576 leaves the table
Ben Grymm: folds 
Uncalled bet ($0.15) returned to Freed-zero
Freed-zero collected $0.15 from pot
*** SUMMARY ***
Total pot $0.15 | Rake $0 
Seat 1: MePcieM folded before Flop (didn't bet)
Seat 2: sergey76576 (button) folded before Flop (didn't bet)
Seat 3: Har Meggido21 (small blind) folded before Flop
Seat 5: Ben Grymm (big blind) folded before Flop
Seat 6: Dorex2007 folded before Flop (didn't bet)
Seat 7: 73dmitro73 folded before Flop (didn't bet)
Seat 8: Freed-zero collected ($0.15)
Seat 9: Blvnyfa folded before Flop (didn't bet)



PokerStars Hand #234226226825:  Hold'em No Limit ($0.01/$0.02 USD) - 2022/02/19 23:36:06 PT [2022/02/20 2:36:06 ET]
Table 'Telephus V' 9-max Seat #3 is the button
Seat 1: MePcieM ($1.28 in chips) 
Seat 3: Har Meggido21 ($1.78 in chips) 
Seat 5: Ben Grymm ($1.68 in chips) 
Seat 6: Dorex2007 ($2.88 in chips) 
Seat 7: 73dmitro73 ($1.48 in chips) 
Seat 9: Blvnyfa ($5.19 in chips) 
Ben Grymm: posts small blind $0.01
Dorex2007: posts big blind $0.02
MePcieM: posts the ante $0.01
Har Meggido21: posts the ante $0.01
Ben Grymm: posts the ante $0.01
Dorex2007: posts the ante $0.01
73dmitro73: posts the ante $0.01
Blvnyfa: posts the ante $0.01
*** HOLE CARDS ***
Dealt to Dorex2007 [Qs Kd]
Freed-zero leaves the table
73dmitro73: folds 
Blvnyfa: raises $0.11 to $0.13
MePcieM: folds 
Har Meggido21: calls $0.13
Ben Grymm: folds 
Dorex2007: folds 
*** FLOP *** [9d 3s 2s]
Blvnyfa: checks 
Har Meggido21: bets $0.34
Blvnyfa: folds 
Uncalled bet ($0.34) returned to Har Meggido21
Har Meggido21 collected $0.34 from pot
Har Meggido21: doesn't show hand 
*** SUMMARY ***
Total pot $0.35 | Rake $0.01 
Board [9d 3s 2s]
Seat 1: MePcieM folded before Flop (didn't bet)
Seat 3: Har Meggido21 (button) collected ($0.34)
Seat 5: Ben Grymm (small blind) folded before Flop
Seat 6: Dorex2007 (big blind) folded before Flop
Seat 7: 73dmitro73 folded before Flop (didn't bet)
Seat 9: Blvnyfa folded on the Flop



PokerStars Hand #234226234253:  Hold'em No Limit ($0.01/$0.02 USD) - 2022/02/19 23:36:49 PT [2022/02/20 2:36:49 ET]
Table 'Telephus V' 9-max Seat #5 is the button
Seat 1: MePcieM ($1.27 in chips) 
Seat 3: Har Meggido21 ($1.98 in chips) 
Seat 5: Ben Grymm ($1.66 in chips) 
Seat 6: Dorex2007 ($2.85 in chips) 
Seat 7: 73dmitro73 ($1.47 in chips) 
Seat 9: Blvnyfa ($5.05 in chips) 
Dorex2007: posts small blind $0.01
73dmitro73: posts big blind $0.02
MePcieM: posts the ante $0.01
Har Meggido21: posts the ante $0.01
Ben Grymm: posts the ante $0.01
Dorex2007: posts the ante $0.01
73dmitro73: posts the ante $0.01
Blvnyfa: posts the ante $0.01
*** HOLE CARDS ***
Dealt to Dorex2007 [9h 4d]
Blvnyfa: folds 
MePcieM: calls $0.02
Har Meggido21: folds 
Ben Grymm: folds 
Dorex2007: folds 
73dmitro73: checks 
*** FLOP *** [Ac 7c Qh]
73dmitro73: checks 
MePcieM: bets $0.04
73dmitro73: folds 
Uncalled bet ($0.04) returned to MePcieM
MePcieM collected $0.11 from pot
*** SUMMARY ***
Total pot $0.11 | Rake $0 
Board [Ac 7c Qh]
Seat 1: MePcieM collected ($0.11)
Seat 3: Har Meggido21 folded before Flop (didn't bet)
Seat 5: Ben Grymm (button) folded before Flop (didn't bet)
Seat 6: Dorex2007 (small blind) folded before Flop
Seat 7: 73dmitro73 (big blind) folded on the Flop
Seat 9: Blvnyfa folded before Flop (didn't bet)



PokerStars Hand #234226238217:  Hold'em No Limit ($0.01/$0.02 USD) - 2022/02/19 23:37:13 PT [2022/02/20 2:37:13 ET]
Table 'Telephus V' 9-max Seat #6 is the button
Seat 1: MePcieM ($1.35 in chips) 
Seat 3: Har Meggido21 ($1.97 in chips) 
Seat 5: Ben Grymm ($1.65 in chips) 
Seat 6: Dorex2007 ($2.83 in chips) 
Seat 7: 73dmitro73 ($1.44 in chips) 
Seat 9: Blvnyfa ($5.04 in chips) 
73dmitro73: posts small blind $0.01
Blvnyfa: posts big blind $0.02
MePcieM: posts the ante $0.01
Har Meggido21: posts the ante $0.01
Ben Grymm: posts the ante $0.01
Dorex2007: posts the ante $0.01
73dmitro73: posts the ante $0.01
Blvnyfa: posts the ante $0.01
*** HOLE CARDS ***
Dealt to Dorex2007 [9h 6c]
MePcieM: calls $0.02
Har Meggido21: calls $0.02
Ben Grymm: folds 
Dorex2007: folds 
73dmitro73: folds 
Blvnyfa: checks 
*** FLOP *** [8h As Ah]
Blvnyfa: checks 
MePcieM: bets $0.02
Har Meggido21: calls $0.02
Blvnyfa: folds 
*** TURN *** [8h As Ah] [Kh]
MePcieM: bets $0.04
Har Meggido21: calls $0.04
*** RIVER *** [8h As Ah Kh] [8c]
MePcieM: bets $0.10
Har Meggido21: raises $1.78 to $1.88 and is all-in
MePcieM: folds 
Uncalled bet ($1.78) returned to Har Meggido21
Har Meggido21 collected $0.43 from pot
Har Meggido21: doesn't show hand 
*** SUMMARY ***
Total pot $0.45 | Rake $0.02 
Board [8h As Ah Kh 8c]
Seat 1: MePcieM folded on the River
Seat 3: Har Meggido21 collected ($0.43)
Seat 5: Ben Grymm folded before Flop (didn't bet)
Seat 6: Dorex2007 (button) folded before Flop (didn't bet)
Seat 7: 73dmitro73 (small blind) folded before Flop
Seat 9: Blvnyfa (big blind) folded on the Flop



PokerStars Hand #234226245160:  Hold'em No Limit ($0.01/$0.02 USD) - 2022/02/19 23:37:53 PT [2022/02/20 2:37:53 ET]
Table 'Telephus V' 9-max Seat #7 is the button
Seat 1: MePcieM ($1.16 in chips) 
Seat 3: Har Meggido21 ($2.21 in chips) 
Seat 5: Ben Grymm ($1.64 in chips) 
Seat 6: Dorex2007 ($2.82 in chips) 
Seat 7: 73dmitro73 ($1.42 in chips) 
Seat 9: Blvnyfa ($5.01 in chips) 
Blvnyfa: posts small blind $0.01
MePcieM: posts big blind $0.02
MePcieM: posts the ante $0.01
Har Meggido21: posts the ante $0.01
Ben Grymm: posts the ante $0.01
Dorex2007: posts the ante $0.01
73dmitro73: posts the ante $0.01
Blvnyfa: posts the ante $0.01
*** HOLE CARDS ***
Dealt to Dorex2007 [7c 2d]
Har Meggido21: calls $0.02
Ben Grymm: folds 
Dorex2007: folds 
73dmitro73: folds 
Blvnyfa: calls $0.01
MePcieM: checks 
*** FLOP *** [6s Jh 2h]
Blvnyfa: checks 
MePcieM: bets $0.02
Har Meggido21: folds 
Blvnyfa: calls $0.02
*** TURN *** [6s Jh 2h] [Kc]
Blvnyfa: bets $0.08
MePcieM: folds 
Uncalled bet ($0.08) returned to Blvnyfa
MePcieM leaves the table
Blvnyfa collected $0.15 from pot
Blvnyfa: doesn't show hand 
*** SUMMARY ***
Total pot $0.16 | Rake $0.01 
Board [6s Jh 2h Kc]
Seat 1: MePcieM (big blind) folded on the Turn
Seat 3: Har Meggido21 folded on the Flop
Seat 5: Ben Grymm folded before Flop (didn't bet)
Seat 6: Dorex2007 folded before Flop (didn't bet)
Seat 7: 73dmitro73 (button) folded before Flop (didn't bet)
Seat 9: Blvnyfa (small blind) collected ($0.15)



PokerStars Hand #234226249773:  Hold'em No Limit ($0.01/$0.02 USD) - 2022/02/19 23:38:20 PT [2022/02/20 2:38:20 ET]
Table 'Telephus V' 9-max Seat #9 is the button
Seat 3: Har Meggido21 ($2.18 in chips) 
Seat 5: Ben Grymm ($1.63 in chips) 
Seat 6: Dorex2007 ($2.81 in chips) 
Seat 7: 73dmitro73 ($1.41 in chips) 
Seat 9: Blvnyfa ($5.11 in chips) 
Har Meggido21: posts small blind $0.01
Ben Grymm: posts big blind $0.02
Har Meggido21: posts the ante $0.01
Ben Grymm: posts the ante $0.01
Dorex2007: posts the ante $0.01
73dmitro73: posts the ante $0.01
Blvnyfa: posts the ante $0.01
*** HOLE CARDS ***
Dealt to Dorex2007 [Th Ts]
Dorex2007: calls $0.02
73dmitro73: folds 
Blvnyfa: folds 
Har Meggido21: calls $0.01
Ben Grymm: checks 
*** FLOP *** [5d 5h 6c]
Har Meggido21: checks 
Ben Grymm: checks 
Dorex2007: bets $0.11
Har Meggido21: folds 
Ben Grymm: folds 
Uncalled bet ($0.11) returned to Dorex2007
Dorex2007 collected $0.11 from pot
Dorex2007: doesn't show hand 
*** SUMMARY ***
Total pot $0.11 | Rake $0 
Board [5d 5h 6c]
Seat 3: Har Meggido21 (small blind) folded on the Flop
Seat 5: Ben Grymm (big blind) folded on the Flop
Seat 6: Dorex2007 collected ($0.11)
Seat 7: 73dmitro73 folded before Flop (didn't bet)
Seat 9: Blvnyfa (button) folded before Flop (didn't bet)



