PokerStars Hand #238017670145:  Hold'em No Limit ($0.05/$0.10 USD) - 2022/08/15 19:29:20 PT [2022/08/15 22:29:20 ET]
Table 'Iguassu III' 9-max Seat #5 is the button
Seat 1: keiffdogg ($9.70 in chips) 
Seat 2: seanypooh ($11.17 in chips) 
Seat 3: GastonLeFort ($10.45 in chips) 
Seat 4: Alcymar ($30.75 in chips) 
Seat 5: Luigiams ($9.02 in chips) 
Seat 7: turcope ($15.72 in chips) 
Seat 8: BOSCOBOT ($10.68 in chips) 
Seat 9: Dorex2007 ($10 in chips) 
turcope: posts small blind $0.05
BOSCOBOT: posts big blind $0.10
Dorex2007: posts big blind $0.10
*** HOLE CARDS ***
Dealt to Dorex2007 [7c 4d]
Dorex2007: checks 
keiffdogg: folds 
seanypooh: raises $0.25 to $0.35
GastonLeFort: folds 
Alcymar: folds 
Luigiams: folds 
turcope: folds 
BOSCOBOT: folds 
Dorex2007: folds 
Uncalled bet ($0.25) returned to seanypooh
seanypooh collected $0.35 from pot
seanypooh: doesn't show hand 
*** SUMMARY ***
Total pot $0.35 | Rake $0 
Seat 1: keiffdogg folded before Flop (didn't bet)
Seat 2: seanypooh collected ($0.35)
Seat 3: GastonLeFort folded before Flop (didn't bet)
Seat 4: Alcymar folded before Flop (didn't bet)
Seat 5: Luigiams (button) folded before Flop (didn't bet)
Seat 7: turcope (small blind) folded before Flop
Seat 8: BOSCOBOT (big blind) folded before Flop
Seat 9: Dorex2007 folded before Flop (didn't bet)



PokerStars Hand #238017675688:  Hold'em No Limit ($0.05/$0.10 USD) - 2022/08/15 19:29:51 PT [2022/08/15 22:29:51 ET]
Table 'Iguassu III' 9-max Seat #7 is the button
Seat 1: keiffdogg ($9.70 in chips) 
Seat 2: seanypooh ($11.42 in chips) 
Seat 3: GastonLeFort ($10.45 in chips) 
Seat 4: Alcymar ($30.75 in chips) 
Seat 5: Luigiams ($9.02 in chips) 
Seat 6: wagneryt ($10 in chips) 
Seat 7: turcope ($15.67 in chips) 
Seat 8: BOSCOBOT ($10.58 in chips) 
Seat 9: Dorex2007 ($10 in chips) 
BOSCOBOT: posts small blind $0.05
Dorex2007: posts big blind $0.10
wagneryt: posts small & big blinds $0.15
*** HOLE CARDS ***
Dealt to Dorex2007 [9s 9d]
keiffdogg: folds 
seanypooh: folds 
GastonLeFort: raises $0.40 to $0.50
Alcymar: folds 
Luigiams: calls $0.50
wagneryt: folds 
turcope: raises $1.50 to $2
BOSCOBOT: folds 
Dorex2007: folds 
GastonLeFort: folds 
Luigiams: raises $7.02 to $9.02 and is all-in
turcope: calls $7.02
*** FLOP *** [Qd Kc 6c]
*** TURN *** [Qd Kc 6c] [7h]
*** RIVER *** [Qd Kc 6c 7h] [Ad]
*** SHOW DOWN ***
Luigiams: shows [Ks Kh] (three of a kind, Kings)
turcope: shows [Ac Kd] (two pair, Aces and Kings)
Luigiams cashed out the hand for $12.47 | Cash Out Fee $0.13
*** SUMMARY ***
Total pot $18.84 | Rake $0.85 
Board [Qd Kc 6c 7h Ad]
Seat 1: keiffdogg folded before Flop (didn't bet)
Seat 2: seanypooh folded before Flop (didn't bet)
Seat 3: GastonLeFort folded before Flop
Seat 4: Alcymar folded before Flop (didn't bet)
Seat 5: Luigiams showed [Ks Kh] and won ($17.99) with three of a kind, Kings (pot not awarded as player cashed out)
Seat 6: wagneryt folded before Flop (didn't bet)
Seat 7: turcope (button) showed [Ac Kd] and lost with two pair, Aces and Kings
Seat 8: BOSCOBOT (small blind) folded before Flop
Seat 9: Dorex2007 (big blind) folded before Flop



PokerStars Hand #238017697760:  Hold'em No Limit ($0.05/$0.10 USD) - 2022/08/15 19:30:45 PT [2022/08/15 22:30:45 ET]
Table 'Iguassu III' 9-max Seat #8 is the button
Seat 1: keiffdogg ($9.70 in chips) 
Seat 2: seanypooh ($11.42 in chips) 
Seat 3: GastonLeFort ($10 in chips) 
Seat 4: Alcymar ($30.75 in chips) 
Seat 5: Luigiams ($12.47 in chips) 
Seat 6: wagneryt ($9.85 in chips) 
Seat 7: turcope ($6.65 in chips) 
Seat 8: BOSCOBOT ($10.53 in chips) 
Seat 9: Dorex2007 ($10 in chips) 
Dorex2007: posts small blind $0.05
keiffdogg: posts big blind $0.10
*** HOLE CARDS ***
Dealt to Dorex2007 [3s 7h]
seanypooh: folds 
GastonLeFort: folds 
Alcymar: folds 
Luigiams: folds 
wagneryt: calls $0.10
turcope: raises $0.35 to $0.45
BOSCOBOT: folds 
Dorex2007: folds 
keiffdogg: folds 
wagneryt: calls $0.35
*** FLOP *** [6s Td 2c]
wagneryt: checks 
turcope: bets $0.50
wagneryt: folds 
Uncalled bet ($0.50) returned to turcope
turcope collected $1 from pot
turcope: doesn't show hand 
*** SUMMARY ***
Total pot $1.05 | Rake $0.05 
Board [6s Td 2c]
Seat 1: keiffdogg (big blind) folded before Flop
Seat 2: seanypooh folded before Flop (didn't bet)
Seat 3: GastonLeFort folded before Flop (didn't bet)
Seat 4: Alcymar folded before Flop (didn't bet)
Seat 5: Luigiams folded before Flop (didn't bet)
Seat 6: wagneryt folded on the Flop
Seat 7: turcope collected ($1)
Seat 8: BOSCOBOT (button) folded before Flop (didn't bet)
Seat 9: Dorex2007 (small blind) folded before Flop



PokerStars Hand #238017706603:  Hold'em No Limit ($0.05/$0.10 USD) - 2022/08/15 19:31:34 PT [2022/08/15 22:31:34 ET]
Table 'Iguassu III' 9-max Seat #9 is the button
Seat 1: keiffdogg ($9.60 in chips) 
Seat 2: seanypooh ($11.42 in chips) 
Seat 3: GastonLeFort ($10 in chips) 
Seat 4: Alcymar ($30.75 in chips) 
Seat 5: Luigiams ($12.47 in chips) 
Seat 6: wagneryt ($9.40 in chips) 
Seat 7: turcope ($7.20 in chips) 
Seat 8: BOSCOBOT ($10.53 in chips) 
Seat 9: Dorex2007 ($10 in chips) 
keiffdogg: posts small blind $0.05
seanypooh: posts big blind $0.10
*** HOLE CARDS ***
Dealt to Dorex2007 [Jc Jd]
GastonLeFort: raises $0.20 to $0.30
Alcymar: folds 
Luigiams: folds 
wagneryt: calls $0.30
turcope: folds 
BOSCOBOT: folds 
Dorex2007: calls $0.30
keiffdogg: folds 
seanypooh: folds 
*** FLOP *** [3d 2d 9d]
GastonLeFort: bets $0.20
wagneryt: folds 
Dorex2007: raises $9.50 to $9.70 and is all-in
GastonLeFort: folds 
Uncalled bet ($9.50) returned to Dorex2007
keiffdogg is disconnected 
Dorex2007 collected $1.38 from pot
Dorex2007: doesn't show hand 
*** SUMMARY ***
Total pot $1.45 | Rake $0.07 
Board [3d 2d 9d]
Seat 1: keiffdogg (small blind) folded before Flop
Seat 2: seanypooh (big blind) folded before Flop
Seat 3: GastonLeFort folded on the Flop
Seat 4: Alcymar folded before Flop (didn't bet)
Seat 5: Luigiams folded before Flop (didn't bet)
Seat 6: wagneryt folded on the Flop
Seat 7: turcope folded before Flop (didn't bet)
Seat 8: BOSCOBOT folded before Flop (didn't bet)
Seat 9: Dorex2007 (button) collected ($1.38)



PokerStars Hand #238017715640:  Hold'em No Limit ($0.05/$0.10 USD) - 2022/08/15 19:32:24 PT [2022/08/15 22:32:24 ET]
Table 'Iguassu III' 9-max Seat #1 is the button
Seat 1: keiffdogg ($9.55 in chips) 
Seat 2: seanypooh ($11.32 in chips) 
Seat 3: GastonLeFort ($10 in chips) 
Seat 4: Alcymar ($30.75 in chips) 
Seat 5: Luigiams ($12.47 in chips) 
Seat 6: wagneryt ($9.10 in chips) 
Seat 7: turcope ($7.20 in chips) 
Seat 8: BOSCOBOT ($10.53 in chips) 
Seat 9: Dorex2007 ($10.88 in chips) 
seanypooh: posts small blind $0.05
GastonLeFort: posts big blind $0.10
*** HOLE CARDS ***
Dealt to Dorex2007 [9h Qh]
Alcymar: folds 
Luigiams: calls $0.10
wagneryt: calls $0.10
turcope: folds 
BOSCOBOT: folds 
Dorex2007: folds 
keiffdogg: folds 
seanypooh: folds 
GastonLeFort: checks 
*** FLOP *** [7h 2s Jd]
GastonLeFort: checks 
Luigiams: checks 
wagneryt: bets $0.33
GastonLeFort: folds 
Luigiams: folds 
Uncalled bet ($0.33) returned to wagneryt
wagneryt collected $0.33 from pot
*** SUMMARY ***
Total pot $0.35 | Rake $0.02 
Board [7h 2s Jd]
Seat 1: keiffdogg (button) folded before Flop (didn't bet)
Seat 2: seanypooh (small blind) folded before Flop
Seat 3: GastonLeFort (big blind) folded on the Flop
Seat 4: Alcymar folded before Flop (didn't bet)
Seat 5: Luigiams folded on the Flop
Seat 6: wagneryt collected ($0.33)
Seat 7: turcope folded before Flop (didn't bet)
Seat 8: BOSCOBOT folded before Flop (didn't bet)
Seat 9: Dorex2007 folded before Flop (didn't bet)



PokerStars Hand #238017727587:  Hold'em No Limit ($0.05/$0.10 USD) - 2022/08/15 19:33:31 PT [2022/08/15 22:33:31 ET]
Table 'Iguassu III' 9-max Seat #2 is the button
Seat 1: keiffdogg ($9.55 in chips) 
Seat 2: seanypooh ($11.27 in chips) 
Seat 3: GastonLeFort ($10 in chips) 
Seat 4: Alcymar ($30.75 in chips) 
Seat 5: Luigiams ($12.37 in chips) 
Seat 6: wagneryt ($9.33 in chips) 
Seat 7: turcope ($7.20 in chips) 
Seat 8: BOSCOBOT ($10.53 in chips) 
Seat 9: Dorex2007 ($10.88 in chips) 
GastonLeFort: posts small blind $0.05
Alcymar: posts big blind $0.10
*** HOLE CARDS ***
Dealt to Dorex2007 [As 3h]
Luigiams: folds 
wagneryt: raises $0.10 to $0.20
turcope: calls $0.20
BOSCOBOT: folds 
Dorex2007: folds 
keiffdogg: folds 
seanypooh: folds 
GastonLeFort: folds 
Alcymar: folds 
*** FLOP *** [Th Kd Ts]
wagneryt: bets $0.26
turcope: calls $0.26
*** TURN *** [Th Kd Ts] [6s]
wagneryt: bets $0.51
turcope: calls $0.51
*** RIVER *** [Th Kd Ts 6s] [5h]
wagneryt: checks 
turcope: checks 
*** SHOW DOWN ***
wagneryt: shows [7d 8d] (a pair of Tens)
turcope: shows [Ks Jh] (two pair, Kings and Tens)
turcope collected $2 from pot
*** SUMMARY ***
Total pot $2.09 | Rake $0.09 
Board [Th Kd Ts 6s 5h]
Seat 1: keiffdogg folded before Flop (didn't bet)
Seat 2: seanypooh (button) folded before Flop (didn't bet)
Seat 3: GastonLeFort (small blind) folded before Flop
Seat 4: Alcymar (big blind) folded before Flop
Seat 5: Luigiams folded before Flop (didn't bet)
Seat 6: wagneryt showed [7d 8d] and lost with a pair of Tens
Seat 7: turcope showed [Ks Jh] and won ($2) with two pair, Kings and Tens
Seat 8: BOSCOBOT folded before Flop (didn't bet)
Seat 9: Dorex2007 folded before Flop (didn't bet)



PokerStars Hand #238017739547:  Hold'em No Limit ($0.05/$0.10 USD) - 2022/08/15 19:34:38 PT [2022/08/15 22:34:38 ET]
Table 'Iguassu III' 9-max Seat #3 is the button
Seat 1: keiffdogg ($9.55 in chips) 
Seat 2: seanypooh ($11.27 in chips) 
Seat 3: GastonLeFort ($10 in chips) 
Seat 5: Luigiams ($12.37 in chips) 
Seat 6: wagneryt ($8.36 in chips) 
Seat 7: turcope ($8.23 in chips) 
Seat 8: BOSCOBOT ($10.53 in chips) 
Seat 9: Dorex2007 ($10.88 in chips) 
Luigiams: posts small blind $0.05
wagneryt: posts big blind $0.10
*** HOLE CARDS ***
Dealt to Dorex2007 [7s 6c]
turcope: folds 
BOSCOBOT: folds 
Dorex2007: folds 
keiffdogg: folds 
seanypooh: folds 
GastonLeFort: folds 
Luigiams: calls $0.05
wagneryt: checks 
*** FLOP *** [4c 3c As]
Luigiams: bets $0.10
wagneryt: raises $0.10 to $0.20
Luigiams: calls $0.10
*** TURN *** [4c 3c As] [7h]
Luigiams: checks 
wagneryt: bets $0.57
Luigiams: folds 
Uncalled bet ($0.57) returned to wagneryt
wagneryt collected $0.57 from pot
*** SUMMARY ***
Total pot $0.60 | Rake $0.03 
Board [4c 3c As 7h]
Seat 1: keiffdogg folded before Flop (didn't bet)
Seat 2: seanypooh folded before Flop (didn't bet)
Seat 3: GastonLeFort (button) folded before Flop (didn't bet)
Seat 5: Luigiams (small blind) folded on the Turn
Seat 6: wagneryt (big blind) collected ($0.57)
Seat 7: turcope folded before Flop (didn't bet)
Seat 8: BOSCOBOT folded before Flop (didn't bet)
Seat 9: Dorex2007 folded before Flop (didn't bet)



PokerStars Hand #238017747307:  Hold'em No Limit ($0.05/$0.10 USD) - 2022/08/15 19:35:22 PT [2022/08/15 22:35:22 ET]
Table 'Iguassu III' 9-max Seat #5 is the button
Seat 1: keiffdogg ($9.55 in chips) 
Seat 2: seanypooh ($11.27 in chips) 
Seat 3: GastonLeFort ($10 in chips) 
Seat 5: Luigiams ($12.07 in chips) 
Seat 6: wagneryt ($8.63 in chips) 
Seat 7: turcope ($8.23 in chips) 
Seat 8: BOSCOBOT ($10.53 in chips) 
Seat 9: Dorex2007 ($10.88 in chips) 
wagneryt: posts small blind $0.05
turcope: posts big blind $0.10
*** HOLE CARDS ***
Dealt to Dorex2007 [4c 9s]
BOSCOBOT: folds 
Dorex2007: folds 
keiffdogg: folds 
seanypooh: raises $0.25 to $0.35
GastonLeFort: folds 
Luigiams: folds 
wagneryt: folds 
turcope: calls $0.25
*** FLOP *** [6c 9h 5c]
turcope: checks 
seanypooh: bets $0.36
turcope: folds 
Uncalled bet ($0.36) returned to seanypooh
seanypooh collected $0.72 from pot
seanypooh: doesn't show hand 
*** SUMMARY ***
Total pot $0.75 | Rake $0.03 
Board [6c 9h 5c]
Seat 1: keiffdogg folded before Flop (didn't bet)
Seat 2: seanypooh collected ($0.72)
Seat 3: GastonLeFort folded before Flop (didn't bet)
Seat 5: Luigiams (button) folded before Flop (didn't bet)
Seat 6: wagneryt (small blind) folded before Flop
Seat 7: turcope (big blind) folded on the Flop
Seat 8: BOSCOBOT folded before Flop (didn't bet)
Seat 9: Dorex2007 folded before Flop (didn't bet)



PokerStars Hand #238017764846:  Hold'em No Limit ($0.05/$0.10 USD) - 2022/08/15 19:36:18 PT [2022/08/15 22:36:18 ET]
Table 'Iguassu III' 9-max Seat #6 is the button
Seat 1: keiffdogg ($9.55 in chips) 
Seat 2: seanypooh ($11.64 in chips) 
Seat 3: GastonLeFort ($10 in chips) 
Seat 5: Luigiams ($12.07 in chips) 
Seat 6: wagneryt ($8.58 in chips) 
Seat 7: turcope ($7.88 in chips) 
Seat 8: BOSCOBOT ($10.53 in chips) 
Seat 9: Dorex2007 ($10.88 in chips) 
turcope: posts small blind $0.05
BOSCOBOT: posts big blind $0.10
Alcymar: sits out 
*** HOLE CARDS ***
Dealt to Dorex2007 [Ts Ks]
Dorex2007: calls $0.10
keiffdogg: folds 
seanypooh: calls $0.10
GastonLeFort: raises $0.50 to $0.60
Luigiams: folds 
wagneryt: folds 
turcope: folds 
BOSCOBOT: folds 
Dorex2007: calls $0.50
seanypooh: calls $0.50
*** FLOP *** [4d 4s 4h]
Dorex2007: checks 
seanypooh: checks 
GastonLeFort: bets $0.37
Dorex2007: calls $0.37
seanypooh: calls $0.37
*** TURN *** [4d 4s 4h] [3c]
Dorex2007: checks 
seanypooh: bets $1.95
GastonLeFort: folds 
Dorex2007: folds 
Uncalled bet ($1.95) returned to seanypooh
seanypooh collected $2.92 from pot
seanypooh: doesn't show hand 
*** SUMMARY ***
Total pot $3.06 | Rake $0.14 
Board [4d 4s 4h 3c]
Seat 1: keiffdogg folded before Flop (didn't bet)
Seat 2: seanypooh collected ($2.92)
Seat 3: GastonLeFort folded on the Turn
Seat 5: Luigiams folded before Flop (didn't bet)
Seat 6: wagneryt (button) folded before Flop (didn't bet)
Seat 7: turcope (small blind) folded before Flop
Seat 8: BOSCOBOT (big blind) folded before Flop
Seat 9: Dorex2007 folded on the Turn



PokerStars Hand #238017782568:  Hold'em No Limit ($0.05/$0.10 USD) - 2022/08/15 19:37:59 PT [2022/08/15 22:37:59 ET]
Table 'Iguassu III' 9-max Seat #7 is the button
Seat 1: keiffdogg ($9.55 in chips) 
Seat 2: seanypooh ($13.59 in chips) 
Seat 3: GastonLeFort ($10 in chips) 
Seat 4: Alcymar ($30.65 in chips) 
Seat 5: Luigiams ($12.07 in chips) 
Seat 6: wagneryt ($8.58 in chips) 
Seat 7: turcope ($7.83 in chips) 
Seat 8: BOSCOBOT ($10.43 in chips) 
Seat 9: Dorex2007 ($10 in chips) 
BOSCOBOT: posts small blind $0.05
Dorex2007: posts big blind $0.10
Alcymar: posts small blind $0.05
*** HOLE CARDS ***
Dealt to Dorex2007 [8h 2c]
keiffdogg: folds 
seanypooh: calls $0.10
GastonLeFort: folds 
Alcymar: folds 
Luigiams: folds 
wagneryt: calls $0.10
turcope: folds 
BOSCOBOT: calls $0.05
Dorex2007: checks 
*** FLOP *** [4h Kd 8d]
BOSCOBOT: checks 
Dorex2007: checks 
seanypooh: checks 
wagneryt: bets $0.21
BOSCOBOT: folds 
keiffdogg is disconnected 
Dorex2007: folds 
seanypooh: folds 
Uncalled bet ($0.21) returned to wagneryt
wagneryt collected $0.43 from pot
*** SUMMARY ***
Total pot $0.45 | Rake $0.02 
Board [4h Kd 8d]
Seat 1: keiffdogg folded before Flop (didn't bet)
Seat 2: seanypooh folded on the Flop
Seat 3: GastonLeFort folded before Flop (didn't bet)
Seat 4: Alcymar folded before Flop (didn't bet)
Seat 5: Luigiams folded before Flop (didn't bet)
Seat 6: wagneryt collected ($0.43)
Seat 7: turcope (button) folded before Flop (didn't bet)
Seat 8: BOSCOBOT (small blind) folded on the Flop
Seat 9: Dorex2007 (big blind) folded on the Flop



PokerStars Hand #238017791121:  Hold'em No Limit ($0.05/$0.10 USD) - 2022/08/15 19:38:48 PT [2022/08/15 22:38:48 ET]
Table 'Iguassu III' 9-max Seat #8 is the button
Seat 2: seanypooh ($13.49 in chips) 
Seat 3: GastonLeFort ($10 in chips) 
Seat 4: Alcymar ($30.60 in chips) 
Seat 5: Luigiams ($12.07 in chips) 
Seat 6: wagneryt ($8.91 in chips) 
Seat 7: turcope ($7.83 in chips) 
Seat 8: BOSCOBOT ($10.33 in chips) 
Seat 9: Dorex2007 ($10 in chips) 
Dorex2007: posts small blind $0.05
keiffdogg has timed out while disconnected
keiffdogg: is sitting out 
seanypooh: posts big blind $0.10
*** HOLE CARDS ***
Dealt to Dorex2007 [4s Tc]
GastonLeFort: folds 
Alcymar: folds 
Luigiams: calls $0.10
wagneryt: folds 
turcope: calls $0.10
BOSCOBOT: folds 
Dorex2007: folds 
seanypooh: checks 
*** FLOP *** [6d 7c Qd]
seanypooh: checks 
Luigiams: checks 
turcope: bets $0.25
seanypooh: folds 
Luigiams: folds 
Uncalled bet ($0.25) returned to turcope
turcope collected $0.33 from pot
turcope: doesn't show hand 
*** SUMMARY ***
Total pot $0.35 | Rake $0.02 
Board [6d 7c Qd]
Seat 2: seanypooh (big blind) folded on the Flop
Seat 3: GastonLeFort folded before Flop (didn't bet)
Seat 4: Alcymar folded before Flop (didn't bet)
Seat 5: Luigiams folded on the Flop
Seat 6: wagneryt folded before Flop (didn't bet)
Seat 7: turcope collected ($0.33)
Seat 8: BOSCOBOT (button) folded before Flop (didn't bet)
Seat 9: Dorex2007 (small blind) folded before Flop



PokerStars Hand #238017799788:  Hold'em No Limit ($0.05/$0.10 USD) - 2022/08/15 19:39:38 PT [2022/08/15 22:39:38 ET]
Table 'Iguassu III' 9-max Seat #9 is the button
Seat 2: seanypooh ($13.39 in chips) 
Seat 3: GastonLeFort ($10 in chips) 
Seat 4: Alcymar ($30.60 in chips) 
Seat 5: Luigiams ($11.97 in chips) 
Seat 6: wagneryt ($8.91 in chips) 
Seat 7: turcope ($8.06 in chips) 
Seat 8: BOSCOBOT ($10.33 in chips) 
Seat 9: Dorex2007 ($10 in chips) 
seanypooh: posts small blind $0.05
GastonLeFort: posts big blind $0.10
*** HOLE CARDS ***
Dealt to Dorex2007 [Td 5d]
Alcymar: folds 
Luigiams: calls $0.10
wagneryt: calls $0.10
turcope: folds 
BOSCOBOT: folds 
Dorex2007: folds 
seanypooh: calls $0.05
GastonLeFort: checks 
*** FLOP *** [3s 3d Js]
seanypooh: checks 
GastonLeFort: checks 
Luigiams: bets $0.20
wagneryt: folds 
seanypooh: raises $0.32 to $0.52
GastonLeFort: folds 
Luigiams: calls $0.32
*** TURN *** [3s 3d Js] [4h]
seanypooh: bets $0.69
Luigiams: calls $0.69
*** RIVER *** [3s 3d Js 4h] [As]
seanypooh: bets $1.79
Luigiams: folds 
Uncalled bet ($1.79) returned to seanypooh
seanypooh collected $2.69 from pot
seanypooh: doesn't show hand 
*** SUMMARY ***
Total pot $2.82 | Rake $0.13 
Board [3s 3d Js 4h As]
Seat 2: seanypooh (small blind) collected ($2.69)
Seat 3: GastonLeFort (big blind) folded on the Flop
Seat 4: Alcymar folded before Flop (didn't bet)
Seat 5: Luigiams folded on the River
Seat 6: wagneryt folded on the Flop
Seat 7: turcope folded before Flop (didn't bet)
Seat 8: BOSCOBOT folded before Flop (didn't bet)
Seat 9: Dorex2007 (button) folded before Flop (didn't bet)



PokerStars Hand #238017817085:  Hold'em No Limit ($0.05/$0.10 USD) - 2022/08/15 19:41:18 PT [2022/08/15 22:41:18 ET]
Table 'Iguassu III' 9-max Seat #2 is the button
Seat 2: seanypooh ($14.77 in chips) 
Seat 3: GastonLeFort ($10 in chips) 
Seat 4: Alcymar ($30.60 in chips) 
Seat 5: Luigiams ($10.66 in chips) 
Seat 6: wagneryt ($8.81 in chips) 
Seat 7: turcope ($8.06 in chips) 
Seat 8: BOSCOBOT ($10.33 in chips) 
Seat 9: Dorex2007 ($10 in chips) 
GastonLeFort: posts small blind $0.05
Alcymar: posts big blind $0.10
keiffdogg is disconnected 
keiffdogg is connected 
keiffdogg: sits out 
*** HOLE CARDS ***
Dealt to Dorex2007 [8h 4d]
Luigiams: raises $0.30 to $0.40
wagneryt: folds 
turcope: raises $0.95 to $1.35
BOSCOBOT: folds 
Dorex2007: folds 
seanypooh: folds 
GastonLeFort: folds 
Alcymar: folds 
Luigiams: calls $0.95
*** FLOP *** [Th Td 7s]
Luigiams: checks 
turcope: bets $2.04
Luigiams: folds 
Uncalled bet ($2.04) returned to turcope
turcope collected $2.72 from pot
turcope: doesn't show hand 
*** SUMMARY ***
Total pot $2.85 | Rake $0.13 
Board [Th Td 7s]
Seat 2: seanypooh (button) folded before Flop (didn't bet)
Seat 3: GastonLeFort (small blind) folded before Flop
Seat 4: Alcymar (big blind) folded before Flop
Seat 5: Luigiams folded on the Flop
Seat 6: wagneryt folded before Flop (didn't bet)
Seat 7: turcope collected ($2.72)
Seat 8: BOSCOBOT folded before Flop (didn't bet)
Seat 9: Dorex2007 folded before Flop (didn't bet)



PokerStars Hand #238017826880:  Hold'em No Limit ($0.05/$0.10 USD) - 2022/08/15 19:42:15 PT [2022/08/15 22:42:15 ET]
Table 'Iguassu III' 9-max Seat #3 is the button
Seat 2: seanypooh ($14.77 in chips) 
Seat 3: GastonLeFort ($10 in chips) 
Seat 4: Alcymar ($30.50 in chips) 
Seat 5: Luigiams ($9.31 in chips) 
Seat 6: wagneryt ($8.81 in chips) 
Seat 7: turcope ($9.43 in chips) 
Seat 8: BOSCOBOT ($10.33 in chips) 
Seat 9: Dorex2007 ($10 in chips) 
Alcymar: posts small blind $0.05
Luigiams: posts big blind $0.10
keiffdogg: sits out 
*** HOLE CARDS ***
Dealt to Dorex2007 [5c 9c]
wagneryt: folds 
turcope: folds 
BOSCOBOT: raises $0.20 to $0.30
Dorex2007: folds 
seanypooh: folds 
GastonLeFort: folds 
Alcymar: folds 
Luigiams: folds 
Uncalled bet ($0.20) returned to BOSCOBOT
BOSCOBOT collected $0.25 from pot
BOSCOBOT: doesn't show hand 
*** SUMMARY ***
Total pot $0.25 | Rake $0 
Seat 2: seanypooh folded before Flop (didn't bet)
Seat 3: GastonLeFort (button) folded before Flop (didn't bet)
Seat 4: Alcymar (small blind) folded before Flop
Seat 5: Luigiams (big blind) folded before Flop
Seat 6: wagneryt folded before Flop (didn't bet)
Seat 7: turcope folded before Flop (didn't bet)
Seat 8: BOSCOBOT collected ($0.25)
Seat 9: Dorex2007 folded before Flop (didn't bet)



PokerStars Hand #238017830543:  Hold'em No Limit ($0.05/$0.10 USD) - 2022/08/15 19:42:37 PT [2022/08/15 22:42:37 ET]
Table 'Iguassu III' 9-max Seat #4 is the button
Seat 2: seanypooh ($14.77 in chips) 
Seat 3: GastonLeFort ($10 in chips) 
Seat 4: Alcymar ($30.45 in chips) 
Seat 5: Luigiams ($9.21 in chips) 
Seat 6: wagneryt ($8.81 in chips) 
Seat 7: turcope ($9.43 in chips) 
Seat 8: BOSCOBOT ($10.48 in chips) 
Seat 9: Dorex2007 ($10 in chips) 
Luigiams: posts small blind $0.05
wagneryt: posts big blind $0.10
keiffdogg: sits out 
*** HOLE CARDS ***
Dealt to Dorex2007 [Ac 8h]
turcope: folds 
turcope leaves the table
BOSCOBOT: folds 
Dorex2007: folds 
keeebart joins the table at seat #7 
seanypooh: folds 
GastonLeFort: folds 
Alcymar: raises $0.10 to $0.20
Luigiams: folds 
wagneryt: calls $0.10
*** FLOP *** [Qs Jc 6h]
wagneryt: checks 
Alcymar: bets $0.30
wagneryt: folds 
Uncalled bet ($0.30) returned to Alcymar
Alcymar collected $0.43 from pot
Alcymar: doesn't show hand 
*** SUMMARY ***
Total pot $0.45 | Rake $0.02 
Board [Qs Jc 6h]
Seat 2: seanypooh folded before Flop (didn't bet)
Seat 3: GastonLeFort folded before Flop (didn't bet)
Seat 4: Alcymar (button) collected ($0.43)
Seat 5: Luigiams (small blind) folded before Flop
Seat 6: wagneryt (big blind) folded on the Flop
Seat 7: turcope folded before Flop (didn't bet)
Seat 8: BOSCOBOT folded before Flop (didn't bet)
Seat 9: Dorex2007 folded before Flop (didn't bet)



PokerStars Hand #238017837313:  Hold'em No Limit ($0.05/$0.10 USD) - 2022/08/15 19:43:16 PT [2022/08/15 22:43:16 ET]
Table 'Iguassu III' 9-max Seat #5 is the button
Seat 2: seanypooh ($14.77 in chips) 
Seat 3: GastonLeFort ($10 in chips) 
Seat 4: Alcymar ($30.68 in chips) 
Seat 5: Luigiams ($9.16 in chips) 
Seat 6: wagneryt ($8.61 in chips) 
Seat 7: keeebart ($10 in chips) 
Seat 8: BOSCOBOT ($10.48 in chips) 
Seat 9: Dorex2007 ($10 in chips) 
wagneryt: posts small blind $0.05
keeebart: posts big blind $0.10
keiffdogg: sits out 
*** HOLE CARDS ***
Dealt to Dorex2007 [9d 9h]
BOSCOBOT: folds 
Dorex2007: raises $0.10 to $0.20
seanypooh: folds 
GastonLeFort: folds 
Alcymar: folds 
Luigiams: folds 
wagneryt: folds 
keeebart: folds 
Uncalled bet ($0.10) returned to Dorex2007
Dorex2007 collected $0.25 from pot
Dorex2007: doesn't show hand 
*** SUMMARY ***
Total pot $0.25 | Rake $0 
Seat 2: seanypooh folded before Flop (didn't bet)
Seat 3: GastonLeFort folded before Flop (didn't bet)
Seat 4: Alcymar folded before Flop (didn't bet)
Seat 5: Luigiams (button) folded before Flop (didn't bet)
Seat 6: wagneryt (small blind) folded before Flop
Seat 7: keeebart (big blind) folded before Flop
Seat 8: BOSCOBOT folded before Flop (didn't bet)
Seat 9: Dorex2007 collected ($0.25)



PokerStars Hand #238017841437:  Hold'em No Limit ($0.05/$0.10 USD) - 2022/08/15 19:43:40 PT [2022/08/15 22:43:40 ET]
Table 'Iguassu III' 9-max Seat #6 is the button
Seat 2: seanypooh ($14.77 in chips) 
Seat 3: GastonLeFort ($10 in chips) 
Seat 4: Alcymar ($30.68 in chips) 
Seat 5: Luigiams ($9.16 in chips) 
Seat 6: wagneryt ($8.56 in chips) 
Seat 7: keeebart ($10 in chips) 
Seat 8: BOSCOBOT ($10.48 in chips) 
Seat 9: Dorex2007 ($10.15 in chips) 
keeebart: posts small blind $0.05
BOSCOBOT: posts big blind $0.10
keiffdogg: sits out 
*** HOLE CARDS ***
Dealt to Dorex2007 [5h 9c]
Dorex2007: folds 
seanypooh: folds 
GastonLeFort: folds 
Alcymar: folds 
Luigiams: raises $0.10 to $0.20
wagneryt has timed out
wagneryt: folds 
keeebart: folds 
BOSCOBOT: calls $0.10
*** FLOP *** [4s 9s Qh]
BOSCOBOT: checks 
Luigiams: bets $0.20
BOSCOBOT: calls $0.20
*** TURN *** [4s 9s Qh] [Ah]
BOSCOBOT: checks 
Luigiams: bets $0.50
BOSCOBOT: folds 
Uncalled bet ($0.50) returned to Luigiams
Luigiams collected $0.81 from pot
*** SUMMARY ***
Total pot $0.85 | Rake $0.04 
Board [4s 9s Qh Ah]
Seat 2: seanypooh folded before Flop (didn't bet)
Seat 3: GastonLeFort folded before Flop (didn't bet)
Seat 4: Alcymar folded before Flop (didn't bet)
Seat 5: Luigiams collected ($0.81)
Seat 6: wagneryt (button) folded before Flop (didn't bet)
Seat 7: keeebart (small blind) folded before Flop
Seat 8: BOSCOBOT (big blind) folded on the Turn
Seat 9: Dorex2007 folded before Flop (didn't bet)



PokerStars Hand #238017850761:  Hold'em No Limit ($0.05/$0.10 USD) - 2022/08/15 19:44:35 PT [2022/08/15 22:44:35 ET]
Table 'Iguassu III' 9-max Seat #7 is the button
Seat 2: seanypooh ($14.77 in chips) 
Seat 3: GastonLeFort ($10 in chips) 
Seat 4: Alcymar ($30.68 in chips) 
Seat 5: Luigiams ($9.57 in chips) 
Seat 6: wagneryt ($8.56 in chips) 
Seat 7: keeebart ($10 in chips) 
Seat 8: BOSCOBOT ($10.08 in chips) 
Seat 9: Dorex2007 ($10.15 in chips) 
BOSCOBOT: posts small blind $0.05
Dorex2007: posts big blind $0.10
keiffdogg: sits out 
*** HOLE CARDS ***
Dealt to Dorex2007 [4s 2s]
seanypooh: raises $0.25 to $0.35
GastonLeFort: folds 
Alcymar: folds 
Luigiams: folds 
wagneryt: folds 
keeebart: folds 
BOSCOBOT: folds 
Dorex2007: folds 
Uncalled bet ($0.25) returned to seanypooh
seanypooh collected $0.25 from pot
seanypooh: doesn't show hand 
*** SUMMARY ***
Total pot $0.25 | Rake $0 
Seat 2: seanypooh collected ($0.25)
Seat 3: GastonLeFort folded before Flop (didn't bet)
Seat 4: Alcymar folded before Flop (didn't bet)
Seat 5: Luigiams folded before Flop (didn't bet)
Seat 6: wagneryt folded before Flop (didn't bet)
Seat 7: keeebart (button) folded before Flop (didn't bet)
Seat 8: BOSCOBOT (small blind) folded before Flop
Seat 9: Dorex2007 (big blind) folded before Flop



PokerStars Hand #238017855954:  Hold'em No Limit ($0.05/$0.10 USD) - 2022/08/15 19:45:06 PT [2022/08/15 22:45:06 ET]
Table 'Iguassu III' 9-max Seat #8 is the button
Seat 1: keiffdogg ($9.55 in chips) 
Seat 2: seanypooh ($14.92 in chips) 
Seat 3: GastonLeFort ($10 in chips) 
Seat 4: Alcymar ($30.68 in chips) 
Seat 5: Luigiams ($9.57 in chips) 
Seat 6: wagneryt ($8.56 in chips) 
Seat 7: keeebart ($10 in chips) 
Seat 8: BOSCOBOT ($10.03 in chips) 
Seat 9: Dorex2007 ($10.05 in chips) 
Dorex2007: posts small blind $0.05
keiffdogg: posts big blind $0.10
*** HOLE CARDS ***
Dealt to Dorex2007 [4d 4h]
seanypooh has timed out
seanypooh: folds 
GastonLeFort: raises $0.20 to $0.30
Alcymar: raises $0.60 to $0.90
Luigiams: folds 
wagneryt: folds 
keeebart: folds 
BOSCOBOT: folds 
Dorex2007: folds 
keiffdogg: folds 
GastonLeFort: calls $0.60
*** FLOP *** [Jc 5s 6s]
GastonLeFort: checks 
Alcymar: bets $1.10
GastonLeFort: folds 
Uncalled bet ($1.10) returned to Alcymar
Alcymar collected $1.86 from pot
Alcymar: doesn't show hand 
*** SUMMARY ***
Total pot $1.95 | Rake $0.09 
Board [Jc 5s 6s]
Seat 1: keiffdogg (big blind) folded before Flop
Seat 2: seanypooh folded before Flop (didn't bet)
Seat 3: GastonLeFort folded on the Flop
Seat 4: Alcymar collected ($1.86)
Seat 5: Luigiams folded before Flop (didn't bet)
Seat 6: wagneryt folded before Flop (didn't bet)
Seat 7: keeebart folded before Flop (didn't bet)
Seat 8: BOSCOBOT (button) folded before Flop (didn't bet)
Seat 9: Dorex2007 (small blind) folded before Flop



PokerStars Hand #238017867246:  Hold'em No Limit ($0.05/$0.10 USD) - 2022/08/15 19:46:13 PT [2022/08/15 22:46:13 ET]
Table 'Iguassu III' 9-max Seat #9 is the button
Seat 1: keiffdogg ($9.45 in chips) 
Seat 2: seanypooh ($14.92 in chips) 
Seat 3: GastonLeFort ($10 in chips) 
Seat 4: Alcymar ($31.64 in chips) 
Seat 5: Luigiams ($9.57 in chips) 
Seat 6: wagneryt ($8.56 in chips) 
Seat 7: keeebart ($10 in chips) 
Seat 8: BOSCOBOT ($10.03 in chips) 
Seat 9: Dorex2007 ($10 in chips) 
keiffdogg: posts small blind $0.05
seanypooh: posts big blind $0.10
*** HOLE CARDS ***
Dealt to Dorex2007 [Kh Qh]
GastonLeFort: folds 
Alcymar: folds 
Luigiams: folds 
wagneryt: calls $0.10
keeebart: folds 
BOSCOBOT: folds 
Dorex2007: raises $0.30 to $0.40
keiffdogg: folds 
seanypooh: folds 
wagneryt: folds 
Uncalled bet ($0.30) returned to Dorex2007
Dorex2007 collected $0.35 from pot
Dorex2007: doesn't show hand 
*** SUMMARY ***
Total pot $0.35 | Rake $0 
Seat 1: keiffdogg (small blind) folded before Flop
Seat 2: seanypooh (big blind) folded before Flop
Seat 3: GastonLeFort folded before Flop (didn't bet)
Seat 4: Alcymar folded before Flop (didn't bet)
Seat 5: Luigiams folded before Flop (didn't bet)
Seat 6: wagneryt folded before Flop
Seat 7: keeebart folded before Flop (didn't bet)
Seat 8: BOSCOBOT folded before Flop (didn't bet)
Seat 9: Dorex2007 (button) collected ($0.35)



PokerStars Hand #238017873611:  Hold'em No Limit ($0.05/$0.10 USD) - 2022/08/15 19:46:51 PT [2022/08/15 22:46:51 ET]
Table 'Iguassu III' 9-max Seat #1 is the button
Seat 1: keiffdogg ($9.40 in chips) 
Seat 2: seanypooh ($14.82 in chips) 
Seat 3: GastonLeFort ($10 in chips) 
Seat 4: Alcymar ($31.64 in chips) 
Seat 5: Luigiams ($9.57 in chips) 
Seat 6: wagneryt ($8.46 in chips) 
Seat 7: keeebart ($10 in chips) 
Seat 8: BOSCOBOT ($10.03 in chips) 
Seat 9: Dorex2007 ($10.25 in chips) 
seanypooh: posts small blind $0.05
GastonLeFort: posts big blind $0.10
*** HOLE CARDS ***
Dealt to Dorex2007 [Qd 4d]
Alcymar: folds 
Luigiams: calls $0.10
wagneryt: calls $0.10
keeebart: folds 
BOSCOBOT: folds 
Dorex2007: folds 
keiffdogg: folds 
seanypooh: folds 
GastonLeFort: checks 
*** FLOP *** [Td 9d 5h]
GastonLeFort: checks 
Luigiams: bets $0.20
wagneryt: calls $0.20
GastonLeFort: calls $0.20
*** TURN *** [Td 9d 5h] [7h]
GastonLeFort: checks 
Luigiams: checks 
wagneryt: checks 
*** RIVER *** [Td 9d 5h 7h] [5s]
GastonLeFort: checks 
Luigiams: bets $0.40
wagneryt: folds 
GastonLeFort: folds 
Uncalled bet ($0.40) returned to Luigiams
Luigiams collected $0.91 from pot
*** SUMMARY ***
Total pot $0.95 | Rake $0.04 
Board [Td 9d 5h 7h 5s]
Seat 1: keiffdogg (button) folded before Flop (didn't bet)
Seat 2: seanypooh (small blind) folded before Flop
Seat 3: GastonLeFort (big blind) folded on the River
Seat 4: Alcymar folded before Flop (didn't bet)
Seat 5: Luigiams collected ($0.91)
Seat 6: wagneryt folded on the River
Seat 7: keeebart folded before Flop (didn't bet)
Seat 8: BOSCOBOT folded before Flop (didn't bet)
Seat 9: Dorex2007 folded before Flop (didn't bet)



PokerStars Hand #238017890477:  Hold'em No Limit ($0.05/$0.10 USD) - 2022/08/15 19:48:34 PT [2022/08/15 22:48:34 ET]
Table 'Iguassu III' 9-max Seat #2 is the button
Seat 1: keiffdogg ($9.40 in chips) 
Seat 2: seanypooh ($14.77 in chips) 
Seat 3: GastonLeFort ($10 in chips) 
Seat 4: Alcymar ($31.64 in chips) 
Seat 5: Luigiams ($10.18 in chips) 
Seat 6: wagneryt ($8.16 in chips) 
Seat 7: keeebart ($10 in chips) 
Seat 8: BOSCOBOT ($10.03 in chips) 
Seat 9: Dorex2007 ($10.25 in chips) 
GastonLeFort: posts small blind $0.05
Alcymar: posts big blind $0.10
*** HOLE CARDS ***
Dealt to Dorex2007 [9s 6h]
Luigiams: folds 
wagneryt: folds 
keeebart: folds 
BOSCOBOT: folds 
Dorex2007: folds 
keiffdogg: folds 
seanypooh: folds 
GastonLeFort: folds 
Uncalled bet ($0.05) returned to Alcymar
Alcymar collected $0.10 from pot
Alcymar: doesn't show hand 
*** SUMMARY ***
Total pot $0.10 | Rake $0 
Seat 1: keiffdogg folded before Flop (didn't bet)
Seat 2: seanypooh (button) folded before Flop (didn't bet)
Seat 3: GastonLeFort (small blind) folded before Flop
Seat 4: Alcymar (big blind) collected ($0.10)
Seat 5: Luigiams folded before Flop (didn't bet)
Seat 6: wagneryt folded before Flop (didn't bet)
Seat 7: keeebart folded before Flop (didn't bet)
Seat 8: BOSCOBOT folded before Flop (didn't bet)
Seat 9: Dorex2007 folded before Flop (didn't bet)



PokerStars Hand #238017895185:  Hold'em No Limit ($0.05/$0.10 USD) - 2022/08/15 19:49:03 PT [2022/08/15 22:49:03 ET]
Table 'Iguassu III' 9-max Seat #3 is the button
Seat 1: keiffdogg ($9.40 in chips) 
Seat 2: seanypooh ($14.77 in chips) 
Seat 3: GastonLeFort ($10 in chips) 
Seat 4: Alcymar ($31.69 in chips) 
Seat 5: Luigiams ($10.18 in chips) 
Seat 6: wagneryt ($8.16 in chips) 
Seat 7: keeebart ($10 in chips) 
Seat 8: BOSCOBOT ($10.03 in chips) 
Seat 9: Dorex2007 ($10.25 in chips) 
Alcymar: posts small blind $0.05
Luigiams: posts big blind $0.10
*** HOLE CARDS ***
Dealt to Dorex2007 [Qs 8h]
wagneryt: calls $0.10
keeebart: folds 
BOSCOBOT: raises $0.30 to $0.40
Dorex2007: folds 
keiffdogg has timed out
keiffdogg: folds 
seanypooh: folds 
GastonLeFort: calls $0.40
Alcymar: folds 
Luigiams: folds 
wagneryt: calls $0.30
*** FLOP *** [8c Ad 7h]
wagneryt: checks 
BOSCOBOT: bets $0.76
GastonLeFort: calls $0.76
keiffdogg is disconnected 
wagneryt: folds 
*** TURN *** [8c Ad 7h] [9d]
BOSCOBOT: checks 
GastonLeFort: bets $2.06
BOSCOBOT: folds 
Uncalled bet ($2.06) returned to GastonLeFort
GastonLeFort collected $2.74 from pot
GastonLeFort: doesn't show hand 
*** SUMMARY ***
Total pot $2.87 | Rake $0.13 
Board [8c Ad 7h 9d]
Seat 1: keiffdogg folded before Flop (didn't bet)
Seat 2: seanypooh folded before Flop (didn't bet)
Seat 3: GastonLeFort (button) collected ($2.74)
Seat 4: Alcymar (small blind) folded before Flop
Seat 5: Luigiams (big blind) folded before Flop
Seat 6: wagneryt folded on the Flop
Seat 7: keeebart folded before Flop (didn't bet)
Seat 8: BOSCOBOT folded on the Turn
Seat 9: Dorex2007 folded before Flop (didn't bet)



PokerStars Hand #238017909793:  Hold'em No Limit ($0.05/$0.10 USD) - 2022/08/15 19:50:32 PT [2022/08/15 22:50:32 ET]
Table 'Iguassu III' 9-max Seat #4 is the button
Seat 1: keiffdogg ($9.40 in chips) 
Seat 2: seanypooh ($14.77 in chips) 
Seat 3: GastonLeFort ($11.58 in chips) 
Seat 4: Alcymar ($31.64 in chips) 
Seat 5: Luigiams ($10.08 in chips) 
Seat 6: wagneryt ($7.76 in chips) 
Seat 7: keeebart ($10 in chips) 
Seat 8: BOSCOBOT ($10 in chips) 
Seat 9: Dorex2007 ($10.25 in chips) 
Luigiams: posts small blind $0.05
wagneryt: posts big blind $0.10
*** HOLE CARDS ***
Dealt to Dorex2007 [Qc 7h]
keeebart: folds 
BOSCOBOT: folds 
Dorex2007: folds 
keiffdogg: folds 
seanypooh: folds 
GastonLeFort: folds 
Alcymar: raises $0.10 to $0.20
Luigiams: folds 
wagneryt: calls $0.10
*** FLOP *** [Td 6h Jc]
wagneryt: bets $0.21
Alcymar: raises $0.69 to $0.90
wagneryt: raises $0.90 to $1.80
Alcymar: calls $0.90
*** TURN *** [Td 6h Jc] [9h]
wagneryt: bets $5.76 and is all-in
Alcymar: calls $5.76
*** RIVER *** [Td 6h Jc 9h] [Kc]
*** SHOW DOWN ***
wagneryt: shows [Ac As] (a pair of Aces)
Alcymar: shows [Ad Js] (a pair of Jacks)
wagneryt cashed out the hand for $14.06 | Cash Out Fee $0.14
*** SUMMARY ***
Total pot $15.57 | Rake $0.70 
Board [Td 6h Jc 9h Kc]
Seat 1: keiffdogg folded before Flop (didn't bet)
Seat 2: seanypooh folded before Flop (didn't bet)
Seat 3: GastonLeFort folded before Flop (didn't bet)
Seat 4: Alcymar (button) showed [Ad Js] and lost with a pair of Jacks
Seat 5: Luigiams (small blind) folded before Flop
Seat 6: wagneryt (big blind) showed [Ac As] and won ($14.87) with a pair of Aces (pot not awarded as player cashed out)
Seat 7: keeebart folded before Flop (didn't bet)
Seat 8: BOSCOBOT folded before Flop (didn't bet)
Seat 9: Dorex2007 folded before Flop (didn't bet)



PokerStars Hand #238017931886:  Hold'em No Limit ($0.05/$0.10 USD) - 2022/08/15 19:52:18 PT [2022/08/15 22:52:18 ET]
Table 'Iguassu III' 9-max Seat #5 is the button
Seat 1: keiffdogg ($9.40 in chips) 
Seat 2: seanypooh ($14.77 in chips) 
Seat 3: GastonLeFort ($11.58 in chips) 
Seat 4: Alcymar ($23.88 in chips) 
Seat 5: Luigiams ($10.03 in chips) 
Seat 6: wagneryt ($14.06 in chips) 
Seat 7: keeebart ($10 in chips) 
Seat 8: BOSCOBOT ($10 in chips) 
Seat 9: Dorex2007 ($10.25 in chips) 
wagneryt: posts small blind $0.05
keeebart: posts big blind $0.10
*** HOLE CARDS ***
Dealt to Dorex2007 [Kc Jh]
BOSCOBOT: folds 
Dorex2007: folds 
keiffdogg is disconnected 
keiffdogg is connected 
keiffdogg has timed out
keiffdogg: folds 
seanypooh: raises $0.20 to $0.30
GastonLeFort: folds 
Alcymar: folds 
Luigiams: folds 
wagneryt: folds 
keeebart: folds 
Uncalled bet ($0.20) returned to seanypooh
seanypooh collected $0.25 from pot
seanypooh: doesn't show hand 
*** SUMMARY ***
Total pot $0.25 | Rake $0 
Seat 1: keiffdogg folded before Flop (didn't bet)
Seat 2: seanypooh collected ($0.25)
Seat 3: GastonLeFort folded before Flop (didn't bet)
Seat 4: Alcymar folded before Flop (didn't bet)
Seat 5: Luigiams (button) folded before Flop (didn't bet)
Seat 6: wagneryt (small blind) folded before Flop
Seat 7: keeebart (big blind) folded before Flop
Seat 8: BOSCOBOT folded before Flop (didn't bet)
Seat 9: Dorex2007 folded before Flop (didn't bet)



PokerStars Hand #238017941969:  Hold'em No Limit ($0.05/$0.10 USD) - 2022/08/15 19:53:19 PT [2022/08/15 22:53:19 ET]
Table 'Iguassu III' 9-max Seat #6 is the button
Seat 1: keiffdogg ($9.40 in chips) 
Seat 2: seanypooh ($14.92 in chips) 
Seat 3: GastonLeFort ($11.58 in chips) 
Seat 4: Alcymar ($23.88 in chips) 
Seat 5: Luigiams ($10.03 in chips) 
Seat 6: wagneryt ($14.01 in chips) 
Seat 7: keeebart ($10 in chips) 
Seat 8: BOSCOBOT ($10 in chips) 
Seat 9: Dorex2007 ($10.25 in chips) 
keeebart: posts small blind $0.05
BOSCOBOT: posts big blind $0.10
*** HOLE CARDS ***
Dealt to Dorex2007 [9s Qd]
Dorex2007: folds 
keiffdogg: folds 
seanypooh: raises $0.20 to $0.30
GastonLeFort: folds 
Alcymar: folds 
Luigiams: calls $0.30
wagneryt: folds 
keeebart: folds 
BOSCOBOT: folds 
*** FLOP *** [8d 6h Ad]
seanypooh: checks 
Luigiams: bets $0.40
seanypooh: folds 
Uncalled bet ($0.40) returned to Luigiams
Luigiams collected $0.72 from pot
*** SUMMARY ***
Total pot $0.75 | Rake $0.03 
Board [8d 6h Ad]
Seat 1: keiffdogg folded before Flop (didn't bet)
Seat 2: seanypooh folded on the Flop
Seat 3: GastonLeFort folded before Flop (didn't bet)
Seat 4: Alcymar folded before Flop (didn't bet)
Seat 5: Luigiams collected ($0.72)
Seat 6: wagneryt (button) folded before Flop (didn't bet)
Seat 7: keeebart (small blind) folded before Flop
Seat 8: BOSCOBOT (big blind) folded before Flop
Seat 9: Dorex2007 folded before Flop (didn't bet)



PokerStars Hand #238017950552:  Hold'em No Limit ($0.05/$0.10 USD) - 2022/08/15 19:54:12 PT [2022/08/15 22:54:12 ET]
Table 'Iguassu III' 9-max Seat #7 is the button
Seat 1: keiffdogg ($9.40 in chips) 
Seat 2: seanypooh ($14.62 in chips) 
Seat 3: GastonLeFort ($11.58 in chips) 
Seat 4: Alcymar ($23.88 in chips) 
Seat 5: Luigiams ($10.45 in chips) 
Seat 6: wagneryt ($14.01 in chips) 
Seat 7: keeebart ($10 in chips) 
Seat 8: BOSCOBOT ($10 in chips) 
Seat 9: Dorex2007 ($10.25 in chips) 
BOSCOBOT: posts small blind $0.05
Dorex2007: posts big blind $0.10
*** HOLE CARDS ***
Dealt to Dorex2007 [Kh 2c]
keiffdogg: folds 
seanypooh: folds 
GastonLeFort: folds 
Alcymar: folds 
Luigiams: folds 
wagneryt: folds 
keeebart: folds 
BOSCOBOT: folds 
Uncalled bet ($0.05) returned to Dorex2007
Dorex2007 collected $0.10 from pot
Dorex2007: doesn't show hand 
*** SUMMARY ***
Total pot $0.10 | Rake $0 
Seat 1: keiffdogg folded before Flop (didn't bet)
Seat 2: seanypooh folded before Flop (didn't bet)
Seat 3: GastonLeFort folded before Flop (didn't bet)
Seat 4: Alcymar folded before Flop (didn't bet)
Seat 5: Luigiams folded before Flop (didn't bet)
Seat 6: wagneryt folded before Flop (didn't bet)
Seat 7: keeebart (button) folded before Flop (didn't bet)
Seat 8: BOSCOBOT (small blind) folded before Flop
Seat 9: Dorex2007 (big blind) collected ($0.10)



PokerStars Hand #238017955595:  Hold'em No Limit ($0.05/$0.10 USD) - 2022/08/15 19:54:43 PT [2022/08/15 22:54:43 ET]
Table 'Iguassu III' 9-max Seat #8 is the button
Seat 1: keiffdogg ($9.40 in chips) 
Seat 2: seanypooh ($14.62 in chips) 
Seat 3: GastonLeFort ($11.58 in chips) 
Seat 4: Alcymar ($23.88 in chips) 
Seat 5: Luigiams ($10.45 in chips) 
Seat 6: wagneryt ($14.01 in chips) 
Seat 7: keeebart ($10 in chips) 
Seat 8: BOSCOBOT ($10 in chips) 
Seat 9: Dorex2007 ($10.30 in chips) 
Dorex2007: posts small blind $0.05
keiffdogg: posts big blind $0.10
*** HOLE CARDS ***
Dealt to Dorex2007 [Qd 5s]
seanypooh: folds 
GastonLeFort: folds 
Alcymar: raises $0.20 to $0.30
Luigiams: folds 
wagneryt: folds 
keeebart: folds 
BOSCOBOT: folds 
Dorex2007: folds 
keiffdogg: folds 
Uncalled bet ($0.20) returned to Alcymar
Alcymar collected $0.25 from pot
Alcymar: doesn't show hand 
*** SUMMARY ***
Total pot $0.25 | Rake $0 
Seat 1: keiffdogg (big blind) folded before Flop
Seat 2: seanypooh folded before Flop (didn't bet)
Seat 3: GastonLeFort folded before Flop (didn't bet)
Seat 4: Alcymar collected ($0.25)
Seat 5: Luigiams folded before Flop (didn't bet)
Seat 6: wagneryt folded before Flop (didn't bet)
Seat 7: keeebart folded before Flop (didn't bet)
Seat 8: BOSCOBOT (button) folded before Flop (didn't bet)
Seat 9: Dorex2007 (small blind) folded before Flop



PokerStars Hand #238017960393:  Hold'em No Limit ($0.05/$0.10 USD) - 2022/08/15 19:55:13 PT [2022/08/15 22:55:13 ET]
Table 'Iguassu III' 9-max Seat #9 is the button
Seat 1: keiffdogg ($9.30 in chips) 
Seat 2: seanypooh ($14.62 in chips) 
Seat 3: GastonLeFort ($11.58 in chips) 
Seat 4: Alcymar ($24.03 in chips) 
Seat 5: Luigiams ($10.45 in chips) 
Seat 6: wagneryt ($14.01 in chips) 
Seat 7: keeebart ($10 in chips) 
Seat 8: BOSCOBOT ($10 in chips) 
Seat 9: Dorex2007 ($10.25 in chips) 
keiffdogg: posts small blind $0.05
seanypooh: posts big blind $0.10
*** HOLE CARDS ***
Dealt to Dorex2007 [5h Ks]
GastonLeFort: folds 
Alcymar: folds 
Luigiams: folds 
wagneryt: calls $0.10
keeebart: folds 
BOSCOBOT: folds 
Dorex2007: folds 
keiffdogg: calls $0.05
seanypooh: checks 
*** FLOP *** [Qs 7d Jh]
keiffdogg: checks 
seanypooh: checks 
wagneryt: checks 
*** TURN *** [Qs 7d Jh] [Tc]
keiffdogg: checks 
seanypooh: checks 
wagneryt: checks 
*** RIVER *** [Qs 7d Jh Tc] [6d]
keiffdogg: checks 
seanypooh: checks 
wagneryt: checks 
*** SHOW DOWN ***
keiffdogg: shows [Ts 2s] (a pair of Tens)
seanypooh: mucks hand 
wagneryt: mucks hand 
keiffdogg collected $0.29 from pot
*** SUMMARY ***
Total pot $0.30 | Rake $0.01 
Board [Qs 7d Jh Tc 6d]
Seat 1: keiffdogg (small blind) showed [Ts 2s] and won ($0.29) with a pair of Tens
Seat 2: seanypooh (big blind) mucked [3c Kd]
Seat 3: GastonLeFort folded before Flop (didn't bet)
Seat 4: Alcymar folded before Flop (didn't bet)
Seat 5: Luigiams folded before Flop (didn't bet)
Seat 6: wagneryt mucked [5c 5d]
Seat 7: keeebart folded before Flop (didn't bet)
Seat 8: BOSCOBOT folded before Flop (didn't bet)
Seat 9: Dorex2007 (button) folded before Flop (didn't bet)



PokerStars Hand #238017969122:  Hold'em No Limit ($0.05/$0.10 USD) - 2022/08/15 19:56:16 PT [2022/08/15 22:56:16 ET]
Table 'Iguassu III' 9-max Seat #1 is the button
Seat 1: keiffdogg ($9.49 in chips) 
Seat 2: seanypooh ($14.52 in chips) 
Seat 3: GastonLeFort ($11.58 in chips) 
Seat 4: Alcymar ($24.03 in chips) 
Seat 5: Luigiams ($10.45 in chips) 
Seat 6: wagneryt ($13.91 in chips) 
Seat 7: keeebart ($10 in chips) 
Seat 8: BOSCOBOT ($10 in chips) 
Seat 9: Dorex2007 ($10.25 in chips) 
seanypooh: posts small blind $0.05
GastonLeFort: posts big blind $0.10
*** HOLE CARDS ***
Dealt to Dorex2007 [Jd Th]
Alcymar: folds 
Luigiams: raises $0.10 to $0.20
wagneryt: folds 
keeebart: folds 
BOSCOBOT: folds 
Dorex2007: folds 
keiffdogg has timed out
keiffdogg: folds 
seanypooh: folds 
GastonLeFort: calls $0.10
*** FLOP *** [As Qh Ad]
GastonLeFort: checks 
Luigiams: bets $0.20
GastonLeFort: folds 
Uncalled bet ($0.20) returned to Luigiams
Luigiams collected $0.43 from pot
*** SUMMARY ***
Total pot $0.45 | Rake $0.02 
Board [As Qh Ad]
Seat 1: keiffdogg (button) folded before Flop (didn't bet)
Seat 2: seanypooh (small blind) folded before Flop
Seat 3: GastonLeFort (big blind) folded on the Flop
Seat 4: Alcymar folded before Flop (didn't bet)
Seat 5: Luigiams collected ($0.43)
Seat 6: wagneryt folded before Flop (didn't bet)
Seat 7: keeebart folded before Flop (didn't bet)
Seat 8: BOSCOBOT folded before Flop (didn't bet)
Seat 9: Dorex2007 folded before Flop (didn't bet)



PokerStars Hand #238017976502:  Hold'em No Limit ($0.05/$0.10 USD) - 2022/08/15 19:57:10 PT [2022/08/15 22:57:10 ET]
Table 'Iguassu III' 9-max Seat #2 is the button
Seat 1: keiffdogg ($9.49 in chips) 
Seat 2: seanypooh ($14.47 in chips) 
Seat 3: GastonLeFort ($11.38 in chips) 
Seat 4: Alcymar ($24.03 in chips) 
Seat 5: Luigiams ($10.68 in chips) 
Seat 6: wagneryt ($13.91 in chips) 
Seat 7: keeebart ($10 in chips) 
Seat 8: BOSCOBOT ($10 in chips) 
Seat 9: Dorex2007 ($10.25 in chips) 
GastonLeFort: posts small blind $0.05
Alcymar: posts big blind $0.10
*** HOLE CARDS ***
Dealt to Dorex2007 [Th 4c]
Luigiams: raises $0.10 to $0.20
wagneryt: calls $0.20
keeebart: calls $0.20
BOSCOBOT: calls $0.20
Dorex2007: folds 
keiffdogg: folds 
seanypooh: folds 
GastonLeFort: calls $0.15
Alcymar: calls $0.10
*** FLOP *** [Kc Td 6d]
GastonLeFort: checks 
Alcymar: checks 
Luigiams: bets $0.40
wagneryt: folds 
keeebart: folds 
BOSCOBOT: raises $0.70 to $1.10
GastonLeFort: calls $1.10
Alcymar: folds 
Luigiams: folds 
*** TURN *** [Kc Td 6d] [7s]
GastonLeFort: checks 
BOSCOBOT: bets $2.80
keiffdogg is disconnected 
GastonLeFort: calls $2.80
*** RIVER *** [Kc Td 6d 7s] [Ac]
GastonLeFort: bets $7.28 and is all-in
BOSCOBOT: calls $5.90 and is all-in
Uncalled bet ($1.38) returned to GastonLeFort
*** SHOW DOWN ***
GastonLeFort: shows [Js Qs] (a straight, Ten to Ace)
BOSCOBOT: shows [6h 6s] (three of a kind, Sixes)
GastonLeFort collected $20.25 from pot
*** SUMMARY ***
Total pot $21.20 | Rake $0.95 
Board [Kc Td 6d 7s Ac]
Seat 1: keiffdogg folded before Flop (didn't bet)
Seat 2: seanypooh (button) folded before Flop (didn't bet)
Seat 3: GastonLeFort (small blind) showed [Js Qs] and won ($20.25) with a straight, Ten to Ace
Seat 4: Alcymar (big blind) folded on the Flop
Seat 5: Luigiams folded on the Flop
Seat 6: wagneryt folded on the Flop
Seat 7: keeebart folded on the Flop
Seat 8: BOSCOBOT showed [6h 6s] and lost with three of a kind, Sixes
Seat 9: Dorex2007 folded before Flop (didn't bet)



PokerStars Hand #238017998445:  Hold'em No Limit ($0.05/$0.10 USD) - 2022/08/15 19:59:51 PT [2022/08/15 22:59:51 ET]
Table 'Iguassu III' 9-max Seat #3 is the button
Seat 1: keiffdogg ($9.49 in chips) 
Seat 2: seanypooh ($14.47 in chips) 
Seat 3: GastonLeFort ($21.63 in chips) 
Seat 4: Alcymar ($23.83 in chips) 
Seat 5: Luigiams ($10.08 in chips) 
Seat 6: wagneryt ($13.71 in chips) 
Seat 7: keeebart ($10 in chips) 
Seat 8: BOSCOBOT ($10 in chips) 
Seat 9: Dorex2007 ($10.25 in chips) 
Alcymar: posts small blind $0.05
Luigiams: posts big blind $0.10
*** HOLE CARDS ***
Dealt to Dorex2007 [8c 3s]
wagneryt: folds 
keeebart: folds 
BOSCOBOT: folds 
Dorex2007: folds 
keiffdogg: folds 
seanypooh: folds 
GastonLeFort: folds 
Alcymar: folds 
Uncalled bet ($0.05) returned to Luigiams
Luigiams collected $0.10 from pot
*** SUMMARY ***
Total pot $0.10 | Rake $0 
Seat 1: keiffdogg folded before Flop (didn't bet)
Seat 2: seanypooh folded before Flop (didn't bet)
Seat 3: GastonLeFort (button) folded before Flop (didn't bet)
Seat 4: Alcymar (small blind) folded before Flop
Seat 5: Luigiams (big blind) collected ($0.10)
Seat 6: wagneryt folded before Flop (didn't bet)
Seat 7: keeebart folded before Flop (didn't bet)
Seat 8: BOSCOBOT folded before Flop (didn't bet)
Seat 9: Dorex2007 folded before Flop (didn't bet)



PokerStars Hand #238018002580:  Hold'em No Limit ($0.05/$0.10 USD) - 2022/08/15 20:00:20 PT [2022/08/15 23:00:20 ET]
Table 'Iguassu III' 9-max Seat #4 is the button
Seat 1: keiffdogg ($9.49 in chips) 
Seat 2: seanypooh ($14.47 in chips) 
Seat 3: GastonLeFort ($21.63 in chips) 
Seat 4: Alcymar ($23.78 in chips) 
Seat 5: Luigiams ($10.13 in chips) 
Seat 6: wagneryt ($13.71 in chips) 
Seat 7: keeebart ($10 in chips) 
Seat 8: BOSCOBOT ($10 in chips) 
Seat 9: Dorex2007 ($10.25 in chips) 
Luigiams: posts small blind $0.05
wagneryt: posts big blind $0.10
*** HOLE CARDS ***
Dealt to Dorex2007 [5c 5d]
keeebart: folds 
BOSCOBOT: folds 
Dorex2007: folds 
keiffdogg: folds 
seanypooh: raises $0.20 to $0.30
GastonLeFort: folds 
Alcymar: folds 
Luigiams: folds 
wagneryt: folds 
Uncalled bet ($0.20) returned to seanypooh
seanypooh collected $0.25 from pot
seanypooh: doesn't show hand 
*** SUMMARY ***
Total pot $0.25 | Rake $0 
Seat 1: keiffdogg folded before Flop (didn't bet)
Seat 2: seanypooh collected ($0.25)
Seat 3: GastonLeFort folded before Flop (didn't bet)
Seat 4: Alcymar (button) folded before Flop (didn't bet)
Seat 5: Luigiams (small blind) folded before Flop
Seat 6: wagneryt (big blind) folded before Flop
Seat 7: keeebart folded before Flop (didn't bet)
Seat 8: BOSCOBOT folded before Flop (didn't bet)
Seat 9: Dorex2007 folded before Flop (didn't bet)



PokerStars Hand #238018008058:  Hold'em No Limit ($0.05/$0.10 USD) - 2022/08/15 20:00:57 PT [2022/08/15 23:00:57 ET]
Table 'Iguassu III' 9-max Seat #5 is the button
Seat 1: keiffdogg ($9.49 in chips) 
Seat 2: seanypooh ($14.62 in chips) 
Seat 3: GastonLeFort ($21.63 in chips) 
Seat 4: Alcymar ($23.78 in chips) 
Seat 5: Luigiams ($10.08 in chips) 
Seat 6: wagneryt ($13.61 in chips) 
Seat 7: keeebart ($10 in chips) 
Seat 8: BOSCOBOT ($10 in chips) 
Seat 9: Dorex2007 ($10.25 in chips) 
wagneryt: posts small blind $0.05
keeebart: posts big blind $0.10
*** HOLE CARDS ***
Dealt to Dorex2007 [Ts 5d]
BOSCOBOT: folds 
Dorex2007: folds 
keiffdogg: folds 
seanypooh: folds 
GastonLeFort: folds 
Alcymar: folds 
Luigiams: raises $0.10 to $0.20
wagneryt: calls $0.15
keeebart: folds 
*** FLOP *** [Qd As Qh]
wagneryt: bets $0.24
Luigiams: folds 
Uncalled bet ($0.24) returned to wagneryt
wagneryt collected $0.48 from pot
*** SUMMARY ***
Total pot $0.50 | Rake $0.02 
Board [Qd As Qh]
Seat 1: keiffdogg folded before Flop (didn't bet)
Seat 2: seanypooh folded before Flop (didn't bet)
Seat 3: GastonLeFort folded before Flop (didn't bet)
Seat 4: Alcymar folded before Flop (didn't bet)
Seat 5: Luigiams (button) folded on the Flop
Seat 6: wagneryt (small blind) collected ($0.48)
Seat 7: keeebart (big blind) folded before Flop
Seat 8: BOSCOBOT folded before Flop (didn't bet)
Seat 9: Dorex2007 folded before Flop (didn't bet)



PokerStars Hand #238018015964:  Hold'em No Limit ($0.05/$0.10 USD) - 2022/08/15 20:01:47 PT [2022/08/15 23:01:47 ET]
Table 'Iguassu III' 9-max Seat #6 is the button
Seat 1: keiffdogg ($9.49 in chips) 
Seat 2: seanypooh ($14.62 in chips) 
Seat 3: GastonLeFort ($21.63 in chips) 
Seat 4: Alcymar ($23.78 in chips) 
Seat 5: Luigiams ($9.88 in chips) 
Seat 6: wagneryt ($13.89 in chips) 
Seat 7: keeebart ($10 in chips) 
Seat 8: BOSCOBOT ($10 in chips) 
Seat 9: Dorex2007 ($10.25 in chips) 
keeebart: posts small blind $0.05
BOSCOBOT: posts big blind $0.10
*** HOLE CARDS ***
Dealt to Dorex2007 [2h Qh]
Dorex2007: folds 
keiffdogg: folds 
seanypooh: folds 
GastonLeFort: folds 
Alcymar: folds 
Luigiams: folds 
wagneryt: calls $0.10
keeebart: raises $0.30 to $0.40
BOSCOBOT: folds 
wagneryt: folds 
Uncalled bet ($0.30) returned to keeebart
keeebart collected $0.30 from pot
keeebart: doesn't show hand 
*** SUMMARY ***
Total pot $0.30 | Rake $0 
Seat 1: keiffdogg folded before Flop (didn't bet)
Seat 2: seanypooh folded before Flop (didn't bet)
Seat 3: GastonLeFort folded before Flop (didn't bet)
Seat 4: Alcymar folded before Flop (didn't bet)
Seat 5: Luigiams folded before Flop (didn't bet)
Seat 6: wagneryt (button) folded before Flop
Seat 7: keeebart (small blind) collected ($0.30)
Seat 8: BOSCOBOT (big blind) folded before Flop
Seat 9: Dorex2007 folded before Flop (didn't bet)



PokerStars Hand #238018021630:  Hold'em No Limit ($0.05/$0.10 USD) - 2022/08/15 20:02:23 PT [2022/08/15 23:02:23 ET]
Table 'Iguassu III' 9-max Seat #7 is the button
Seat 1: keiffdogg ($9.49 in chips) 
Seat 2: seanypooh ($14.62 in chips) 
Seat 3: GastonLeFort ($21.63 in chips) 
Seat 4: Alcymar ($23.78 in chips) 
Seat 5: Luigiams ($9.88 in chips) 
Seat 6: wagneryt ($13.79 in chips) 
Seat 7: keeebart ($10.20 in chips) 
Seat 8: BOSCOBOT ($10 in chips) 
Seat 9: Dorex2007 ($10.25 in chips) 
BOSCOBOT: posts small blind $0.05
Dorex2007: posts big blind $0.10
*** HOLE CARDS ***
Dealt to Dorex2007 [2d Qc]
keiffdogg is disconnected 
keiffdogg has timed out while disconnected
keiffdogg: folds 
seanypooh: folds 
GastonLeFort: folds 
Alcymar: folds 
Luigiams has timed out
Luigiams: folds 
wagneryt: folds 
keeebart: raises $0.25 to $0.35
BOSCOBOT: folds 
Dorex2007: folds 
Uncalled bet ($0.25) returned to keeebart
keeebart collected $0.25 from pot
keeebart: doesn't show hand 
*** SUMMARY ***
Total pot $0.25 | Rake $0 
Seat 1: keiffdogg folded before Flop (didn't bet)
Seat 2: seanypooh folded before Flop (didn't bet)
Seat 3: GastonLeFort folded before Flop (didn't bet)
Seat 4: Alcymar folded before Flop (didn't bet)
Seat 5: Luigiams folded before Flop (didn't bet)
Seat 6: wagneryt folded before Flop (didn't bet)
Seat 7: keeebart (button) collected ($0.25)
Seat 8: BOSCOBOT (small blind) folded before Flop
Seat 9: Dorex2007 (big blind) folded before Flop



PokerStars Hand #238018026682:  Hold'em No Limit ($0.05/$0.10 USD) - 2022/08/15 20:02:55 PT [2022/08/15 23:02:55 ET]
Table 'Iguassu III' 9-max Seat #8 is the button
Seat 1: keiffdogg ($9.49 in chips) 
Seat 2: seanypooh ($14.62 in chips) 
Seat 3: GastonLeFort ($21.63 in chips) 
Seat 4: Alcymar ($23.78 in chips) 
Seat 6: wagneryt ($13.79 in chips) 
Seat 7: keeebart ($10.35 in chips) 
Seat 8: BOSCOBOT ($10 in chips) 
Seat 9: Dorex2007 ($10.15 in chips) 
Dorex2007: posts small blind $0.05
keiffdogg: posts big blind $0.10
*** HOLE CARDS ***
Dealt to Dorex2007 [8d Ts]
seanypooh: folds 
GastonLeFort: raises $0.20 to $0.30
Alcymar: folds 
wagneryt: folds 
keeebart: folds 
BOSCOBOT: folds 
Dorex2007: folds 
keiffdogg: folds 
Uncalled bet ($0.20) returned to GastonLeFort
GastonLeFort collected $0.25 from pot
GastonLeFort: doesn't show hand 
*** SUMMARY ***
Total pot $0.25 | Rake $0 
Seat 1: keiffdogg (big blind) folded before Flop
Seat 2: seanypooh folded before Flop (didn't bet)
Seat 3: GastonLeFort collected ($0.25)
Seat 4: Alcymar folded before Flop (didn't bet)
Seat 6: wagneryt folded before Flop (didn't bet)
Seat 7: keeebart folded before Flop (didn't bet)
Seat 8: BOSCOBOT (button) folded before Flop (didn't bet)
Seat 9: Dorex2007 (small blind) folded before Flop



PokerStars Hand #238018030608:  Hold'em No Limit ($0.05/$0.10 USD) - 2022/08/15 20:03:20 PT [2022/08/15 23:03:20 ET]
Table 'Iguassu III' 9-max Seat #9 is the button
Seat 1: keiffdogg ($9.39 in chips) 
Seat 2: seanypooh ($14.62 in chips) 
Seat 3: GastonLeFort ($21.78 in chips) 
Seat 4: Alcymar ($23.78 in chips) 
Seat 5: Luigiams ($9.88 in chips) 
Seat 6: wagneryt ($13.79 in chips) 
Seat 7: keeebart ($10.35 in chips) 
Seat 8: BOSCOBOT ($10 in chips) 
Seat 9: Dorex2007 ($10.10 in chips) 
keiffdogg: posts small blind $0.05
seanypooh: posts big blind $0.10
*** HOLE CARDS ***
Dealt to Dorex2007 [Qc Ks]
GastonLeFort: folds 
Alcymar: folds 
Luigiams: raises $0.10 to $0.20
wagneryt: calls $0.20
keeebart: folds 
BOSCOBOT: folds 
Dorex2007: calls $0.20
keiffdogg: folds 
seanypooh: calls $0.10
*** FLOP *** [6d 8h Ad]
seanypooh: checks 
Luigiams: checks 
wagneryt: checks 
Dorex2007: checks 
*** TURN *** [6d 8h Ad] [8s]
seanypooh: checks 
Luigiams: bets $0.10
wagneryt: calls $0.10
Dorex2007: folds 
seanypooh: folds 
*** RIVER *** [6d 8h Ad 8s] [7h]
Luigiams: bets $0.10
wagneryt: calls $0.10
*** SHOW DOWN ***
Luigiams: shows [Jc Js] (two pair, Jacks and Eights)
wagneryt: mucks hand 
Luigiams collected $1.19 from pot
*** SUMMARY ***
Total pot $1.25 | Rake $0.06 
Board [6d 8h Ad 8s 7h]
Seat 1: keiffdogg (small blind) folded before Flop
Seat 2: seanypooh (big blind) folded on the Turn
Seat 3: GastonLeFort folded before Flop (didn't bet)
Seat 4: Alcymar folded before Flop (didn't bet)
Seat 5: Luigiams showed [Jc Js] and won ($1.19) with two pair, Jacks and Eights
Seat 6: wagneryt mucked [6c 7c]
Seat 7: keeebart folded before Flop (didn't bet)
Seat 8: BOSCOBOT folded before Flop (didn't bet)
Seat 9: Dorex2007 (button) folded on the Turn



PokerStars Hand #238018054467:  Hold'em No Limit ($0.05/$0.10 USD) - 2022/08/15 20:05:00 PT [2022/08/15 23:05:00 ET]
Table 'Iguassu III' 9-max Seat #1 is the button
Seat 1: keiffdogg ($9.34 in chips) 
Seat 2: seanypooh ($14.42 in chips) 
Seat 3: GastonLeFort ($21.78 in chips) 
Seat 4: Alcymar ($23.78 in chips) 
Seat 5: Luigiams ($10.67 in chips) 
Seat 6: wagneryt ($13.39 in chips) 
Seat 7: keeebart ($10.35 in chips) 
Seat 8: BOSCOBOT ($10 in chips) 
Seat 9: Dorex2007 ($10 in chips) 
seanypooh: posts small blind $0.05
GastonLeFort: posts big blind $0.10
*** HOLE CARDS ***
Dealt to Dorex2007 [8d Jd]
Alcymar: folds 
Luigiams: calls $0.10
wagneryt: calls $0.10
keeebart: folds 
BOSCOBOT: folds 
Dorex2007: calls $0.10
keiffdogg: folds 
seanypooh: folds 
GastonLeFort: checks 
*** FLOP *** [Jh Qd Kd]
GastonLeFort: checks 
Luigiams: checks 
wagneryt: bets $0.21
Dorex2007: raises $0.43 to $0.64
GastonLeFort: calls $0.64
Luigiams: folds 
wagneryt: calls $0.43
*** TURN *** [Jh Qd Kd] [Tc]
GastonLeFort: checks 
seanypooh leaves the table
wagneryt: bets $6.70
Dorex2007: folds 
GastonLeFort: folds 
Uncalled bet ($6.70) returned to wagneryt
wagneryt collected $2.26 from pot
*** SUMMARY ***
Total pot $2.37 | Rake $0.11 
Board [Jh Qd Kd Tc]
Seat 1: keiffdogg (button) folded before Flop (didn't bet)
Seat 2: seanypooh (small blind) folded before Flop
Seat 3: GastonLeFort (big blind) folded on the Turn
Seat 4: Alcymar folded before Flop (didn't bet)
Seat 5: Luigiams folded on the Flop
Seat 6: wagneryt collected ($2.26)
Seat 7: keeebart folded before Flop (didn't bet)
Seat 8: BOSCOBOT folded before Flop (didn't bet)
Seat 9: Dorex2007 folded on the Turn



PokerStars Hand #238018066202:  Hold'em No Limit ($0.05/$0.10 USD) - 2022/08/15 20:06:14 PT [2022/08/15 23:06:14 ET]
Table 'Iguassu III' 9-max Seat #3 is the button
Seat 1: keiffdogg ($9.34 in chips) 
Seat 3: GastonLeFort ($21.04 in chips) 
Seat 4: Alcymar ($23.78 in chips) 
Seat 5: Luigiams ($10.57 in chips) 
Seat 6: wagneryt ($14.91 in chips) 
Seat 7: keeebart ($10.35 in chips) 
Seat 8: BOSCOBOT ($10 in chips) 
Seat 9: Dorex2007 ($10 in chips) 
Alcymar: posts small blind $0.05
Luigiams: posts big blind $0.10
*** HOLE CARDS ***
Dealt to Dorex2007 [7c 4h]
zubr768 joins the table at seat #2 
wagneryt: calls $0.10
keeebart: folds 
BOSCOBOT: raises $0.30 to $0.40
Dorex2007: folds 
keiffdogg: folds 
GastonLeFort: raises $0.90 to $1.30
Alcymar: folds 
Luigiams is disconnected 
Luigiams has timed out while disconnected
Luigiams: folds 
wagneryt: raises $2.60 to $3.90
BOSCOBOT: raises $6.10 to $10 and is all-in
GastonLeFort: folds 
wagneryt: calls $6.10
*** FLOP *** [Jd 6s 5c]
*** TURN *** [Jd 6s 5c] [5d]
*** RIVER *** [Jd 6s 5c 5d] [6d]
*** SHOW DOWN ***
wagneryt: shows [Ad Ac] (two pair, Aces and Sixes)
BOSCOBOT: shows [Ks Kc] (two pair, Kings and Sixes)
wagneryt cashed out the hand for $16.62 | Cash Out Fee $0.17
*** SUMMARY ***
Total pot $21.45 | Rake $0.97 
Board [Jd 6s 5c 5d 6d]
Seat 1: keiffdogg folded before Flop (didn't bet)
Seat 3: GastonLeFort (button) folded before Flop
Seat 4: Alcymar (small blind) folded before Flop
Seat 5: Luigiams (big blind) folded before Flop
Seat 6: wagneryt showed [Ad Ac] and won ($20.48) with two pair, Aces and Sixes (pot not awarded as player cashed out)
Seat 7: keeebart folded before Flop (didn't bet)
Seat 8: BOSCOBOT showed [Ks Kc] and lost with two pair, Kings and Sixes
Seat 9: Dorex2007 folded before Flop (didn't bet)



PokerStars Hand #238018085402:  Hold'em No Limit ($0.05/$0.10 USD) - 2022/08/15 20:08:17 PT [2022/08/15 23:08:17 ET]
Table 'Iguassu III' 9-max Seat #4 is the button
Seat 1: keiffdogg ($9.34 in chips) 
Seat 3: GastonLeFort ($19.74 in chips) 
Seat 4: Alcymar ($23.73 in chips) 
Seat 6: wagneryt ($21.53 in chips) 
Seat 7: keeebart ($10.35 in chips) 
Seat 8: BOSCOBOT ($10 in chips) 
Seat 9: Dorex2007 ($10 in chips) 
wagneryt: posts small blind $0.05
keeebart: posts big blind $0.10
zubr768: sits out 
*** HOLE CARDS ***
Dealt to Dorex2007 [Jh 3s]
BOSCOBOT: folds 
Dorex2007: folds 
keiffdogg: folds 
GastonLeFort: raises $0.20 to $0.30
Alcymar: calls $0.30
wagneryt: folds 
keeebart: folds 
*** FLOP *** [2c 6c Th]
GastonLeFort: checks 
Alcymar: bets $0.30
GastonLeFort: calls $0.30
*** TURN *** [2c 6c Th] [6d]
GastonLeFort: checks 
Alcymar: checks 
*** RIVER *** [2c 6c Th 6d] [Qc]
GastonLeFort: bets $0.43
Alcymar: folds 
Uncalled bet ($0.43) returned to GastonLeFort
GastonLeFort collected $1.29 from pot
GastonLeFort: doesn't show hand 
*** SUMMARY ***
Total pot $1.35 | Rake $0.06 
Board [2c 6c Th 6d Qc]
Seat 1: keiffdogg folded before Flop (didn't bet)
Seat 3: GastonLeFort collected ($1.29)
Seat 4: Alcymar (button) folded on the River
Seat 6: wagneryt (small blind) folded before Flop
Seat 7: keeebart (big blind) folded before Flop
Seat 8: BOSCOBOT folded before Flop (didn't bet)
Seat 9: Dorex2007 folded before Flop (didn't bet)



PokerStars Hand #238018099522:  Hold'em No Limit ($0.05/$0.10 USD) - 2022/08/15 20:09:48 PT [2022/08/15 23:09:48 ET]
Table 'Iguassu III' 9-max Seat #6 is the button
Seat 1: keiffdogg ($9.34 in chips) 
Seat 3: GastonLeFort ($20.43 in chips) 
Seat 4: Alcymar ($23.13 in chips) 
Seat 6: wagneryt ($21.48 in chips) 
Seat 7: keeebart ($10.25 in chips) 
Seat 8: BOSCOBOT ($10 in chips) 
Seat 9: Dorex2007 ($10 in chips) 
keeebart: posts small blind $0.05
BOSCOBOT: posts big blind $0.10
zubr768: sits out 
*** HOLE CARDS ***
Dealt to Dorex2007 [Ac 5s]
Dorex2007: folds 
keiffdogg: folds 
GastonLeFort: folds 
Alcymar: folds 
wagneryt: folds 
keeebart: folds 
Uncalled bet ($0.05) returned to BOSCOBOT
BOSCOBOT collected $0.10 from pot
BOSCOBOT: doesn't show hand 
*** SUMMARY ***
Total pot $0.10 | Rake $0 
Seat 1: keiffdogg folded before Flop (didn't bet)
Seat 3: GastonLeFort folded before Flop (didn't bet)
Seat 4: Alcymar folded before Flop (didn't bet)
Seat 6: wagneryt (button) folded before Flop (didn't bet)
Seat 7: keeebart (small blind) folded before Flop
Seat 8: BOSCOBOT (big blind) collected ($0.10)
Seat 9: Dorex2007 folded before Flop (didn't bet)



PokerStars Hand #238018102070:  Hold'em No Limit ($0.05/$0.10 USD) - 2022/08/15 20:10:05 PT [2022/08/15 23:10:05 ET]
Table 'Iguassu III' 9-max Seat #7 is the button
Seat 1: keiffdogg ($9.34 in chips) 
Seat 3: GastonLeFort ($20.43 in chips) 
Seat 4: Alcymar ($23.13 in chips) 
Seat 6: wagneryt ($21.48 in chips) 
Seat 7: keeebart ($10.20 in chips) 
Seat 8: BOSCOBOT ($10.05 in chips) 
Seat 9: Dorex2007 ($10 in chips) 
BOSCOBOT: posts small blind $0.05
Dorex2007: posts big blind $0.10
zubr768: sits out 
*** HOLE CARDS ***
Dealt to Dorex2007 [Jh Ad]
keiffdogg: folds 
GastonLeFort: folds 
Alcymar: folds 
wagneryt: calls $0.10
keeebart: folds 
keiffdogg is disconnected 
BOSCOBOT: raises $0.79 to $0.89
Dorex2007: folds 
wagneryt: folds 
Uncalled bet ($0.79) returned to BOSCOBOT
BOSCOBOT collected $0.30 from pot
BOSCOBOT: doesn't show hand 
*** SUMMARY ***
Total pot $0.30 | Rake $0 
Seat 1: keiffdogg folded before Flop (didn't bet)
Seat 3: GastonLeFort folded before Flop (didn't bet)
Seat 4: Alcymar folded before Flop (didn't bet)
Seat 6: wagneryt folded before Flop
Seat 7: keeebart (button) folded before Flop (didn't bet)
Seat 8: BOSCOBOT (small blind) collected ($0.30)
Seat 9: Dorex2007 (big blind) folded before Flop



PokerStars Hand #238018109304:  Hold'em No Limit ($0.05/$0.10 USD) - 2022/08/15 20:10:52 PT [2022/08/15 23:10:52 ET]
Table 'Iguassu III' 9-max Seat #8 is the button
Seat 2: zubr768 ($10 in chips) 
Seat 3: GastonLeFort ($20.43 in chips) 
Seat 4: Alcymar ($23.13 in chips) 
Seat 6: wagneryt ($21.38 in chips) 
Seat 7: keeebart ($10.20 in chips) 
Seat 8: BOSCOBOT ($10.25 in chips) 
Seat 9: Dorex2007 ($10 in chips) 
Dorex2007: posts small blind $0.05
keiffdogg has timed out while disconnected
keiffdogg: is sitting out 
zubr768: posts big blind $0.10
Luigiams: sits out 
*** HOLE CARDS ***
Dealt to Dorex2007 [8d As]
GastonLeFort: folds 
Alcymar: raises $0.20 to $0.30
wagneryt: folds 
keeebart: folds 
BOSCOBOT: folds 
Dorex2007: folds 
zubr768: folds 
Uncalled bet ($0.20) returned to Alcymar
Alcymar collected $0.25 from pot
Alcymar: doesn't show hand 
*** SUMMARY ***
Total pot $0.25 | Rake $0 
Seat 2: zubr768 (big blind) folded before Flop
Seat 3: GastonLeFort folded before Flop (didn't bet)
Seat 4: Alcymar collected ($0.25)
Seat 6: wagneryt folded before Flop (didn't bet)
Seat 7: keeebart folded before Flop (didn't bet)
Seat 8: BOSCOBOT (button) folded before Flop (didn't bet)
Seat 9: Dorex2007 (small blind) folded before Flop



PokerStars Hand #238018120508:  Hold'em No Limit ($0.05/$0.10 USD) - 2022/08/15 20:11:21 PT [2022/08/15 23:11:21 ET]
Table 'Iguassu III' 9-max Seat #9 is the button
Seat 2: zubr768 ($10 in chips) 
Seat 3: GastonLeFort ($20.43 in chips) 
Seat 4: Alcymar ($23.28 in chips) 
Seat 6: wagneryt ($21.38 in chips) 
Seat 7: keeebart ($10.20 in chips) 
Seat 8: BOSCOBOT ($10.25 in chips) 
Seat 9: Dorex2007 ($10 in chips) 
zubr768: posts small blind $0.05
GastonLeFort: posts big blind $0.10
Luigiams: sits out 
*** HOLE CARDS ***
Dealt to Dorex2007 [5s Jd]
Alcymar: folds 
wagneryt: folds 
keeebart: folds 
BOSCOBOT: folds 
Dorex2007: folds 
zubr768: raises $0.20 to $0.30
GastonLeFort: folds 
Uncalled bet ($0.20) returned to zubr768
zubr768 collected $0.20 from pot
zubr768: doesn't show hand 
*** SUMMARY ***
Total pot $0.20 | Rake $0 
Seat 2: zubr768 (small blind) collected ($0.20)
Seat 3: GastonLeFort (big blind) folded before Flop
Seat 4: Alcymar folded before Flop (didn't bet)
Seat 6: wagneryt folded before Flop (didn't bet)
Seat 7: keeebart folded before Flop (didn't bet)
Seat 8: BOSCOBOT folded before Flop (didn't bet)
Seat 9: Dorex2007 (button) folded before Flop (didn't bet)



PokerStars Hand #238018122967:  Hold'em No Limit ($0.05/$0.10 USD) - 2022/08/15 20:11:37 PT [2022/08/15 23:11:37 ET]
Table 'Iguassu III' 9-max Seat #2 is the button
Seat 2: zubr768 ($10.10 in chips) 
Seat 3: GastonLeFort ($20.33 in chips) 
Seat 4: Alcymar ($23.28 in chips) 
Seat 6: wagneryt ($21.38 in chips) 
Seat 7: keeebart ($10.20 in chips) 
Seat 8: BOSCOBOT ($10.25 in chips) 
Seat 9: Dorex2007 ($10 in chips) 
GastonLeFort: posts small blind $0.05
Alcymar: posts big blind $0.10
Luigiams: sits out 
keiffdogg: sits out 
*** HOLE CARDS ***
Dealt to Dorex2007 [2h Kc]
wagneryt: folds 
keeebart: folds 
BOSCOBOT: raises $0.20 to $0.30
Dorex2007: folds 
zubr768: folds 
GastonLeFort: folds 
Alcymar: raises $0.70 to $1
BOSCOBOT: calls $0.70
*** FLOP *** [Jc 6c Qh]
Alcymar: bets $1.30
BOSCOBOT: folds 
Uncalled bet ($1.30) returned to Alcymar
Alcymar collected $1.96 from pot
Alcymar: doesn't show hand 
*** SUMMARY ***
Total pot $2.05 | Rake $0.09 
Board [Jc 6c Qh]
Seat 2: zubr768 (button) folded before Flop (didn't bet)
Seat 3: GastonLeFort (small blind) folded before Flop
Seat 4: Alcymar (big blind) collected ($1.96)
Seat 6: wagneryt folded before Flop (didn't bet)
Seat 7: keeebart folded before Flop (didn't bet)
Seat 8: BOSCOBOT folded on the Flop
Seat 9: Dorex2007 folded before Flop (didn't bet)



PokerStars Hand #238018129528:  Hold'em No Limit ($0.05/$0.10 USD) - 2022/08/15 20:12:20 PT [2022/08/15 23:12:20 ET]
Table 'Iguassu III' 9-max Seat #3 is the button
Seat 2: zubr768 ($10.10 in chips) 
Seat 3: GastonLeFort ($20.28 in chips) 
Seat 4: Alcymar ($24.24 in chips) 
Seat 5: Luigiams ($10.47 in chips) 
Seat 6: wagneryt ($21.38 in chips) 
Seat 7: keeebart ($10.20 in chips) 
Seat 8: BOSCOBOT ($10 in chips) 
Seat 9: Dorex2007 ($10 in chips) 
Alcymar: posts small blind $0.05
Luigiams: posts big blind $0.10
keiffdogg: sits out 
*** HOLE CARDS ***
Dealt to Dorex2007 [7d Td]
wagneryt: calls $0.10
keeebart: folds 
BOSCOBOT: folds 
Dorex2007: folds 
zubr768: raises $0.20 to $0.30
GastonLeFort: folds 
Alcymar: folds 
Luigiams: calls $0.20
wagneryt: calls $0.20
*** FLOP *** [3d Th 8s]
Luigiams: checks 
wagneryt: checks 
zubr768: checks 
*** TURN *** [3d Th 8s] [2s]
Luigiams: checks 
wagneryt: checks 
zubr768: bets $0.45
Luigiams: calls $0.45
wagneryt: folds 
*** RIVER *** [3d Th 8s 2s] [5c]
Luigiams: checks 
zubr768: bets $0.88
Luigiams: folds 
Uncalled bet ($0.88) returned to zubr768
zubr768 collected $1.77 from pot
zubr768: doesn't show hand 
*** SUMMARY ***
Total pot $1.85 | Rake $0.08 
Board [3d Th 8s 2s 5c]
Seat 2: zubr768 collected ($1.77)
Seat 3: GastonLeFort (button) folded before Flop (didn't bet)
Seat 4: Alcymar (small blind) folded before Flop
Seat 5: Luigiams (big blind) folded on the River
Seat 6: wagneryt folded on the Turn
Seat 7: keeebart folded before Flop (didn't bet)
Seat 8: BOSCOBOT folded before Flop (didn't bet)
Seat 9: Dorex2007 folded before Flop (didn't bet)



PokerStars Hand #238018143276:  Hold'em No Limit ($0.05/$0.10 USD) - 2022/08/15 20:13:50 PT [2022/08/15 23:13:50 ET]
Table 'Iguassu III' 9-max Seat #4 is the button
Seat 1: keiffdogg ($9.34 in chips) 
Seat 2: zubr768 ($11.12 in chips) 
Seat 3: GastonLeFort ($20.28 in chips) 
Seat 4: Alcymar ($24.19 in chips) 
Seat 5: Luigiams ($9.72 in chips) 
Seat 6: wagneryt ($21.08 in chips) 
Seat 7: keeebart ($10.20 in chips) 
Seat 8: BOSCOBOT ($10 in chips) 
Seat 9: Dorex2007 ($10 in chips) 
Luigiams: posts small blind $0.05
wagneryt: posts big blind $0.10
keiffdogg: posts small & big blinds $0.15
*** HOLE CARDS ***
Dealt to Dorex2007 [7s 7d]
keeebart: folds 
BOSCOBOT: folds 
Dorex2007: calls $0.10
keiffdogg: checks 
zubr768: folds 
GastonLeFort: folds 
Alcymar: calls $0.10
Luigiams: calls $0.05
wagneryt: checks 
*** FLOP *** [2d 7h 5h]
Luigiams: checks 
wagneryt: bets $0.26
Dorex2007: calls $0.26
keiffdogg: folds 
Alcymar: calls $0.26
Luigiams: folds 
*** TURN *** [2d 7h 5h] [6s]
wagneryt: checks 
Dorex2007: bets $1.27
Alcymar: folds 
wagneryt: calls $1.27
*** RIVER *** [2d 7h 5h 6s] [Ks]
wagneryt: bets $1
Dorex2007: raises $2.80 to $3.80
wagneryt: calls $2.80
*** SHOW DOWN ***
Dorex2007: shows [7s 7d] (three of a kind, Sevens)
wagneryt: mucks hand 
Dorex2007 collected $10.95 from pot
*** SUMMARY ***
Total pot $11.47 | Rake $0.52 
Board [2d 7h 5h 6s Ks]
Seat 1: keiffdogg folded on the Flop (didn't bet)
Seat 2: zubr768 folded before Flop (didn't bet)
Seat 3: GastonLeFort folded before Flop (didn't bet)
Seat 4: Alcymar (button) folded on the Turn
Seat 5: Luigiams (small blind) folded on the Flop
Seat 6: wagneryt (big blind) mucked [3d 7c]
Seat 7: keeebart folded before Flop (didn't bet)
Seat 8: BOSCOBOT folded before Flop (didn't bet)
Seat 9: Dorex2007 showed [7s 7d] and won ($10.95) with three of a kind, Sevens



PokerStars Hand #238018168506:  Hold'em No Limit ($0.05/$0.10 USD) - 2022/08/15 20:16:17 PT [2022/08/15 23:16:17 ET]
Table 'Iguassu III' 9-max Seat #5 is the button
Seat 1: keiffdogg ($9.19 in chips) 
Seat 2: zubr768 ($11.12 in chips) 
Seat 3: GastonLeFort ($20.28 in chips) 
Seat 4: Alcymar ($23.83 in chips) 
Seat 5: Luigiams ($9.62 in chips) 
Seat 6: wagneryt ($15.65 in chips) 
Seat 7: keeebart ($10.20 in chips) 
Seat 8: BOSCOBOT ($10 in chips) 
Seat 9: Dorex2007 ($15.52 in chips) 
wagneryt: posts small blind $0.05
keeebart: posts big blind $0.10
*** HOLE CARDS ***
Dealt to Dorex2007 [7s Kh]
BOSCOBOT: folds 
Dorex2007: folds 
keiffdogg: raises $0.20 to $0.30
zubr768: folds 
GastonLeFort: folds 
Alcymar: calls $0.30
Luigiams: calls $0.30
wagneryt: calls $0.25
keeebart: folds 
*** FLOP *** [9c 3c 6d]
wagneryt: checks 
keiffdogg: checks 
Alcymar: checks 
Luigiams: bets $0.40
wagneryt: folds 
keiffdogg: folds 
Alcymar: folds 
Uncalled bet ($0.40) returned to Luigiams
Luigiams collected $1.24 from pot
*** SUMMARY ***
Total pot $1.30 | Rake $0.06 
Board [9c 3c 6d]
Seat 1: keiffdogg folded on the Flop
Seat 2: zubr768 folded before Flop (didn't bet)
Seat 3: GastonLeFort folded before Flop (didn't bet)
Seat 4: Alcymar folded on the Flop
Seat 5: Luigiams (button) collected ($1.24)
Seat 6: wagneryt (small blind) folded on the Flop
Seat 7: keeebart (big blind) folded before Flop
Seat 8: BOSCOBOT folded before Flop (didn't bet)
Seat 9: Dorex2007 folded before Flop (didn't bet)



PokerStars Hand #238018174941:  Hold'em No Limit ($0.05/$0.10 USD) - 2022/08/15 20:16:59 PT [2022/08/15 23:16:59 ET]
Table 'Iguassu III' 9-max Seat #6 is the button
Seat 1: keiffdogg ($8.89 in chips) 
Seat 2: zubr768 ($11.12 in chips) 
Seat 3: GastonLeFort ($20.28 in chips) 
Seat 4: Alcymar ($23.53 in chips) 
Seat 5: Luigiams ($10.56 in chips) 
Seat 6: wagneryt ($15.35 in chips) 
Seat 7: keeebart ($10.10 in chips) 
Seat 8: BOSCOBOT ($10 in chips) 
Seat 9: Dorex2007 ($15.52 in chips) 
keeebart: posts small blind $0.05
BOSCOBOT: posts big blind $0.10
*** HOLE CARDS ***
Dealt to Dorex2007 [Qs 4c]
Dorex2007: folds 
keiffdogg: folds 
zubr768: folds 
GastonLeFort: folds 
Alcymar: folds 
Luigiams has timed out
Luigiams: folds 
wagneryt: folds 
keeebart: raises $0.20 to $0.30
BOSCOBOT: folds 
Uncalled bet ($0.20) returned to keeebart
keeebart collected $0.20 from pot
keeebart: doesn't show hand 
*** SUMMARY ***
Total pot $0.20 | Rake $0 
Seat 1: keiffdogg folded before Flop (didn't bet)
Seat 2: zubr768 folded before Flop (didn't bet)
Seat 3: GastonLeFort folded before Flop (didn't bet)
Seat 4: Alcymar folded before Flop (didn't bet)
Seat 5: Luigiams folded before Flop (didn't bet)
Seat 6: wagneryt (button) folded before Flop (didn't bet)
Seat 7: keeebart (small blind) collected ($0.20)
Seat 8: BOSCOBOT (big blind) folded before Flop
Seat 9: Dorex2007 folded before Flop (didn't bet)



PokerStars Hand #238018180136:  Hold'em No Limit ($0.05/$0.10 USD) - 2022/08/15 20:17:33 PT [2022/08/15 23:17:33 ET]
Table 'Iguassu III' 9-max Seat #7 is the button
Seat 1: keiffdogg ($8.89 in chips) 
Seat 2: zubr768 ($11.12 in chips) 
Seat 3: GastonLeFort ($20.28 in chips) 
Seat 4: Alcymar ($23.53 in chips) 
Seat 6: wagneryt ($15.35 in chips) 
Seat 7: keeebart ($10.20 in chips) 
Seat 8: BOSCOBOT ($10 in chips) 
Seat 9: Dorex2007 ($15.52 in chips) 
BOSCOBOT: posts small blind $0.05
Dorex2007: posts big blind $0.10
*** HOLE CARDS ***
Dealt to Dorex2007 [4c 7d]
keiffdogg: folds 
zubr768: folds 
GastonLeFort: folds 
Alcymar: folds 
wagneryt: folds 
keeebart: folds 
BOSCOBOT: folds 
Uncalled bet ($0.05) returned to Dorex2007
Dorex2007 collected $0.10 from pot
Dorex2007: doesn't show hand 
*** SUMMARY ***
Total pot $0.10 | Rake $0 
Seat 1: keiffdogg folded before Flop (didn't bet)
Seat 2: zubr768 folded before Flop (didn't bet)
Seat 3: GastonLeFort folded before Flop (didn't bet)
Seat 4: Alcymar folded before Flop (didn't bet)
Seat 6: wagneryt folded before Flop (didn't bet)
Seat 7: keeebart (button) folded before Flop (didn't bet)
Seat 8: BOSCOBOT (small blind) folded before Flop
Seat 9: Dorex2007 (big blind) collected ($0.10)



PokerStars Hand #238018183297:  Hold'em No Limit ($0.05/$0.10 USD) - 2022/08/15 20:17:53 PT [2022/08/15 23:17:53 ET]
Table 'Iguassu III' 9-max Seat #8 is the button
Seat 1: keiffdogg ($8.89 in chips) 
Seat 2: zubr768 ($11.12 in chips) 
Seat 3: GastonLeFort ($20.28 in chips) 
Seat 4: Alcymar ($23.53 in chips) 
Seat 6: wagneryt ($15.35 in chips) 
Seat 7: keeebart ($10.20 in chips) 
Seat 8: BOSCOBOT ($10 in chips) 
Seat 9: Dorex2007 ($15.57 in chips) 
Dorex2007: posts small blind $0.05
keiffdogg: posts big blind $0.10
*** HOLE CARDS ***
Dealt to Dorex2007 [Qs 5h]
zubr768: folds 
GastonLeFort: folds 
Alcymar: folds 
wagneryt: folds 
keeebart: folds 
BOSCOBOT: folds 
Dorex2007: folds 
Uncalled bet ($0.05) returned to keiffdogg
keiffdogg collected $0.10 from pot
*** SUMMARY ***
Total pot $0.10 | Rake $0 
Seat 1: keiffdogg (big blind) collected ($0.10)
Seat 2: zubr768 folded before Flop (didn't bet)
Seat 3: GastonLeFort folded before Flop (didn't bet)
Seat 4: Alcymar folded before Flop (didn't bet)
Seat 6: wagneryt folded before Flop (didn't bet)
Seat 7: keeebart folded before Flop (didn't bet)
Seat 8: BOSCOBOT (button) folded before Flop (didn't bet)
Seat 9: Dorex2007 (small blind) folded before Flop



PokerStars Hand #238018185428:  Hold'em No Limit ($0.05/$0.10 USD) - 2022/08/15 20:18:07 PT [2022/08/15 23:18:07 ET]
Table 'Iguassu III' 9-max Seat #9 is the button
Seat 1: keiffdogg ($8.94 in chips) 
Seat 2: zubr768 ($11.12 in chips) 
Seat 3: GastonLeFort ($20.28 in chips) 
Seat 4: Alcymar ($23.53 in chips) 
Seat 6: wagneryt ($15.35 in chips) 
Seat 7: keeebart ($10.20 in chips) 
Seat 8: BOSCOBOT ($10 in chips) 
Seat 9: Dorex2007 ($15.52 in chips) 
keiffdogg: posts small blind $0.05
zubr768: posts big blind $0.10
*** HOLE CARDS ***
Dealt to Dorex2007 [8h 9d]
GastonLeFort: raises $0.20 to $0.30
Alcymar: folds 
wagneryt: folds 
keeebart: raises $0.75 to $1.05
BOSCOBOT: folds 
Dorex2007: folds 
keiffdogg: folds 
zubr768: folds 
GastonLeFort: folds 
Uncalled bet ($0.75) returned to keeebart
keeebart collected $0.75 from pot
keeebart: doesn't show hand 
*** SUMMARY ***
Total pot $0.75 | Rake $0 
Seat 1: keiffdogg (small blind) folded before Flop
Seat 2: zubr768 (big blind) folded before Flop
Seat 3: GastonLeFort folded before Flop
Seat 4: Alcymar folded before Flop (didn't bet)
Seat 6: wagneryt folded before Flop (didn't bet)
Seat 7: keeebart collected ($0.75)
Seat 8: BOSCOBOT folded before Flop (didn't bet)
Seat 9: Dorex2007 (button) folded before Flop (didn't bet)



PokerStars Hand #238018191983:  Hold'em No Limit ($0.05/$0.10 USD) - 2022/08/15 20:18:50 PT [2022/08/15 23:18:50 ET]
Table 'Iguassu III' 9-max Seat #1 is the button
Seat 1: keiffdogg ($8.89 in chips) 
Seat 2: zubr768 ($11.02 in chips) 
Seat 3: GastonLeFort ($19.98 in chips) 
Seat 4: Alcymar ($23.53 in chips) 
Seat 5: Luigiams ($10.56 in chips) 
Seat 6: wagneryt ($15.35 in chips) 
Seat 7: keeebart ($10.65 in chips) 
Seat 8: BOSCOBOT ($10 in chips) 
Seat 9: Dorex2007 ($15.52 in chips) 
zubr768: posts small blind $0.05
GastonLeFort: posts big blind $0.10
*** HOLE CARDS ***
Dealt to Dorex2007 [Qs As]
Alcymar: folds 
Luigiams: folds 
wagneryt: calls $0.10
keeebart: folds 
BOSCOBOT: folds 
Dorex2007: raises $0.10 to $0.20
keiffdogg: folds 
zubr768: folds 
GastonLeFort: folds 
wagneryt: raises $0.10 to $0.30
Dorex2007: calls $0.10
*** FLOP *** [5s 5h Ad]
wagneryt: bets $0.36
Dorex2007: raises $1.44 to $1.80
wagneryt: calls $1.44
*** TURN *** [5s 5h Ad] [Ts]
keiffdogg is disconnected 
wagneryt: bets $2.07
Dorex2007: calls $2.07
*** RIVER *** [5s 5h Ad Ts] [6d]
wagneryt: bets $3
Dorex2007: calls $3
*** SHOW DOWN ***
wagneryt: shows [Jc Jh] (two pair, Jacks and Fives)
Dorex2007: shows [Qs As] (two pair, Aces and Fives)
Dorex2007 collected $13.84 from pot
*** SUMMARY ***
Total pot $14.49 | Rake $0.65 
Board [5s 5h Ad Ts 6d]
Seat 1: keiffdogg (button) folded before Flop (didn't bet)
Seat 2: zubr768 (small blind) folded before Flop
Seat 3: GastonLeFort (big blind) folded before Flop
Seat 4: Alcymar folded before Flop (didn't bet)
Seat 5: Luigiams folded before Flop (didn't bet)
Seat 6: wagneryt showed [Jc Jh] and lost with two pair, Jacks and Fives
Seat 7: keeebart folded before Flop (didn't bet)
Seat 8: BOSCOBOT folded before Flop (didn't bet)
Seat 9: Dorex2007 showed [Qs As] and won ($13.84) with two pair, Aces and Fives



PokerStars Hand #238018200950:  Hold'em No Limit ($0.05/$0.10 USD) - 2022/08/15 20:19:50 PT [2022/08/15 23:19:50 ET]
Table 'Iguassu III' 9-max Seat #2 is the button
Seat 1: keiffdogg ($8.89 in chips) 
Seat 2: zubr768 ($10.97 in chips) 
Seat 3: GastonLeFort ($19.88 in chips) 
Seat 4: Alcymar ($23.53 in chips) 
Seat 5: Luigiams ($10.56 in chips) 
Seat 6: wagneryt ($8.18 in chips) 
Seat 7: keeebart ($10.65 in chips) 
Seat 8: BOSCOBOT ($10 in chips) 
Seat 9: Dorex2007 ($22.19 in chips) 
GastonLeFort: posts small blind $0.05
Alcymar: posts big blind $0.10
*** HOLE CARDS ***
Dealt to Dorex2007 [9s Qd]
Luigiams: folds 
wagneryt: folds 
keeebart: folds 
BOSCOBOT: raises $0.20 to $0.30
Dorex2007: folds 
keiffdogg: folds 
zubr768: folds 
GastonLeFort: folds 
Alcymar: folds 
Uncalled bet ($0.20) returned to BOSCOBOT
BOSCOBOT collected $0.25 from pot
BOSCOBOT: doesn't show hand 
*** SUMMARY ***
Total pot $0.25 | Rake $0 
Seat 1: keiffdogg folded before Flop (didn't bet)
Seat 2: zubr768 (button) folded before Flop (didn't bet)
Seat 3: GastonLeFort (small blind) folded before Flop
Seat 4: Alcymar (big blind) folded before Flop
Seat 5: Luigiams folded before Flop (didn't bet)
Seat 6: wagneryt folded before Flop (didn't bet)
Seat 7: keeebart folded before Flop (didn't bet)
Seat 8: BOSCOBOT collected ($0.25)
Seat 9: Dorex2007 folded before Flop (didn't bet)



PokerStars Hand #238018204256:  Hold'em No Limit ($0.05/$0.10 USD) - 2022/08/15 20:20:12 PT [2022/08/15 23:20:12 ET]
Table 'Iguassu III' 9-max Seat #3 is the button
Seat 1: keiffdogg ($8.89 in chips) 
Seat 2: zubr768 ($10.97 in chips) 
Seat 3: GastonLeFort ($19.83 in chips) 
Seat 4: Alcymar ($23.43 in chips) 
Seat 6: wagneryt ($8.18 in chips) 
Seat 7: keeebart ($10.65 in chips) 
Seat 8: BOSCOBOT ($10.15 in chips) 
Seat 9: Dorex2007 ($22.19 in chips) 
Alcymar: posts small blind $0.05
Luigiams: is sitting out 
wagneryt: posts big blind $0.10
*** HOLE CARDS ***
Dealt to Dorex2007 [8h Ac]
keeebart: folds 
BOSCOBOT: folds 
Dorex2007: folds 
keiffdogg: raises $0.20 to $0.30
zubr768: calls $0.30
GastonLeFort: folds 
Alcymar: folds 
wagneryt: folds 
*** FLOP *** [7s Kd 9h]
keiffdogg: bets $0.40
zubr768: calls $0.40
*** TURN *** [7s Kd 9h] [Qc]
keiffdogg: bets $0.90
zubr768: calls $0.90
*** RIVER *** [7s Kd 9h Qc] [Jd]
keiffdogg: checks 
zubr768: checks 
*** SHOW DOWN ***
keiffdogg: shows [Ks Qd] (two pair, Kings and Queens)
zubr768: mucks hand 
keiffdogg collected $3.20 from pot
*** SUMMARY ***
Total pot $3.35 | Rake $0.15 
Board [7s Kd 9h Qc Jd]
Seat 1: keiffdogg showed [Ks Qd] and won ($3.20) with two pair, Kings and Queens
Seat 2: zubr768 mucked [Jc Kc]
Seat 3: GastonLeFort (button) folded before Flop (didn't bet)
Seat 4: Alcymar (small blind) folded before Flop
Seat 6: wagneryt (big blind) folded before Flop
Seat 7: keeebart folded before Flop (didn't bet)
Seat 8: BOSCOBOT folded before Flop (didn't bet)
Seat 9: Dorex2007 folded before Flop (didn't bet)



PokerStars Hand #238018213458:  Hold'em No Limit ($0.05/$0.10 USD) - 2022/08/15 20:21:14 PT [2022/08/15 23:21:14 ET]
Table 'Iguassu III' 9-max Seat #4 is the button
Seat 1: keiffdogg ($10.49 in chips) 
Seat 2: zubr768 ($10 in chips) 
Seat 3: GastonLeFort ($19.83 in chips) 
Seat 4: Alcymar ($23.38 in chips) 
Seat 6: wagneryt ($8.08 in chips) 
Seat 7: keeebart ($10.65 in chips) 
Seat 8: BOSCOBOT ($10.15 in chips) 
Seat 9: Dorex2007 ($22.19 in chips) 
wagneryt: posts small blind $0.05
keeebart: posts big blind $0.10
*** HOLE CARDS ***
Dealt to Dorex2007 [2s Ad]
BOSCOBOT: raises $0.14 to $0.24
Dorex2007: folds 
keiffdogg: calls $0.24
zubr768: folds 
GastonLeFort: folds 
Alcymar: calls $0.24
wagneryt: folds 
keeebart: folds 
*** FLOP *** [8c 3s Jh]
BOSCOBOT: checks 
keiffdogg: checks 
Luigiams leaves the table
Alcymar: bets $0.50
BOSCOBOT: folds 
keiffdogg: folds 
Uncalled bet ($0.50) returned to Alcymar
Alcymar collected $0.83 from pot
Alcymar: doesn't show hand 
*** SUMMARY ***
Total pot $0.87 | Rake $0.04 
Board [8c 3s Jh]
Seat 1: keiffdogg folded on the Flop
Seat 2: zubr768 folded before Flop (didn't bet)
Seat 3: GastonLeFort folded before Flop (didn't bet)
Seat 4: Alcymar (button) collected ($0.83)
Seat 6: wagneryt (small blind) folded before Flop
Seat 7: keeebart (big blind) folded before Flop
Seat 8: BOSCOBOT folded on the Flop
Seat 9: Dorex2007 folded before Flop (didn't bet)



PokerStars Hand #238018222711:  Hold'em No Limit ($0.05/$0.10 USD) - 2022/08/15 20:22:11 PT [2022/08/15 23:22:11 ET]
Table 'Iguassu III' 9-max Seat #6 is the button
Seat 1: keiffdogg ($10.25 in chips) 
Seat 2: zubr768 ($10 in chips) 
Seat 3: GastonLeFort ($19.83 in chips) 
Seat 4: Alcymar ($23.97 in chips) 
Seat 6: wagneryt ($8.03 in chips) 
Seat 7: keeebart ($10.55 in chips) 
Seat 9: Dorex2007 ($22.19 in chips) 
keeebart: posts small blind $0.05
Dorex2007: posts big blind $0.10
*** HOLE CARDS ***
Dealt to Dorex2007 [9h 4c]
keiffdogg: folds 
zubr768: folds 
GastonLeFort: folds 
Alcymar: folds 
wagneryt: calls $0.10
keeebart: folds 
Dorex2007: checks 
*** FLOP *** [Ks 7s Jd]
Dorex2007: checks 
wagneryt: checks 
*** TURN *** [Ks 7s Jd] [Ts]
Dorex2007: checks 
wagneryt: bets $0.24
Dorex2007: folds 
Uncalled bet ($0.24) returned to wagneryt
wagneryt collected $0.24 from pot
*** SUMMARY ***
Total pot $0.25 | Rake $0.01 
Board [Ks 7s Jd Ts]
Seat 1: keiffdogg folded before Flop (didn't bet)
Seat 2: zubr768 folded before Flop (didn't bet)
Seat 3: GastonLeFort folded before Flop (didn't bet)
Seat 4: Alcymar folded before Flop (didn't bet)
Seat 6: wagneryt (button) collected ($0.24)
Seat 7: keeebart (small blind) folded before Flop
Seat 9: Dorex2007 (big blind) folded on the Turn



PokerStars Hand #238018228421:  Hold'em No Limit ($0.05/$0.10 USD) - 2022/08/15 20:22:49 PT [2022/08/15 23:22:49 ET]
Table 'Iguassu III' 9-max Seat #7 is the button
Seat 1: keiffdogg ($10.25 in chips) 
Seat 2: zubr768 ($10 in chips) 
Seat 3: GastonLeFort ($19.83 in chips) 
Seat 4: Alcymar ($23.97 in chips) 
Seat 6: wagneryt ($8.17 in chips) 
Seat 7: keeebart ($10.50 in chips) 
Seat 9: Dorex2007 ($22.09 in chips) 
Dorex2007: posts small blind $0.05
keiffdogg: posts big blind $0.10
*** HOLE CARDS ***
Dealt to Dorex2007 [Kd Th]
zubr768: folds 
GastonLeFort: folds 
Alcymar: folds 
wagneryt: folds 
keeebart: folds 
Dorex2007: calls $0.05
keiffdogg: checks 
*** FLOP *** [Jh 6h Jd]
Dorex2007: checks 
keiffdogg: checks 
*** TURN *** [Jh 6h Jd] [7s]
Dorex2007: checks 
keiffdogg: checks 
*** RIVER *** [Jh 6h Jd 7s] [2c]
rc10111967 joins the table at seat #5 
Dorex2007: bets $0.13
keiffdogg: folds 
Uncalled bet ($0.13) returned to Dorex2007
Dorex2007 collected $0.19 from pot
Dorex2007: doesn't show hand 
*** SUMMARY ***
Total pot $0.20 | Rake $0.01 
Board [Jh 6h Jd 7s 2c]
Seat 1: keiffdogg (big blind) folded on the River
Seat 2: zubr768 folded before Flop (didn't bet)
Seat 3: GastonLeFort folded before Flop (didn't bet)
Seat 4: Alcymar folded before Flop (didn't bet)
Seat 6: wagneryt folded before Flop (didn't bet)
Seat 7: keeebart (button) folded before Flop (didn't bet)
Seat 9: Dorex2007 (small blind) collected ($0.19)



PokerStars Hand #238018233221:  Hold'em No Limit ($0.05/$0.10 USD) - 2022/08/15 20:23:21 PT [2022/08/15 23:23:21 ET]
Table 'Iguassu III' 9-max Seat #9 is the button
Seat 1: keiffdogg ($10.15 in chips) 
Seat 2: zubr768 ($10 in chips) 
Seat 3: GastonLeFort ($19.83 in chips) 
Seat 4: Alcymar ($23.97 in chips) 
Seat 5: rc10111967 ($4 in chips) 
Seat 6: wagneryt ($8.17 in chips) 
Seat 7: keeebart ($10.50 in chips) 
Seat 9: Dorex2007 ($22.18 in chips) 
keiffdogg: posts small blind $0.05
zubr768: posts big blind $0.10
rc10111967: posts big blind $0.10
*** HOLE CARDS ***
Dealt to Dorex2007 [3c 8h]
GastonLeFort: folds 
Alcymar: folds 
rc10111967: checks 
wagneryt: folds 
keeebart has timed out
keeebart: folds 
Dorex2007: folds 
keiffdogg: folds 
zubr768: checks 
*** FLOP *** [5h Tc 9h]
zubr768: checks 
rc10111967: bets $0.24
zubr768: folds 
Uncalled bet ($0.24) returned to rc10111967
rc10111967 collected $0.24 from pot
*** SUMMARY ***
Total pot $0.25 | Rake $0.01 
Board [5h Tc 9h]
Seat 1: keiffdogg (small blind) folded before Flop
Seat 2: zubr768 (big blind) folded on the Flop
Seat 3: GastonLeFort folded before Flop (didn't bet)
Seat 4: Alcymar folded before Flop (didn't bet)
Seat 5: rc10111967 collected ($0.24)
Seat 6: wagneryt folded before Flop (didn't bet)
Seat 7: keeebart folded before Flop (didn't bet)
Seat 9: Dorex2007 (button) folded before Flop (didn't bet)



PokerStars Hand #238018244216:  Hold'em No Limit ($0.05/$0.10 USD) - 2022/08/15 20:24:12 PT [2022/08/15 23:24:12 ET]
Table 'Iguassu III' 9-max Seat #1 is the button
Seat 1: keiffdogg ($10.10 in chips) 
Seat 2: zubr768 ($10 in chips) 
Seat 3: GastonLeFort ($19.83 in chips) 
Seat 4: Alcymar ($23.97 in chips) 
Seat 5: rc10111967 ($4.14 in chips) 
Seat 6: wagneryt ($8.17 in chips) 
Seat 9: Dorex2007 ($22.18 in chips) 
zubr768: posts small blind $0.05
GastonLeFort: posts big blind $0.10
*** HOLE CARDS ***
Dealt to Dorex2007 [3d 5s]
Alcymar: folds 
rc10111967: raises $0.10 to $0.20
wagneryt: folds 
Dorex2007: folds 
keiffdogg: folds 
zubr768: folds 
GastonLeFort: folds 
Uncalled bet ($0.10) returned to rc10111967
rc10111967 collected $0.25 from pot
*** SUMMARY ***
Total pot $0.25 | Rake $0 
Seat 1: keiffdogg (button) folded before Flop (didn't bet)
Seat 2: zubr768 (small blind) folded before Flop
Seat 3: GastonLeFort (big blind) folded before Flop
Seat 4: Alcymar folded before Flop (didn't bet)
Seat 5: rc10111967 collected ($0.25)
Seat 6: wagneryt folded before Flop (didn't bet)
Seat 9: Dorex2007 folded before Flop (didn't bet)



PokerStars Hand #238018248758:  Hold'em No Limit ($0.05/$0.10 USD) - 2022/08/15 20:24:43 PT [2022/08/15 23:24:43 ET]
Table 'Iguassu III' 9-max Seat #2 is the button
Seat 1: keiffdogg ($10.10 in chips) 
Seat 2: zubr768 ($10 in chips) 
Seat 3: GastonLeFort ($19.73 in chips) 
Seat 4: Alcymar ($23.97 in chips) 
Seat 5: rc10111967 ($4.29 in chips) 
Seat 6: wagneryt ($8.17 in chips) 
Seat 7: keeebart ($10.50 in chips) 
Seat 9: Dorex2007 ($22.18 in chips) 
GastonLeFort: posts small blind $0.05
Alcymar: posts big blind $0.10
*** HOLE CARDS ***
Dealt to Dorex2007 [Td Js]
rc10111967: raises $0.10 to $0.20
wagneryt: folds 
keeebart: folds 
Dorex2007: folds 
keiffdogg: folds 
zubr768: folds 
GastonLeFort: folds 
Alcymar: calls $0.10
*** FLOP *** [3c 7c 2c]
Alcymar: checks 
rc10111967: bets $0.21
Alcymar: folds 
Uncalled bet ($0.21) returned to rc10111967
rc10111967 collected $0.43 from pot
*** SUMMARY ***
Total pot $0.45 | Rake $0.02 
Board [3c 7c 2c]
Seat 1: keiffdogg folded before Flop (didn't bet)
Seat 2: zubr768 (button) folded before Flop (didn't bet)
Seat 3: GastonLeFort (small blind) folded before Flop
Seat 4: Alcymar (big blind) folded on the Flop
Seat 5: rc10111967 collected ($0.43)
Seat 6: wagneryt folded before Flop (didn't bet)
Seat 7: keeebart folded before Flop (didn't bet)
Seat 9: Dorex2007 folded before Flop (didn't bet)



PokerStars Hand #238018254404:  Hold'em No Limit ($0.05/$0.10 USD) - 2022/08/15 20:25:21 PT [2022/08/15 23:25:21 ET]
Table 'Iguassu III' 9-max Seat #3 is the button
Seat 1: keiffdogg ($10.10 in chips) 
Seat 2: zubr768 ($10 in chips) 
Seat 3: GastonLeFort ($19.68 in chips) 
Seat 4: Alcymar ($23.77 in chips) 
Seat 5: rc10111967 ($4.52 in chips) 
Seat 6: wagneryt ($8.17 in chips) 
Seat 7: keeebart ($10.50 in chips) 
Seat 9: Dorex2007 ($22.18 in chips) 
Alcymar: posts small blind $0.05
rc10111967: posts big blind $0.10
*** HOLE CARDS ***
Dealt to Dorex2007 [7s 7h]
wagneryt: folds 
keeebart: folds 
Dorex2007: calls $0.10
keiffdogg: folds 
zubr768: calls $0.10
GastonLeFort: folds 
Alcymar: folds 
rc10111967: raises $0.10 to $0.20
Dorex2007: calls $0.10
zubr768: calls $0.10
*** FLOP *** [5c 2s Kd]
rc10111967: checks 
Dorex2007: bets $0.31
zubr768: calls $0.31
rc10111967: folds 
*** TURN *** [5c 2s Kd] [8s]
Dorex2007: checks 
zubr768: bets $0.60
Dorex2007: folds 
Uncalled bet ($0.60) returned to zubr768
zubr768 collected $1.21 from pot
zubr768: doesn't show hand 
*** SUMMARY ***
Total pot $1.27 | Rake $0.06 
Board [5c 2s Kd 8s]
Seat 1: keiffdogg folded before Flop (didn't bet)
Seat 2: zubr768 collected ($1.21)
Seat 3: GastonLeFort (button) folded before Flop (didn't bet)
Seat 4: Alcymar (small blind) folded before Flop
Seat 5: rc10111967 (big blind) folded on the Flop
Seat 6: wagneryt folded before Flop (didn't bet)
Seat 7: keeebart folded before Flop (didn't bet)
Seat 9: Dorex2007 folded on the Turn



PokerStars Hand #238018265566:  Hold'em No Limit ($0.05/$0.10 USD) - 2022/08/15 20:26:37 PT [2022/08/15 23:26:37 ET]
Table 'Iguassu III' 9-max Seat #4 is the button
Seat 1: keiffdogg ($10.10 in chips) 
Seat 2: zubr768 ($10.70 in chips) 
Seat 3: GastonLeFort ($19.68 in chips) 
Seat 4: Alcymar ($23.72 in chips) 
Seat 5: rc10111967 ($4.32 in chips) 
Seat 6: wagneryt ($8.17 in chips) 
Seat 7: keeebart ($10.50 in chips) 
Seat 9: Dorex2007 ($21.67 in chips) 
rc10111967: posts small blind $0.05
wagneryt: posts big blind $0.10
BOSCOBOT: sits out 
*** HOLE CARDS ***
Dealt to Dorex2007 [8h 7d]
keeebart: folds 
BOSCOBOT leaves the table
Count Mole joins the table at seat #8 
Dorex2007: folds 
keiffdogg: folds 
zubr768: folds 
GastonLeFort: folds 
Alcymar: raises $0.10 to $0.20
rc10111967: calls $0.15
wagneryt: calls $0.10
*** FLOP *** [Tc 8c Ks]
rc10111967: checks 
wagneryt: checks 
Alcymar: checks 
*** TURN *** [Tc 8c Ks] [Td]
rc10111967: checks 
wagneryt: checks 
Alcymar: checks 
*** RIVER *** [Tc 8c Ks Td] [9s]
rc10111967: bets $0.57
wagneryt: folds 
Alcymar: folds 
Uncalled bet ($0.57) returned to rc10111967
rc10111967 collected $0.57 from pot
*** SUMMARY ***
Total pot $0.60 | Rake $0.03 
Board [Tc 8c Ks Td 9s]
Seat 1: keiffdogg folded before Flop (didn't bet)
Seat 2: zubr768 folded before Flop (didn't bet)
Seat 3: GastonLeFort folded before Flop (didn't bet)
Seat 4: Alcymar (button) folded on the River
Seat 5: rc10111967 (small blind) collected ($0.57)
Seat 6: wagneryt (big blind) folded on the River
Seat 7: keeebart folded before Flop (didn't bet)
Seat 9: Dorex2007 folded before Flop (didn't bet)



PokerStars Hand #238018281007:  Hold'em No Limit ($0.05/$0.10 USD) - 2022/08/15 20:28:23 PT [2022/08/15 23:28:23 ET]
Table 'Iguassu III' 9-max Seat #5 is the button
Seat 1: keiffdogg ($10.10 in chips) 
Seat 2: zubr768 ($10.70 in chips) 
Seat 3: GastonLeFort ($19.68 in chips) 
Seat 4: Alcymar ($23.52 in chips) 
Seat 5: rc10111967 ($4.69 in chips) 
Seat 6: wagneryt ($7.97 in chips) 
Seat 7: keeebart ($10.50 in chips) 
Seat 9: Dorex2007 ($21.67 in chips) 
wagneryt: posts small blind $0.05
keeebart: posts big blind $0.10
Count Mole: sits out 
*** HOLE CARDS ***
Dealt to Dorex2007 [Th 3s]
Dorex2007: folds 
keiffdogg: folds 
zubr768: folds 
GastonLeFort: folds 
Alcymar: folds 
rc10111967: calls $0.10
wagneryt: calls $0.05
keeebart: checks 
*** FLOP *** [Jd 9c 8h]
wagneryt: bets $0.29
keeebart: folds 
rc10111967: raises $0.87 to $1.16
wagneryt: calls $0.87
*** TURN *** [Jd 9c 8h] [Ts]
wagneryt: bets $6.71 and is all-in
rc10111967: folds 
Uncalled bet ($6.71) returned to wagneryt
wagneryt collected $2.50 from pot
*** SUMMARY ***
Total pot $2.62 | Rake $0.12 
Board [Jd 9c 8h Ts]
Seat 1: keiffdogg folded before Flop (didn't bet)
Seat 2: zubr768 folded before Flop (didn't bet)
Seat 3: GastonLeFort folded before Flop (didn't bet)
Seat 4: Alcymar folded before Flop (didn't bet)
Seat 5: rc10111967 (button) folded on the Turn
Seat 6: wagneryt (small blind) collected ($2.50)
Seat 7: keeebart (big blind) folded on the Flop
Seat 9: Dorex2007 folded before Flop (didn't bet)



PokerStars Hand #238018291177:  Hold'em No Limit ($0.05/$0.10 USD) - 2022/08/15 20:29:32 PT [2022/08/15 23:29:32 ET]
Table 'Iguassu III' 9-max Seat #6 is the button
Seat 1: keiffdogg ($10.10 in chips) 
Seat 2: zubr768 ($10.70 in chips) 
Seat 3: GastonLeFort ($19.68 in chips) 
Seat 4: Alcymar ($23.52 in chips) 
Seat 5: rc10111967 ($3.43 in chips) 
Seat 6: wagneryt ($9.21 in chips) 
Seat 7: keeebart ($10.40 in chips) 
Seat 8: Count Mole ($10 in chips) 
Seat 9: Dorex2007 ($21.67 in chips) 
keeebart: posts small blind $0.05
Count Mole: posts big blind $0.10
*** HOLE CARDS ***
Dealt to Dorex2007 [Ad 5c]
Dorex2007: folds 
keiffdogg: folds 
zubr768: folds 
GastonLeFort: folds 
Alcymar: folds 
rc10111967: raises $0.40 to $0.50
wagneryt: folds 
keeebart: folds 
Count Mole: folds 
Uncalled bet ($0.40) returned to rc10111967
keeebart leaves the table
rc10111967 collected $0.25 from pot
*** SUMMARY ***
Total pot $0.25 | Rake $0 
Seat 1: keiffdogg folded before Flop (didn't bet)
Seat 2: zubr768 folded before Flop (didn't bet)
Seat 3: GastonLeFort folded before Flop (didn't bet)
Seat 4: Alcymar folded before Flop (didn't bet)
Seat 5: rc10111967 collected ($0.25)
Seat 6: wagneryt (button) folded before Flop (didn't bet)
Seat 7: keeebart (small blind) folded before Flop
Seat 8: Count Mole (big blind) folded before Flop
Seat 9: Dorex2007 folded before Flop (didn't bet)



PokerStars Hand #238018296626:  Hold'em No Limit ($0.05/$0.10 USD) - 2022/08/15 20:30:09 PT [2022/08/15 23:30:09 ET]
Table 'Iguassu III' 9-max Seat #8 is the button
Seat 1: keiffdogg ($10.10 in chips) 
Seat 2: zubr768 ($10.70 in chips) 
Seat 3: GastonLeFort ($19.68 in chips) 
Seat 4: Alcymar ($23.52 in chips) 
Seat 5: rc10111967 ($3.58 in chips) 
Seat 6: wagneryt ($9.21 in chips) 
Seat 8: Count Mole ($10 in chips) 
Seat 9: Dorex2007 ($21.67 in chips) 
Dorex2007: posts small blind $0.05
keiffdogg: posts big blind $0.10
*** HOLE CARDS ***
Dealt to Dorex2007 [9h Jd]
zubr768: folds 
GastonLeFort: folds 
Alcymar: folds 
rc10111967: calls $0.10
wagneryt: calls $0.10
Count Mole: raises $0.40 to $0.50
Dorex2007: folds 
Bigpaparoy.300 joins the table at seat #7 
keiffdogg: folds 
rc10111967: folds 
wagneryt: calls $0.40
*** FLOP *** [5d 4s 6h]
wagneryt: checks 
Count Mole: checks 
*** TURN *** [5d 4s 6h] [8s]
wagneryt: bets $0.59
Count Mole: calls $0.59
*** RIVER *** [5d 4s 6h 8s] [3h]
wagneryt: bets $0.50
Count Mole: folds 
Uncalled bet ($0.50) returned to wagneryt
wagneryt collected $2.32 from pot
*** SUMMARY ***
Total pot $2.43 | Rake $0.11 
Board [5d 4s 6h 8s 3h]
Seat 1: keiffdogg (big blind) folded before Flop
Seat 2: zubr768 folded before Flop (didn't bet)
Seat 3: GastonLeFort folded before Flop (didn't bet)
Seat 4: Alcymar folded before Flop (didn't bet)
Seat 5: rc10111967 folded before Flop
Seat 6: wagneryt collected ($2.32)
Seat 8: Count Mole (button) folded on the River
Seat 9: Dorex2007 (small blind) folded before Flop



PokerStars Hand #238018320109:  Hold'em No Limit ($0.05/$0.10 USD) - 2022/08/15 20:32:14 PT [2022/08/15 23:32:14 ET]
Table 'Iguassu III' 9-max Seat #9 is the button
Seat 1: keiffdogg ($10 in chips) 
Seat 2: zubr768 ($10.70 in chips) 
Seat 3: GastonLeFort ($19.68 in chips) 
Seat 4: Alcymar ($23.52 in chips) 
Seat 5: rc10111967 ($3.48 in chips) 
Seat 6: wagneryt ($10.44 in chips) 
Seat 7: Bigpaparoy.300 ($8 in chips) 
Seat 8: Count Mole ($10 in chips) 
Seat 9: Dorex2007 ($21.62 in chips) 
keiffdogg: posts small blind $0.05
zubr768: posts big blind $0.10
Bigpaparoy.300: posts big blind $0.10
*** HOLE CARDS ***
Dealt to Dorex2007 [Qh Ks]
GastonLeFort: folds 
Alcymar: folds 
rc10111967 has timed out
rc10111967: folds 
wagneryt: folds 
Bigpaparoy.300: checks 
Count Mole: folds 
Dorex2007: calls $0.10
keiffdogg: folds 
zubr768: checks 
*** FLOP *** [4s 8d 5c]
zubr768: checks 
Bigpaparoy.300: checks 
Dorex2007: checks 
*** TURN *** [4s 8d 5c] [3s]
zubr768: checks 
Bigpaparoy.300: checks 
Dorex2007: checks 
*** RIVER *** [4s 8d 5c 3s] [2h]
zubr768: checks 
Bigpaparoy.300: checks 
Dorex2007: bets $0.22
zubr768: folds 
Bigpaparoy.300: folds 
Uncalled bet ($0.22) returned to Dorex2007
Dorex2007 collected $0.33 from pot
Dorex2007: doesn't show hand 
*** SUMMARY ***
Total pot $0.35 | Rake $0.02 
Board [4s 8d 5c 3s 2h]
Seat 1: keiffdogg (small blind) folded before Flop
Seat 2: zubr768 (big blind) folded on the River
Seat 3: GastonLeFort folded before Flop (didn't bet)
Seat 4: Alcymar folded before Flop (didn't bet)
Seat 5: rc10111967 folded before Flop (didn't bet)
Seat 6: wagneryt folded before Flop (didn't bet)
Seat 7: Bigpaparoy.300 folded on the River (didn't bet)
Seat 8: Count Mole folded before Flop (didn't bet)
Seat 9: Dorex2007 (button) collected ($0.33)



PokerStars Hand #238018332344:  Hold'em No Limit ($0.05/$0.10 USD) - 2022/08/15 20:33:39 PT [2022/08/15 23:33:39 ET]
Table 'Iguassu III' 9-max Seat #1 is the button
Seat 1: keiffdogg ($9.95 in chips) 
Seat 2: zubr768 ($10.60 in chips) 
Seat 3: GastonLeFort ($19.68 in chips) 
Seat 4: Alcymar ($23.52 in chips) 
Seat 5: rc10111967 ($3.48 in chips) 
Seat 6: wagneryt ($10.44 in chips) 
Seat 7: Bigpaparoy.300 ($7.90 in chips) 
Seat 8: Count Mole ($10 in chips) 
Seat 9: Dorex2007 ($21.85 in chips) 
zubr768: posts small blind $0.05
GastonLeFort: posts big blind $0.10
*** HOLE CARDS ***
Dealt to Dorex2007 [As Kc]
Alcymar: raises $0.20 to $0.30
rc10111967: calls $0.30
wagneryt: folds 
Bigpaparoy.300: folds 
Count Mole: raises $0.60 to $0.90
Dorex2007: calls $0.90
keiffdogg: folds 
zubr768: folds 
GastonLeFort: folds 
Alcymar: calls $0.60
rc10111967: folds 
*** FLOP *** [Td Jc 3d]
Alcymar: checks 
Count Mole: checks 
Dorex2007: bets $1.50
Alcymar: folds 
Count Mole: calls $1.50
*** TURN *** [Td Jc 3d] [6s]
Count Mole: checks 
Dorex2007: bets $2.93
Count Mole: raises $4.67 to $7.60 and is all-in
Dorex2007: folds 
Uncalled bet ($4.67) returned to Count Mole
Count Mole collected $11.47 from pot
Count Mole: doesn't show hand 
*** SUMMARY ***
Total pot $12.01 | Rake $0.54 
Board [Td Jc 3d 6s]
Seat 1: keiffdogg (button) folded before Flop (didn't bet)
Seat 2: zubr768 (small blind) folded before Flop
Seat 3: GastonLeFort (big blind) folded before Flop
Seat 4: Alcymar folded on the Flop
Seat 5: rc10111967 folded before Flop
Seat 6: wagneryt folded before Flop (didn't bet)
Seat 7: Bigpaparoy.300 folded before Flop (didn't bet)
Seat 8: Count Mole collected ($11.47)
Seat 9: Dorex2007 folded on the Turn



PokerStars Hand #238018354359:  Hold'em No Limit ($0.05/$0.10 USD) - 2022/08/15 20:35:34 PT [2022/08/15 23:35:34 ET]
Table 'Iguassu III' 9-max Seat #2 is the button
Seat 1: keiffdogg ($9.95 in chips) 
Seat 2: zubr768 ($10.55 in chips) 
Seat 3: GastonLeFort ($19.58 in chips) 
Seat 4: Alcymar ($22.62 in chips) 
Seat 5: rc10111967 ($3.18 in chips) 
Seat 6: wagneryt ($10.44 in chips) 
Seat 7: Bigpaparoy.300 ($7.90 in chips) 
Seat 8: Count Mole ($16.14 in chips) 
Seat 9: Dorex2007 ($16.52 in chips) 
GastonLeFort: posts small blind $0.05
Alcymar: posts big blind $0.10
*** HOLE CARDS ***
Dealt to Dorex2007 [Jh 2h]
rc10111967: calls $0.10
wagneryt: calls $0.10
Bigpaparoy.300: folds 
Count Mole: folds 
Dorex2007: folds 
keiffdogg: folds 
zubr768: folds 
GastonLeFort: folds 
Alcymar: raises $0.20 to $0.30
rc10111967: calls $0.20
wagneryt: calls $0.20
*** FLOP *** [7c 6d 2c]
Alcymar: checks 
rc10111967: checks 
wagneryt: checks 
*** TURN *** [7c 6d 2c] [3c]
Alcymar: checks 
rc10111967: bets $0.91
wagneryt: folds 
Alcymar: folds 
Uncalled bet ($0.91) returned to rc10111967
rc10111967 collected $0.91 from pot
*** SUMMARY ***
Total pot $0.95 | Rake $0.04 
Board [7c 6d 2c 3c]
Seat 1: keiffdogg folded before Flop (didn't bet)
Seat 2: zubr768 (button) folded before Flop (didn't bet)
Seat 3: GastonLeFort (small blind) folded before Flop
Seat 4: Alcymar (big blind) folded on the Turn
Seat 5: rc10111967 collected ($0.91)
Seat 6: wagneryt folded on the Turn
Seat 7: Bigpaparoy.300 folded before Flop (didn't bet)
Seat 8: Count Mole folded before Flop (didn't bet)
Seat 9: Dorex2007 folded before Flop (didn't bet)



PokerStars Hand #238018369606:  Hold'em No Limit ($0.05/$0.10 USD) - 2022/08/15 20:37:22 PT [2022/08/15 23:37:22 ET]
Table 'Iguassu III' 9-max Seat #3 is the button
Seat 1: keiffdogg ($9.95 in chips) 
Seat 2: zubr768 ($10.55 in chips) 
Seat 3: GastonLeFort ($19.53 in chips) 
Seat 4: Alcymar ($22.32 in chips) 
Seat 5: rc10111967 ($3.79 in chips) 
Seat 6: wagneryt ($10.14 in chips) 
Seat 7: Bigpaparoy.300 ($7.90 in chips) 
Seat 8: Count Mole ($16.14 in chips) 
Seat 9: Dorex2007 ($16.52 in chips) 
Alcymar: posts small blind $0.05
rc10111967: posts big blind $0.10
*** HOLE CARDS ***
Dealt to Dorex2007 [4s 3s]
wagneryt: calls $0.10
Bigpaparoy.300: calls $0.10
Count Mole: folds 
Dorex2007: folds 
keiffdogg has timed out
keiffdogg: folds 
zubr768: folds 
GastonLeFort: folds 
Alcymar: folds 
rc10111967: raises $0.10 to $0.20
wagneryt: calls $0.10
Bigpaparoy.300: calls $0.10
*** FLOP *** [4c Qs 6h]
rc10111967: checks 
wagneryt: checks 
Bigpaparoy.300: checks 
*** TURN *** [4c Qs 6h] [Ks]
rc10111967: bets $0.62
wagneryt: calls $0.62
Bigpaparoy.300: folds 
*** RIVER *** [4c Qs 6h Ks] [Jd]
rc10111967: bets $1.80
wagneryt: folds 
Uncalled bet ($1.80) returned to rc10111967
rc10111967 collected $1.80 from pot
*** SUMMARY ***
Total pot $1.89 | Rake $0.09 
Board [4c Qs 6h Ks Jd]
Seat 1: keiffdogg folded before Flop (didn't bet)
Seat 2: zubr768 folded before Flop (didn't bet)
Seat 3: GastonLeFort (button) folded before Flop (didn't bet)
Seat 4: Alcymar (small blind) folded before Flop
Seat 5: rc10111967 (big blind) collected ($1.80)
Seat 6: wagneryt folded on the River
Seat 7: Bigpaparoy.300 folded on the Turn
Seat 8: Count Mole folded before Flop (didn't bet)
Seat 9: Dorex2007 folded before Flop (didn't bet)



PokerStars Hand #238018382169:  Hold'em No Limit ($0.05/$0.10 USD) - 2022/08/15 20:38:51 PT [2022/08/15 23:38:51 ET]
Table 'Iguassu III' 9-max Seat #4 is the button
Seat 2: zubr768 ($10.55 in chips) 
Seat 3: GastonLeFort ($19.53 in chips) 
Seat 4: Alcymar ($22.27 in chips) 
Seat 5: rc10111967 ($4.77 in chips) 
Seat 6: wagneryt ($9.32 in chips) 
Seat 7: Bigpaparoy.300 ($7.70 in chips) 
Seat 8: Count Mole ($16.14 in chips) 
Seat 9: Dorex2007 ($16.52 in chips) 
rc10111967: posts small blind $0.05
wagneryt: posts big blind $0.10
*** HOLE CARDS ***
Dealt to Dorex2007 [3s Kd]
Bigpaparoy.300: calls $0.10
Count Mole: folds 
Dorex2007: folds 
zubr768: folds 
GastonLeFort: folds 
Alcymar: raises $0.40 to $0.50
rc10111967: folds 
wagneryt: folds 
Bigpaparoy.300: folds 
Uncalled bet ($0.40) returned to Alcymar
Alcymar collected $0.35 from pot
Alcymar: doesn't show hand 
*** SUMMARY ***
Total pot $0.35 | Rake $0 
Seat 2: zubr768 folded before Flop (didn't bet)
Seat 3: GastonLeFort folded before Flop (didn't bet)
Seat 4: Alcymar (button) collected ($0.35)
Seat 5: rc10111967 (small blind) folded before Flop
Seat 6: wagneryt (big blind) folded before Flop
Seat 7: Bigpaparoy.300 folded before Flop
Seat 8: Count Mole folded before Flop (didn't bet)
Seat 9: Dorex2007 folded before Flop (didn't bet)



PokerStars Hand #238018385184:  Hold'em No Limit ($0.05/$0.10 USD) - 2022/08/15 20:39:13 PT [2022/08/15 23:39:13 ET]
Table 'Iguassu III' 9-max Seat #5 is the button
Seat 2: zubr768 ($10.55 in chips) 
Seat 3: GastonLeFort ($19.53 in chips) 
Seat 4: Alcymar ($22.52 in chips) 
Seat 5: rc10111967 ($4.72 in chips) 
Seat 6: wagneryt ($9.22 in chips) 
Seat 7: Bigpaparoy.300 ($7.60 in chips) 
Seat 8: Count Mole ($16.14 in chips) 
Seat 9: Dorex2007 ($16.52 in chips) 
wagneryt: posts small blind $0.05
Bigpaparoy.300: posts big blind $0.10
*** HOLE CARDS ***
Dealt to Dorex2007 [9d 8c]
Count Mole: folds 
Dorex2007: folds 
zubr768: folds 
GastonLeFort: folds 
Alcymar: folds 
rc10111967: raises $0.30 to $0.40
wagneryt: folds 
Bigpaparoy.300: folds 
Uncalled bet ($0.30) returned to rc10111967
rc10111967 collected $0.25 from pot
*** SUMMARY ***
Total pot $0.25 | Rake $0 
Seat 2: zubr768 folded before Flop (didn't bet)
Seat 3: GastonLeFort folded before Flop (didn't bet)
Seat 4: Alcymar folded before Flop (didn't bet)
Seat 5: rc10111967 (button) collected ($0.25)
Seat 6: wagneryt (small blind) folded before Flop
Seat 7: Bigpaparoy.300 (big blind) folded before Flop
Seat 8: Count Mole folded before Flop (didn't bet)
Seat 9: Dorex2007 folded before Flop (didn't bet)



PokerStars Hand #238018387362:  Hold'em No Limit ($0.05/$0.10 USD) - 2022/08/15 20:39:29 PT [2022/08/15 23:39:29 ET]
Table 'Iguassu III' 9-max Seat #6 is the button
Seat 2: zubr768 ($10.55 in chips) 
Seat 3: GastonLeFort ($19.53 in chips) 
Seat 4: Alcymar ($22.52 in chips) 
Seat 5: rc10111967 ($4.87 in chips) 
Seat 6: wagneryt ($9.17 in chips) 
Seat 7: Bigpaparoy.300 ($7.50 in chips) 
Seat 8: Count Mole ($16.14 in chips) 
Seat 9: Dorex2007 ($16.52 in chips) 
Bigpaparoy.300: posts small blind $0.05
Count Mole: posts big blind $0.10
*** HOLE CARDS ***
Dealt to Dorex2007 [7d Kc]
Dorex2007: folds 
keiffdogg leaves the table
zubr768: folds 
GastonLeFort: folds 
Alcymar: raises $0.20 to $0.30
rc10111967: calls $0.30
wagneryt: folds 
Bigpaparoy.300: folds 
Count Mole: folds 
*** FLOP *** [4h 2s 5h]
Alcymar: bets $0.40
rc10111967: raises $1.52 to $1.92
Alcymar: raises $4.56 to $6.48
rc10111967: calls $2.65 and is all-in
Uncalled bet ($1.91) returned to Alcymar
rc10111967 has timed out
*** TURN *** [4h 2s 5h] [5d]
*** RIVER *** [4h 2s 5h 5d] [Kd]
*** SHOW DOWN ***
Alcymar: shows [7s 7c] (two pair, Sevens and Fives)
rc10111967: shows [As Ah] (two pair, Aces and Fives)
rc10111967 collected $9.44 from pot
*** SUMMARY ***
Total pot $9.89 | Rake $0.45 
Board [4h 2s 5h 5d Kd]
Seat 2: zubr768 folded before Flop (didn't bet)
Seat 3: GastonLeFort folded before Flop (didn't bet)
Seat 4: Alcymar showed [7s 7c] and lost with two pair, Sevens and Fives
Seat 5: rc10111967 showed [As Ah] and won ($9.44) with two pair, Aces and Fives
Seat 6: wagneryt (button) folded before Flop (didn't bet)
Seat 7: Bigpaparoy.300 (small blind) folded before Flop
Seat 8: Count Mole (big blind) folded before Flop
Seat 9: Dorex2007 folded before Flop (didn't bet)



PokerStars Hand #238018395543:  Hold'em No Limit ($0.05/$0.10 USD) - 2022/08/15 20:40:28 PT [2022/08/15 23:40:28 ET]
Table 'Iguassu III' 9-max Seat #7 is the button
Seat 2: zubr768 ($10.55 in chips) 
Seat 3: GastonLeFort ($19.53 in chips) 
Seat 4: Alcymar ($17.65 in chips) 
Seat 5: rc10111967 ($9.44 in chips) 
Seat 6: wagneryt ($9.17 in chips) 
Seat 7: Bigpaparoy.300 ($7.45 in chips) 
Seat 8: Count Mole ($16.04 in chips) 
Seat 9: Dorex2007 ($16.52 in chips) 
Count Mole: posts small blind $0.05
Dorex2007: posts big blind $0.10
*** HOLE CARDS ***
Dealt to Dorex2007 [Ac 6c]
zubr768: folds 
GastonLeFort: folds 
Alcymar: folds 
rc10111967: calls $0.10
wagneryt: calls $0.10
Bigpaparoy.300: calls $0.10
Count Mole: folds 
Dorex2007: checks 
*** FLOP *** [Tc Td 2s]
Dorex2007: checks 
rc10111967 has timed out
rc10111967: checks 
wagneryt: checks 
Bigpaparoy.300: checks 
*** TURN *** [Tc Td 2s] [5s]
Dorex2007: checks 
rc10111967: checks 
wagneryt: checks 
Bigpaparoy.300: checks 
*** RIVER *** [Tc Td 2s 5s] [7d]
Ruan metal joins the table at seat #1 
Dorex2007: checks 
rc10111967: checks 
wagneryt: checks 
Bigpaparoy.300: checks 
*** SHOW DOWN ***
Dorex2007: shows [Ac 6c] (a pair of Tens)
rc10111967: shows [2h Qc] (two pair, Tens and Deuces)
wagneryt: mucks hand 
Bigpaparoy.300: mucks hand 
rc10111967 collected $0.43 from pot
*** SUMMARY ***
Total pot $0.45 | Rake $0.02 
Board [Tc Td 2s 5s 7d]
Seat 2: zubr768 folded before Flop (didn't bet)
Seat 3: GastonLeFort folded before Flop (didn't bet)
Seat 4: Alcymar folded before Flop (didn't bet)
Seat 5: rc10111967 showed [2h Qc] and won ($0.43) with two pair, Tens and Deuces
Seat 6: wagneryt mucked [Qs Jc]
Seat 7: Bigpaparoy.300 (button) mucked [3d Ah]
Seat 8: Count Mole (small blind) folded before Flop
Seat 9: Dorex2007 (big blind) showed [Ac 6c] and lost with a pair of Tens



PokerStars Hand #238018406906:  Hold'em No Limit ($0.05/$0.10 USD) - 2022/08/15 20:41:50 PT [2022/08/15 23:41:50 ET]
Table 'Iguassu III' 9-max Seat #8 is the button
Seat 1: Ruan metal ($10 in chips) 
Seat 2: zubr768 ($10.55 in chips) 
Seat 3: GastonLeFort ($19.53 in chips) 
Seat 4: Alcymar ($17.65 in chips) 
Seat 5: rc10111967 ($9.77 in chips) 
Seat 6: wagneryt ($9.07 in chips) 
Seat 7: Bigpaparoy.300 ($7.35 in chips) 
Seat 8: Count Mole ($15.99 in chips) 
Seat 9: Dorex2007 ($16.42 in chips) 
Dorex2007: posts small blind $0.05
Ruan metal: posts big blind $0.10
*** HOLE CARDS ***
Dealt to Dorex2007 [Kh Tc]
zubr768: folds 
GastonLeFort: folds 
Alcymar: folds 
rc10111967: calls $0.10
wagneryt: calls $0.10
Bigpaparoy.300: raises $0.10 to $0.20
Count Mole: raises $0.70 to $0.90
Dorex2007: folds 
Ruan metal: folds 
rc10111967: folds 
wagneryt: folds 
Bigpaparoy.300: calls $0.70
*** FLOP *** [7s Js 8d]
Bigpaparoy.300: bets $0.10
Count Mole: calls $0.10
*** TURN *** [7s Js 8d] [7c]
Bigpaparoy.300: bets $1.12
Count Mole: calls $1.12
*** RIVER *** [7s Js 8d 7c] [Td]
rc10111967 leaves the table
Bigpaparoy.300: checks 
Count Mole: bets $2.89
Bigpaparoy.300: folds 
Uncalled bet ($2.89) returned to Count Mole
Count Mole collected $4.38 from pot
Count Mole: doesn't show hand 
*** SUMMARY ***
Total pot $4.59 | Rake $0.21 
Board [7s Js 8d 7c Td]
Seat 1: Ruan metal (big blind) folded before Flop
Seat 2: zubr768 folded before Flop (didn't bet)
Seat 3: GastonLeFort folded before Flop (didn't bet)
Seat 4: Alcymar folded before Flop (didn't bet)
Seat 5: rc10111967 folded before Flop
Seat 6: wagneryt folded before Flop
Seat 7: Bigpaparoy.300 folded on the River
Seat 8: Count Mole (button) collected ($4.38)
Seat 9: Dorex2007 (small blind) folded before Flop



PokerStars Hand #238018424206:  Hold'em No Limit ($0.05/$0.10 USD) - 2022/08/15 20:43:39 PT [2022/08/15 23:43:39 ET]
Table 'Iguassu III' 9-max Seat #9 is the button
Seat 1: Ruan metal ($9.90 in chips) 
Seat 2: zubr768 ($10.55 in chips) 
Seat 3: GastonLeFort ($19.53 in chips) 
Seat 4: Alcymar ($17.65 in chips) 
Seat 6: wagneryt ($8.97 in chips) 
Seat 7: Bigpaparoy.300 ($5.23 in chips) 
Seat 8: Count Mole ($18.25 in chips) 
Seat 9: Dorex2007 ($16.37 in chips) 
Ruan metal: posts small blind $0.05
zubr768: posts big blind $0.10
*** HOLE CARDS ***
Dealt to Dorex2007 [Ah 9c]
GastonLeFort: folds 
Alcymar: folds 
wagneryt: folds 
Bigpaparoy.300: calls $0.10
Count Mole: folds 
Dorex2007: calls $0.10
Ruan metal: folds 
jaman4life joins the table at seat #5 
zubr768: checks 
*** FLOP *** [Ac Ad 6d]
zubr768: checks 
Bigpaparoy.300: checks 
Dorex2007: bets $0.16
zubr768: folds 
Bigpaparoy.300: calls $0.16
*** TURN *** [Ac Ad 6d] [9s]
Bigpaparoy.300: checks 
Dorex2007: checks 
*** RIVER *** [Ac Ad 6d 9s] [5h]
Bigpaparoy.300: checks 
Dorex2007: bets $0.43
Bigpaparoy.300: folds 
Uncalled bet ($0.43) returned to Dorex2007
Dorex2007 collected $0.64 from pot
Dorex2007: doesn't show hand 
*** SUMMARY ***
Total pot $0.67 | Rake $0.03 
Board [Ac Ad 6d 9s 5h]
Seat 1: Ruan metal (small blind) folded before Flop
Seat 2: zubr768 (big blind) folded on the Flop
Seat 3: GastonLeFort folded before Flop (didn't bet)
Seat 4: Alcymar folded before Flop (didn't bet)
Seat 6: wagneryt folded before Flop (didn't bet)
Seat 7: Bigpaparoy.300 folded on the River
Seat 8: Count Mole folded before Flop (didn't bet)
Seat 9: Dorex2007 (button) collected ($0.64)



PokerStars Hand #238018431513:  Hold'em No Limit ($0.05/$0.10 USD) - 2022/08/15 20:44:34 PT [2022/08/15 23:44:34 ET]
Table 'Iguassu III' 9-max Seat #1 is the button
Seat 1: Ruan metal ($9.85 in chips) 
Seat 2: zubr768 ($10.45 in chips) 
Seat 4: Alcymar ($17.65 in chips) 
Seat 6: wagneryt ($8.97 in chips) 
Seat 7: Bigpaparoy.300 ($4.97 in chips) 
Seat 8: Count Mole ($18.25 in chips) 
Seat 9: Dorex2007 ($16.75 in chips) 
zubr768: posts small blind $0.05
GastonLeFort: is sitting out 
GastonLeFort leaves the table
Alcymar: posts big blind $0.10
jaman4life: sits out 
*** HOLE CARDS ***
Dealt to Dorex2007 [Qh 9h]
wagneryt: folds 
Bigpaparoy.300: folds 
Count Mole: folds 
Dorex2007: folds 
unkapete joins the table at seat #3 
Ruan metal has timed out
Ruan metal: folds 
zubr768: folds 
Uncalled bet ($0.05) returned to Alcymar
Alcymar collected $0.10 from pot
Alcymar: doesn't show hand 
*** SUMMARY ***
Total pot $0.10 | Rake $0 
Seat 1: Ruan metal (button) folded before Flop (didn't bet)
Seat 2: zubr768 (small blind) folded before Flop
Seat 4: Alcymar (big blind) collected ($0.10)
Seat 6: wagneryt folded before Flop (didn't bet)
Seat 7: Bigpaparoy.300 folded before Flop (didn't bet)
Seat 8: Count Mole folded before Flop (didn't bet)
Seat 9: Dorex2007 folded before Flop (didn't bet)



PokerStars Hand #238018436615:  Hold'em No Limit ($0.05/$0.10 USD) - 2022/08/15 20:45:13 PT [2022/08/15 23:45:13 ET]
Table 'Iguassu III' 9-max Seat #2 is the button
Seat 1: Ruan metal ($9.85 in chips) 
Seat 2: zubr768 ($10.40 in chips) 
Seat 4: Alcymar ($17.70 in chips) 
Seat 5: jaman4life ($8 in chips) 
Seat 6: wagneryt ($8.97 in chips) 
Seat 7: Bigpaparoy.300 ($4.97 in chips) 
Seat 8: Count Mole ($18.25 in chips) 
Seat 9: Dorex2007 ($16.75 in chips) 
Alcymar: posts small blind $0.05
jaman4life: posts big blind $0.10
*** HOLE CARDS ***
Dealt to Dorex2007 [8s Ts]
wagneryt: folds 
Bigpaparoy.300: calls $0.10
Count Mole: raises $0.30 to $0.40
Dorex2007: folds 
Ruan metal: raises $1 to $1.40
zubr768: folds 
Alcymar: folds 
jaman4life: folds 
Bigpaparoy.300: folds 
Count Mole: folds 
Uncalled bet ($1) returned to Ruan metal
Ruan metal collected $1.05 from pot
Ruan metal: doesn't show hand 
*** SUMMARY ***
Total pot $1.05 | Rake $0 
Seat 1: Ruan metal collected ($1.05)
Seat 2: zubr768 (button) folded before Flop (didn't bet)
Seat 4: Alcymar (small blind) folded before Flop
Seat 5: jaman4life (big blind) folded before Flop
Seat 6: wagneryt folded before Flop (didn't bet)
Seat 7: Bigpaparoy.300 folded before Flop
Seat 8: Count Mole folded before Flop
Seat 9: Dorex2007 folded before Flop (didn't bet)



PokerStars Hand #238018441356:  Hold'em No Limit ($0.05/$0.10 USD) - 2022/08/15 20:45:49 PT [2022/08/15 23:45:49 ET]
Table 'Iguassu III' 9-max Seat #4 is the button
Seat 1: Ruan metal ($10.50 in chips) 
Seat 2: zubr768 ($10.40 in chips) 
Seat 3: unkapete ($10 in chips) 
Seat 4: Alcymar ($17.65 in chips) 
Seat 5: jaman4life ($7.90 in chips) 
Seat 6: wagneryt ($8.97 in chips) 
Seat 7: Bigpaparoy.300 ($4.87 in chips) 
Seat 8: Count Mole ($17.85 in chips) 
Seat 9: Dorex2007 ($16.75 in chips) 
jaman4life: posts small blind $0.05
wagneryt: posts big blind $0.10
unkapete: posts big blind $0.10
*** HOLE CARDS ***
Dealt to Dorex2007 [Td Jd]
Bigpaparoy.300: folds 
Count Mole: folds 
Dorex2007: calls $0.10
Ruan metal: folds 
zubr768: calls $0.10
unkapete: checks 
Alcymar: folds 
jaman4life: calls $0.05
wagneryt: checks 
*** FLOP *** [6h Ks 7c]
jaman4life: checks 
wagneryt: checks 
Dorex2007: checks 
zubr768: checks 
unkapete: checks 
*** TURN *** [6h Ks 7c] [9s]
jaman4life: checks 
wagneryt: checks 
Dorex2007: checks 
zubr768: bets $0.24
unkapete: folds 
jaman4life: calls $0.24
wagneryt: folds 
Dorex2007: folds 
*** RIVER *** [6h Ks 7c 9s] [9c]
jaman4life: checks 
zubr768: checks 
*** SHOW DOWN ***
jaman4life: shows [Jc 7s] (two pair, Nines and Sevens)
zubr768: mucks hand 
jaman4life collected $0.94 from pot
*** SUMMARY ***
Total pot $0.98 | Rake $0.04 
Board [6h Ks 7c 9s 9c]
Seat 1: Ruan metal folded before Flop (didn't bet)
Seat 2: zubr768 mucked [Jh Th]
Seat 3: unkapete folded on the Turn (didn't bet)
Seat 4: Alcymar (button) folded before Flop (didn't bet)
Seat 5: jaman4life (small blind) showed [Jc 7s] and won ($0.94) with two pair, Nines and Sevens
Seat 6: wagneryt (big blind) folded on the Turn
Seat 7: Bigpaparoy.300 folded before Flop (didn't bet)
Seat 8: Count Mole folded before Flop (didn't bet)
Seat 9: Dorex2007 folded on the Turn



PokerStars Hand #238018452932:  Hold'em No Limit ($0.05/$0.10 USD) - 2022/08/15 20:46:56 PT [2022/08/15 23:46:56 ET]
Table 'Iguassu III' 9-max Seat #5 is the button
Seat 1: Ruan metal ($10.50 in chips) 
Seat 2: zubr768 ($10.06 in chips) 
Seat 3: unkapete ($9.90 in chips) 
Seat 5: jaman4life ($8.50 in chips) 
Seat 6: wagneryt ($8.87 in chips) 
Seat 7: Bigpaparoy.300 ($4.87 in chips) 
Seat 8: Count Mole ($17.85 in chips) 
Seat 9: Dorex2007 ($16.65 in chips) 
wagneryt: posts small blind $0.05
Bigpaparoy.300: posts big blind $0.10
*** HOLE CARDS ***
Dealt to Dorex2007 [Ad Qh]
Count Mole: folds 
Dorex2007: raises $0.30 to $0.40
Ruan metal: folds 
zubr768: calls $0.40
unkapete: calls $0.40
jaman4life: folds 
wagneryt: folds 
Bigpaparoy.300: calls $0.30
*** FLOP *** [Qc Kd 5s]
Bigpaparoy.300: checks 
Dorex2007: checks 
zubr768: checks 
unkapete: bets $0.89
Bigpaparoy.300: folds 
Dorex2007: folds 
zubr768: folds 
Uncalled bet ($0.89) returned to unkapete
unkapete collected $1.58 from pot
*** SUMMARY ***
Total pot $1.65 | Rake $0.07 
Board [Qc Kd 5s]
Seat 1: Ruan metal folded before Flop (didn't bet)
Seat 2: zubr768 folded on the Flop
Seat 3: unkapete collected ($1.58)
Seat 5: jaman4life (button) folded before Flop (didn't bet)
Seat 6: wagneryt (small blind) folded before Flop
Seat 7: Bigpaparoy.300 (big blind) folded on the Flop
Seat 8: Count Mole folded before Flop (didn't bet)
Seat 9: Dorex2007 folded on the Flop



PokerStars Hand #238018459672:  Hold'em No Limit ($0.05/$0.10 USD) - 2022/08/15 20:47:48 PT [2022/08/15 23:47:48 ET]
Table 'Iguassu III' 9-max Seat #6 is the button
Seat 1: Ruan metal ($10.50 in chips) 
Seat 2: zubr768 ($10 in chips) 
Seat 3: unkapete ($11.08 in chips) 
Seat 5: jaman4life ($8.50 in chips) 
Seat 6: wagneryt ($8.82 in chips) 
Seat 7: Bigpaparoy.300 ($4.47 in chips) 
Seat 8: Count Mole ($17.85 in chips) 
Seat 9: Dorex2007 ($16.25 in chips) 
Bigpaparoy.300: posts small blind $0.05
Count Mole: posts big blind $0.10
*** HOLE CARDS ***
Dealt to Dorex2007 [5h 3s]
Dorex2007: folds 
Ruan metal: folds 
zubr768: folds 
unkapete: raises $0.20 to $0.30
jaman4life: folds 
wagneryt: folds 
Bigpaparoy.300: calls $0.25
Count Mole: folds 
*** FLOP *** [5d Kc 9s]
Bigpaparoy.300: checks 
unkapete: bets $0.33
Bigpaparoy.300: calls $0.33
*** TURN *** [5d Kc 9s] [Qc]
Bigpaparoy.300: checks 
unkapete: checks 
*** RIVER *** [5d Kc 9s Qc] [Ts]
Bigpaparoy.300: bets $2
unkapete: folds 
Uncalled bet ($2) returned to Bigpaparoy.300
Bigpaparoy.300 collected $1.30 from pot
*** SUMMARY ***
Total pot $1.36 | Rake $0.06 
Board [5d Kc 9s Qc Ts]
Seat 1: Ruan metal folded before Flop (didn't bet)
Seat 2: zubr768 folded before Flop (didn't bet)
Seat 3: unkapete folded on the River
Seat 5: jaman4life folded before Flop (didn't bet)
Seat 6: wagneryt (button) folded before Flop (didn't bet)
Seat 7: Bigpaparoy.300 (small blind) collected ($1.30)
Seat 8: Count Mole (big blind) folded before Flop
Seat 9: Dorex2007 folded before Flop (didn't bet)



PokerStars Hand #238018465398:  Hold'em No Limit ($0.05/$0.10 USD) - 2022/08/15 20:48:31 PT [2022/08/15 23:48:31 ET]
Table 'Iguassu III' 9-max Seat #7 is the button
Seat 1: Ruan metal ($10.50 in chips) 
Seat 2: zubr768 ($10 in chips) 
Seat 3: unkapete ($10.45 in chips) 
Seat 5: jaman4life ($8.50 in chips) 
Seat 6: wagneryt ($8.82 in chips) 
Seat 7: Bigpaparoy.300 ($5.14 in chips) 
Seat 8: Count Mole ($17.75 in chips) 
Seat 9: Dorex2007 ($16.25 in chips) 
Count Mole: posts small blind $0.05
Dorex2007: posts big blind $0.10
*** HOLE CARDS ***
Dealt to Dorex2007 [Jc Ts]
Ruan metal: folds 
zubr768: folds 
unkapete: folds 
jaman4life: calls $0.10
wagneryt: calls $0.10
Bigpaparoy.300: calls $0.10
Count Mole: folds 
Dorex2007: checks 
*** FLOP *** [7h 5d Qh]
Dorex2007: checks 
jaman4life: checks 
wagneryt: bets $0.21
Bigpaparoy.300: calls $0.21
Dorex2007: folds 
jaman4life: folds 
*** TURN *** [7h 5d Qh] [Kd]
wagneryt: bets $0.83
Bigpaparoy.300: raises $0.83 to $1.66
wagneryt: calls $0.83
*** RIVER *** [7h 5d Qh Kd] [Jh]
Alcymar leaves the table
wagneryt: checks 
naxal2012 joins the table at seat #4 
Bigpaparoy.300: bets $2.30
wagneryt: folds 
Uncalled bet ($2.30) returned to Bigpaparoy.300
Bigpaparoy.300 collected $4 from pot
*** SUMMARY ***
Total pot $4.19 | Rake $0.19 
Board [7h 5d Qh Kd Jh]
Seat 1: Ruan metal folded before Flop (didn't bet)
Seat 2: zubr768 folded before Flop (didn't bet)
Seat 3: unkapete folded before Flop (didn't bet)
Seat 5: jaman4life folded on the Flop
Seat 6: wagneryt folded on the River
Seat 7: Bigpaparoy.300 (button) collected ($4)
Seat 8: Count Mole (small blind) folded before Flop
Seat 9: Dorex2007 (big blind) folded on the Flop



PokerStars Hand #238018477353:  Hold'em No Limit ($0.05/$0.10 USD) - 2022/08/15 20:50:02 PT [2022/08/15 23:50:02 ET]
Table 'Iguassu III' 9-max Seat #8 is the button
Seat 1: Ruan metal ($10.50 in chips) 
Seat 2: zubr768 ($10 in chips) 
Seat 3: unkapete ($10.45 in chips) 
Seat 5: jaman4life ($8.40 in chips) 
Seat 6: wagneryt ($6.85 in chips) 
Seat 7: Bigpaparoy.300 ($7.17 in chips) 
Seat 8: Count Mole ($17.70 in chips) 
Seat 9: Dorex2007 ($16.15 in chips) 
Dorex2007: posts small blind $0.05
Ruan metal: posts big blind $0.10
naxal2012: sits out 
*** HOLE CARDS ***
Dealt to Dorex2007 [7d 7c]
zubr768: folds 
unkapete: folds 
jaman4life: folds 
wagneryt: calls $0.10
Bigpaparoy.300: folds 
Count Mole: folds 
Dorex2007: calls $0.05
Ruan metal: raises $0.40 to $0.50
wagneryt: folds 
Dorex2007: calls $0.40
*** FLOP *** [3s 9c 6h]
Dorex2007: checks 
Ruan metal: bets $0.40
Dorex2007: folds 
Uncalled bet ($0.40) returned to Ruan metal
Ruan metal collected $1.05 from pot
Ruan metal: doesn't show hand 
*** SUMMARY ***
Total pot $1.10 | Rake $0.05 
Board [3s 9c 6h]
Seat 1: Ruan metal (big blind) collected ($1.05)
Seat 2: zubr768 folded before Flop (didn't bet)
Seat 3: unkapete folded before Flop (didn't bet)
Seat 5: jaman4life folded before Flop (didn't bet)
Seat 6: wagneryt folded before Flop
Seat 7: Bigpaparoy.300 folded before Flop (didn't bet)
Seat 8: Count Mole (button) folded before Flop (didn't bet)
Seat 9: Dorex2007 (small blind) folded on the Flop



PokerStars Hand #238018482714:  Hold'em No Limit ($0.05/$0.10 USD) - 2022/08/15 20:50:42 PT [2022/08/15 23:50:42 ET]
Table 'Iguassu III' 9-max Seat #9 is the button
Seat 1: Ruan metal ($11.05 in chips) 
Seat 2: zubr768 ($10 in chips) 
Seat 3: unkapete ($10.45 in chips) 
Seat 5: jaman4life ($8.40 in chips) 
Seat 6: wagneryt ($6.75 in chips) 
Seat 7: Bigpaparoy.300 ($7.17 in chips) 
Seat 8: Count Mole ($17.70 in chips) 
Seat 9: Dorex2007 ($15.65 in chips) 
Ruan metal: posts small blind $0.05
zubr768: posts big blind $0.10
naxal2012: sits out 
*** HOLE CARDS ***
Dealt to Dorex2007 [Qh As]
unkapete: folds 
jaman4life: folds 
wagneryt: calls $0.10
Bigpaparoy.300: calls $0.10
Count Mole: folds 
Dorex2007: calls $0.10
Ruan metal: folds 
zubr768: checks 
*** FLOP *** [9h Jd Kd]
zubr768: checks 
wagneryt: checks 
Bigpaparoy.300: bets $0.43
Dorex2007: folds 
zubr768: folds 
wagneryt: folds 
Uncalled bet ($0.43) returned to Bigpaparoy.300
Bigpaparoy.300 collected $0.43 from pot
*** SUMMARY ***
Total pot $0.45 | Rake $0.02 
Board [9h Jd Kd]
Seat 1: Ruan metal (small blind) folded before Flop
Seat 2: zubr768 (big blind) folded on the Flop
Seat 3: unkapete folded before Flop (didn't bet)
Seat 5: jaman4life folded before Flop (didn't bet)
Seat 6: wagneryt folded on the Flop
Seat 7: Bigpaparoy.300 collected ($0.43)
Seat 8: Count Mole folded before Flop (didn't bet)
Seat 9: Dorex2007 (button) folded on the Flop



PokerStars Hand #238018489029:  Hold'em No Limit ($0.05/$0.10 USD) - 2022/08/15 20:51:30 PT [2022/08/15 23:51:30 ET]
Table 'Iguassu III' 9-max Seat #1 is the button
Seat 1: Ruan metal ($11 in chips) 
Seat 2: zubr768 ($10 in chips) 
Seat 3: unkapete ($10.45 in chips) 
Seat 5: jaman4life ($8.40 in chips) 
Seat 6: wagneryt ($6.65 in chips) 
Seat 7: Bigpaparoy.300 ($7.50 in chips) 
Seat 8: Count Mole ($17.70 in chips) 
Seat 9: Dorex2007 ($15.55 in chips) 
zubr768: posts small blind $0.05
unkapete: posts big blind $0.10
naxal2012: sits out 
*** HOLE CARDS ***
Dealt to Dorex2007 [9c Jc]
jaman4life: folds 
wagneryt: folds 
Bigpaparoy.300: calls $0.10
Count Mole: folds 
Dorex2007: folds 
Ruan metal: raises $0.35 to $0.45
zubr768: folds 
unkapete: calls $0.35
Bigpaparoy.300: folds 
*** FLOP *** [6s 2c Qh]
unkapete: checks 
Ruan metal: bets $0.40
unkapete: folds 
Uncalled bet ($0.40) returned to Ruan metal
Ruan metal collected $1 from pot
Ruan metal: doesn't show hand 
*** SUMMARY ***
Total pot $1.05 | Rake $0.05 
Board [6s 2c Qh]
Seat 1: Ruan metal (button) collected ($1)
Seat 2: zubr768 (small blind) folded before Flop
Seat 3: unkapete (big blind) folded on the Flop
Seat 5: jaman4life folded before Flop (didn't bet)
Seat 6: wagneryt folded before Flop (didn't bet)
Seat 7: Bigpaparoy.300 folded before Flop
Seat 8: Count Mole folded before Flop (didn't bet)
Seat 9: Dorex2007 folded before Flop (didn't bet)



PokerStars Hand #238018492598:  Hold'em No Limit ($0.05/$0.10 USD) - 2022/08/15 20:51:58 PT [2022/08/15 23:51:58 ET]
Table 'Iguassu III' 9-max Seat #2 is the button
Seat 1: Ruan metal ($11.55 in chips) 
Seat 2: zubr768 ($10 in chips) 
Seat 3: unkapete ($10 in chips) 
Seat 4: naxal2012 ($10 in chips) 
Seat 5: jaman4life ($8.40 in chips) 
Seat 6: wagneryt ($6.65 in chips) 
Seat 7: Bigpaparoy.300 ($7.40 in chips) 
Seat 8: Count Mole ($17.70 in chips) 
Seat 9: Dorex2007 ($15.55 in chips) 
unkapete: posts small blind $0.05
naxal2012: posts big blind $0.10
*** HOLE CARDS ***
Dealt to Dorex2007 [As Kc]
jaman4life: folds 
wagneryt: calls $0.10
Bigpaparoy.300: folds 
Count Mole: folds 
Dorex2007: raises $0.30 to $0.40
Ruan metal: calls $0.40
zubr768: folds 
unkapete: folds 
naxal2012: folds 
wagneryt: calls $0.30
*** FLOP *** [Qd 3c Qc]
wagneryt: checks 
Dorex2007: checks 
Ruan metal: checks 
*** TURN *** [Qd 3c Qc] [Js]
wagneryt: bets $0.64
Dorex2007: folds 
Ruan metal: calls $0.64
*** RIVER *** [Qd 3c Qc Js] [4h]
wagneryt: bets $2.51
Ruan metal: folds 
Uncalled bet ($2.51) returned to wagneryt
wagneryt collected $2.51 from pot
*** SUMMARY ***
Total pot $2.63 | Rake $0.12 
Board [Qd 3c Qc Js 4h]
Seat 1: Ruan metal folded on the River
Seat 2: zubr768 (button) folded before Flop (didn't bet)
Seat 3: unkapete (small blind) folded before Flop
Seat 4: naxal2012 (big blind) folded before Flop
Seat 5: jaman4life folded before Flop (didn't bet)
Seat 6: wagneryt collected ($2.51)
Seat 7: Bigpaparoy.300 folded before Flop (didn't bet)
Seat 8: Count Mole folded before Flop (didn't bet)
Seat 9: Dorex2007 folded on the Turn



PokerStars Hand #238018502881:  Hold'em No Limit ($0.05/$0.10 USD) - 2022/08/15 20:53:17 PT [2022/08/15 23:53:17 ET]
Table 'Iguassu III' 9-max Seat #3 is the button
Seat 1: Ruan metal ($10.51 in chips) 
Seat 2: zubr768 ($10 in chips) 
Seat 3: unkapete ($9.95 in chips) 
Seat 4: naxal2012 ($10 in chips) 
Seat 5: jaman4life ($8.40 in chips) 
Seat 6: wagneryt ($8.12 in chips) 
Seat 7: Bigpaparoy.300 ($7.40 in chips) 
Seat 8: Count Mole ($17.70 in chips) 
Seat 9: Dorex2007 ($15.15 in chips) 
naxal2012: posts small blind $0.05
jaman4life: posts big blind $0.10
*** HOLE CARDS ***
Dealt to Dorex2007 [9d Kd]
wagneryt: folds 
Bigpaparoy.300: calls $0.10
Count Mole: folds 
Dorex2007: folds 
Ruan metal: folds 
zubr768: folds 
unkapete: folds 
naxal2012: calls $0.05
jaman4life: checks 
*** FLOP *** [2c Jc Ts]
naxal2012: checks 
jaman4life: checks 
Bigpaparoy.300: checks 
*** TURN *** [2c Jc Ts] [Jh]
naxal2012: bets $0.22
jaman4life: folds 
Bigpaparoy.300: folds 
Uncalled bet ($0.22) returned to naxal2012
naxal2012 collected $0.29 from pot
*** SUMMARY ***
Total pot $0.30 | Rake $0.01 
Board [2c Jc Ts Jh]
Seat 1: Ruan metal folded before Flop (didn't bet)
Seat 2: zubr768 folded before Flop (didn't bet)
Seat 3: unkapete (button) folded before Flop (didn't bet)
Seat 4: naxal2012 (small blind) collected ($0.29)
Seat 5: jaman4life (big blind) folded on the Turn
Seat 6: wagneryt folded before Flop (didn't bet)
Seat 7: Bigpaparoy.300 folded on the Turn
Seat 8: Count Mole folded before Flop (didn't bet)
Seat 9: Dorex2007 folded before Flop (didn't bet)



PokerStars Hand #238018509104:  Hold'em No Limit ($0.05/$0.10 USD) - 2022/08/15 20:54:06 PT [2022/08/15 23:54:06 ET]
Table 'Iguassu III' 9-max Seat #4 is the button
Seat 1: Ruan metal ($10.51 in chips) 
Seat 2: zubr768 ($10 in chips) 
Seat 3: unkapete ($9.95 in chips) 
Seat 4: naxal2012 ($10.19 in chips) 
Seat 5: jaman4life ($8.30 in chips) 
Seat 6: wagneryt ($8.12 in chips) 
Seat 7: Bigpaparoy.300 ($7.30 in chips) 
Seat 8: Count Mole ($17.70 in chips) 
Seat 9: Dorex2007 ($15.15 in chips) 
jaman4life: posts small blind $0.05
wagneryt: posts big blind $0.10
*** HOLE CARDS ***
Dealt to Dorex2007 [8c 5c]
Bigpaparoy.300: calls $0.10
Count Mole: folds 
Dorex2007: folds 
Ruan metal: raises $0.35 to $0.45
zubr768: folds 
unkapete: folds 
naxal2012: folds 
jaman4life: folds 
wagneryt: folds 
Bigpaparoy.300: calls $0.35
*** FLOP *** [9h Ks Kc]
Bigpaparoy.300: bets $0.50
Ruan metal: folds 
Uncalled bet ($0.50) returned to Bigpaparoy.300
Bigpaparoy.300 collected $1 from pot
*** SUMMARY ***
Total pot $1.05 | Rake $0.05 
Board [9h Ks Kc]
Seat 1: Ruan metal folded on the Flop
Seat 2: zubr768 folded before Flop (didn't bet)
Seat 3: unkapete folded before Flop (didn't bet)
Seat 4: naxal2012 (button) folded before Flop (didn't bet)
Seat 5: jaman4life (small blind) folded before Flop
Seat 6: wagneryt (big blind) folded before Flop
Seat 7: Bigpaparoy.300 collected ($1)
Seat 8: Count Mole folded before Flop (didn't bet)
Seat 9: Dorex2007 folded before Flop (didn't bet)



PokerStars Hand #238018512892:  Hold'em No Limit ($0.05/$0.10 USD) - 2022/08/15 20:54:36 PT [2022/08/15 23:54:36 ET]
Table 'Iguassu III' 9-max Seat #5 is the button
Seat 1: Ruan metal ($10.06 in chips) 
Seat 2: zubr768 ($10 in chips) 
Seat 3: unkapete ($9.95 in chips) 
Seat 4: naxal2012 ($10.19 in chips) 
Seat 5: jaman4life ($8.25 in chips) 
Seat 6: wagneryt ($8.02 in chips) 
Seat 7: Bigpaparoy.300 ($7.85 in chips) 
Seat 8: Count Mole ($17.70 in chips) 
Seat 9: Dorex2007 ($15.15 in chips) 
wagneryt: posts small blind $0.05
Bigpaparoy.300: posts big blind $0.10
*** HOLE CARDS ***
Dealt to Dorex2007 [6h Js]
Count Mole: folds 
Dorex2007: folds 
Ruan metal: folds 
zubr768: folds 
unkapete: folds 
naxal2012: folds 
jaman4life: folds 
wagneryt: raises $0.10 to $0.20
Bigpaparoy.300: calls $0.10
*** FLOP *** [Jd 5d 5c]
wagneryt: bets $0.19
Bigpaparoy.300: calls $0.19
*** TURN *** [Jd 5d 5c] [Qh]
wagneryt: bets $0.37
Bigpaparoy.300: raises $0.37 to $0.74
wagneryt: calls $0.37
*** RIVER *** [Jd 5d 5c Qh] [9s]
wagneryt: bets $2.16
Bigpaparoy.300: calls $2.16
*** SHOW DOWN ***
wagneryt: shows [Kh Ts] (a straight, Nine to King)
Bigpaparoy.300: mucks hand 
wagneryt collected $6.28 from pot
*** SUMMARY ***
Total pot $6.58 | Rake $0.30 
Board [Jd 5d 5c Qh 9s]
Seat 1: Ruan metal folded before Flop (didn't bet)
Seat 2: zubr768 folded before Flop (didn't bet)
Seat 3: unkapete folded before Flop (didn't bet)
Seat 4: naxal2012 folded before Flop (didn't bet)
Seat 5: jaman4life (button) folded before Flop (didn't bet)
Seat 6: wagneryt (small blind) showed [Kh Ts] and won ($6.28) with a straight, Nine to King
Seat 7: Bigpaparoy.300 (big blind) mucked [Ah Qc]
Seat 8: Count Mole folded before Flop (didn't bet)
Seat 9: Dorex2007 folded before Flop (didn't bet)



PokerStars Hand #238018531392:  Hold'em No Limit ($0.05/$0.10 USD) - 2022/08/15 20:55:36 PT [2022/08/15 23:55:36 ET]
Table 'Iguassu III' 9-max Seat #6 is the button
Seat 1: Ruan metal ($10.06 in chips) 
Seat 2: zubr768 ($10 in chips) 
Seat 3: unkapete ($9.95 in chips) 
Seat 4: naxal2012 ($10.19 in chips) 
Seat 5: jaman4life ($8.25 in chips) 
Seat 6: wagneryt ($11.01 in chips) 
Seat 7: Bigpaparoy.300 ($4.56 in chips) 
Seat 8: Count Mole ($17.70 in chips) 
Seat 9: Dorex2007 ($15.15 in chips) 
Bigpaparoy.300: posts small blind $0.05
Count Mole: posts big blind $0.10
*** HOLE CARDS ***
Dealt to Dorex2007 [Ah 7h]
Dorex2007: folds 
Ruan metal: raises $0.20 to $0.30
zubr768: folds 
unkapete: folds 
naxal2012: folds 
jaman4life: folds 
wagneryt: folds 
Bigpaparoy.300: folds 
Count Mole: folds 
Uncalled bet ($0.20) returned to Ruan metal
Ruan metal collected $0.25 from pot
Ruan metal: doesn't show hand 
*** SUMMARY ***
Total pot $0.25 | Rake $0 
Seat 1: Ruan metal collected ($0.25)
Seat 2: zubr768 folded before Flop (didn't bet)
Seat 3: unkapete folded before Flop (didn't bet)
Seat 4: naxal2012 folded before Flop (didn't bet)
Seat 5: jaman4life folded before Flop (didn't bet)
Seat 6: wagneryt (button) folded before Flop (didn't bet)
Seat 7: Bigpaparoy.300 (small blind) folded before Flop
Seat 8: Count Mole (big blind) folded before Flop
Seat 9: Dorex2007 folded before Flop (didn't bet)



PokerStars Hand #238018535039:  Hold'em No Limit ($0.05/$0.10 USD) - 2022/08/15 20:56:09 PT [2022/08/15 23:56:09 ET]
Table 'Iguassu III' 9-max Seat #7 is the button
Seat 1: Ruan metal ($10.21 in chips) 
Seat 2: zubr768 ($10 in chips) 
Seat 3: unkapete ($9.95 in chips) 
Seat 4: naxal2012 ($10.19 in chips) 
Seat 5: jaman4life ($8.25 in chips) 
Seat 6: wagneryt ($11.01 in chips) 
Seat 7: Bigpaparoy.300 ($4.51 in chips) 
Seat 8: Count Mole ($17.60 in chips) 
Seat 9: Dorex2007 ($15.15 in chips) 
Count Mole: posts small blind $0.05
Dorex2007: posts big blind $0.10
*** HOLE CARDS ***
Dealt to Dorex2007 [Ad As]
Ruan metal: folds 
zubr768: folds 
unkapete: folds 
naxal2012: folds 
jaman4life: folds 
wagneryt: folds 
Bigpaparoy.300: folds 
Count Mole: folds 
Uncalled bet ($0.05) returned to Dorex2007
Dorex2007 collected $0.10 from pot
Dorex2007: doesn't show hand 
*** SUMMARY ***
Total pot $0.10 | Rake $0 
Seat 1: Ruan metal folded before Flop (didn't bet)
Seat 2: zubr768 folded before Flop (didn't bet)
Seat 3: unkapete folded before Flop (didn't bet)
Seat 4: naxal2012 folded before Flop (didn't bet)
Seat 5: jaman4life folded before Flop (didn't bet)
Seat 6: wagneryt folded before Flop (didn't bet)
Seat 7: Bigpaparoy.300 (button) folded before Flop (didn't bet)
Seat 8: Count Mole (small blind) folded before Flop
Seat 9: Dorex2007 (big blind) collected ($0.10)



PokerStars Hand #238018537485:  Hold'em No Limit ($0.05/$0.10 USD) - 2022/08/15 20:56:32 PT [2022/08/15 23:56:32 ET]
Table 'Iguassu III' 9-max Seat #8 is the button
Seat 1: Ruan metal ($10.21 in chips) 
Seat 2: zubr768 ($10 in chips) 
Seat 3: unkapete ($9.95 in chips) 
Seat 4: naxal2012 ($10.19 in chips) 
Seat 5: jaman4life ($8.25 in chips) 
Seat 6: wagneryt ($11.01 in chips) 
Seat 7: Bigpaparoy.300 ($4.51 in chips) 
Seat 8: Count Mole ($17.55 in chips) 
Seat 9: Dorex2007 ($15.20 in chips) 
Dorex2007: posts small blind $0.05
Ruan metal: posts big blind $0.10
*** HOLE CARDS ***
Dealt to Dorex2007 [6d 4s]
zubr768: folds 
unkapete: folds 
naxal2012: folds 
jaman4life: calls $0.10
wagneryt: folds 
Bigpaparoy.300: folds 
Count Mole: folds 
Dorex2007: folds 
Ruan metal: checks 
*** FLOP *** [8d 9d Kd]
Ruan metal: checks 
jaman4life: bets $0.12
Ruan metal: calls $0.12
*** TURN *** [8d 9d Kd] [6s]
Ruan metal: checks 
jaman4life: bets $0.23
Ruan metal: raises $0.27 to $0.50
jaman4life: calls $0.27
*** RIVER *** [8d 9d Kd 6s] [8s]
Ruan metal: bets $1
jaman4life: folds 
Uncalled bet ($1) returned to Ruan metal
Ruan metal collected $1.42 from pot
Ruan metal: doesn't show hand 
*** SUMMARY ***
Total pot $1.49 | Rake $0.07 
Board [8d 9d Kd 6s 8s]
Seat 1: Ruan metal (big blind) collected ($1.42)
Seat 2: zubr768 folded before Flop (didn't bet)
Seat 3: unkapete folded before Flop (didn't bet)
Seat 4: naxal2012 folded before Flop (didn't bet)
Seat 5: jaman4life folded on the River
Seat 6: wagneryt folded before Flop (didn't bet)
Seat 7: Bigpaparoy.300 folded before Flop (didn't bet)
Seat 8: Count Mole (button) folded before Flop (didn't bet)
Seat 9: Dorex2007 (small blind) folded before Flop



PokerStars Hand #238018543199:  Hold'em No Limit ($0.05/$0.10 USD) - 2022/08/15 20:57:26 PT [2022/08/15 23:57:26 ET]
Table 'Iguassu III' 9-max Seat #9 is the button
Seat 1: Ruan metal ($10.91 in chips) 
Seat 2: zubr768 ($10 in chips) 
Seat 3: unkapete ($9.95 in chips) 
Seat 4: naxal2012 ($10.19 in chips) 
Seat 5: jaman4life ($7.53 in chips) 
Seat 6: wagneryt ($11.01 in chips) 
Seat 7: Bigpaparoy.300 ($4.51 in chips) 
Seat 8: Count Mole ($17.55 in chips) 
Seat 9: Dorex2007 ($15.15 in chips) 
Ruan metal: posts small blind $0.05
zubr768: posts big blind $0.10
*** HOLE CARDS ***
Dealt to Dorex2007 [7d 9c]
unkapete: folds 
naxal2012: folds 
jaman4life: folds 
wagneryt: folds 
Bigpaparoy.300: folds 
Count Mole: folds 
Dorex2007: folds 
Ruan metal: raises $0.20 to $0.30
zubr768: raises $0.70 to $1
Ruan metal: calls $0.70
*** FLOP *** [2s 8s 2h]
Ruan metal: checks 
zubr768: bets $0.95
Ruan metal: calls $0.95
*** TURN *** [2s 8s 2h] [2d]
Ruan metal: checks 
zubr768: bets $8.05 and is all-in
Ruan metal: folds 
Uncalled bet ($8.05) returned to zubr768
zubr768 collected $3.72 from pot
zubr768: doesn't show hand 
*** SUMMARY ***
Total pot $3.90 | Rake $0.18 
Board [2s 8s 2h 2d]
Seat 1: Ruan metal (small blind) folded on the Turn
Seat 2: zubr768 (big blind) collected ($3.72)
Seat 3: unkapete folded before Flop (didn't bet)
Seat 4: naxal2012 folded before Flop (didn't bet)
Seat 5: jaman4life folded before Flop (didn't bet)
Seat 6: wagneryt folded before Flop (didn't bet)
Seat 7: Bigpaparoy.300 folded before Flop (didn't bet)
Seat 8: Count Mole folded before Flop (didn't bet)
Seat 9: Dorex2007 (button) folded before Flop (didn't bet)



PokerStars Hand #238018550686:  Hold'em No Limit ($0.05/$0.10 USD) - 2022/08/15 20:58:35 PT [2022/08/15 23:58:35 ET]
Table 'Iguassu III' 9-max Seat #1 is the button
Seat 1: Ruan metal ($10 in chips) 
Seat 2: zubr768 ($11.77 in chips) 
Seat 3: unkapete ($9.95 in chips) 
Seat 4: naxal2012 ($10.19 in chips) 
Seat 5: jaman4life ($7.53 in chips) 
Seat 6: wagneryt ($11.01 in chips) 
Seat 7: Bigpaparoy.300 ($4.51 in chips) 
Seat 8: Count Mole ($17.55 in chips) 
Seat 9: Dorex2007 ($15.15 in chips) 
zubr768: posts small blind $0.05
unkapete: posts big blind $0.10
*** HOLE CARDS ***
Dealt to Dorex2007 [2d Js]
naxal2012: folds 
jaman4life: folds 
wagneryt: calls $0.10
Bigpaparoy.300: raises $0.35 to $0.45
Count Mole: folds 
Dorex2007: folds 
Ruan metal: folds 
zubr768: folds 
unkapete: calls $0.35
wagneryt: folds 
*** FLOP *** [Ac 4h 8d]
unkapete: checks 
Bigpaparoy.300: bets $0.50
unkapete: folds 
Uncalled bet ($0.50) returned to Bigpaparoy.300
Bigpaparoy.300 collected $1 from pot
*** SUMMARY ***
Total pot $1.05 | Rake $0.05 
Board [Ac 4h 8d]
Seat 1: Ruan metal (button) folded before Flop (didn't bet)
Seat 2: zubr768 (small blind) folded before Flop
Seat 3: unkapete (big blind) folded on the Flop
Seat 4: naxal2012 folded before Flop (didn't bet)
Seat 5: jaman4life folded before Flop (didn't bet)
Seat 6: wagneryt folded before Flop
Seat 7: Bigpaparoy.300 collected ($1)
Seat 8: Count Mole folded before Flop (didn't bet)
Seat 9: Dorex2007 folded before Flop (didn't bet)



PokerStars Hand #238018553835:  Hold'em No Limit ($0.05/$0.10 USD) - 2022/08/15 20:59:04 PT [2022/08/15 23:59:04 ET]
Table 'Iguassu III' 9-max Seat #2 is the button
Seat 1: Ruan metal ($10 in chips) 
Seat 2: zubr768 ($11.72 in chips) 
Seat 3: unkapete ($9.50 in chips) 
Seat 4: naxal2012 ($10.19 in chips) 
Seat 5: jaman4life ($7.53 in chips) 
Seat 6: wagneryt ($10.91 in chips) 
Seat 7: Bigpaparoy.300 ($5.06 in chips) 
Seat 8: Count Mole ($17.55 in chips) 
Seat 9: Dorex2007 ($15.15 in chips) 
unkapete: posts small blind $0.05
naxal2012: posts big blind $0.10
*** HOLE CARDS ***
Dealt to Dorex2007 [7d 5d]
jaman4life: folds 
wagneryt: folds 
Bigpaparoy.300: folds 
Count Mole: folds 
Dorex2007: folds 
Ruan metal: folds 
zubr768: folds 
unkapete: folds 
Uncalled bet ($0.05) returned to naxal2012
naxal2012 collected $0.10 from pot
*** SUMMARY ***
Total pot $0.10 | Rake $0 
Seat 1: Ruan metal folded before Flop (didn't bet)
Seat 2: zubr768 (button) folded before Flop (didn't bet)
Seat 3: unkapete (small blind) folded before Flop
Seat 4: naxal2012 (big blind) collected ($0.10)
Seat 5: jaman4life folded before Flop (didn't bet)
Seat 6: wagneryt folded before Flop (didn't bet)
Seat 7: Bigpaparoy.300 folded before Flop (didn't bet)
Seat 8: Count Mole folded before Flop (didn't bet)
Seat 9: Dorex2007 folded before Flop (didn't bet)



PokerStars Hand #238018556156:  Hold'em No Limit ($0.05/$0.10 USD) - 2022/08/15 20:59:26 PT [2022/08/15 23:59:26 ET]
Table 'Iguassu III' 9-max Seat #3 is the button
Seat 1: Ruan metal ($10 in chips) 
Seat 2: zubr768 ($11.72 in chips) 
Seat 3: unkapete ($9.45 in chips) 
Seat 4: naxal2012 ($10.24 in chips) 
Seat 5: jaman4life ($7.53 in chips) 
Seat 6: wagneryt ($10.91 in chips) 
Seat 7: Bigpaparoy.300 ($5.06 in chips) 
Seat 8: Count Mole ($17.55 in chips) 
Seat 9: Dorex2007 ($15.15 in chips) 
naxal2012: posts small blind $0.05
jaman4life: posts big blind $0.10
*** HOLE CARDS ***
Dealt to Dorex2007 [8s 8c]
wagneryt: folds 
Bigpaparoy.300: calls $0.10
Count Mole: folds 
Dorex2007: calls $0.10
Ruan metal: folds 
zubr768: raises $0.60 to $0.70
unkapete: folds 
naxal2012: folds 
jaman4life: folds 
Bigpaparoy.300: folds 
Dorex2007: folds 
Uncalled bet ($0.60) returned to zubr768
zubr768 collected $0.45 from pot
zubr768: doesn't show hand 
*** SUMMARY ***
Total pot $0.45 | Rake $0 
Seat 1: Ruan metal folded before Flop (didn't bet)
Seat 2: zubr768 collected ($0.45)
Seat 3: unkapete (button) folded before Flop (didn't bet)
Seat 4: naxal2012 (small blind) folded before Flop
Seat 5: jaman4life (big blind) folded before Flop
Seat 6: wagneryt folded before Flop (didn't bet)
Seat 7: Bigpaparoy.300 folded before Flop
Seat 8: Count Mole folded before Flop (didn't bet)
Seat 9: Dorex2007 folded before Flop



