PokerStars Hand #230186118440:  Hold'em No Limit ($0.01/$0.02 USD) - 2021/09/27 15:31:30 PT [2021/09/27 18:31:30 ET]
Table 'Circe II' 9-max Seat #9 is the button
Seat 1: Pkis ($1.98 in chips) 
Seat 2: superjod218 ($2.27 in chips) 
Seat 4: ramires2004 ($2.55 in chips) 
Seat 5: Smitov ($1.95 in chips) 
Seat 6: 6hayes ($0.93 in chips) 
Seat 8: Dorex2007 ($2 in chips) 
Seat 9: Vlatag ($2.02 in chips) 
Pkis: posts small blind $0.01
superjod218: posts big blind $0.02
Maury8511 has timed out
Maury8511: is sitting out 
Dorex2007: posts big blind $0.02
*** HOLE CARDS ***
Dealt to Dorex2007 [Kc 2d]
ramires2004: folds 
Smitov: folds 
6hayes: folds 
Dorex2007: raises $0.04 to $0.06
Vlatag: folds 
Pkis: folds 
superjod218: calls $0.04
*** FLOP *** [8s Qc Jc]
superjod218: checks 
Dorex2007: checks 
*** TURN *** [8s Qc Jc] [7d]
superjod218: bets $0.10
Dorex2007: folds 
Uncalled bet ($0.10) returned to superjod218
superjod218 collected $0.13 from pot
superjod218: doesn't show hand 
*** SUMMARY ***
Total pot $0.13 | Rake $0 
Board [8s Qc Jc 7d]
Seat 1: Pkis (small blind) folded before Flop
Seat 2: superjod218 (big blind) collected ($0.13)
Seat 4: ramires2004 folded before Flop (didn't bet)
Seat 5: Smitov folded before Flop (didn't bet)
Seat 6: 6hayes folded before Flop (didn't bet)
Seat 8: Dorex2007 folded on the Turn
Seat 9: Vlatag (button) folded before Flop (didn't bet)



PokerStars Hand #230186133016:  Hold'em No Limit ($0.01/$0.02 USD) - 2021/09/27 15:32:12 PT [2021/09/27 18:32:12 ET]
Table 'Circe II' 9-max Seat #1 is the button
Seat 1: Pkis ($1.97 in chips) 
Seat 2: superjod218 ($2.34 in chips) 
Seat 4: ramires2004 ($2.55 in chips) 
Seat 5: Smitov ($1.95 in chips) 
Seat 6: 6hayes ($0.93 in chips) 
Seat 8: Dorex2007 ($1.94 in chips) 
Seat 9: Vlatag ($2.02 in chips) 
superjod218: posts small blind $0.01
ramires2004: posts big blind $0.02
Maury8511: sits out 
*** HOLE CARDS ***
Dealt to Dorex2007 [Td 8h]
Smitov: folds 
6hayes: folds 
Dorex2007: folds 
Vlatag: folds 
Pkis: folds 
superjod218: calls $0.01
ramires2004: checks 
*** FLOP *** [8d 8s 6d]
superjod218: bets $0.03
ramires2004: folds 
Uncalled bet ($0.03) returned to superjod218
superjod218 collected $0.04 from pot
superjod218: doesn't show hand 
*** SUMMARY ***
Total pot $0.04 | Rake $0 
Board [8d 8s 6d]
Seat 1: Pkis (button) folded before Flop (didn't bet)
Seat 2: superjod218 (small blind) collected ($0.04)
Seat 4: ramires2004 (big blind) folded on the Flop
Seat 5: Smitov folded before Flop (didn't bet)
Seat 6: 6hayes folded before Flop (didn't bet)
Seat 8: Dorex2007 folded before Flop (didn't bet)
Seat 9: Vlatag folded before Flop (didn't bet)



PokerStars Hand #230186140262:  Hold'em No Limit ($0.01/$0.02 USD) - 2021/09/27 15:32:32 PT [2021/09/27 18:32:32 ET]
Table 'Circe II' 9-max Seat #2 is the button
Seat 1: Pkis ($1.97 in chips) 
Seat 2: superjod218 ($2.36 in chips) 
Seat 4: ramires2004 ($2.53 in chips) 
Seat 5: Smitov ($1.95 in chips) 
Seat 6: 6hayes ($0.93 in chips) 
Seat 8: Dorex2007 ($1.94 in chips) 
Seat 9: Vlatag ($2.02 in chips) 
ramires2004: posts small blind $0.01
Smitov: posts big blind $0.02
Maury8511: sits out 
*** HOLE CARDS ***
Dealt to Dorex2007 [5c 7s]
6hayes: calls $0.02
Dorex2007: folds 
Vlatag: calls $0.02
Pkis: folds 
superjod218: folds 
ramires2004: calls $0.01
Smitov: checks 
*** FLOP *** [Jh 8s 8h]
ramires2004: checks 
Smitov: bets $0.04
6hayes: calls $0.04
Vlatag: calls $0.04
ramires2004: folds 
*** TURN *** [Jh 8s 8h] [Qs]
Smitov: bets $0.10
6hayes: folds 
Vlatag: calls $0.10
*** RIVER *** [Jh 8s 8h Qs] [Kc]
Smitov: bets $0.14
Vlatag: calls $0.14
*** SHOW DOWN ***
Smitov: shows [8c 2h] (three of a kind, Eights)
Vlatag: mucks hand 
Smitov collected $0.66 from pot
*** SUMMARY ***
Total pot $0.68 | Rake $0.02 
Board [Jh 8s 8h Qs Kc]
Seat 1: Pkis folded before Flop (didn't bet)
Seat 2: superjod218 (button) folded before Flop (didn't bet)
Seat 4: ramires2004 (small blind) folded on the Flop
Seat 5: Smitov (big blind) showed [8c 2h] and won ($0.66) with three of a kind, Eights
Seat 6: 6hayes folded on the Turn
Seat 8: Dorex2007 folded before Flop (didn't bet)
Seat 9: Vlatag mucked [Th Qh]



PokerStars Hand #230186181804:  Hold'em No Limit ($0.01/$0.02 USD) - 2021/09/27 15:34:31 PT [2021/09/27 18:34:31 ET]
Table 'Circe II' 9-max Seat #4 is the button
Seat 1: Pkis ($1.97 in chips) 
Seat 2: superjod218 ($2.36 in chips) 
Seat 4: ramires2004 ($2.51 in chips) 
Seat 5: Smitov ($2.31 in chips) 
Seat 6: 6hayes ($0.87 in chips) 
Seat 8: Dorex2007 ($1.94 in chips) 
Seat 9: Vlatag ($1.72 in chips) 
Smitov: posts small blind $0.01
6hayes: posts big blind $0.02
Maury8511: sits out 
*** HOLE CARDS ***
Dealt to Dorex2007 [Qc 8d]
Dorex2007: folds 
Vlatag: calls $0.02
Pkis: calls $0.02
superjod218: folds 
ramires2004: folds 
Smitov: calls $0.01
6hayes: checks 
*** FLOP *** [Ks Kh 8s]
Smitov: bets $0.04
6hayes: calls $0.04
Vlatag: calls $0.04
Pkis: folds 
*** TURN *** [Ks Kh 8s] [Ah]
Smitov: bets $0.12
6hayes: folds 
Vlatag: calls $0.12
*** RIVER *** [Ks Kh 8s Ah] [2h]
Smitov: bets $0.16
Vlatag: folds 
Uncalled bet ($0.16) returned to Smitov
Smitov collected $0.42 from pot
Smitov: doesn't show hand 
*** SUMMARY ***
Total pot $0.44 | Rake $0.02 
Board [Ks Kh 8s Ah 2h]
Seat 1: Pkis folded on the Flop
Seat 2: superjod218 folded before Flop (didn't bet)
Seat 4: ramires2004 (button) folded before Flop (didn't bet)
Seat 5: Smitov (small blind) collected ($0.42)
Seat 6: 6hayes (big blind) folded on the Turn
Seat 8: Dorex2007 folded before Flop (didn't bet)
Seat 9: Vlatag folded on the River



PokerStars Hand #230186213232:  Hold'em No Limit ($0.01/$0.02 USD) - 2021/09/27 15:35:56 PT [2021/09/27 18:35:56 ET]
Table 'Circe II' 9-max Seat #5 is the button
Seat 1: Pkis ($1.95 in chips) 
Seat 2: superjod218 ($2.36 in chips) 
Seat 4: ramires2004 ($2.51 in chips) 
Seat 5: Smitov ($2.55 in chips) 
Seat 6: 6hayes ($0.81 in chips) 
Seat 7: Maury8511 ($2 in chips) 
Seat 8: Dorex2007 ($1.94 in chips) 
Seat 9: Vlatag ($1.54 in chips) 
6hayes: posts small blind $0.01
Maury8511: posts big blind $0.02
*** HOLE CARDS ***
Dealt to Dorex2007 [3s 8d]
Dorex2007: folds 
Vlatag: calls $0.02
Pkis: calls $0.02
superjod218: raises $0.08 to $0.10
ramires2004: folds 
Smitov: folds 
6hayes: folds 
Maury8511: folds 
Vlatag: calls $0.08
Pkis: folds 
*** FLOP *** [Jh 6h Jd]
Vlatag: checks 
superjod218: bets $0.08
Vlatag: folds 
Uncalled bet ($0.08) returned to superjod218
superjod218 collected $0.24 from pot
superjod218: doesn't show hand 
*** SUMMARY ***
Total pot $0.25 | Rake $0.01 
Board [Jh 6h Jd]
Seat 1: Pkis folded before Flop
Seat 2: superjod218 collected ($0.24)
Seat 4: ramires2004 folded before Flop (didn't bet)
Seat 5: Smitov (button) folded before Flop (didn't bet)
Seat 6: 6hayes (small blind) folded before Flop
Seat 7: Maury8511 (big blind) folded before Flop
Seat 8: Dorex2007 folded before Flop (didn't bet)
Seat 9: Vlatag folded on the Flop



PokerStars Hand #230186229705:  Hold'em No Limit ($0.01/$0.02 USD) - 2021/09/27 15:36:43 PT [2021/09/27 18:36:43 ET]
Table 'Circe II' 9-max Seat #6 is the button
Seat 1: Pkis ($1.93 in chips) 
Seat 2: superjod218 ($2.50 in chips) 
Seat 4: ramires2004 ($2.51 in chips) 
Seat 5: Smitov ($2.55 in chips) 
Seat 6: 6hayes ($0.80 in chips) 
Seat 7: Maury8511 ($1.98 in chips) 
Seat 8: Dorex2007 ($1.94 in chips) 
Seat 9: Vlatag ($1.44 in chips) 
Maury8511: posts small blind $0.01
Dorex2007: posts big blind $0.02
*** HOLE CARDS ***
Dealt to Dorex2007 [9c Qc]
Vlatag: calls $0.02
Pkis: folds 
superjod218: folds 
ramires2004: calls $0.02
Smitov has timed out
Smitov: folds 
6hayes: folds 
Maury8511: calls $0.01
Dorex2007: checks 
*** FLOP *** [As 3s 5d]
Maury8511: checks 
Dorex2007: checks 
Vlatag: bets $0.02
ramires2004: folds 
Maury8511: folds 
Dorex2007: folds 
Uncalled bet ($0.02) returned to Vlatag
Vlatag collected $0.08 from pot
*** SUMMARY ***
Total pot $0.08 | Rake $0 
Board [As 3s 5d]
Seat 1: Pkis folded before Flop (didn't bet)
Seat 2: superjod218 folded before Flop (didn't bet)
Seat 4: ramires2004 folded on the Flop
Seat 5: Smitov folded before Flop (didn't bet)
Seat 6: 6hayes (button) folded before Flop (didn't bet)
Seat 7: Maury8511 (small blind) folded on the Flop
Seat 8: Dorex2007 (big blind) folded on the Flop
Seat 9: Vlatag collected ($0.08)



PokerStars Hand #230186243688:  Hold'em No Limit ($0.01/$0.02 USD) - 2021/09/27 15:37:23 PT [2021/09/27 18:37:23 ET]
Table 'Circe II' 9-max Seat #7 is the button
Seat 1: Pkis ($1.93 in chips) 
Seat 2: superjod218 ($2.50 in chips) 
Seat 4: ramires2004 ($2.49 in chips) 
Seat 5: Smitov ($2.55 in chips) 
Seat 6: 6hayes ($0.80 in chips) 
Seat 7: Maury8511 ($1.96 in chips) 
Seat 8: Dorex2007 ($1.92 in chips) 
Seat 9: Vlatag ($1.50 in chips) 
Dorex2007: posts small blind $0.01
Vlatag: posts big blind $0.02
*** HOLE CARDS ***
Dealt to Dorex2007 [Qs Qh]
Pkis: folds 
superjod218: folds 
ramires2004: folds 
Smitov: folds 
6hayes: folds 
Maury8511: raises $0.03 to $0.05
Dorex2007: raises $0.11 to $0.16
Vlatag: folds 
Maury8511: folds 
Uncalled bet ($0.11) returned to Dorex2007
Dorex2007 collected $0.12 from pot
Dorex2007: doesn't show hand 
*** SUMMARY ***
Total pot $0.12 | Rake $0 
Seat 1: Pkis folded before Flop (didn't bet)
Seat 2: superjod218 folded before Flop (didn't bet)
Seat 4: ramires2004 folded before Flop (didn't bet)
Seat 5: Smitov folded before Flop (didn't bet)
Seat 6: 6hayes folded before Flop (didn't bet)
Seat 7: Maury8511 (button) folded before Flop
Seat 8: Dorex2007 (small blind) collected ($0.12)
Seat 9: Vlatag (big blind) folded before Flop



PokerStars Hand #230186254213:  Hold'em No Limit ($0.01/$0.02 USD) - 2021/09/27 15:37:53 PT [2021/09/27 18:37:53 ET]
Table 'Circe II' 9-max Seat #8 is the button
Seat 1: Pkis ($1.93 in chips) 
Seat 2: superjod218 ($2.50 in chips) 
Seat 4: ramires2004 ($2.49 in chips) 
Seat 5: Smitov ($2.55 in chips) 
Seat 6: 6hayes ($0.80 in chips) 
Seat 7: Maury8511 ($1.91 in chips) 
Seat 8: Dorex2007 ($1.99 in chips) 
Seat 9: Vlatag ($1.48 in chips) 
Vlatag: posts small blind $0.01
Pkis: posts big blind $0.02
*** HOLE CARDS ***
Dealt to Dorex2007 [Kc 3s]
superjod218: folds 
ramires2004: calls $0.02
Smitov: folds 
6hayes: folds 
Maury8511: calls $0.02
Dorex2007: folds 
Vlatag: raises $0.02 to $0.04
Pkis: folds 
ramires2004: calls $0.02
Maury8511: calls $0.02
*** FLOP *** [4h Ac 9c]
Vlatag: bets $0.11
ramires2004: folds 
Maury8511: folds 
Uncalled bet ($0.11) returned to Vlatag
Vlatag collected $0.14 from pot
*** SUMMARY ***
Total pot $0.14 | Rake $0 
Board [4h Ac 9c]
Seat 1: Pkis (big blind) folded before Flop
Seat 2: superjod218 folded before Flop (didn't bet)
Seat 4: ramires2004 folded on the Flop
Seat 5: Smitov folded before Flop (didn't bet)
Seat 6: 6hayes folded before Flop (didn't bet)
Seat 7: Maury8511 folded on the Flop
Seat 8: Dorex2007 (button) folded before Flop (didn't bet)
Seat 9: Vlatag (small blind) collected ($0.14)



PokerStars Hand #230186268818:  Hold'em No Limit ($0.01/$0.02 USD) - 2021/09/27 15:38:35 PT [2021/09/27 18:38:35 ET]
Table 'Circe II' 9-max Seat #9 is the button
Seat 1: Pkis ($1.91 in chips) 
Seat 2: superjod218 ($2.50 in chips) 
Seat 4: ramires2004 ($2.45 in chips) 
Seat 5: Smitov ($2.55 in chips) 
Seat 6: 6hayes ($0.80 in chips) 
Seat 7: Maury8511 ($1.87 in chips) 
Seat 8: Dorex2007 ($1.99 in chips) 
Seat 9: Vlatag ($1.58 in chips) 
Pkis: posts small blind $0.01
superjod218: posts big blind $0.02
*** HOLE CARDS ***
Dealt to Dorex2007 [5d Jc]
ramires2004: folds 
Smitov: folds 
6hayes: calls $0.02
Maury8511: folds 
Dorex2007: folds 
Vlatag: calls $0.02
Pkis: calls $0.01
superjod218: checks 
*** FLOP *** [6d Js 7s]
Pkis: checks 
superjod218: checks 
6hayes: checks 
Vlatag: bets $0.02
Pkis: calls $0.02
superjod218: folds 
6hayes: folds 
*** TURN *** [6d Js 7s] [5s]
Pkis: checks 
Vlatag: bets $0.02
Pkis: folds 
Uncalled bet ($0.02) returned to Vlatag
Vlatag collected $0.12 from pot
*** SUMMARY ***
Total pot $0.12 | Rake $0 
Board [6d Js 7s 5s]
Seat 1: Pkis (small blind) folded on the Turn
Seat 2: superjod218 (big blind) folded on the Flop
Seat 4: ramires2004 folded before Flop (didn't bet)
Seat 5: Smitov folded before Flop (didn't bet)
Seat 6: 6hayes folded on the Flop
Seat 7: Maury8511 folded before Flop (didn't bet)
Seat 8: Dorex2007 folded before Flop (didn't bet)
Seat 9: Vlatag (button) collected ($0.12)



PokerStars Hand #230186285681:  Hold'em No Limit ($0.01/$0.02 USD) - 2021/09/27 15:39:24 PT [2021/09/27 18:39:24 ET]
Table 'Circe II' 9-max Seat #1 is the button
Seat 1: Pkis ($1.87 in chips) 
Seat 2: superjod218 ($2.48 in chips) 
Seat 4: ramires2004 ($2.45 in chips) 
Seat 5: Smitov ($2.55 in chips) 
Seat 6: 6hayes ($0.78 in chips) 
Seat 7: Maury8511 ($1.87 in chips) 
Seat 8: Dorex2007 ($1.99 in chips) 
Seat 9: Vlatag ($1.66 in chips) 
superjod218: posts small blind $0.01
ramires2004: posts big blind $0.02
*** HOLE CARDS ***
Dealt to Dorex2007 [8h Jc]
Smitov: folds 
6hayes: folds 
Maury8511: calls $0.02
Dorex2007: folds 
Vlatag: folds 
Pkis: folds 
superjod218: folds 
ramires2004: checks 
*** FLOP *** [5c 5s 7h]
ramires2004: bets $0.02
Maury8511: folds 
Uncalled bet ($0.02) returned to ramires2004
ramires2004 collected $0.05 from pot
mrwiski23 leaves the table
*** SUMMARY ***
Total pot $0.05 | Rake $0 
Board [5c 5s 7h]
Seat 1: Pkis (button) folded before Flop (didn't bet)
Seat 2: superjod218 (small blind) folded before Flop
Seat 4: ramires2004 (big blind) collected ($0.05)
Seat 5: Smitov folded before Flop (didn't bet)
Seat 6: 6hayes folded before Flop (didn't bet)
Seat 7: Maury8511 folded on the Flop
Seat 8: Dorex2007 folded before Flop (didn't bet)
Seat 9: Vlatag folded before Flop (didn't bet)



PokerStars Hand #230186296847:  Hold'em No Limit ($0.01/$0.02 USD) - 2021/09/27 15:39:56 PT [2021/09/27 18:39:56 ET]
Table 'Circe II' 9-max Seat #2 is the button
Seat 1: Pkis ($1.87 in chips) 
Seat 2: superjod218 ($2.47 in chips) 
Seat 4: ramires2004 ($2.48 in chips) 
Seat 5: Smitov ($2.55 in chips) 
Seat 6: 6hayes ($0.78 in chips) 
Seat 7: Maury8511 ($1.85 in chips) 
Seat 8: Dorex2007 ($1.99 in chips) 
Seat 9: Vlatag ($1.66 in chips) 
ramires2004: posts small blind $0.01
Smitov: posts big blind $0.02
*** HOLE CARDS ***
Dealt to Dorex2007 [3h As]
6hayes: calls $0.02
Maury8511: raises $0.03 to $0.05
Dorex2007: folds 
OuthitPlayer joins the table at seat #3 
Vlatag: folds 
Pkis: folds 
superjod218: calls $0.05
ramires2004: folds 
Smitov: folds 
6hayes: calls $0.03
*** FLOP *** [Kc 6c 2s]
6hayes: checks 
Maury8511: bets $0.14
superjod218: folds 
6hayes: folds 
Uncalled bet ($0.14) returned to Maury8511
Maury8511 collected $0.17 from pot
Maury8511: doesn't show hand 
*** SUMMARY ***
Total pot $0.18 | Rake $0.01 
Board [Kc 6c 2s]
Seat 1: Pkis folded before Flop (didn't bet)
Seat 2: superjod218 (button) folded on the Flop
Seat 4: ramires2004 (small blind) folded before Flop
Seat 5: Smitov (big blind) folded before Flop
Seat 6: 6hayes folded on the Flop
Seat 7: Maury8511 collected ($0.17)
Seat 8: Dorex2007 folded before Flop (didn't bet)
Seat 9: Vlatag folded before Flop (didn't bet)



PokerStars Hand #230186311826:  Hold'em No Limit ($0.01/$0.02 USD) - 2021/09/27 15:40:39 PT [2021/09/27 18:40:39 ET]
Table 'Circe II' 9-max Seat #4 is the button
Seat 1: Pkis ($1.87 in chips) 
Seat 2: superjod218 ($2.42 in chips) 
Seat 4: ramires2004 ($2.47 in chips) 
Seat 5: Smitov ($2.53 in chips) 
Seat 6: 6hayes ($0.73 in chips) 
Seat 7: Maury8511 ($1.97 in chips) 
Seat 8: Dorex2007 ($1.99 in chips) 
Seat 9: Vlatag ($1.66 in chips) 
Smitov: posts small blind $0.01
6hayes: posts big blind $0.02
OuthitPlayer: sits out 
*** HOLE CARDS ***
Dealt to Dorex2007 [8d 6s]
Maury8511: folds 
Dorex2007: folds 
Vlatag: folds 
Pkis: raises $0.02 to $0.04
superjod218: folds 
ramires2004: calls $0.04
Smitov: folds 
6hayes: folds 
*** FLOP *** [Tc 9d 3d]
Pkis: checks 
ramires2004: bets $0.06
Pkis: raises $0.08 to $0.14
ramires2004: calls $0.08
*** TURN *** [Tc 9d 3d] [4s]
Pkis: bets $0.19
ramires2004: calls $0.19
*** RIVER *** [Tc 9d 3d 4s] [Th]
Pkis: checks 
ramires2004: checks 
*** SHOW DOWN ***
Pkis: shows [Ac As] (two pair, Aces and Tens)
ramires2004: mucks hand 
Pkis collected $0.74 from pot
*** SUMMARY ***
Total pot $0.77 | Rake $0.03 
Board [Tc 9d 3d 4s Th]
Seat 1: Pkis showed [Ac As] and won ($0.74) with two pair, Aces and Tens
Seat 2: superjod218 folded before Flop (didn't bet)
Seat 4: ramires2004 (button) mucked [Jh Js]
Seat 5: Smitov (small blind) folded before Flop
Seat 6: 6hayes (big blind) folded before Flop
Seat 7: Maury8511 folded before Flop (didn't bet)
Seat 8: Dorex2007 folded before Flop (didn't bet)
Seat 9: Vlatag folded before Flop (didn't bet)



PokerStars Hand #230186328048:  Hold'em No Limit ($0.01/$0.02 USD) - 2021/09/27 15:41:27 PT [2021/09/27 18:41:27 ET]
Table 'Circe II' 9-max Seat #5 is the button
Seat 1: Pkis ($2.24 in chips) 
Seat 2: superjod218 ($2.42 in chips) 
Seat 4: ramires2004 ($2.10 in chips) 
Seat 5: Smitov ($2.52 in chips) 
Seat 6: 6hayes ($0.71 in chips) 
Seat 7: Maury8511 ($1.97 in chips) 
Seat 8: Dorex2007 ($1.99 in chips) 
Seat 9: Vlatag ($1.66 in chips) 
6hayes: posts small blind $0.01
Maury8511: posts big blind $0.02
OuthitPlayer: sits out 
*** HOLE CARDS ***
Dealt to Dorex2007 [6c 9c]
Dorex2007: folds 
Vlatag: folds 
Pkis: calls $0.02
superjod218: folds 
ramires2004: raises $2.08 to $2.10 and is all-in
Smitov: folds 
6hayes: folds 
Maury8511: folds 
Pkis: folds 
Uncalled bet ($2.08) returned to ramires2004
ramires2004 collected $0.07 from pot
*** SUMMARY ***
Total pot $0.07 | Rake $0 
Seat 1: Pkis folded before Flop
Seat 2: superjod218 folded before Flop (didn't bet)
Seat 4: ramires2004 collected ($0.07)
Seat 5: Smitov (button) folded before Flop (didn't bet)
Seat 6: 6hayes (small blind) folded before Flop
Seat 7: Maury8511 (big blind) folded before Flop
Seat 8: Dorex2007 folded before Flop (didn't bet)
Seat 9: Vlatag folded before Flop (didn't bet)



PokerStars Hand #230186336813:  Hold'em No Limit ($0.01/$0.02 USD) - 2021/09/27 15:41:52 PT [2021/09/27 18:41:52 ET]
Table 'Circe II' 9-max Seat #6 is the button
Seat 1: Pkis ($2.22 in chips) 
Seat 2: superjod218 ($2.42 in chips) 
Seat 4: ramires2004 ($2.15 in chips) 
Seat 5: Smitov ($2.52 in chips) 
Seat 6: 6hayes ($0.70 in chips) 
Seat 7: Maury8511 ($1.95 in chips) 
Seat 8: Dorex2007 ($1.99 in chips) 
Seat 9: Vlatag ($1.66 in chips) 
Maury8511: posts small blind $0.01
Dorex2007: posts big blind $0.02
OuthitPlayer: sits out 
*** HOLE CARDS ***
Dealt to Dorex2007 [6h Qc]
Vlatag: folds 
Pkis: calls $0.02
superjod218: folds 
ramires2004: calls $0.02
Smitov: folds 
6hayes: folds 
Maury8511: calls $0.01
Dorex2007: checks 
*** FLOP *** [2d Ts 9c]
Maury8511: checks 
Dorex2007: checks 
Pkis: checks 
ramires2004: bets $0.04
Maury8511: folds 
Dorex2007: folds 
Pkis: folds 
Uncalled bet ($0.04) returned to ramires2004
ramires2004 collected $0.08 from pot
*** SUMMARY ***
Total pot $0.08 | Rake $0 
Board [2d Ts 9c]
Seat 1: Pkis folded on the Flop
Seat 2: superjod218 folded before Flop (didn't bet)
Seat 4: ramires2004 collected ($0.08)
Seat 5: Smitov folded before Flop (didn't bet)
Seat 6: 6hayes (button) folded before Flop (didn't bet)
Seat 7: Maury8511 (small blind) folded on the Flop
Seat 8: Dorex2007 (big blind) folded on the Flop
Seat 9: Vlatag folded before Flop (didn't bet)



PokerStars Hand #230186350074:  Hold'em No Limit ($0.01/$0.02 USD) - 2021/09/27 15:42:31 PT [2021/09/27 18:42:31 ET]
Table 'Circe II' 9-max Seat #7 is the button
Seat 1: Pkis ($2.20 in chips) 
Seat 2: superjod218 ($2.42 in chips) 
Seat 4: ramires2004 ($2.21 in chips) 
Seat 5: Smitov ($2.52 in chips) 
Seat 6: 6hayes ($0.70 in chips) 
Seat 7: Maury8511 ($1.93 in chips) 
Seat 8: Dorex2007 ($1.97 in chips) 
Seat 9: Vlatag ($1.66 in chips) 
Dorex2007: posts small blind $0.01
Vlatag: posts big blind $0.02
OuthitPlayer: sits out 
*** HOLE CARDS ***
Dealt to Dorex2007 [Jh 4h]
Pkis: folds 
superjod218: folds 
ramires2004: folds 
Smitov: folds 
6hayes: folds 
Maury8511: folds 
Dorex2007: folds 
Uncalled bet ($0.01) returned to Vlatag
Vlatag collected $0.02 from pot
*** SUMMARY ***
Total pot $0.02 | Rake $0 
Seat 1: Pkis folded before Flop (didn't bet)
Seat 2: superjod218 folded before Flop (didn't bet)
Seat 4: ramires2004 folded before Flop (didn't bet)
Seat 5: Smitov folded before Flop (didn't bet)
Seat 6: 6hayes folded before Flop (didn't bet)
Seat 7: Maury8511 (button) folded before Flop (didn't bet)
Seat 8: Dorex2007 (small blind) folded before Flop
Seat 9: Vlatag (big blind) collected ($0.02)



PokerStars Hand #230186362097:  Hold'em No Limit ($0.01/$0.02 USD) - 2021/09/27 15:42:49 PT [2021/09/27 18:42:49 ET]
Table 'Circe II' 9-max Seat #8 is the button
Seat 1: Pkis ($2.20 in chips) 
Seat 2: superjod218 ($2.42 in chips) 
Seat 4: ramires2004 ($2.21 in chips) 
Seat 5: Smitov ($2.52 in chips) 
Seat 6: 6hayes ($0.70 in chips) 
Seat 7: Maury8511 ($1.93 in chips) 
Seat 8: Dorex2007 ($1.96 in chips) 
Seat 9: Vlatag ($1.67 in chips) 
Vlatag: posts small blind $0.01
Pkis: posts big blind $0.02
OuthitPlayer: sits out 
*** HOLE CARDS ***
Dealt to Dorex2007 [Ts 8c]
superjod218: folds 
ramires2004: folds 
Smitov: folds 
6hayes: calls $0.02
Maury8511: folds 
Dorex2007: folds 
Vlatag: calls $0.01
Pkis: checks 
*** FLOP *** [7s Qc 6c]
Vlatag: bets $0.02
Pkis: calls $0.02
6hayes: folds 
*** TURN *** [7s Qc 6c] [Kc]
Vlatag: checks 
Pkis: checks 
*** RIVER *** [7s Qc 6c Kc] [Qd]
Vlatag: checks 
Pkis: checks 
*** SHOW DOWN ***
Vlatag: shows [9s 5s] (a pair of Queens)
Pkis: shows [6h Js] (two pair, Queens and Sixes)
Pkis collected $0.10 from pot
*** SUMMARY ***
Total pot $0.10 | Rake $0 
Board [7s Qc 6c Kc Qd]
Seat 1: Pkis (big blind) showed [6h Js] and won ($0.10) with two pair, Queens and Sixes
Seat 2: superjod218 folded before Flop (didn't bet)
Seat 4: ramires2004 folded before Flop (didn't bet)
Seat 5: Smitov folded before Flop (didn't bet)
Seat 6: 6hayes folded on the Flop
Seat 7: Maury8511 folded before Flop (didn't bet)
Seat 8: Dorex2007 (button) folded before Flop (didn't bet)
Seat 9: Vlatag (small blind) showed [9s 5s] and lost with a pair of Queens



PokerStars Hand #230186378948:  Hold'em No Limit ($0.01/$0.02 USD) - 2021/09/27 15:43:39 PT [2021/09/27 18:43:39 ET]
Table 'Circe II' 9-max Seat #9 is the button
Seat 1: Pkis ($2.26 in chips) 
Seat 2: superjod218 ($2.42 in chips) 
Seat 4: ramires2004 ($2.21 in chips) 
Seat 5: Smitov ($2.52 in chips) 
Seat 6: 6hayes ($0.68 in chips) 
Seat 7: Maury8511 ($1.93 in chips) 
Seat 8: Dorex2007 ($1.96 in chips) 
Seat 9: Vlatag ($1.63 in chips) 
Pkis: posts small blind $0.01
superjod218: posts big blind $0.02
OuthitPlayer: sits out 
*** HOLE CARDS ***
Dealt to Dorex2007 [Ts 9c]
ramires2004: folds 
Smitov has timed out
Smitov: folds 
6hayes: folds 
Maury8511: folds 
Dorex2007: folds 
Vlatag: calls $0.02
Pkis: calls $0.01
superjod218: checks 
*** FLOP *** [Td 3s Qd]
Pkis: checks 
superjod218: checks 
Vlatag: bets $0.02
Pkis: folds 
superjod218: folds 
Uncalled bet ($0.02) returned to Vlatag
Vlatag collected $0.06 from pot
*** SUMMARY ***
Total pot $0.06 | Rake $0 
Board [Td 3s Qd]
Seat 1: Pkis (small blind) folded on the Flop
Seat 2: superjod218 (big blind) folded on the Flop
Seat 4: ramires2004 folded before Flop (didn't bet)
Seat 5: Smitov folded before Flop (didn't bet)
Seat 6: 6hayes folded before Flop (didn't bet)
Seat 7: Maury8511 folded before Flop (didn't bet)
Seat 8: Dorex2007 folded before Flop (didn't bet)
Seat 9: Vlatag (button) collected ($0.06)



PokerStars Hand #230186396283:  Hold'em No Limit ($0.01/$0.02 USD) - 2021/09/27 15:44:29 PT [2021/09/27 18:44:29 ET]
Table 'Circe II' 9-max Seat #1 is the button
Seat 1: Pkis ($2.24 in chips) 
Seat 2: superjod218 ($2.40 in chips) 
Seat 3: OuthitPlayer ($2 in chips) 
Seat 4: ramires2004 ($2.21 in chips) 
Seat 5: Smitov ($2.52 in chips) 
Seat 6: 6hayes ($0.68 in chips) 
Seat 7: Maury8511 ($1.93 in chips) 
Seat 8: Dorex2007 ($1.96 in chips) 
Seat 9: Vlatag ($1.67 in chips) 
superjod218: posts small blind $0.01
OuthitPlayer: posts big blind $0.02
*** HOLE CARDS ***
Dealt to Dorex2007 [6s 3s]
ramires2004: folds 
Smitov: folds 
6hayes: folds 
Maury8511: calls $0.02
Dorex2007: folds 
Vlatag: calls $0.02
Pkis: calls $0.02
superjod218: folds 
OuthitPlayer: checks 
*** FLOP *** [Kd 8h Jh]
OuthitPlayer: checks 
Maury8511: bets $0.08
Vlatag: folds 
Pkis: folds 
OuthitPlayer: calls $0.08
*** TURN *** [Kd 8h Jh] [6c]
OuthitPlayer: checks 
Maury8511: checks 
*** RIVER *** [Kd 8h Jh 6c] [9d]
OuthitPlayer: checks 
Maury8511: bets $0.12
OuthitPlayer: folds 
Uncalled bet ($0.12) returned to Maury8511
Maury8511 collected $0.24 from pot
Maury8511: doesn't show hand 
*** SUMMARY ***
Total pot $0.25 | Rake $0.01 
Board [Kd 8h Jh 6c 9d]
Seat 1: Pkis (button) folded on the Flop
Seat 2: superjod218 (small blind) folded before Flop
Seat 3: OuthitPlayer (big blind) folded on the River
Seat 4: ramires2004 folded before Flop (didn't bet)
Seat 5: Smitov folded before Flop (didn't bet)
Seat 6: 6hayes folded before Flop (didn't bet)
Seat 7: Maury8511 collected ($0.24)
Seat 8: Dorex2007 folded before Flop (didn't bet)
Seat 9: Vlatag folded on the Flop



PokerStars Hand #230186412819:  Hold'em No Limit ($0.01/$0.02 USD) - 2021/09/27 15:45:17 PT [2021/09/27 18:45:17 ET]
Table 'Circe II' 9-max Seat #2 is the button
Seat 1: Pkis ($2.22 in chips) 
Seat 2: superjod218 ($2.39 in chips) 
Seat 3: OuthitPlayer ($2 in chips) 
Seat 4: ramires2004 ($2.21 in chips) 
Seat 5: Smitov ($2.52 in chips) 
Seat 6: 6hayes ($0.68 in chips) 
Seat 7: Maury8511 ($2.07 in chips) 
Seat 8: Dorex2007 ($1.96 in chips) 
Seat 9: Vlatag ($1.65 in chips) 
OuthitPlayer: posts small blind $0.01
ramires2004: posts big blind $0.02
*** HOLE CARDS ***
Dealt to Dorex2007 [Tc 9c]
Smitov: folds 
6hayes: folds 
Maury8511: folds 
Dorex2007: raises $0.02 to $0.04
Vlatag: calls $0.04
Pkis: folds 
superjod218: folds 
OuthitPlayer: calls $0.03
ramires2004: calls $0.02
*** FLOP *** [3c 7s Ad]
OuthitPlayer: checks 
ramires2004: checks 
Dorex2007: checks 
Vlatag: checks 
*** TURN *** [3c 7s Ad] [Jh]
OuthitPlayer: bets $0.08
ramires2004: folds 
Dorex2007: folds 
Vlatag: calls $0.08
*** RIVER *** [3c 7s Ad Jh] [9s]
OuthitPlayer: bets $0.09
Vlatag: folds 
Uncalled bet ($0.09) returned to OuthitPlayer
OuthitPlayer collected $0.31 from pot
OuthitPlayer: doesn't show hand 
*** SUMMARY ***
Total pot $0.32 | Rake $0.01 
Board [3c 7s Ad Jh 9s]
Seat 1: Pkis folded before Flop (didn't bet)
Seat 2: superjod218 (button) folded before Flop (didn't bet)
Seat 3: OuthitPlayer (small blind) collected ($0.31)
Seat 4: ramires2004 (big blind) folded on the Turn
Seat 5: Smitov folded before Flop (didn't bet)
Seat 6: 6hayes folded before Flop (didn't bet)
Seat 7: Maury8511 folded before Flop (didn't bet)
Seat 8: Dorex2007 folded on the Turn
Seat 9: Vlatag folded on the River



PokerStars Hand #230186435499:  Hold'em No Limit ($0.01/$0.02 USD) - 2021/09/27 15:46:24 PT [2021/09/27 18:46:24 ET]
Table 'Circe II' 9-max Seat #3 is the button
Seat 1: Pkis ($2.22 in chips) 
Seat 2: superjod218 ($2.39 in chips) 
Seat 3: OuthitPlayer ($2.19 in chips) 
Seat 4: ramires2004 ($2.17 in chips) 
Seat 5: Smitov ($2.52 in chips) 
Seat 6: 6hayes ($0.68 in chips) 
Seat 7: Maury8511 ($2.07 in chips) 
Seat 8: Dorex2007 ($1.92 in chips) 
Seat 9: Vlatag ($1.53 in chips) 
ramires2004: posts small blind $0.01
Smitov: posts big blind $0.02
*** HOLE CARDS ***
Dealt to Dorex2007 [As Kd]
6hayes: folds 
Maury8511 has timed out
Maury8511: folds 
Dorex2007: raises $0.08 to $0.10
Vlatag: calls $0.10
Pkis: folds 
superjod218: folds 
OuthitPlayer: folds 
ramires2004: folds 
Smitov: folds 
*** FLOP *** [Ts 7h 3c]
Dorex2007: checks 
Vlatag: bets $0.17
Dorex2007: calls $0.17
*** TURN *** [Ts 7h 3c] [Js]
Dorex2007: checks 
Vlatag: checks 
*** RIVER *** [Ts 7h 3c Js] [9h]
Dorex2007: bets $0.55
Vlatag: raises $0.55 to $1.10
Dorex2007: folds 
Uncalled bet ($0.55) returned to Vlatag
Vlatag collected $1.61 from pot
*** SUMMARY ***
Total pot $1.67 | Rake $0.06 
Board [Ts 7h 3c Js 9h]
Seat 1: Pkis folded before Flop (didn't bet)
Seat 2: superjod218 folded before Flop (didn't bet)
Seat 3: OuthitPlayer (button) folded before Flop (didn't bet)
Seat 4: ramires2004 (small blind) folded before Flop
Seat 5: Smitov (big blind) folded before Flop
Seat 6: 6hayes folded before Flop (didn't bet)
Seat 7: Maury8511 folded before Flop (didn't bet)
Seat 8: Dorex2007 folded on the River
Seat 9: Vlatag collected ($1.61)



PokerStars Hand #230186459068:  Hold'em No Limit ($0.01/$0.02 USD) - 2021/09/27 15:47:34 PT [2021/09/27 18:47:34 ET]
Table 'Circe II' 9-max Seat #4 is the button
Seat 1: Pkis ($2.22 in chips) 
Seat 2: superjod218 ($2.39 in chips) 
Seat 3: OuthitPlayer ($2.19 in chips) 
Seat 4: ramires2004 ($2.16 in chips) 
Seat 5: Smitov ($2.50 in chips) 
Seat 6: 6hayes ($0.68 in chips) 
Seat 7: Maury8511 ($2.07 in chips) 
Seat 8: Dorex2007 ($1.10 in chips) 
Seat 9: Vlatag ($2.32 in chips) 
Smitov: posts small blind $0.01
6hayes: posts big blind $0.02
*** HOLE CARDS ***
Dealt to Dorex2007 [5d Td]
Maury8511: raises $0.02 to $0.04
Dorex2007: folds 
Vlatag: calls $0.04
Pkis: folds 
superjod218: folds 
OuthitPlayer: folds 
ramires2004: calls $0.04
Smitov: raises $2.46 to $2.50 and is all-in
6hayes: folds 
Maury8511: folds 
Vlatag: folds 
ramires2004: folds 
Uncalled bet ($2.46) returned to Smitov
Smitov collected $0.18 from pot
Smitov: doesn't show hand 
*** SUMMARY ***
Total pot $0.18 | Rake $0 
Seat 1: Pkis folded before Flop (didn't bet)
Seat 2: superjod218 folded before Flop (didn't bet)
Seat 3: OuthitPlayer folded before Flop (didn't bet)
Seat 4: ramires2004 (button) folded before Flop
Seat 5: Smitov (small blind) collected ($0.18)
Seat 6: 6hayes (big blind) folded before Flop
Seat 7: Maury8511 folded before Flop
Seat 8: Dorex2007 folded before Flop (didn't bet)
Seat 9: Vlatag folded before Flop



PokerStars Hand #230186472787:  Hold'em No Limit ($0.01/$0.02 USD) - 2021/09/27 15:48:15 PT [2021/09/27 18:48:15 ET]
Table 'Circe II' 9-max Seat #5 is the button
Seat 1: Pkis ($2.22 in chips) 
Seat 2: superjod218 ($2.39 in chips) 
Seat 3: OuthitPlayer ($2.19 in chips) 
Seat 4: ramires2004 ($2.12 in chips) 
Seat 5: Smitov ($2.64 in chips) 
Seat 6: 6hayes ($0.66 in chips) 
Seat 7: Maury8511 ($2.03 in chips) 
Seat 8: Dorex2007 ($2 in chips) 
Seat 9: Vlatag ($2.28 in chips) 
6hayes: posts small blind $0.01
Maury8511: posts big blind $0.02
*** HOLE CARDS ***
Dealt to Dorex2007 [Qd Tc]
Dorex2007: folds 
Vlatag: calls $0.02
Pkis: calls $0.02
superjod218: calls $0.02
OuthitPlayer: folds 
ramires2004: folds 
Smitov: calls $0.02
6hayes: folds 
Maury8511: checks 
*** FLOP *** [4h 6d Ad]
Maury8511: checks 
Vlatag: bets $0.02
Pkis: folds 
superjod218: folds 
Smitov: folds 
Maury8511: calls $0.02
*** TURN *** [4h 6d Ad] [2s]
Maury8511: checks 
Vlatag: bets $0.02
Maury8511: calls $0.02
*** RIVER *** [4h 6d Ad 2s] [7c]
Maury8511: checks 
Vlatag: checks 
*** SHOW DOWN ***
Maury8511: shows [3h 4d] (a pair of Fours)
Vlatag: shows [6c Qc] (a pair of Sixes)
Vlatag collected $0.18 from pot
*** SUMMARY ***
Total pot $0.19 | Rake $0.01 
Board [4h 6d Ad 2s 7c]
Seat 1: Pkis folded on the Flop
Seat 2: superjod218 folded on the Flop
Seat 3: OuthitPlayer folded before Flop (didn't bet)
Seat 4: ramires2004 folded before Flop (didn't bet)
Seat 5: Smitov (button) folded on the Flop
Seat 6: 6hayes (small blind) folded before Flop
Seat 7: Maury8511 (big blind) showed [3h 4d] and lost with a pair of Fours
Seat 8: Dorex2007 folded before Flop (didn't bet)
Seat 9: Vlatag showed [6c Qc] and won ($0.18) with a pair of Sixes



PokerStars Hand #230186497848:  Hold'em No Limit ($0.01/$0.02 USD) - 2021/09/27 15:49:29 PT [2021/09/27 18:49:29 ET]
Table 'Circe II' 9-max Seat #6 is the button
Seat 1: Pkis ($2.20 in chips) 
Seat 2: superjod218 ($2.37 in chips) 
Seat 3: OuthitPlayer ($2.19 in chips) 
Seat 4: ramires2004 ($2.12 in chips) 
Seat 5: Smitov ($2.62 in chips) 
Seat 6: 6hayes ($0.65 in chips) 
Seat 7: Maury8511 ($1.97 in chips) 
Seat 8: Dorex2007 ($2 in chips) 
Seat 9: Vlatag ($2.40 in chips) 
Maury8511: posts small blind $0.01
Dorex2007: posts big blind $0.02
*** HOLE CARDS ***
Dealt to Dorex2007 [9h 8d]
Vlatag: calls $0.02
Pkis: calls $0.02
superjod218: folds 
OuthitPlayer: folds 
ramires2004: folds 
Smitov: folds 
6hayes: folds 
Maury8511: calls $0.01
Dorex2007: checks 
*** FLOP *** [6s Ac Kc]
Maury8511: checks 
Dorex2007: checks 
Vlatag: bets $0.04
Pkis: calls $0.04
Maury8511: calls $0.04
Dorex2007: folds 
*** TURN *** [6s Ac Kc] [3c]
Maury8511: checks 
Vlatag: bets $0.02
Pkis: raises $0.08 to $0.10
Maury8511: calls $0.10
Vlatag: calls $0.08
*** RIVER *** [6s Ac Kc 3c] [2c]
Maury8511: checks 
Vlatag: checks 
Pkis: bets $0.48
Maury8511: folds 
Vlatag: folds 
Uncalled bet ($0.48) returned to Pkis
Pkis collected $0.48 from pot
Pkis: doesn't show hand 
*** SUMMARY ***
Total pot $0.50 | Rake $0.02 
Board [6s Ac Kc 3c 2c]
Seat 1: Pkis collected ($0.48)
Seat 2: superjod218 folded before Flop (didn't bet)
Seat 3: OuthitPlayer folded before Flop (didn't bet)
Seat 4: ramires2004 folded before Flop (didn't bet)
Seat 5: Smitov folded before Flop (didn't bet)
Seat 6: 6hayes (button) folded before Flop (didn't bet)
Seat 7: Maury8511 (small blind) folded on the River
Seat 8: Dorex2007 (big blind) folded on the Flop
Seat 9: Vlatag folded on the River



PokerStars Hand #230186526652:  Hold'em No Limit ($0.01/$0.02 USD) - 2021/09/27 15:50:55 PT [2021/09/27 18:50:55 ET]
Table 'Circe II' 9-max Seat #7 is the button
Seat 1: Pkis ($2.52 in chips) 
Seat 2: superjod218 ($2.37 in chips) 
Seat 3: OuthitPlayer ($2.19 in chips) 
Seat 4: ramires2004 ($2.12 in chips) 
Seat 5: Smitov ($2.62 in chips) 
Seat 6: 6hayes ($0.65 in chips) 
Seat 7: Maury8511 ($1.81 in chips) 
Seat 8: Dorex2007 ($2 in chips) 
Seat 9: Vlatag ($2.24 in chips) 
Dorex2007: posts small blind $0.01
Vlatag: posts big blind $0.02
*** HOLE CARDS ***
Dealt to Dorex2007 [3s 9d]
Pkis: calls $0.02
superjod218: folds 
OuthitPlayer: folds 
ramires2004: folds 
Smitov: raises $0.06 to $0.08
6hayes: folds 
Maury8511: folds 
Dorex2007: folds 
Vlatag: calls $0.06
Pkis: folds 
*** FLOP *** [Kc Ks 7s]
Vlatag: checks 
Smitov: bets $0.07
Vlatag: folds 
Uncalled bet ($0.07) returned to Smitov
Smitov collected $0.18 from pot
Smitov: doesn't show hand 
*** SUMMARY ***
Total pot $0.19 | Rake $0.01 
Board [Kc Ks 7s]
Seat 1: Pkis folded before Flop
Seat 2: superjod218 folded before Flop (didn't bet)
Seat 3: OuthitPlayer folded before Flop (didn't bet)
Seat 4: ramires2004 folded before Flop (didn't bet)
Seat 5: Smitov collected ($0.18)
Seat 6: 6hayes folded before Flop (didn't bet)
Seat 7: Maury8511 (button) folded before Flop (didn't bet)
Seat 8: Dorex2007 (small blind) folded before Flop
Seat 9: Vlatag (big blind) folded on the Flop



PokerStars Hand #230186569511:  Hold'em No Limit ($0.01/$0.02 USD) - 2021/09/27 15:52:01 PT [2021/09/27 18:52:01 ET]
Table 'Circe II' 9-max Seat #8 is the button
Seat 1: Pkis ($2.50 in chips) 
Seat 2: superjod218 ($2.37 in chips) 
Seat 3: OuthitPlayer ($2.19 in chips) 
Seat 4: ramires2004 ($2.12 in chips) 
Seat 5: Smitov ($2.72 in chips) 
Seat 6: 6hayes ($0.65 in chips) 
Seat 7: Maury8511 ($1.81 in chips) 
Seat 8: Dorex2007 ($2 in chips) 
Seat 9: Vlatag ($2.16 in chips) 
Vlatag: posts small blind $0.01
Pkis: posts big blind $0.02
*** HOLE CARDS ***
Dealt to Dorex2007 [Js 4d]
superjod218: folds 
OuthitPlayer: folds 
ramires2004: folds 
Smitov: folds 
6hayes: folds 
Maury8511: folds 
Dorex2007: folds 
Vlatag: raises $0.04 to $0.06
Pkis: calls $0.04
*** FLOP *** [Qc Jc 4c]
Vlatag: checks 
Pkis: checks 
*** TURN *** [Qc Jc 4c] [6c]
Vlatag: checks 
Pkis: checks 
*** RIVER *** [Qc Jc 4c 6c] [Tc]
Vlatag: bets $0.09
Pkis: calls $0.09
*** SHOW DOWN ***
Vlatag: shows [Ks Ah] (a flush, Queen high)
Pkis: shows [7s As] (a flush, Queen high)
Vlatag collected $0.15 from pot
Pkis collected $0.14 from pot
*** SUMMARY ***
Total pot $0.30 | Rake $0.01 
Board [Qc Jc 4c 6c Tc]
Seat 1: Pkis (big blind) showed [7s As] and won ($0.14) with a flush, Queen high
Seat 2: superjod218 folded before Flop (didn't bet)
Seat 3: OuthitPlayer folded before Flop (didn't bet)
Seat 4: ramires2004 folded before Flop (didn't bet)
Seat 5: Smitov folded before Flop (didn't bet)
Seat 6: 6hayes folded before Flop (didn't bet)
Seat 7: Maury8511 folded before Flop (didn't bet)
Seat 8: Dorex2007 (button) folded before Flop (didn't bet)
Seat 9: Vlatag (small blind) showed [Ks Ah] and won ($0.15) with a flush, Queen high



PokerStars Hand #230186597724:  Hold'em No Limit ($0.01/$0.02 USD) - 2021/09/27 15:52:45 PT [2021/09/27 18:52:45 ET]
Table 'Circe II' 9-max Seat #9 is the button
Seat 1: Pkis ($2.49 in chips) 
Seat 2: superjod218 ($2.37 in chips) 
Seat 3: OuthitPlayer ($2.19 in chips) 
Seat 4: ramires2004 ($2.12 in chips) 
Seat 5: Smitov ($2.72 in chips) 
Seat 6: 6hayes ($0.65 in chips) 
Seat 7: Maury8511 ($1.81 in chips) 
Seat 8: Dorex2007 ($2 in chips) 
Seat 9: Vlatag ($2.16 in chips) 
Pkis: posts small blind $0.01
superjod218: posts big blind $0.02
*** HOLE CARDS ***
Dealt to Dorex2007 [Ad 5d]
OuthitPlayer: folds 
ramires2004: calls $0.02
Smitov: folds 
6hayes: folds 
Maury8511: raises $0.04 to $0.06
Dorex2007: calls $0.06
Vlatag: calls $0.06
Pkis: folds 
superjod218: folds 
ramires2004: calls $0.04
*** FLOP *** [4c Td 7h]
ramires2004: checks 
Maury8511: checks 
Dorex2007: checks 
Vlatag: bets $0.13
ramires2004: folds 
Maury8511: folds 
Dorex2007: folds 
Uncalled bet ($0.13) returned to Vlatag
Vlatag collected $0.26 from pot
*** SUMMARY ***
Total pot $0.27 | Rake $0.01 
Board [4c Td 7h]
Seat 1: Pkis (small blind) folded before Flop
Seat 2: superjod218 (big blind) folded before Flop
Seat 3: OuthitPlayer folded before Flop (didn't bet)
Seat 4: ramires2004 folded on the Flop
Seat 5: Smitov folded before Flop (didn't bet)
Seat 6: 6hayes folded before Flop (didn't bet)
Seat 7: Maury8511 folded on the Flop
Seat 8: Dorex2007 folded on the Flop
Seat 9: Vlatag (button) collected ($0.26)



PokerStars Hand #230186633474:  Hold'em No Limit ($0.01/$0.02 USD) - 2021/09/27 15:53:42 PT [2021/09/27 18:53:42 ET]
Table 'Circe II' 9-max Seat #1 is the button
Seat 1: Pkis ($2.48 in chips) 
Seat 2: superjod218 ($2.35 in chips) 
Seat 3: OuthitPlayer ($2.19 in chips) 
Seat 4: ramires2004 ($2.06 in chips) 
Seat 5: Smitov ($2.72 in chips) 
Seat 6: 6hayes ($0.65 in chips) 
Seat 7: Maury8511 ($1.75 in chips) 
Seat 8: Dorex2007 ($2 in chips) 
Seat 9: Vlatag ($2.36 in chips) 
superjod218: posts small blind $0.01
OuthitPlayer: posts big blind $0.02
*** HOLE CARDS ***
Dealt to Dorex2007 [7h Qc]
ramires2004: folds 
Smitov: folds 
6hayes: folds 
6hayes leaves the table
Maury8511: folds 
Dorex2007: folds 
Vlatag: calls $0.02
Pkis: folds 
superjod218: folds 
OuthitPlayer: raises $0.08 to $0.10
aa9191 joins the table at seat #6 
Vlatag: folds 
Uncalled bet ($0.08) returned to OuthitPlayer
OuthitPlayer collected $0.05 from pot
OuthitPlayer: doesn't show hand 
*** SUMMARY ***
Total pot $0.05 | Rake $0 
Seat 1: Pkis (button) folded before Flop (didn't bet)
Seat 2: superjod218 (small blind) folded before Flop
Seat 3: OuthitPlayer (big blind) collected ($0.05)
Seat 4: ramires2004 folded before Flop (didn't bet)
Seat 5: Smitov folded before Flop (didn't bet)
Seat 6: 6hayes folded before Flop (didn't bet)
Seat 7: Maury8511 folded before Flop (didn't bet)
Seat 8: Dorex2007 folded before Flop (didn't bet)
Seat 9: Vlatag folded before Flop



PokerStars Hand #230186653722:  Hold'em No Limit ($0.01/$0.02 USD) - 2021/09/27 15:54:16 PT [2021/09/27 18:54:16 ET]
Table 'Circe II' 9-max Seat #2 is the button
Seat 1: Pkis ($2.48 in chips) 
Seat 2: superjod218 ($2.34 in chips) 
Seat 3: OuthitPlayer ($2.22 in chips) 
Seat 4: ramires2004 ($2.06 in chips) 
Seat 5: Smitov ($2.72 in chips) 
Seat 7: Maury8511 ($1.75 in chips) 
Seat 8: Dorex2007 ($2 in chips) 
Seat 9: Vlatag ($2.34 in chips) 
OuthitPlayer: posts small blind $0.01
ramires2004: posts big blind $0.02
aa9191: sits out 
*** HOLE CARDS ***
Dealt to Dorex2007 [Qc Jd]
Smitov: folds 
Maury8511: folds 
Dorex2007: raises $0.04 to $0.06
Vlatag: folds 
Pkis: folds 
superjod218: folds 
OuthitPlayer: folds 
ramires2004: folds 
Uncalled bet ($0.04) returned to Dorex2007
Dorex2007 collected $0.05 from pot
Dorex2007: doesn't show hand 
*** SUMMARY ***
Total pot $0.05 | Rake $0 
Seat 1: Pkis folded before Flop (didn't bet)
Seat 2: superjod218 (button) folded before Flop (didn't bet)
Seat 3: OuthitPlayer (small blind) folded before Flop
Seat 4: ramires2004 (big blind) folded before Flop
Seat 5: Smitov folded before Flop (didn't bet)
Seat 7: Maury8511 folded before Flop (didn't bet)
Seat 8: Dorex2007 collected ($0.05)
Seat 9: Vlatag folded before Flop (didn't bet)



PokerStars Hand #230186666136:  Hold'em No Limit ($0.01/$0.02 USD) - 2021/09/27 15:54:37 PT [2021/09/27 18:54:37 ET]
Table 'Circe II' 9-max Seat #3 is the button
Seat 1: Pkis ($2.48 in chips) 
Seat 2: superjod218 ($2.34 in chips) 
Seat 3: OuthitPlayer ($2.21 in chips) 
Seat 4: ramires2004 ($2.04 in chips) 
Seat 5: Smitov ($2.72 in chips) 
Seat 7: Maury8511 ($1.75 in chips) 
Seat 8: Dorex2007 ($2.03 in chips) 
Seat 9: Vlatag ($2.34 in chips) 
ramires2004: posts small blind $0.01
Smitov: posts big blind $0.02
aa9191: sits out 
*** HOLE CARDS ***
Dealt to Dorex2007 [8s 7c]
Maury8511: folds 
Dorex2007: folds 
Vlatag: calls $0.02
Pkis: calls $0.02
superjod218: calls $0.02
OuthitPlayer: folds 
ramires2004: calls $0.01
Smitov: checks 
*** FLOP *** [9h 9s Qh]
ramires2004: checks 
Smitov: checks 
Vlatag: checks 
Pkis: bets $0.04
superjod218: folds 
ramires2004: folds 
Smitov: folds 
Vlatag: folds 
Uncalled bet ($0.04) returned to Pkis
Pkis collected $0.10 from pot
Pkis: doesn't show hand 
*** SUMMARY ***
Total pot $0.10 | Rake $0 
Board [9h 9s Qh]
Seat 1: Pkis collected ($0.10)
Seat 2: superjod218 folded on the Flop
Seat 3: OuthitPlayer (button) folded before Flop (didn't bet)
Seat 4: ramires2004 (small blind) folded on the Flop
Seat 5: Smitov (big blind) folded on the Flop
Seat 7: Maury8511 folded before Flop (didn't bet)
Seat 8: Dorex2007 folded before Flop (didn't bet)
Seat 9: Vlatag folded on the Flop



PokerStars Hand #230186693689:  Hold'em No Limit ($0.01/$0.02 USD) - 2021/09/27 15:55:28 PT [2021/09/27 18:55:28 ET]
Table 'Circe II' 9-max Seat #4 is the button
Seat 1: Pkis ($2.56 in chips) 
Seat 2: superjod218 ($2.32 in chips) 
Seat 3: OuthitPlayer ($2.21 in chips) 
Seat 4: ramires2004 ($2.02 in chips) 
Seat 5: Smitov ($2.70 in chips) 
Seat 6: aa9191 ($1.60 in chips) 
Seat 7: Maury8511 ($1.75 in chips) 
Seat 8: Dorex2007 ($2.03 in chips) 
Seat 9: Vlatag ($2.32 in chips) 
Smitov: posts small blind $0.01
aa9191: posts big blind $0.02
*** HOLE CARDS ***
Dealt to Dorex2007 [Tc 8d]
Maury8511: raises $0.03 to $0.05
Dorex2007: folds 
Vlatag: folds 
Pkis: folds 
superjod218: folds 
OuthitPlayer: folds 
ramires2004: calls $0.05
Smitov: folds 
aa9191: calls $0.03
*** FLOP *** [7h Kd Th]
aa9191: checks 
Maury8511: bets $0.14
ramires2004: calls $0.14
aa9191: folds 
*** TURN *** [7h Kd Th] [Js]
Maury8511: checks 
ramires2004: checks 
*** RIVER *** [7h Kd Th Js] [9d]
Maury8511: bets $0.38
ramires2004: folds 
Uncalled bet ($0.38) returned to Maury8511
Maury8511 collected $0.42 from pot
Maury8511: doesn't show hand 
*** SUMMARY ***
Total pot $0.44 | Rake $0.02 
Board [7h Kd Th Js 9d]
Seat 1: Pkis folded before Flop (didn't bet)
Seat 2: superjod218 folded before Flop (didn't bet)
Seat 3: OuthitPlayer folded before Flop (didn't bet)
Seat 4: ramires2004 (button) folded on the River
Seat 5: Smitov (small blind) folded before Flop
Seat 6: aa9191 (big blind) folded on the Flop
Seat 7: Maury8511 collected ($0.42)
Seat 8: Dorex2007 folded before Flop (didn't bet)
Seat 9: Vlatag folded before Flop (didn't bet)



PokerStars Hand #230186724012:  Hold'em No Limit ($0.01/$0.02 USD) - 2021/09/27 15:56:31 PT [2021/09/27 18:56:31 ET]
Table 'Circe II' 9-max Seat #5 is the button
Seat 1: Pkis ($2.56 in chips) 
Seat 2: superjod218 ($2.32 in chips) 
Seat 3: OuthitPlayer ($2.21 in chips) 
Seat 4: ramires2004 ($1.83 in chips) 
Seat 5: Smitov ($2.69 in chips) 
Seat 6: aa9191 ($1.55 in chips) 
Seat 7: Maury8511 ($1.98 in chips) 
Seat 8: Dorex2007 ($2.03 in chips) 
Seat 9: Vlatag ($2.32 in chips) 
aa9191: posts small blind $0.01
Maury8511: posts big blind $0.02
*** HOLE CARDS ***
Dealt to Dorex2007 [Tc 9c]
Dorex2007: folds 
Vlatag: calls $0.02
Pkis: calls $0.02
superjod218: folds 
OuthitPlayer: folds 
ramires2004: folds 
Smitov: calls $0.02
aa9191: folds 
Maury8511: checks 
*** FLOP *** [Qd 5d Qh]
Maury8511: checks 
Vlatag: checks 
Pkis: checks 
Smitov: checks 
*** TURN *** [Qd 5d Qh] [6c]
Maury8511: checks 
Vlatag: checks 
Pkis: checks 
Smitov: checks 
*** RIVER *** [Qd 5d Qh 6c] [Ts]
Maury8511: checks 
Vlatag: checks 
Pkis: checks 
Smitov: checks 
*** SHOW DOWN ***
Maury8511: shows [9d Kh] (a pair of Queens)
Vlatag: shows [3d Ac] (a pair of Queens - Ace kicker)
Pkis: mucks hand 
Smitov: shows [9h Ah] (a pair of Queens - Ace+Ten+Nine kicker)
Smitov collected $0.09 from pot
*** SUMMARY ***
Total pot $0.09 | Rake $0 
Board [Qd 5d Qh 6c Ts]
Seat 1: Pkis mucked [Js 9s]
Seat 2: superjod218 folded before Flop (didn't bet)
Seat 3: OuthitPlayer folded before Flop (didn't bet)
Seat 4: ramires2004 folded before Flop (didn't bet)
Seat 5: Smitov (button) showed [9h Ah] and won ($0.09) with a pair of Queens
Seat 6: aa9191 (small blind) folded before Flop
Seat 7: Maury8511 (big blind) showed [9d Kh] and lost with a pair of Queens
Seat 8: Dorex2007 folded before Flop (didn't bet)
Seat 9: Vlatag showed [3d Ac] and lost with a pair of Queens



PokerStars Hand #230186758486:  Hold'em No Limit ($0.01/$0.02 USD) - 2021/09/27 15:57:47 PT [2021/09/27 18:57:47 ET]
Table 'Circe II' 9-max Seat #6 is the button
Seat 1: Pkis ($2.54 in chips) 
Seat 2: superjod218 ($2.32 in chips) 
Seat 3: OuthitPlayer ($2.21 in chips) 
Seat 4: ramires2004 ($1.83 in chips) 
Seat 5: Smitov ($2.76 in chips) 
Seat 6: aa9191 ($1.54 in chips) 
Seat 7: Maury8511 ($1.96 in chips) 
Seat 8: Dorex2007 ($2.03 in chips) 
Seat 9: Vlatag ($2.30 in chips) 
Maury8511: posts small blind $0.01
Dorex2007: posts big blind $0.02
*** HOLE CARDS ***
Dealt to Dorex2007 [Js 2c]
Vlatag: calls $0.02
Pkis: folds 
superjod218: folds 
OuthitPlayer: folds 
ramires2004: calls $0.02
Smitov: folds 
aa9191: folds 
Maury8511: raises $0.16 to $0.18
Dorex2007: folds 
Vlatag: folds 
ramires2004: raises $1.65 to $1.83 and is all-in
Maury8511: calls $1.65
*** FLOP *** [6s Jc Qc]
*** TURN *** [6s Jc Qc] [3d]
*** RIVER *** [6s Jc Qc 3d] [4h]
*** SHOW DOWN ***
Maury8511: shows [Qh Qd] (three of a kind, Queens)
ramires2004: shows [Ks Ad] (high card Ace)
Maury8511 collected $3.57 from pot
*** SUMMARY ***
Total pot $3.70 | Rake $0.13 
Board [6s Jc Qc 3d 4h]
Seat 1: Pkis folded before Flop (didn't bet)
Seat 2: superjod218 folded before Flop (didn't bet)
Seat 3: OuthitPlayer folded before Flop (didn't bet)
Seat 4: ramires2004 showed [Ks Ad] and lost with high card Ace
Seat 5: Smitov folded before Flop (didn't bet)
Seat 6: aa9191 (button) folded before Flop (didn't bet)
Seat 7: Maury8511 (small blind) showed [Qh Qd] and won ($3.57) with three of a kind, Queens
Seat 8: Dorex2007 (big blind) folded before Flop
Seat 9: Vlatag folded before Flop



PokerStars Hand #230186781097:  Hold'em No Limit ($0.01/$0.02 USD) - 2021/09/27 15:58:38 PT [2021/09/27 18:58:38 ET]
Table 'Circe II' 9-max Seat #7 is the button
Seat 1: Pkis ($2.54 in chips) 
Seat 2: superjod218 ($2.32 in chips) 
Seat 3: OuthitPlayer ($2.21 in chips) 
Seat 5: Smitov ($2.76 in chips) 
Seat 6: aa9191 ($1.54 in chips) 
Seat 7: Maury8511 ($3.70 in chips) 
Seat 8: Dorex2007 ($2.01 in chips) 
Seat 9: Vlatag ($2.28 in chips) 
Dorex2007: posts small blind $0.01
Vlatag: posts big blind $0.02
*** HOLE CARDS ***
Dealt to Dorex2007 [7h 3d]
Pkis: folds 
superjod218: folds 
ramires2004 leaves the table
OuthitPlayer: folds 
Smitov: folds 
aa9191: calls $0.02
Maury8511: calls $0.02
Dorex2007: folds 
Vlatag: checks 
*** FLOP *** [8c 9d 6d]
Vlatag: checks 
aa9191: bets $0.06
Maury8511: folds 
Vlatag: folds 
Uncalled bet ($0.06) returned to aa9191
aa9191 collected $0.07 from pot
aa9191: doesn't show hand 
*** SUMMARY ***
Total pot $0.07 | Rake $0 
Board [8c 9d 6d]
Seat 1: Pkis folded before Flop (didn't bet)
Seat 2: superjod218 folded before Flop (didn't bet)
Seat 3: OuthitPlayer folded before Flop (didn't bet)
Seat 5: Smitov folded before Flop (didn't bet)
Seat 6: aa9191 collected ($0.07)
Seat 7: Maury8511 (button) folded on the Flop
Seat 8: Dorex2007 (small blind) folded before Flop
Seat 9: Vlatag (big blind) folded on the Flop



PokerStars Hand #230186798489:  Hold'em No Limit ($0.01/$0.02 USD) - 2021/09/27 15:59:18 PT [2021/09/27 18:59:18 ET]
Table 'Circe II' 9-max Seat #8 is the button
Seat 1: Pkis ($2.54 in chips) 
Seat 2: superjod218 ($2.32 in chips) 
Seat 3: OuthitPlayer ($2.21 in chips) 
Seat 5: Smitov ($2.76 in chips) 
Seat 6: aa9191 ($1.59 in chips) 
Seat 8: Dorex2007 ($2 in chips) 
Seat 9: Vlatag ($2.26 in chips) 
Vlatag: posts small blind $0.01
Pkis: posts big blind $0.02
*** HOLE CARDS ***
Dealt to Dorex2007 [7h 2c]
superjod218: folds 
OuthitPlayer: folds 
Smitov: folds 
zmt48 joins the table at seat #4 
aa9191: folds 
Dorex2007: folds 
Vlatag: raises $0.02 to $0.04
Maury8511 leaves the table
Pkis: calls $0.02
*** FLOP *** [Jd Jh 6h]
Vlatag: bets $0.05
Pkis: calls $0.05
*** TURN *** [Jd Jh 6h] [Kc]
Vlatag: bets $0.11
Pkis: folds 
Uncalled bet ($0.11) returned to Vlatag
Vlatag collected $0.17 from pot
*** SUMMARY ***
Total pot $0.18 | Rake $0.01 
Board [Jd Jh 6h Kc]
Seat 1: Pkis (big blind) folded on the Turn
Seat 2: superjod218 folded before Flop (didn't bet)
Seat 3: OuthitPlayer folded before Flop (didn't bet)
Seat 5: Smitov folded before Flop (didn't bet)
Seat 6: aa9191 folded before Flop (didn't bet)
Seat 8: Dorex2007 (button) folded before Flop (didn't bet)
Seat 9: Vlatag (small blind) collected ($0.17)



PokerStars Hand #230186815720:  Hold'em No Limit ($0.01/$0.02 USD) - 2021/09/27 15:59:57 PT [2021/09/27 18:59:57 ET]
Table 'Circe II' 9-max Seat #9 is the button
Seat 1: Pkis ($2.45 in chips) 
Seat 2: superjod218 ($2.32 in chips) 
Seat 3: OuthitPlayer ($2.21 in chips) 
Seat 5: Smitov ($2.76 in chips) 
Seat 6: aa9191 ($1.59 in chips) 
Seat 8: Dorex2007 ($2 in chips) 
Seat 9: Vlatag ($2.34 in chips) 
Pkis: posts small blind $0.01
superjod218: posts big blind $0.02
zmt48: sits out 
*** HOLE CARDS ***
Dealt to Dorex2007 [Kd 8h]
OuthitPlayer: folds 
Smitov: folds 
aa9191: folds 
Dorex2007: folds 
Teoriya300 joins the table at seat #7 
Vlatag: calls $0.02
Pkis: raises $0.02 to $0.04
superjod218: calls $0.02
Vlatag: calls $0.02
*** FLOP *** [4c 2c 9s]
Pkis: checks 
superjod218: checks 
Vlatag: checks 
*** TURN *** [4c 2c 9s] [2d]
Pkis: bets $0.02
superjod218: calls $0.02
Vlatag: calls $0.02
*** RIVER *** [4c 2c 9s 2d] [Kc]
Pkis: bets $0.04
superjod218: folds 
Vlatag: folds 
Uncalled bet ($0.04) returned to Pkis
Pkis collected $0.17 from pot
Pkis: doesn't show hand 
*** SUMMARY ***
Total pot $0.18 | Rake $0.01 
Board [4c 2c 9s 2d Kc]
Seat 1: Pkis (small blind) collected ($0.17)
Seat 2: superjod218 (big blind) folded on the River
Seat 3: OuthitPlayer folded before Flop (didn't bet)
Seat 5: Smitov folded before Flop (didn't bet)
Seat 6: aa9191 folded before Flop (didn't bet)
Seat 8: Dorex2007 folded before Flop (didn't bet)
Seat 9: Vlatag (button) folded on the River



PokerStars Hand #230186848214:  Hold'em No Limit ($0.01/$0.02 USD) - 2021/09/27 16:01:11 PT [2021/09/27 19:01:11 ET]
Table 'Circe II' 9-max Seat #1 is the button
Seat 1: Pkis ($2.56 in chips) 
Seat 2: superjod218 ($2.26 in chips) 
Seat 3: OuthitPlayer ($2.21 in chips) 
Seat 5: Smitov ($2.76 in chips) 
Seat 6: aa9191 ($1.59 in chips) 
Seat 7: Teoriya300 ($0.80 in chips) 
Seat 8: Dorex2007 ($2 in chips) 
Seat 9: Vlatag ($2.28 in chips) 
superjod218: posts small blind $0.01
OuthitPlayer: posts big blind $0.02
zmt48: sits out 
Teoriya300: posts big blind $0.02
*** HOLE CARDS ***
Dealt to Dorex2007 [Ac 2s]
Smitov: folds 
aa9191: calls $0.02
Teoriya300: checks 
Dorex2007: folds 
Vlatag: raises $0.02 to $0.04
Pkis: folds 
superjod218: folds 
OuthitPlayer: folds 
aa9191: calls $0.02
Teoriya300: calls $0.02
*** FLOP *** [7h 3c Tc]
aa9191: checks 
Teoriya300: checks 
Vlatag: bets $0.02
aa9191: raises $0.18 to $0.20
Teoriya300: folds 
Vlatag: folds 
Uncalled bet ($0.18) returned to aa9191
aa9191 collected $0.18 from pot
aa9191: doesn't show hand 
*** SUMMARY ***
Total pot $0.19 | Rake $0.01 
Board [7h 3c Tc]
Seat 1: Pkis (button) folded before Flop (didn't bet)
Seat 2: superjod218 (small blind) folded before Flop
Seat 3: OuthitPlayer (big blind) folded before Flop
Seat 5: Smitov folded before Flop (didn't bet)
Seat 6: aa9191 collected ($0.18)
Seat 7: Teoriya300 folded on the Flop
Seat 8: Dorex2007 folded before Flop (didn't bet)
Seat 9: Vlatag folded on the Flop



PokerStars Hand #230186874749:  Hold'em No Limit ($0.01/$0.02 USD) - 2021/09/27 16:02:07 PT [2021/09/27 19:02:07 ET]
Table 'Circe II' 9-max Seat #2 is the button
Seat 1: Pkis ($2.56 in chips) 
Seat 2: superjod218 ($2.25 in chips) 
Seat 3: OuthitPlayer ($2.19 in chips) 
Seat 4: zmt48 ($0.80 in chips) 
Seat 5: Smitov ($2.76 in chips) 
Seat 6: aa9191 ($1.71 in chips) 
Seat 7: Teoriya300 ($0.76 in chips) 
Seat 8: Dorex2007 ($2 in chips) 
Seat 9: Vlatag ($2.22 in chips) 
OuthitPlayer: posts small blind $0.01
zmt48: posts big blind $0.02
*** HOLE CARDS ***
Dealt to Dorex2007 [Ad 6d]
Smitov: folds 
aa9191: folds 
Teoriya300: folds 
Dorex2007: calls $0.02
Vlatag: raises $0.04 to $0.06
Pkis: folds 
superjod218: folds 
OuthitPlayer: folds 
zmt48: folds 
Dorex2007: folds 
Uncalled bet ($0.04) returned to Vlatag
Vlatag collected $0.07 from pot
*** SUMMARY ***
Total pot $0.07 | Rake $0 
Seat 1: Pkis folded before Flop (didn't bet)
Seat 2: superjod218 (button) folded before Flop (didn't bet)
Seat 3: OuthitPlayer (small blind) folded before Flop
Seat 4: zmt48 (big blind) folded before Flop
Seat 5: Smitov folded before Flop (didn't bet)
Seat 6: aa9191 folded before Flop (didn't bet)
Seat 7: Teoriya300 folded before Flop (didn't bet)
Seat 8: Dorex2007 folded before Flop
Seat 9: Vlatag collected ($0.07)



PokerStars Hand #230186890880:  Hold'em No Limit ($0.01/$0.02 USD) - 2021/09/27 16:02:41 PT [2021/09/27 19:02:41 ET]
Table 'Circe II' 9-max Seat #3 is the button
Seat 1: Pkis ($2.56 in chips) 
Seat 2: superjod218 ($2.25 in chips) 
Seat 3: OuthitPlayer ($2.18 in chips) 
Seat 4: zmt48 ($0.78 in chips) 
Seat 5: Smitov ($2.76 in chips) 
Seat 6: aa9191 ($1.71 in chips) 
Seat 7: Teoriya300 ($0.76 in chips) 
Seat 8: Dorex2007 ($2 in chips) 
Seat 9: Vlatag ($2.27 in chips) 
zmt48: posts small blind $0.01
Smitov: posts big blind $0.02
*** HOLE CARDS ***
Dealt to Dorex2007 [6s 6d]
aa9191: calls $0.02
Teoriya300: raises $0.08 to $0.10
Dorex2007: folds 
Vlatag: folds 
Pkis: folds 
superjod218: folds 
OuthitPlayer: folds 
zmt48: folds 
Smitov: folds 
aa9191: folds 
Uncalled bet ($0.08) returned to Teoriya300
Teoriya300 collected $0.07 from pot
*** SUMMARY ***
Total pot $0.07 | Rake $0 
Seat 1: Pkis folded before Flop (didn't bet)
Seat 2: superjod218 folded before Flop (didn't bet)
Seat 3: OuthitPlayer (button) folded before Flop (didn't bet)
Seat 4: zmt48 (small blind) folded before Flop
Seat 5: Smitov (big blind) folded before Flop
Seat 6: aa9191 folded before Flop
Seat 7: Teoriya300 collected ($0.07)
Seat 8: Dorex2007 folded before Flop (didn't bet)
Seat 9: Vlatag folded before Flop (didn't bet)



PokerStars Hand #230186909484:  Hold'em No Limit ($0.01/$0.02 USD) - 2021/09/27 16:03:21 PT [2021/09/27 19:03:21 ET]
Table 'Circe II' 9-max Seat #4 is the button
Seat 1: Pkis ($2.56 in chips) 
Seat 2: superjod218 ($2.25 in chips) 
Seat 3: OuthitPlayer ($2.18 in chips) 
Seat 4: zmt48 ($0.77 in chips) 
Seat 5: Smitov ($2.74 in chips) 
Seat 7: Teoriya300 ($0.81 in chips) 
Seat 8: Dorex2007 ($2 in chips) 
Seat 9: Vlatag ($2.27 in chips) 
Smitov: posts small blind $0.01
aa9191 is disconnected 
aa9191 has timed out while disconnected
aa9191: is sitting out 
Teoriya300: posts big blind $0.02
*** HOLE CARDS ***
Dealt to Dorex2007 [2s Jh]
Dorex2007: folds 
Vlatag: calls $0.02
Pkis: folds 
superjod218: folds 
OuthitPlayer: folds 
zmt48: folds 
Smitov: calls $0.01
Teoriya300: checks 
*** FLOP *** [Ad 6s Kc]
Smitov: checks 
Teoriya300: checks 
Vlatag: checks 
*** TURN *** [Ad 6s Kc] [Td]
Smitov: checks 
Teoriya300: bets $0.04
Vlatag: calls $0.04
Smitov: folds 
*** RIVER *** [Ad 6s Kc Td] [4d]
Teoriya300: bets $0.02
Vlatag: folds 
Uncalled bet ($0.02) returned to Teoriya300
Teoriya300 collected $0.14 from pot
*** SUMMARY ***
Total pot $0.14 | Rake $0 
Board [Ad 6s Kc Td 4d]
Seat 1: Pkis folded before Flop (didn't bet)
Seat 2: superjod218 folded before Flop (didn't bet)
Seat 3: OuthitPlayer folded before Flop (didn't bet)
Seat 4: zmt48 (button) folded before Flop (didn't bet)
Seat 5: Smitov (small blind) folded on the Turn
Seat 7: Teoriya300 (big blind) collected ($0.14)
Seat 8: Dorex2007 folded before Flop (didn't bet)
Seat 9: Vlatag folded on the River



PokerStars Hand #230186946563:  Hold'em No Limit ($0.01/$0.02 USD) - 2021/09/27 16:04:39 PT [2021/09/27 19:04:39 ET]
Table 'Circe II' 9-max Seat #5 is the button
Seat 1: Pkis ($2.56 in chips) 
Seat 2: superjod218 ($2.25 in chips) 
Seat 3: OuthitPlayer ($2.18 in chips) 
Seat 4: zmt48 ($0.77 in chips) 
Seat 5: Smitov ($2.72 in chips) 
Seat 7: Teoriya300 ($0.89 in chips) 
Seat 8: Dorex2007 ($2 in chips) 
Seat 9: Vlatag ($2.21 in chips) 
Teoriya300: posts small blind $0.01
Dorex2007: posts big blind $0.02
*** HOLE CARDS ***
Dealt to Dorex2007 [2h 6d]
Vlatag: calls $0.02
Pkis: calls $0.02
superjod218: folds 
OuthitPlayer: raises $0.02 to $0.04
zmt48: folds 
Smitov: calls $0.04
Teoriya300: folds 
Dorex2007: folds 
Vlatag: calls $0.02
Pkis: calls $0.02
*** FLOP *** [Ad Ac 5s]
Vlatag: checks 
Pkis: checks 
OuthitPlayer: bets $0.05
Smitov: folds 
Vlatag: folds 
Pkis: calls $0.05
*** TURN *** [Ad Ac 5s] [7h]
Pkis: checks 
OuthitPlayer: bets $0.23
Pkis: folds 
Uncalled bet ($0.23) returned to OuthitPlayer
OuthitPlayer collected $0.28 from pot
OuthitPlayer: doesn't show hand 
*** SUMMARY ***
Total pot $0.29 | Rake $0.01 
Board [Ad Ac 5s 7h]
Seat 1: Pkis folded on the Turn
Seat 2: superjod218 folded before Flop (didn't bet)
Seat 3: OuthitPlayer collected ($0.28)
Seat 4: zmt48 folded before Flop (didn't bet)
Seat 5: Smitov (button) folded on the Flop
Seat 7: Teoriya300 (small blind) folded before Flop
Seat 8: Dorex2007 (big blind) folded before Flop
Seat 9: Vlatag folded on the Flop



PokerStars Hand #230186976082:  Hold'em No Limit ($0.01/$0.02 USD) - 2021/09/27 16:05:44 PT [2021/09/27 19:05:44 ET]
Table 'Circe II' 9-max Seat #7 is the button
Seat 1: Pkis ($2.47 in chips) 
Seat 2: superjod218 ($2.25 in chips) 
Seat 3: OuthitPlayer ($2.37 in chips) 
Seat 4: zmt48 ($0.77 in chips) 
Seat 5: Smitov ($2.68 in chips) 
Seat 6: aa9191 ($1.69 in chips) 
Seat 7: Teoriya300 ($0.88 in chips) 
Seat 8: Dorex2007 ($2 in chips) 
Seat 9: Vlatag ($2.17 in chips) 
Dorex2007: posts small blind $0.01
Vlatag: posts big blind $0.02
aa9191: posts small & big blinds $0.03
*** HOLE CARDS ***
Dealt to Dorex2007 [4d 6h]
Pkis: calls $0.02
superjod218: folds 
OuthitPlayer: calls $0.02
zmt48: calls $0.02
Smitov: folds 
aa9191: checks 
Teoriya300: folds 
Dorex2007: folds 
Vlatag: checks 
*** FLOP *** [Qh 4s 3d]
Vlatag: bets $0.02
Pkis: calls $0.02
OuthitPlayer: raises $0.09 to $0.11
zmt48: folds 
aa9191: folds 
Vlatag: folds 
Pkis: calls $0.09
*** TURN *** [Qh 4s 3d] [4c]
Pkis: checks 
OuthitPlayer: bets $0.23
Pkis: raises $0.27 to $0.50
OuthitPlayer: folds 
Uncalled bet ($0.27) returned to Pkis
Pkis collected $0.79 from pot
Pkis: doesn't show hand 
*** SUMMARY ***
Total pot $0.82 | Rake $0.03 
Board [Qh 4s 3d 4c]
Seat 1: Pkis collected ($0.79)
Seat 2: superjod218 folded before Flop (didn't bet)
Seat 3: OuthitPlayer folded on the Turn
Seat 4: zmt48 folded on the Flop
Seat 5: Smitov folded before Flop (didn't bet)
Seat 6: aa9191 folded on the Flop (didn't bet)
Seat 7: Teoriya300 (button) folded before Flop (didn't bet)
Seat 8: Dorex2007 (small blind) folded before Flop
Seat 9: Vlatag (big blind) folded on the Flop



PokerStars Hand #230187014983:  Hold'em No Limit ($0.01/$0.02 USD) - 2021/09/27 16:06:52 PT [2021/09/27 19:06:52 ET]
Table 'Circe II' 9-max Seat #8 is the button
Seat 1: Pkis ($2.90 in chips) 
Seat 2: superjod218 ($2.25 in chips) 
Seat 3: OuthitPlayer ($2.01 in chips) 
Seat 4: zmt48 ($0.75 in chips) 
Seat 5: Smitov ($2.68 in chips) 
Seat 6: aa9191 ($1.66 in chips) 
Seat 7: Teoriya300 ($0.88 in chips) 
Seat 8: Dorex2007 ($2 in chips) 
Seat 9: Vlatag ($2.13 in chips) 
Vlatag: posts small blind $0.01
Pkis: posts big blind $0.02
*** HOLE CARDS ***
Dealt to Dorex2007 [5d 3d]
superjod218: folds 
OuthitPlayer: folds 
zmt48: folds 
Smitov: folds 
aa9191: folds 
Teoriya300: calls $0.02
Dorex2007: folds 
Vlatag: calls $0.01
Pkis: checks 
*** FLOP *** [4c 4h 6s]
Vlatag: bets $0.02
Pkis: calls $0.02
Teoriya300: folds 
*** TURN *** [4c 4h 6s] [5h]
Vlatag: bets $0.08
Pkis: folds 
Uncalled bet ($0.08) returned to Vlatag
Vlatag collected $0.10 from pot
*** SUMMARY ***
Total pot $0.10 | Rake $0 
Board [4c 4h 6s 5h]
Seat 1: Pkis (big blind) folded on the Turn
Seat 2: superjod218 folded before Flop (didn't bet)
Seat 3: OuthitPlayer folded before Flop (didn't bet)
Seat 4: zmt48 folded before Flop (didn't bet)
Seat 5: Smitov folded before Flop (didn't bet)
Seat 6: aa9191 folded before Flop (didn't bet)
Seat 7: Teoriya300 folded on the Flop
Seat 8: Dorex2007 (button) folded before Flop (didn't bet)
Seat 9: Vlatag (small blind) collected ($0.10)



PokerStars Hand #230187042734:  Hold'em No Limit ($0.01/$0.02 USD) - 2021/09/27 16:07:49 PT [2021/09/27 19:07:49 ET]
Table 'Circe II' 9-max Seat #9 is the button
Seat 1: Pkis ($2.86 in chips) 
Seat 2: superjod218 ($2.25 in chips) 
Seat 3: OuthitPlayer ($2.01 in chips) 
Seat 4: zmt48 ($0.75 in chips) 
Seat 5: Smitov ($2.68 in chips) 
Seat 6: aa9191 ($1.66 in chips) 
Seat 7: Teoriya300 ($0.86 in chips) 
Seat 8: Dorex2007 ($2 in chips) 
Seat 9: Vlatag ($2.19 in chips) 
Pkis: posts small blind $0.01
superjod218: posts big blind $0.02
*** HOLE CARDS ***
Dealt to Dorex2007 [Td 9d]
OuthitPlayer: folds 
zmt48: folds 
Smitov: folds 
aa9191: folds 
Teoriya300: folds 
Dorex2007: raises $0.04 to $0.06
Vlatag: folds 
Pkis: folds 
superjod218: folds 
Uncalled bet ($0.04) returned to Dorex2007
Dorex2007 collected $0.05 from pot
Dorex2007: doesn't show hand 
*** SUMMARY ***
Total pot $0.05 | Rake $0 
Seat 1: Pkis (small blind) folded before Flop
Seat 2: superjod218 (big blind) folded before Flop
Seat 3: OuthitPlayer folded before Flop (didn't bet)
Seat 4: zmt48 folded before Flop (didn't bet)
Seat 5: Smitov folded before Flop (didn't bet)
Seat 6: aa9191 folded before Flop (didn't bet)
Seat 7: Teoriya300 folded before Flop (didn't bet)
Seat 8: Dorex2007 collected ($0.05)
Seat 9: Vlatag (button) folded before Flop (didn't bet)



PokerStars Hand #230187054264:  Hold'em No Limit ($0.01/$0.02 USD) - 2021/09/27 16:08:17 PT [2021/09/27 19:08:17 ET]
Table 'Circe II' 9-max Seat #1 is the button
Seat 1: Pkis ($2.85 in chips) 
Seat 2: superjod218 ($2.23 in chips) 
Seat 3: OuthitPlayer ($2.01 in chips) 
Seat 4: zmt48 ($0.75 in chips) 
Seat 5: Smitov ($2.68 in chips) 
Seat 6: aa9191 ($1.66 in chips) 
Seat 7: Teoriya300 ($0.86 in chips) 
Seat 8: Dorex2007 ($2.03 in chips) 
Seat 9: Vlatag ($2.19 in chips) 
superjod218: posts small blind $0.01
OuthitPlayer: posts big blind $0.02
*** HOLE CARDS ***
Dealt to Dorex2007 [4h 7d]
zmt48: folds 
Smitov: folds 
aa9191: calls $0.02
Teoriya300: calls $0.02
Dorex2007: folds 
Vlatag: calls $0.02
Pkis: calls $0.02
superjod218: calls $0.01
OuthitPlayer: checks 
*** FLOP *** [5d 5h Ah]
superjod218: bets $0.09
OuthitPlayer: folds 
aa9191: calls $0.09
Teoriya300: calls $0.09
Vlatag: folds 
Pkis: folds 
*** TURN *** [5d 5h Ah] [9d]
superjod218: bets $0.31
aa9191: calls $0.31
Teoriya300: folds 
*** RIVER *** [5d 5h Ah 9d] [3s]
superjod218: bets $0.73
aa9191: calls $0.73
*** SHOW DOWN ***
superjod218: shows [6s 5s] (three of a kind, Fives)
aa9191: mucks hand 
superjod218 collected $2.38 from pot
*** SUMMARY ***
Total pot $2.47 | Rake $0.09 
Board [5d 5h Ah 9d 3s]
Seat 1: Pkis (button) folded on the Flop
Seat 2: superjod218 (small blind) showed [6s 5s] and won ($2.38) with three of a kind, Fives
Seat 3: OuthitPlayer (big blind) folded on the Flop
Seat 4: zmt48 folded before Flop (didn't bet)
Seat 5: Smitov folded before Flop (didn't bet)
Seat 6: aa9191 mucked [Ks Kc]
Seat 7: Teoriya300 folded on the Turn
Seat 8: Dorex2007 folded before Flop (didn't bet)
Seat 9: Vlatag folded on the Flop



PokerStars Hand #230187086651:  Hold'em No Limit ($0.01/$0.02 USD) - 2021/09/27 16:09:34 PT [2021/09/27 19:09:34 ET]
Table 'Circe II' 9-max Seat #2 is the button
Seat 1: Pkis ($2.83 in chips) 
Seat 2: superjod218 ($3.46 in chips) 
Seat 3: OuthitPlayer ($2 in chips) 
Seat 4: zmt48 ($0.75 in chips) 
Seat 5: Smitov ($2.68 in chips) 
Seat 6: aa9191 ($0.51 in chips) 
Seat 7: Teoriya300 ($0.75 in chips) 
Seat 8: Dorex2007 ($2.03 in chips) 
Seat 9: Vlatag ($2.17 in chips) 
OuthitPlayer: posts small blind $0.01
zmt48: posts big blind $0.02
*** HOLE CARDS ***
Dealt to Dorex2007 [Kd 2c]
Smitov has timed out
Smitov: folds 
aa9191: calls $0.02
Teoriya300: folds 
Dorex2007: folds 
Vlatag: calls $0.02
Pkis: calls $0.02
superjod218: folds 
OuthitPlayer: calls $0.01
zmt48: checks 
*** FLOP *** [Tc Jc 3d]
OuthitPlayer: checks 
zmt48: checks 
aa9191: checks 
Vlatag: checks 
Pkis: checks 
*** TURN *** [Tc Jc 3d] [Qh]
OuthitPlayer: checks 
zmt48: checks 
aa9191: checks 
Vlatag: checks 
Pkis: checks 
*** RIVER *** [Tc Jc 3d Qh] [Td]
OuthitPlayer: checks 
zmt48: checks 
aa9191: checks 
Vlatag: checks 
Pkis: checks 
*** SHOW DOWN ***
OuthitPlayer: shows [2s 4s] (a pair of Tens)
zmt48: shows [2h 5d] (a pair of Tens - Queen+Jack+Five kicker)
aa9191: shows [5c Kh] (a pair of Tens - King kicker)
Vlatag: shows [Ad 6s] (a pair of Tens - Ace kicker)
Pkis: mucks hand 
Vlatag collected $0.10 from pot
*** SUMMARY ***
Total pot $0.10 | Rake $0 
Board [Tc Jc 3d Qh Td]
Seat 1: Pkis mucked [6h 7s]
Seat 2: superjod218 (button) folded before Flop (didn't bet)
Seat 3: OuthitPlayer (small blind) showed [2s 4s] and lost with a pair of Tens
Seat 4: zmt48 (big blind) showed [2h 5d] and lost with a pair of Tens
Seat 5: Smitov folded before Flop (didn't bet)
Seat 6: aa9191 showed [5c Kh] and lost with a pair of Tens
Seat 7: Teoriya300 folded before Flop (didn't bet)
Seat 8: Dorex2007 folded before Flop (didn't bet)
Seat 9: Vlatag showed [Ad 6s] and won ($0.10) with a pair of Tens



PokerStars Hand #230187118649:  Hold'em No Limit ($0.01/$0.02 USD) - 2021/09/27 16:10:35 PT [2021/09/27 19:10:35 ET]
Table 'Circe II' 9-max Seat #3 is the button
Seat 1: Pkis ($2.81 in chips) 
Seat 2: superjod218 ($3.46 in chips) 
Seat 3: OuthitPlayer ($2 in chips) 
Seat 4: zmt48 ($0.73 in chips) 
Seat 5: Smitov ($2.68 in chips) 
Seat 6: aa9191 ($0.49 in chips) 
Seat 7: Teoriya300 ($0.75 in chips) 
Seat 8: Dorex2007 ($2.03 in chips) 
Seat 9: Vlatag ($2.25 in chips) 
zmt48: posts small blind $0.01
Smitov: posts big blind $0.02
*** HOLE CARDS ***
Dealt to Dorex2007 [6h 7c]
aa9191: calls $0.02
Teoriya300: calls $0.02
Dorex2007: folds 
Vlatag: raises $0.02 to $0.04
Pkis: calls $0.04
superjod218: folds 
OuthitPlayer: folds 
zmt48: folds 
Smitov: calls $0.02
aa9191: calls $0.02
Teoriya300: calls $0.02
*** FLOP *** [2h Kc Th]
Smitov: checks 
aa9191: checks 
Teoriya300: checks 
Vlatag: bets $0.15
Pkis: calls $0.15
Smitov: folds 
aa9191: folds 
Teoriya300: folds 
*** TURN *** [2h Kc Th] [9s]
Vlatag: bets $0.25
Pkis: folds 
Uncalled bet ($0.25) returned to Vlatag
Vlatag collected $0.49 from pot
*** SUMMARY ***
Total pot $0.51 | Rake $0.02 
Board [2h Kc Th 9s]
Seat 1: Pkis folded on the Turn
Seat 2: superjod218 folded before Flop (didn't bet)
Seat 3: OuthitPlayer (button) folded before Flop (didn't bet)
Seat 4: zmt48 (small blind) folded before Flop
Seat 5: Smitov (big blind) folded on the Flop
Seat 6: aa9191 folded on the Flop
Seat 7: Teoriya300 folded on the Flop
Seat 8: Dorex2007 folded before Flop (didn't bet)
Seat 9: Vlatag collected ($0.49)



PokerStars Hand #230187150872:  Hold'em No Limit ($0.01/$0.02 USD) - 2021/09/27 16:11:54 PT [2021/09/27 19:11:54 ET]
Table 'Circe II' 9-max Seat #4 is the button
Seat 2: superjod218 ($3.46 in chips) 
Seat 3: OuthitPlayer ($2 in chips) 
Seat 4: zmt48 ($0.72 in chips) 
Seat 5: Smitov ($2.64 in chips) 
Seat 6: aa9191 ($0.45 in chips) 
Seat 7: Teoriya300 ($0.71 in chips) 
Seat 8: Dorex2007 ($2.03 in chips) 
Seat 9: Vlatag ($2.55 in chips) 
Smitov: posts small blind $0.01
aa9191: posts big blind $0.02
*** HOLE CARDS ***
Dealt to Dorex2007 [5s 3d]
Teoriya300: folds 
Dorex2007: folds 
Pkis leaves the table
Vlatag: raises $0.06 to $0.08
superjod218: folds 
OuthitPlayer: folds 
zmt48: folds 
Smitov: folds 
aa9191: calls $0.06
*** FLOP *** [Ad 6d 3s]
aa9191: checks 
Vlatag: checks 
*** TURN *** [Ad 6d 3s] [2d]
aa9191: checks 
Vlatag: checks 
*** RIVER *** [Ad 6d 3s 2d] [7c]
shony1980 joins the table at seat #1 
aa9191: bets $0.37 and is all-in
Vlatag: calls $0.37
*** SHOW DOWN ***
aa9191: shows [Jh Qs] (high card Ace)
Vlatag: shows [Kh Kc] (a pair of Kings)
Vlatag collected $0.88 from pot
*** SUMMARY ***
Total pot $0.91 | Rake $0.03 
Board [Ad 6d 3s 2d 7c]
Seat 2: superjod218 folded before Flop (didn't bet)
Seat 3: OuthitPlayer folded before Flop (didn't bet)
Seat 4: zmt48 (button) folded before Flop (didn't bet)
Seat 5: Smitov (small blind) folded before Flop
Seat 6: aa9191 (big blind) showed [Jh Qs] and lost with high card Ace
Seat 7: Teoriya300 folded before Flop (didn't bet)
Seat 8: Dorex2007 folded before Flop (didn't bet)
Seat 9: Vlatag showed [Kh Kc] and won ($0.88) with a pair of Kings



PokerStars Hand #230187180358:  Hold'em No Limit ($0.01/$0.02 USD) - 2021/09/27 16:13:07 PT [2021/09/27 19:13:07 ET]
Table 'Circe II' 9-max Seat #5 is the button
Seat 2: superjod218 ($3.46 in chips) 
Seat 3: OuthitPlayer ($2 in chips) 
Seat 4: zmt48 ($0.72 in chips) 
Seat 5: Smitov ($2.63 in chips) 
Seat 7: Teoriya300 ($0.71 in chips) 
Seat 8: Dorex2007 ($2.03 in chips) 
Seat 9: Vlatag ($2.98 in chips) 
Teoriya300: posts small blind $0.01
Dorex2007: posts big blind $0.02
shony1980: sits out 
*** HOLE CARDS ***
Dealt to Dorex2007 [6s As]
Vlatag: raises $0.02 to $0.04
aa9191 leaves the table
superjod218: folds 
OuthitPlayer: folds 
zmt48: folds 
Smitov: folds 
Teoriya300: calls $0.03
Dorex2007: calls $0.02
*** FLOP *** [5h 4h Ad]
Teoriya300: checks 
Dorex2007: bets $0.12
Vlatag: folds 
Teoriya300: folds 
Uncalled bet ($0.12) returned to Dorex2007
Dorex2007 collected $0.12 from pot
Dorex2007: doesn't show hand 
*** SUMMARY ***
Total pot $0.12 | Rake $0 
Board [5h 4h Ad]
Seat 2: superjod218 folded before Flop (didn't bet)
Seat 3: OuthitPlayer folded before Flop (didn't bet)
Seat 4: zmt48 folded before Flop (didn't bet)
Seat 5: Smitov (button) folded before Flop (didn't bet)
Seat 7: Teoriya300 (small blind) folded on the Flop
Seat 8: Dorex2007 (big blind) collected ($0.12)
Seat 9: Vlatag folded on the Flop



PokerStars Hand #230187192754:  Hold'em No Limit ($0.01/$0.02 USD) - 2021/09/27 16:13:37 PT [2021/09/27 19:13:37 ET]
Table 'Circe II' 9-max Seat #7 is the button
Seat 1: shony1980 ($2 in chips) 
Seat 2: superjod218 ($3.46 in chips) 
Seat 3: OuthitPlayer ($2 in chips) 
Seat 4: zmt48 ($0.72 in chips) 
Seat 5: Smitov ($2.63 in chips) 
Seat 7: Teoriya300 ($0.67 in chips) 
Seat 8: Dorex2007 ($2.11 in chips) 
Seat 9: Vlatag ($2.94 in chips) 
Dorex2007: posts small blind $0.01
Vlatag: posts big blind $0.02
shony1980: posts big blind $0.02
*** HOLE CARDS ***
Dealt to Dorex2007 [Kd 3s]
shony1980: checks 
KoledubS86 joins the table at seat #6 
superjod218: raises $0.06 to $0.08
OuthitPlayer: folds 
zmt48: folds 
Smitov: folds 
Teoriya300: raises $0.59 to $0.67 and is all-in
Dorex2007: folds 
Vlatag: folds 
shony1980: calls $0.65
superjod218: folds 
*** FLOP *** [7d 5s 5h]
*** TURN *** [7d 5s 5h] [8c]
*** RIVER *** [7d 5s 5h 8c] [6h]
*** SHOW DOWN ***
shony1980: shows [2d 2c] (two pair, Fives and Deuces)
Teoriya300: shows [Ad Kh] (a pair of Fives)
shony1980 collected $1.40 from pot
*** SUMMARY ***
Total pot $1.45 | Rake $0.05 
Board [7d 5s 5h 8c 6h]
Seat 1: shony1980 showed [2d 2c] and won ($1.40) with two pair, Fives and Deuces
Seat 2: superjod218 folded before Flop
Seat 3: OuthitPlayer folded before Flop (didn't bet)
Seat 4: zmt48 folded before Flop (didn't bet)
Seat 5: Smitov folded before Flop (didn't bet)
Seat 7: Teoriya300 (button) showed [Ad Kh] and lost with a pair of Fives
Seat 8: Dorex2007 (small blind) folded before Flop
Seat 9: Vlatag (big blind) folded before Flop



PokerStars Hand #230187211443:  Hold'em No Limit ($0.01/$0.02 USD) - 2021/09/27 16:14:23 PT [2021/09/27 19:14:23 ET]
Table 'Circe II' 9-max Seat #8 is the button
Seat 1: shony1980 ($2.73 in chips) 
Seat 2: superjod218 ($3.38 in chips) 
Seat 3: OuthitPlayer ($2 in chips) 
Seat 4: zmt48 ($0.72 in chips) 
Seat 5: Smitov ($2.63 in chips) 
Seat 8: Dorex2007 ($2.10 in chips) 
Seat 9: Vlatag ($2.92 in chips) 
Vlatag: posts small blind $0.01
shony1980: posts big blind $0.02
KoledubS86: sits out 
*** HOLE CARDS ***
Dealt to Dorex2007 [Kh Jh]
superjod218: folds 
OuthitPlayer: folds 
Teoriya300 leaves the table
zmt48: calls $0.02
Smitov: folds 
Dorex2007: raises $0.04 to $0.06
Vlatag: folds 
shony1980: folds 
zmt48: calls $0.04
*** FLOP *** [9d Ah 9c]
zmt48: checks 
Dorex2007: bets $0.14
zmt48: folds 
Uncalled bet ($0.14) returned to Dorex2007
Dorex2007 collected $0.14 from pot
Dorex2007: doesn't show hand 
*** SUMMARY ***
Total pot $0.15 | Rake $0.01 
Board [9d Ah 9c]
Seat 1: shony1980 (big blind) folded before Flop
Seat 2: superjod218 folded before Flop (didn't bet)
Seat 3: OuthitPlayer folded before Flop (didn't bet)
Seat 4: zmt48 folded on the Flop
Seat 5: Smitov folded before Flop (didn't bet)
Seat 8: Dorex2007 (button) collected ($0.14)
Seat 9: Vlatag (small blind) folded before Flop



PokerStars Hand #230187231459:  Hold'em No Limit ($0.01/$0.02 USD) - 2021/09/27 16:14:53 PT [2021/09/27 19:14:53 ET]
Table 'Circe II' 9-max Seat #9 is the button
Seat 1: shony1980 ($2.71 in chips) 
Seat 2: superjod218 ($3.38 in chips) 
Seat 3: OuthitPlayer ($2 in chips) 
Seat 4: zmt48 ($0.66 in chips) 
Seat 5: Smitov ($2.63 in chips) 
Seat 8: Dorex2007 ($2.18 in chips) 
Seat 9: Vlatag ($2.91 in chips) 
shony1980: posts small blind $0.01
superjod218: posts big blind $0.02
KoledubS86: sits out 
*** HOLE CARDS ***
Dealt to Dorex2007 [7c 4d]
OuthitPlayer: folds 
zmt48: calls $0.02
Smitov: raises $0.06 to $0.08
Dorex2007: folds 
Vlatag: folds 
shony1980: calls $0.07
superjod218: folds 
zmt48: calls $0.06
*** FLOP *** [Ts Td 9h]
shony1980: checks 
zmt48: checks 
OuthitPlayer leaves the table
Smitov: bets $0.12
shony1980: calls $0.12
zmt48: folds 
*** TURN *** [Ts Td 9h] [Ac]
shony1980: bets $0.12
Smitov: calls $0.12
*** RIVER *** [Ts Td 9h Ac] [Qc]
shony1980: bets $0.08
Smitov: raises $0.18 to $0.26
shony1980: calls $0.18
*** SHOW DOWN ***
Smitov: shows [Kh Ad] (two pair, Aces and Tens)
shony1980: mucks hand 
Smitov collected $1.22 from pot
*** SUMMARY ***
Total pot $1.26 | Rake $0.04 
Board [Ts Td 9h Ac Qc]
Seat 1: shony1980 (small blind) mucked [9d Js]
Seat 2: superjod218 (big blind) folded before Flop
Seat 3: OuthitPlayer folded before Flop (didn't bet)
Seat 4: zmt48 folded on the Flop
Seat 5: Smitov showed [Kh Ad] and won ($1.22) with two pair, Aces and Tens
Seat 8: Dorex2007 folded before Flop (didn't bet)
Seat 9: Vlatag (button) folded before Flop (didn't bet)



PokerStars Hand #230187264440:  Hold'em No Limit ($0.01/$0.02 USD) - 2021/09/27 16:16:15 PT [2021/09/27 19:16:15 ET]
Table 'Circe II' 9-max Seat #1 is the button
Seat 1: shony1980 ($2.13 in chips) 
Seat 2: superjod218 ($3.36 in chips) 
Seat 4: zmt48 ($0.58 in chips) 
Seat 5: Smitov ($3.27 in chips) 
Seat 8: Dorex2007 ($2.18 in chips) 
Seat 9: Vlatag ($2.91 in chips) 
superjod218: posts small blind $0.01
zmt48: posts big blind $0.02
KoledubS86: sits out 
*** HOLE CARDS ***
Dealt to Dorex2007 [Td Qc]
Smitov: folds 
Dorex2007: folds 
Vlatag: calls $0.02
shony1980: calls $0.02
superjod218: folds 
zmt48: checks 
*** FLOP *** [3s 8d Kd]
zmt48: bets $0.04
btcDave20k joins the table at seat #3 
Vlatag: calls $0.04
shony1980: folds 
*** TURN *** [3s 8d Kd] [6d]
zmt48: checks 
gabrielmalet joins the table at seat #7 
Vlatag: bets $0.11
zmt48: calls $0.11
*** RIVER *** [3s 8d Kd 6d] [Ts]
zmt48: checks 
Vlatag: bets $0.27
zmt48: folds 
Uncalled bet ($0.27) returned to Vlatag
Vlatag collected $0.36 from pot
*** SUMMARY ***
Total pot $0.37 | Rake $0.01 
Board [3s 8d Kd 6d Ts]
Seat 1: shony1980 (button) folded on the Flop
Seat 2: superjod218 (small blind) folded before Flop
Seat 4: zmt48 (big blind) folded on the River
Seat 5: Smitov folded before Flop (didn't bet)
Seat 8: Dorex2007 folded before Flop (didn't bet)
Seat 9: Vlatag collected ($0.36)



PokerStars Hand #230187284050:  Hold'em No Limit ($0.01/$0.02 USD) - 2021/09/27 16:17:04 PT [2021/09/27 19:17:04 ET]
Table 'Circe II' 9-max Seat #2 is the button
Seat 1: shony1980 ($2.11 in chips) 
Seat 2: superjod218 ($3.35 in chips) 
Seat 4: zmt48 ($0.41 in chips) 
Seat 5: Smitov ($3.27 in chips) 
Seat 8: Dorex2007 ($2.18 in chips) 
Seat 9: Vlatag ($3.10 in chips) 
zmt48: posts small blind $0.01
Smitov: posts big blind $0.02
KoledubS86: sits out 
gabrielmalet: sits out 
*** HOLE CARDS ***
Dealt to Dorex2007 [9s 4h]
Dorex2007: folds 
Vlatag: folds 
shony1980: calls $0.02
superjod218: folds 
zmt48: raises $0.06 to $0.08
Smitov: folds 
shony1980: calls $0.06
*** FLOP *** [Ks 8s 3c]
zmt48: bets $0.09
shony1980: calls $0.09
*** TURN *** [Ks 8s 3c] [Td]
zmt48: checks 
shony1980: checks 
*** RIVER *** [Ks 8s 3c Td] [5s]
zmt48: checks 
shony1980: bets $0.02
zmt48: calls $0.02
*** SHOW DOWN ***
shony1980: shows [6c 2c] (high card King)
zmt48: shows [Qc Qs] (a pair of Queens)
zmt48 collected $0.39 from pot
*** SUMMARY ***
Total pot $0.40 | Rake $0.01 
Board [Ks 8s 3c Td 5s]
Seat 1: shony1980 showed [6c 2c] and lost with high card King
Seat 2: superjod218 (button) folded before Flop (didn't bet)
Seat 4: zmt48 (small blind) showed [Qc Qs] and won ($0.39) with a pair of Queens
Seat 5: Smitov (big blind) folded before Flop
Seat 8: Dorex2007 folded before Flop (didn't bet)
Seat 9: Vlatag folded before Flop (didn't bet)



PokerStars Hand #230187298116:  Hold'em No Limit ($0.01/$0.02 USD) - 2021/09/27 16:17:39 PT [2021/09/27 19:17:39 ET]
Table 'Circe II' 9-max Seat #4 is the button
Seat 1: shony1980 ($1.92 in chips) 
Seat 2: superjod218 ($3.35 in chips) 
Seat 3: btcDave20k ($2 in chips) 
Seat 4: zmt48 ($0.61 in chips) 
Seat 5: Smitov ($3.25 in chips) 
Seat 6: KoledubS86 ($2 in chips) 
Seat 8: Dorex2007 ($2.18 in chips) 
Seat 9: Vlatag ($3.10 in chips) 
Smitov: posts small blind $0.01
KoledubS86: posts big blind $0.02
gabrielmalet: sits out 
btcDave20k: posts big blind $0.02
*** HOLE CARDS ***
Dealt to Dorex2007 [8h 7s]
Dorex2007: folds 
Vlatag: calls $0.02
shony1980: calls $0.02
superjod218: folds 
btcDave20k: checks 
zmt48: calls $0.02
Smitov: calls $0.01
KoledubS86: checks 
*** FLOP *** [7h 4h 4d]
Smitov: checks 
KoledubS86: checks 
Vlatag: checks 
shony1980: checks 
btcDave20k: checks 
zmt48: checks 
*** TURN *** [7h 4h 4d] [4c]
Smitov: checks 
KoledubS86: checks 
Vlatag: checks 
shony1980: checks 
btcDave20k: checks 
zmt48: checks 
*** RIVER *** [7h 4h 4d 4c] [As]
Smitov: checks 
KoledubS86: checks 
Vlatag: checks 
shony1980: checks 
btcDave20k: checks 
zmt48: bets $0.12
Smitov: folds 
KoledubS86: calls $0.12
Vlatag: folds 
shony1980: calls $0.12
btcDave20k: folds 
*** SHOW DOWN ***
zmt48: shows [Ah 6d] (a full house, Fours full of Aces)
KoledubS86: mucks hand 
shony1980: mucks hand 
zmt48 collected $0.46 from pot
*** SUMMARY ***
Total pot $0.48 | Rake $0.02 
Board [7h 4h 4d 4c As]
Seat 1: shony1980 mucked [Qs 7d]
Seat 2: superjod218 folded before Flop (didn't bet)
Seat 3: btcDave20k folded on the River (didn't bet)
Seat 4: zmt48 (button) showed [Ah 6d] and won ($0.46) with a full house, Fours full of Aces
Seat 5: Smitov (small blind) folded on the River
Seat 6: KoledubS86 (big blind) mucked [7c 2d]
Seat 8: Dorex2007 folded before Flop (didn't bet)
Seat 9: Vlatag folded on the River



PokerStars Hand #230187342145:  Hold'em No Limit ($0.01/$0.02 USD) - 2021/09/27 16:19:31 PT [2021/09/27 19:19:31 ET]
Table 'Circe II' 9-max Seat #5 is the button
Seat 1: shony1980 ($1.78 in chips) 
Seat 2: superjod218 ($3.35 in chips) 
Seat 3: btcDave20k ($1.98 in chips) 
Seat 4: zmt48 ($0.93 in chips) 
Seat 5: Smitov ($3.23 in chips) 
Seat 6: KoledubS86 ($1.86 in chips) 
Seat 7: gabrielmalet ($2 in chips) 
Seat 8: Dorex2007 ($2.18 in chips) 
Seat 9: Vlatag ($3.08 in chips) 
KoledubS86: posts small blind $0.01
gabrielmalet: posts big blind $0.02
*** HOLE CARDS ***
Dealt to Dorex2007 [Ac 9c]
Dorex2007: folds 
Vlatag: raises $0.02 to $0.04
shony1980: calls $0.04
superjod218: folds 
btcDave20k: folds 
zmt48: folds 
Smitov: folds 
KoledubS86: folds 
gabrielmalet: raises $0.08 to $0.12
Vlatag: calls $0.08
shony1980: calls $0.08
*** FLOP *** [7s Kc 3c]
gabrielmalet: checks 
Vlatag: checks 
shony1980: checks 
*** TURN *** [7s Kc 3c] [Td]
gabrielmalet: bets $0.16
Vlatag: folds 
shony1980: folds 
Uncalled bet ($0.16) returned to gabrielmalet
gabrielmalet collected $0.36 from pot
gabrielmalet: doesn't show hand 
*** SUMMARY ***
Total pot $0.37 | Rake $0.01 
Board [7s Kc 3c Td]
Seat 1: shony1980 folded on the Turn
Seat 2: superjod218 folded before Flop (didn't bet)
Seat 3: btcDave20k folded before Flop (didn't bet)
Seat 4: zmt48 folded before Flop (didn't bet)
Seat 5: Smitov (button) folded before Flop (didn't bet)
Seat 6: KoledubS86 (small blind) folded before Flop
Seat 7: gabrielmalet (big blind) collected ($0.36)
Seat 8: Dorex2007 folded before Flop (didn't bet)
Seat 9: Vlatag folded on the Turn



PokerStars Hand #230187367186:  Hold'em No Limit ($0.01/$0.02 USD) - 2021/09/27 16:20:35 PT [2021/09/27 19:20:35 ET]
Table 'Circe II' 9-max Seat #6 is the button
Seat 1: shony1980 ($1.66 in chips) 
Seat 2: superjod218 ($3.35 in chips) 
Seat 3: btcDave20k ($1.98 in chips) 
Seat 4: zmt48 ($0.93 in chips) 
Seat 5: Smitov ($3.23 in chips) 
Seat 6: KoledubS86 ($1.85 in chips) 
Seat 7: gabrielmalet ($2.24 in chips) 
Seat 8: Dorex2007 ($2.18 in chips) 
Seat 9: Vlatag ($2.96 in chips) 
gabrielmalet: posts small blind $0.01
Dorex2007: posts big blind $0.02
*** HOLE CARDS ***
Dealt to Dorex2007 [Qs 6s]
Vlatag: folds 
shony1980: folds 
shony1980 leaves the table
superjod218: folds 
btcDave20k: folds 
zmt48: folds 
Smitov: folds 
KoledubS86: raises $0.02 to $0.04
gabrielmalet: folds 
Dorex2007: calls $0.02
*** FLOP *** [7c Ac 7h]
Dorex2007: checks 
KoledubS86: checks 
*** TURN *** [7c Ac 7h] [2c]
Dorex2007: checks 
KoledubS86: checks 
*** RIVER *** [7c Ac 7h 2c] [Ks]
Dorex2007: checks 
Zauberer_1 joins the table at seat #1 
KoledubS86: bets $0.03
Dorex2007: folds 
Uncalled bet ($0.03) returned to KoledubS86
KoledubS86 collected $0.09 from pot
*** SUMMARY ***
Total pot $0.09 | Rake $0 
Board [7c Ac 7h 2c Ks]
Seat 1: shony1980 folded before Flop (didn't bet)
Seat 2: superjod218 folded before Flop (didn't bet)
Seat 3: btcDave20k folded before Flop (didn't bet)
Seat 4: zmt48 folded before Flop (didn't bet)
Seat 5: Smitov folded before Flop (didn't bet)
Seat 6: KoledubS86 (button) collected ($0.09)
Seat 7: gabrielmalet (small blind) folded before Flop
Seat 8: Dorex2007 (big blind) folded on the River
Seat 9: Vlatag folded before Flop (didn't bet)



PokerStars Hand #230187382153:  Hold'em No Limit ($0.01/$0.02 USD) - 2021/09/27 16:21:14 PT [2021/09/27 19:21:14 ET]
Table 'Circe II' 9-max Seat #7 is the button
Seat 2: superjod218 ($3.35 in chips) 
Seat 3: btcDave20k ($1.98 in chips) 
Seat 4: zmt48 ($0.93 in chips) 
Seat 5: Smitov ($3.23 in chips) 
Seat 6: KoledubS86 ($1.90 in chips) 
Seat 7: gabrielmalet ($2.23 in chips) 
Seat 8: Dorex2007 ($2.14 in chips) 
Seat 9: Vlatag ($2.96 in chips) 
Dorex2007: posts small blind $0.01
Vlatag: posts big blind $0.02
Zauberer_1: sits out 
*** HOLE CARDS ***
Dealt to Dorex2007 [5s 3h]
superjod218: folds 
Zauberer_1 leaves the table
btcDave20k has timed out
btcDave20k: folds 
zmt48: folds 
Smitov: folds 
KoledubS86: raises $0.03 to $0.05
gabrielmalet: folds 
Dorex2007: folds 
Vlatag: calls $0.03
*** FLOP *** [Qc 6s 7s]
Vlatag: checks 
KoledubS86: bets $0.08
Vlatag: folds 
Uncalled bet ($0.08) returned to KoledubS86
KoledubS86 collected $0.11 from pot
*** SUMMARY ***
Total pot $0.11 | Rake $0 
Board [Qc 6s 7s]
Seat 2: superjod218 folded before Flop (didn't bet)
Seat 3: btcDave20k folded before Flop (didn't bet)
Seat 4: zmt48 folded before Flop (didn't bet)
Seat 5: Smitov folded before Flop (didn't bet)
Seat 6: KoledubS86 collected ($0.11)
Seat 7: gabrielmalet (button) folded before Flop (didn't bet)
Seat 8: Dorex2007 (small blind) folded before Flop
Seat 9: Vlatag (big blind) folded on the Flop



PokerStars Hand #230187397382:  Hold'em No Limit ($0.01/$0.02 USD) - 2021/09/27 16:21:53 PT [2021/09/27 19:21:53 ET]
Table 'Circe II' 9-max Seat #8 is the button
Seat 3: btcDave20k ($1.98 in chips) 
Seat 4: zmt48 ($0.93 in chips) 
Seat 5: Smitov ($3.23 in chips) 
Seat 6: KoledubS86 ($1.96 in chips) 
Seat 7: gabrielmalet ($2.23 in chips) 
Seat 8: Dorex2007 ($2.13 in chips) 
Seat 9: Vlatag ($2.91 in chips) 
Vlatag: posts small blind $0.01
superjod218: is sitting out 
btcDave20k: posts big blind $0.02
*** HOLE CARDS ***
Dealt to Dorex2007 [Th Ad]
superjod218 leaves the table
zmt48: folds 
Smitov: raises $0.04 to $0.06
KoledubS86: calls $0.06
gabrielmalet: folds 
Dorex2007: folds 
Vlatag: calls $0.05
btcDave20k: calls $0.04
*** FLOP *** [5s Qh 4h]
Vlatag: checks 
btcDave20k: checks 
Smitov: bets $0.14
KoledubS86: calls $0.14
Vlatag: folds 
btcDave20k: raises $1.78 to $1.92 and is all-in
Smitov: folds 
KoledubS86: folds 
Uncalled bet ($1.78) returned to btcDave20k
btcDave20k collected $0.64 from pot
btcDave20k: doesn't show hand 
*** SUMMARY ***
Total pot $0.66 | Rake $0.02 
Board [5s Qh 4h]
Seat 3: btcDave20k (big blind) collected ($0.64)
Seat 4: zmt48 folded before Flop (didn't bet)
Seat 5: Smitov folded on the Flop
Seat 6: KoledubS86 folded on the Flop
Seat 7: gabrielmalet folded before Flop (didn't bet)
Seat 8: Dorex2007 (button) folded before Flop (didn't bet)
Seat 9: Vlatag (small blind) folded on the Flop



PokerStars Hand #230187435676:  Hold'em No Limit ($0.01/$0.02 USD) - 2021/09/27 16:23:34 PT [2021/09/27 19:23:34 ET]
Table 'Circe II' 9-max Seat #9 is the button
Seat 3: btcDave20k ($2.42 in chips) 
Seat 4: zmt48 ($0.93 in chips) 
Seat 5: Smitov ($3.03 in chips) 
Seat 6: KoledubS86 ($1.76 in chips) 
Seat 7: gabrielmalet ($2.23 in chips) 
Seat 8: Dorex2007 ($2.13 in chips) 
Seat 9: Vlatag ($2.85 in chips) 
btcDave20k: posts small blind $0.01
zmt48: posts big blind $0.02
*** HOLE CARDS ***
Dealt to Dorex2007 [Kh Td]
Smitov: folds 
KoledubS86: folds 
gabrielmalet: folds 
Dorex2007: calls $0.02
Vlatag: folds 
btcDave20k: calls $0.01
zmt48: checks 
*** FLOP *** [8s Ac 3h]
btcDave20k: checks 
zmt48: checks 
Dorex2007: checks 
*** TURN *** [8s Ac 3h] [6h]
btcDave20k: checks 
zmt48: checks 
Dorex2007: checks 
*** RIVER *** [8s Ac 3h 6h] [Ah]
btcDave20k: checks 
zmt48: checks 
Dorex2007: checks 
*** SHOW DOWN ***
btcDave20k: shows [2c 3d] (two pair, Aces and Threes)
zmt48: mucks hand 
Dorex2007: mucks hand 
btcDave20k collected $0.06 from pot
*** SUMMARY ***
Total pot $0.06 | Rake $0 
Board [8s Ac 3h 6h Ah]
Seat 3: btcDave20k (small blind) showed [2c 3d] and won ($0.06) with two pair, Aces and Threes
Seat 4: zmt48 (big blind) mucked [7c Qs]
Seat 5: Smitov folded before Flop (didn't bet)
Seat 6: KoledubS86 folded before Flop (didn't bet)
Seat 7: gabrielmalet folded before Flop (didn't bet)
Seat 8: Dorex2007 mucked [Kh Td]
Seat 9: Vlatag (button) folded before Flop (didn't bet)



PokerStars Hand #230187451859:  Hold'em No Limit ($0.01/$0.02 USD) - 2021/09/27 16:24:22 PT [2021/09/27 19:24:22 ET]
Table 'Circe II' 9-max Seat #3 is the button
Seat 3: btcDave20k ($2.46 in chips) 
Seat 4: zmt48 ($0.91 in chips) 
Seat 5: Smitov ($3.03 in chips) 
Seat 6: KoledubS86 ($1.76 in chips) 
Seat 7: gabrielmalet ($2.23 in chips) 
Seat 8: Dorex2007 ($2.11 in chips) 
Seat 9: Vlatag ($2.85 in chips) 
zmt48: posts small blind $0.01
Smitov: posts big blind $0.02
*** HOLE CARDS ***
Dealt to Dorex2007 [2h 9h]
KoledubS86: folds 
gabrielmalet: folds 
Dorex2007: folds 
Vlatag: folds 
btcDave20k: raises $0.04 to $0.06
zmt48: folds 
Smitov: raises $0.10 to $0.16
btcDave20k: folds 
Uncalled bet ($0.10) returned to Smitov
Smitov collected $0.13 from pot
Smitov: doesn't show hand 
*** SUMMARY ***
Total pot $0.13 | Rake $0 
Seat 3: btcDave20k (button) folded before Flop
Seat 4: zmt48 (small blind) folded before Flop
Seat 5: Smitov (big blind) collected ($0.13)
Seat 6: KoledubS86 folded before Flop (didn't bet)
Seat 7: gabrielmalet folded before Flop (didn't bet)
Seat 8: Dorex2007 folded before Flop (didn't bet)
Seat 9: Vlatag folded before Flop (didn't bet)



PokerStars Hand #230187462051:  Hold'em No Limit ($0.01/$0.02 USD) - 2021/09/27 16:24:52 PT [2021/09/27 19:24:52 ET]
Table 'Circe II' 9-max Seat #4 is the button
Seat 3: btcDave20k ($2.40 in chips) 
Seat 4: zmt48 ($0.90 in chips) 
Seat 5: Smitov ($3.10 in chips) 
Seat 6: KoledubS86 ($1.76 in chips) 
Seat 7: gabrielmalet ($2.23 in chips) 
Seat 8: Dorex2007 ($2.11 in chips) 
Seat 9: Vlatag ($2.85 in chips) 
Smitov: posts small blind $0.01
KoledubS86: posts big blind $0.02
*** HOLE CARDS ***
Dealt to Dorex2007 [Tc Qd]
gabrielmalet: folds 
Dorex2007: folds 
Vlatag: calls $0.02
btcDave20k: folds 
zmt48: folds 
Smitov: folds 
KoledubS86: checks 
*** FLOP *** [7d Ks Qs]
KoledubS86: checks 
Vlatag: checks 
*** TURN *** [7d Ks Qs] [2d]
KoledubS86: checks 
Vlatag: checks 
*** RIVER *** [7d Ks Qs 2d] [2s]
KoledubS86: checks 
Vlatag: checks 
*** SHOW DOWN ***
KoledubS86: shows [4h 9c] (a pair of Deuces)
Vlatag: mucks hand 
KoledubS86 collected $0.05 from pot
*** SUMMARY ***
Total pot $0.05 | Rake $0 
Board [7d Ks Qs 2d 2s]
Seat 3: btcDave20k folded before Flop (didn't bet)
Seat 4: zmt48 (button) folded before Flop (didn't bet)
Seat 5: Smitov (small blind) folded before Flop
Seat 6: KoledubS86 (big blind) showed [4h 9c] and won ($0.05) with a pair of Deuces
Seat 7: gabrielmalet folded before Flop (didn't bet)
Seat 8: Dorex2007 folded before Flop (didn't bet)
Seat 9: Vlatag mucked [6h 5h]



PokerStars Hand #230187477046:  Hold'em No Limit ($0.01/$0.02 USD) - 2021/09/27 16:25:36 PT [2021/09/27 19:25:36 ET]
Table 'Circe II' 9-max Seat #5 is the button
Seat 3: btcDave20k ($2.40 in chips) 
Seat 4: zmt48 ($0.90 in chips) 
Seat 5: Smitov ($3.09 in chips) 
Seat 6: KoledubS86 ($1.79 in chips) 
Seat 7: gabrielmalet ($2.23 in chips) 
Seat 8: Dorex2007 ($2.11 in chips) 
Seat 9: Vlatag ($2.83 in chips) 
KoledubS86: posts small blind $0.01
gabrielmalet: posts big blind $0.02
*** HOLE CARDS ***
Dealt to Dorex2007 [As Qd]
Dorex2007: raises $0.04 to $0.06
Vlatag: folds 
btcDave20k: folds 
zmt48: folds 
Smitov: folds 
KoledubS86: calls $0.05
gabrielmalet: folds 
*** FLOP *** [Jd Ah 5c]
KoledubS86: checks 
Dorex2007: checks 
*** TURN *** [Jd Ah 5c] [Qs]
KoledubS86: checks 
Meyo010 joins the table at seat #1 
Dorex2007: checks 
*** RIVER *** [Jd Ah 5c Qs] [6d]
KoledubS86: bets $0.08
RayZMax joins the table at seat #2 
Dorex2007: raises $0.16 to $0.24
KoledubS86: calls $0.16
*** SHOW DOWN ***
Dorex2007: shows [As Qd] (two pair, Aces and Queens)
KoledubS86: mucks hand 
Dorex2007 collected $0.60 from pot
*** SUMMARY ***
Total pot $0.62 | Rake $0.02 
Board [Jd Ah 5c Qs 6d]
Seat 3: btcDave20k folded before Flop (didn't bet)
Seat 4: zmt48 folded before Flop (didn't bet)
Seat 5: Smitov (button) folded before Flop (didn't bet)
Seat 6: KoledubS86 (small blind) mucked [Tc Qc]
Seat 7: gabrielmalet (big blind) folded before Flop
Seat 8: Dorex2007 showed [As Qd] and won ($0.60) with two pair, Aces and Queens
Seat 9: Vlatag folded before Flop (didn't bet)



PokerStars Hand #230187500210:  Hold'em No Limit ($0.01/$0.02 USD) - 2021/09/27 16:26:45 PT [2021/09/27 19:26:45 ET]
Table 'Circe II' 9-max Seat #6 is the button
Seat 1: Meyo010 ($1.02 in chips) 
Seat 3: btcDave20k ($2.40 in chips) 
Seat 4: zmt48 ($0.90 in chips) 
Seat 5: Smitov ($3.09 in chips) 
Seat 6: KoledubS86 ($1.49 in chips) 
Seat 7: gabrielmalet ($2.21 in chips) 
Seat 8: Dorex2007 ($2.41 in chips) 
Seat 9: Vlatag ($2.83 in chips) 
gabrielmalet: posts small blind $0.01
Dorex2007: posts big blind $0.02
Meyo010: posts big blind $0.02
RayZMax: sits out 
*** HOLE CARDS ***
Dealt to Dorex2007 [9d 8c]
Vlatag: folds 
Meyo010: checks 
btcDave20k: folds 
zmt48: folds 
Smitov: folds 
KoledubS86: raises $0.03 to $0.05
gabrielmalet: folds 
Dorex2007: folds 
Meyo010: calls $0.03
*** FLOP *** [Kh 5s Td]
Meyo010: checks 
KoledubS86: checks 
*** TURN *** [Kh 5s Td] [Qh]
Meyo010: checks 
KoledubS86: checks 
*** RIVER *** [Kh 5s Td Qh] [8d]
Meyo010: checks 
KoledubS86: checks 
*** SHOW DOWN ***
Meyo010: shows [7c 3h] (high card King)
KoledubS86: shows [6h Ah] (high card Ace)
KoledubS86 collected $0.13 from pot
*** SUMMARY ***
Total pot $0.13 | Rake $0 
Board [Kh 5s Td Qh 8d]
Seat 1: Meyo010 showed [7c 3h] and lost with high card King
Seat 3: btcDave20k folded before Flop (didn't bet)
Seat 4: zmt48 folded before Flop (didn't bet)
Seat 5: Smitov folded before Flop (didn't bet)
Seat 6: KoledubS86 (button) showed [6h Ah] and won ($0.13) with high card Ace
Seat 7: gabrielmalet (small blind) folded before Flop
Seat 8: Dorex2007 (big blind) folded before Flop
Seat 9: Vlatag folded before Flop (didn't bet)



PokerStars Hand #230187516352:  Hold'em No Limit ($0.01/$0.02 USD) - 2021/09/27 16:27:34 PT [2021/09/27 19:27:34 ET]
Table 'Circe II' 9-max Seat #7 is the button
Seat 1: Meyo010 ($0.97 in chips) 
Seat 3: btcDave20k ($2.40 in chips) 
Seat 5: Smitov ($3.09 in chips) 
Seat 6: KoledubS86 ($1.57 in chips) 
Seat 7: gabrielmalet ($2.20 in chips) 
Seat 8: Dorex2007 ($2.39 in chips) 
Seat 9: Vlatag ($2.83 in chips) 
Dorex2007: posts small blind $0.01
Vlatag: posts big blind $0.02
RayZMax: sits out 
*** HOLE CARDS ***
Dealt to Dorex2007 [7h 4h]
Meyo010: folds 
btcDave20k: folds 
Smitov: folds 
KoledubS86: raises $0.02 to $0.04
gabrielmalet: raises $0.02 to $0.06
Dorex2007: folds 
Vlatag: calls $0.04
KoledubS86: calls $0.02
*** FLOP *** [Jc 9d 6h]
Vlatag: bets $0.09
KoledubS86: calls $0.09
gabrielmalet: folds 
*** TURN *** [Jc 9d 6h] [As]
Vlatag: checks 
KoledubS86: checks 
*** RIVER *** [Jc 9d 6h As] [Tc]
Vlatag: checks 
KoledubS86: checks 
*** SHOW DOWN ***
Vlatag: shows [5d Jd] (a pair of Jacks)
KoledubS86: mucks hand 
Vlatag collected $0.36 from pot
*** SUMMARY ***
Total pot $0.37 | Rake $0.01 
Board [Jc 9d 6h As Tc]
Seat 1: Meyo010 folded before Flop (didn't bet)
Seat 3: btcDave20k folded before Flop (didn't bet)
Seat 5: Smitov folded before Flop (didn't bet)
Seat 6: KoledubS86 mucked [7s Qd]
Seat 7: gabrielmalet (button) folded on the Flop
Seat 8: Dorex2007 (small blind) folded before Flop
Seat 9: Vlatag (big blind) showed [5d Jd] and won ($0.36) with a pair of Jacks



PokerStars Hand #230187549662:  Hold'em No Limit ($0.01/$0.02 USD) - 2021/09/27 16:29:15 PT [2021/09/27 19:29:15 ET]
Table 'Circe II' 9-max Seat #8 is the button
Seat 1: Meyo010 ($0.97 in chips) 
Seat 3: btcDave20k ($2.40 in chips) 
Seat 5: Smitov ($3.09 in chips) 
Seat 6: KoledubS86 ($1.42 in chips) 
Seat 7: gabrielmalet ($2.14 in chips) 
Seat 8: Dorex2007 ($2.38 in chips) 
Seat 9: Vlatag ($3.04 in chips) 
Vlatag: posts small blind $0.01
Meyo010: posts big blind $0.02
RayZMax: sits out 
*** HOLE CARDS ***
Dealt to Dorex2007 [4d 8s]
btcDave20k: folds 
btcDave20k leaves the table
Smitov: raises $0.04 to $0.06
KoledubS86: folds 
gabrielmalet: calls $0.06
Dorex2007: folds 
Vlatag: folds 
MrsBond726 joins the table at seat #3 
Meyo010: calls $0.04
*** FLOP *** [As Jc 5c]
Meyo010: checks 
Smitov: bets $0.09
gabrielmalet: folds 
Meyo010: folds 
Uncalled bet ($0.09) returned to Smitov
Smitov collected $0.18 from pot
Smitov: doesn't show hand 
*** SUMMARY ***
Total pot $0.19 | Rake $0.01 
Board [As Jc 5c]
Seat 1: Meyo010 (big blind) folded on the Flop
Seat 3: btcDave20k folded before Flop (didn't bet)
Seat 5: Smitov collected ($0.18)
Seat 6: KoledubS86 folded before Flop (didn't bet)
Seat 7: gabrielmalet folded on the Flop
Seat 8: Dorex2007 (button) folded before Flop (didn't bet)
Seat 9: Vlatag (small blind) folded before Flop



PokerStars Hand #230187564642:  Hold'em No Limit ($0.01/$0.02 USD) - 2021/09/27 16:30:01 PT [2021/09/27 19:30:01 ET]
Table 'Circe II' 9-max Seat #9 is the button
Seat 1: Meyo010 ($0.91 in chips) 
Seat 2: RayZMax ($2 in chips) 
Seat 5: Smitov ($3.21 in chips) 
Seat 6: KoledubS86 ($1.42 in chips) 
Seat 7: gabrielmalet ($2.08 in chips) 
Seat 8: Dorex2007 ($2.38 in chips) 
Seat 9: Vlatag ($3.03 in chips) 
Meyo010: posts small blind $0.01
RayZMax: posts big blind $0.02
MrsBond726: sits out 
*** HOLE CARDS ***
Dealt to Dorex2007 [5c Ah]
Smitov: folds 
KoledubS86: raises $0.04 to $0.06
gabrielmalet: folds 
Dorex2007: folds 
Vlatag: folds 
Meyo010: calls $0.05
RayZMax: folds 
*** FLOP *** [5s Kd Qd]
Meyo010: checks 
KoledubS86: checks 
*** TURN *** [5s Kd Qd] [Qh]
Meyo010: checks 
KoledubS86: checks 
*** RIVER *** [5s Kd Qd Qh] [3d]
Meyo010: bets $0.08
KoledubS86: folds 
Uncalled bet ($0.08) returned to Meyo010
Meyo010 collected $0.14 from pot
*** SUMMARY ***
Total pot $0.14 | Rake $0 
Board [5s Kd Qd Qh 3d]
Seat 1: Meyo010 (small blind) collected ($0.14)
Seat 2: RayZMax (big blind) folded before Flop
Seat 5: Smitov folded before Flop (didn't bet)
Seat 6: KoledubS86 folded on the River
Seat 7: gabrielmalet folded before Flop (didn't bet)
Seat 8: Dorex2007 folded before Flop (didn't bet)
Seat 9: Vlatag (button) folded before Flop (didn't bet)



PokerStars Hand #230187583960:  Hold'em No Limit ($0.01/$0.02 USD) - 2021/09/27 16:31:00 PT [2021/09/27 19:31:00 ET]
Table 'Circe II' 9-max Seat #1 is the button
Seat 1: Meyo010 ($0.99 in chips) 
Seat 2: RayZMax ($1.98 in chips) 
Seat 3: MrsBond726 ($2 in chips) 
Seat 5: Smitov ($3.21 in chips) 
Seat 6: KoledubS86 ($1.36 in chips) 
Seat 7: gabrielmalet ($2.08 in chips) 
Seat 8: Dorex2007 ($2.38 in chips) 
Seat 9: Vlatag ($3.03 in chips) 
RayZMax: posts small blind $0.01
MrsBond726: posts big blind $0.02
*** HOLE CARDS ***
Dealt to Dorex2007 [9s 9d]
Smitov: folds 
KoledubS86: folds 
gabrielmalet: folds 
Dorex2007: raises $0.10 to $0.12
Vlatag: calls $0.12
Meyo010: folds 
RayZMax: folds 
MrsBond726: folds 
*** FLOP *** [Js 7s Jh]
Dorex2007: checks 
Vlatag: checks 
*** TURN *** [Js 7s Jh] [6d]
Dorex2007: bets $0.26
Vlatag: folds 
Uncalled bet ($0.26) returned to Dorex2007
Dorex2007 collected $0.26 from pot
Dorex2007: doesn't show hand 
*** SUMMARY ***
Total pot $0.27 | Rake $0.01 
Board [Js 7s Jh 6d]
Seat 1: Meyo010 (button) folded before Flop (didn't bet)
Seat 2: RayZMax (small blind) folded before Flop
Seat 3: MrsBond726 (big blind) folded before Flop
Seat 5: Smitov folded before Flop (didn't bet)
Seat 6: KoledubS86 folded before Flop (didn't bet)
Seat 7: gabrielmalet folded before Flop (didn't bet)
Seat 8: Dorex2007 collected ($0.26)
Seat 9: Vlatag folded on the Turn



PokerStars Hand #230187601247:  Hold'em No Limit ($0.01/$0.02 USD) - 2021/09/27 16:31:54 PT [2021/09/27 19:31:54 ET]
Table 'Circe II' 9-max Seat #2 is the button
Seat 1: Meyo010 ($0.99 in chips) 
Seat 2: RayZMax ($1.97 in chips) 
Seat 3: MrsBond726 ($1.98 in chips) 
Seat 5: Smitov ($3.21 in chips) 
Seat 6: KoledubS86 ($1.36 in chips) 
Seat 7: gabrielmalet ($2.08 in chips) 
Seat 8: Dorex2007 ($2.52 in chips) 
Seat 9: Vlatag ($2.91 in chips) 
MrsBond726: posts small blind $0.01
Smitov: posts big blind $0.02
*** HOLE CARDS ***
Dealt to Dorex2007 [7h Ks]
KoledubS86: raises $0.03 to $0.05
gabrielmalet: folds 
Dorex2007: folds 
Vlatag: calls $0.05
Meyo010: calls $0.05
RayZMax: folds 
MrsBond726: folds 
Smitov: calls $0.03
*** FLOP *** [7c Td Js]
Smitov: checks 
KoledubS86: checks 
Vlatag: bets $0.02
Meyo010: folds 
Smitov: calls $0.02
KoledubS86: calls $0.02
*** TURN *** [7c Td Js] [Qh]
Smitov: checks 
KoledubS86: bets $0.13
Vlatag: calls $0.13
Smitov: folds 
*** RIVER *** [7c Td Js Qh] [Kh]
KoledubS86: bets $0.15
Vlatag: calls $0.15
*** SHOW DOWN ***
KoledubS86: shows [Th Jh] (two pair, Jacks and Tens)
Vlatag: shows [Tc 9h] (a straight, Nine to King)
Vlatag collected $0.80 from pot
*** SUMMARY ***
Total pot $0.83 | Rake $0.03 
Board [7c Td Js Qh Kh]
Seat 1: Meyo010 folded on the Flop
Seat 2: RayZMax (button) folded before Flop (didn't bet)
Seat 3: MrsBond726 (small blind) folded before Flop
Seat 5: Smitov (big blind) folded on the Turn
Seat 6: KoledubS86 showed [Th Jh] and lost with two pair, Jacks and Tens
Seat 7: gabrielmalet folded before Flop (didn't bet)
Seat 8: Dorex2007 folded before Flop (didn't bet)
Seat 9: Vlatag showed [Tc 9h] and won ($0.80) with a straight, Nine to King



PokerStars Hand #230187629871:  Hold'em No Limit ($0.01/$0.02 USD) - 2021/09/27 16:33:22 PT [2021/09/27 19:33:22 ET]
Table 'Circe II' 9-max Seat #3 is the button
Seat 1: Meyo010 ($0.94 in chips) 
Seat 2: RayZMax ($2 in chips) 
Seat 3: MrsBond726 ($1.97 in chips) 
Seat 5: Smitov ($3.14 in chips) 
Seat 6: KoledubS86 ($1.01 in chips) 
Seat 7: gabrielmalet ($2.08 in chips) 
Seat 8: Dorex2007 ($2.52 in chips) 
Seat 9: Vlatag ($3.36 in chips) 
Smitov: posts small blind $0.01
KoledubS86: posts big blind $0.02
*** HOLE CARDS ***
Dealt to Dorex2007 [7h 7c]
gabrielmalet: folds 
Dorex2007: raises $0.04 to $0.06
Vlatag: folds 
Meyo010: folds 
RayZMax: folds 
MrsBond726: folds 
Smitov: folds 
KoledubS86: folds 
Uncalled bet ($0.04) returned to Dorex2007
Dorex2007 collected $0.05 from pot
Dorex2007: doesn't show hand 
*** SUMMARY ***
Total pot $0.05 | Rake $0 
Seat 1: Meyo010 folded before Flop (didn't bet)
Seat 2: RayZMax folded before Flop (didn't bet)
Seat 3: MrsBond726 (button) folded before Flop (didn't bet)
Seat 5: Smitov (small blind) folded before Flop
Seat 6: KoledubS86 (big blind) folded before Flop
Seat 7: gabrielmalet folded before Flop (didn't bet)
Seat 8: Dorex2007 collected ($0.05)
Seat 9: Vlatag folded before Flop (didn't bet)



PokerStars Hand #230187637086:  Hold'em No Limit ($0.01/$0.02 USD) - 2021/09/27 16:33:45 PT [2021/09/27 19:33:45 ET]
Table 'Circe II' 9-max Seat #5 is the button
Seat 1: Meyo010 ($0.94 in chips) 
Seat 2: RayZMax ($2 in chips) 
Seat 3: MrsBond726 ($1.97 in chips) 
Seat 5: Smitov ($3.13 in chips) 
Seat 6: KoledubS86 ($0.99 in chips) 
Seat 7: gabrielmalet ($2.08 in chips) 
Seat 8: Dorex2007 ($2.55 in chips) 
Seat 9: Vlatag ($3.36 in chips) 
KoledubS86: posts small blind $0.01
gabrielmalet: posts big blind $0.02
*** HOLE CARDS ***
Dealt to Dorex2007 [5d 4h]
Dorex2007: folds 
Vlatag has timed out
Vlatag: folds 
Meyo010: calls $0.02
RayZMax: raises $0.06 to $0.08
MrsBond726: folds 
Smitov: folds 
KoledubS86: folds 
gabrielmalet: folds 
Meyo010: calls $0.06
*** FLOP *** [5s 9h 9s]
Meyo010: checks 
RayZMax: bets $0.06
Meyo010: calls $0.06
*** TURN *** [5s 9h 9s] [5h]
Meyo010: checks 
RayZMax: checks 
*** RIVER *** [5s 9h 9s 5h] [7s]
Meyo010: bets $0.08
RayZMax: folds 
Uncalled bet ($0.08) returned to Meyo010
Meyo010 collected $0.30 from pot
*** SUMMARY ***
Total pot $0.31 | Rake $0.01 
Board [5s 9h 9s 5h 7s]
Seat 1: Meyo010 collected ($0.30)
Seat 2: RayZMax folded on the River
Seat 3: MrsBond726 folded before Flop (didn't bet)
Seat 5: Smitov (button) folded before Flop (didn't bet)
Seat 6: KoledubS86 (small blind) folded before Flop
Seat 7: gabrielmalet (big blind) folded before Flop
Seat 8: Dorex2007 folded before Flop (didn't bet)
Seat 9: Vlatag folded before Flop (didn't bet)



PokerStars Hand #230187671136:  Hold'em No Limit ($0.01/$0.02 USD) - 2021/09/27 16:34:57 PT [2021/09/27 19:34:57 ET]
Table 'Circe II' 9-max Seat #6 is the button
Seat 1: Meyo010 ($1.10 in chips) 
Seat 2: RayZMax ($2 in chips) 
Seat 3: MrsBond726 ($1.97 in chips) 
Seat 5: Smitov ($3.13 in chips) 
Seat 6: KoledubS86 ($0.98 in chips) 
Seat 7: gabrielmalet ($2.06 in chips) 
Seat 8: Dorex2007 ($2.55 in chips) 
Seat 9: Vlatag ($3.36 in chips) 
gabrielmalet: posts small blind $0.01
Dorex2007: posts big blind $0.02
*** HOLE CARDS ***
Dealt to Dorex2007 [3c 8d]
Vlatag has timed out
Vlatag: folds 
Meyo010: calls $0.02
RayZMax: folds 
MrsBond726: raises $0.03 to $0.05
Smitov: raises $0.09 to $0.14
KoledubS86: folds 
gabrielmalet: folds 
Dorex2007: folds 
Meyo010: calls $0.12
MrsBond726: calls $0.09
*** FLOP *** [6d 3h As]
Meyo010: checks 
MrsBond726: checks 
Smitov: bets $0.10
Meyo010: calls $0.10
MrsBond726: calls $0.10
*** TURN *** [6d 3h As] [7d]
Meyo010: bets $0.06
MrsBond726: calls $0.06
Smitov: calls $0.06
*** RIVER *** [6d 3h As 7d] [4c]
Meyo010: bets $0.12
MrsBond726: calls $0.12
Smitov: folds 
*** SHOW DOWN ***
Meyo010: shows [5h Ad] (a straight, Three to Seven)
MrsBond726: mucks hand 
Meyo010 collected $1.13 from pot
*** SUMMARY ***
Total pot $1.17 | Rake $0.04 
Board [6d 3h As 7d 4c]
Seat 1: Meyo010 showed [5h Ad] and won ($1.13) with a straight, Three to Seven
Seat 2: RayZMax folded before Flop (didn't bet)
Seat 3: MrsBond726 mucked [Qh Qs]
Seat 5: Smitov folded on the River
Seat 6: KoledubS86 (button) folded before Flop (didn't bet)
Seat 7: gabrielmalet (small blind) folded before Flop
Seat 8: Dorex2007 (big blind) folded before Flop
Seat 9: Vlatag folded before Flop (didn't bet)



PokerStars Hand #230187703665:  Hold'em No Limit ($0.01/$0.02 USD) - 2021/09/27 16:36:39 PT [2021/09/27 19:36:39 ET]
Table 'Circe II' 9-max Seat #7 is the button
Seat 1: Meyo010 ($1.81 in chips) 
Seat 2: RayZMax ($2 in chips) 
Seat 3: MrsBond726 ($1.55 in chips) 
Seat 5: Smitov ($2.83 in chips) 
Seat 6: KoledubS86 ($0.98 in chips) 
Seat 7: gabrielmalet ($2.05 in chips) 
Seat 8: Dorex2007 ($2.53 in chips) 
Seat 9: Vlatag ($3.36 in chips) 
Dorex2007: posts small blind $0.01
Vlatag: posts big blind $0.02
*** HOLE CARDS ***
Dealt to Dorex2007 [5s Ad]
Meyo010: calls $0.02
RayZMax: folds 
MrsBond726: folds 
Smitov: folds 
KoledubS86: calls $0.02
gabrielmalet: raises $0.04 to $0.06
Dorex2007: folds 
Vlatag: calls $0.04
Meyo010: calls $0.04
KoledubS86: calls $0.04
*** FLOP *** [Kc 2d Kd]
Vlatag: checks 
Meyo010: checks 
KoledubS86: checks 
gabrielmalet: bets $0.10
Vlatag: folds 
Meyo010: folds 
KoledubS86: folds 
Uncalled bet ($0.10) returned to gabrielmalet
gabrielmalet collected $0.24 from pot
gabrielmalet: doesn't show hand 
*** SUMMARY ***
Total pot $0.25 | Rake $0.01 
Board [Kc 2d Kd]
Seat 1: Meyo010 folded on the Flop
Seat 2: RayZMax folded before Flop (didn't bet)
Seat 3: MrsBond726 folded before Flop (didn't bet)
Seat 5: Smitov folded before Flop (didn't bet)
Seat 6: KoledubS86 folded on the Flop
Seat 7: gabrielmalet (button) collected ($0.24)
Seat 8: Dorex2007 (small blind) folded before Flop
Seat 9: Vlatag (big blind) folded on the Flop



PokerStars Hand #230187726258:  Hold'em No Limit ($0.01/$0.02 USD) - 2021/09/27 16:37:44 PT [2021/09/27 19:37:44 ET]
Table 'Circe II' 9-max Seat #8 is the button
Seat 1: Meyo010 ($1.75 in chips) 
Seat 2: RayZMax ($2 in chips) 
Seat 3: MrsBond726 ($1.55 in chips) 
Seat 5: Smitov ($2.83 in chips) 
Seat 6: KoledubS86 ($0.92 in chips) 
Seat 7: gabrielmalet ($2.23 in chips) 
Seat 8: Dorex2007 ($2.52 in chips) 
Seat 9: Vlatag ($3.30 in chips) 
Vlatag: posts small blind $0.01
Meyo010: posts big blind $0.02
*** HOLE CARDS ***
Dealt to Dorex2007 [4d Qs]
RayZMax: raises $0.04 to $0.06
MrsBond726: folds 
Smitov: folds 
KoledubS86: folds 
gabrielmalet: folds 
Dorex2007: folds 
Vlatag: folds 
Meyo010: calls $0.04
*** FLOP *** [Ad 4c Qc]
Meyo010: checks 
RayZMax: checks 
*** TURN *** [Ad 4c Qc] [2d]
Meyo010: bets $0.02
RayZMax: folds 
Uncalled bet ($0.02) returned to Meyo010
Meyo010 collected $0.13 from pot
*** SUMMARY ***
Total pot $0.13 | Rake $0 
Board [Ad 4c Qc 2d]
Seat 1: Meyo010 (big blind) collected ($0.13)
Seat 2: RayZMax folded on the Turn
Seat 3: MrsBond726 folded before Flop (didn't bet)
Seat 5: Smitov folded before Flop (didn't bet)
Seat 6: KoledubS86 folded before Flop (didn't bet)
Seat 7: gabrielmalet folded before Flop (didn't bet)
Seat 8: Dorex2007 (button) folded before Flop (didn't bet)
Seat 9: Vlatag (small blind) folded before Flop



PokerStars Hand #230187744744:  Hold'em No Limit ($0.01/$0.02 USD) - 2021/09/27 16:38:42 PT [2021/09/27 19:38:42 ET]
Table 'Circe II' 9-max Seat #9 is the button
Seat 1: Meyo010 ($1.82 in chips) 
Seat 2: RayZMax ($1.94 in chips) 
Seat 3: MrsBond726 ($1.55 in chips) 
Seat 5: Smitov ($2.83 in chips) 
Seat 6: KoledubS86 ($0.92 in chips) 
Seat 7: gabrielmalet ($2.23 in chips) 
Seat 8: Dorex2007 ($2.52 in chips) 
Seat 9: Vlatag ($3.29 in chips) 
Meyo010: posts small blind $0.01
RayZMax: posts big blind $0.02
zmt48: sits out 
*** HOLE CARDS ***
Dealt to Dorex2007 [Jd Jh]
MrsBond726: folds 
Smitov: folds 
KoledubS86: raises $0.02 to $0.04
gabrielmalet: folds 
Dorex2007: calls $0.04
Vlatag: folds 
Meyo010: calls $0.03
RayZMax: folds 
*** FLOP *** [4h Jc 7h]
Meyo010: checks 
KoledubS86: checks 
Dorex2007: checks 
*** TURN *** [4h Jc 7h] [6c]
Vlatag leaves the table
Meyo010: checks 
KoledubS86: checks 
Dorex2007: bets $0.09
Meyo010: folds 
KoledubS86: calls $0.09
*** RIVER *** [4h Jc 7h 6c] [8h]
KoledubS86: checks 
Dorex2007: checks 
*** SHOW DOWN ***
KoledubS86: shows [Qd Ad] (high card Ace)
Dorex2007: shows [Jd Jh] (three of a kind, Jacks)
Dorex2007 collected $0.31 from pot
*** SUMMARY ***
Total pot $0.32 | Rake $0.01 
Board [4h Jc 7h 6c 8h]
Seat 1: Meyo010 (small blind) folded on the Turn
Seat 2: RayZMax (big blind) folded before Flop
Seat 3: MrsBond726 folded before Flop (didn't bet)
Seat 5: Smitov folded before Flop (didn't bet)
Seat 6: KoledubS86 showed [Qd Ad] and lost with high card Ace
Seat 7: gabrielmalet folded before Flop (didn't bet)
Seat 8: Dorex2007 showed [Jd Jh] and won ($0.31) with three of a kind, Jacks
Seat 9: Vlatag (button) folded before Flop (didn't bet)



PokerStars Hand #230187758846:  Hold'em No Limit ($0.01/$0.02 USD) - 2021/09/27 16:39:29 PT [2021/09/27 19:39:29 ET]
Table 'Circe II' 9-max Seat #1 is the button
Seat 1: Meyo010 ($1.78 in chips) 
Seat 2: RayZMax ($2 in chips) 
Seat 3: MrsBond726 ($1.55 in chips) 
Seat 5: Smitov ($2.83 in chips) 
Seat 6: KoledubS86 ($0.79 in chips) 
Seat 7: gabrielmalet ($2.23 in chips) 
Seat 8: Dorex2007 ($2.70 in chips) 
RayZMax: posts small blind $0.01
MrsBond726: posts big blind $0.02
zmt48: sits out 
*** HOLE CARDS ***
Dealt to Dorex2007 [Ts 3h]
Smitov: raises $0.04 to $0.06
KoledubS86: raises $0.73 to $0.79 and is all-in
gabrielmalet: folds 
Dorex2007: folds 
chacalay1 joins the table at seat #9 
Meyo010: folds 
RayZMax: folds 
MrsBond726: folds 
Smitov: calls $0.73
*** FLOP *** [Ks 6h 4d]
*** TURN *** [Ks 6h 4d] [6c]
*** RIVER *** [Ks 6h 4d 6c] [6d]
*** SHOW DOWN ***
Smitov: shows [Qc Ac] (three of a kind, Sixes)
KoledubS86: shows [Qd Qh] (a full house, Sixes full of Queens)
KoledubS86 collected $1.55 from pot
*** SUMMARY ***
Total pot $1.61 | Rake $0.06 
Board [Ks 6h 4d 6c 6d]
Seat 1: Meyo010 (button) folded before Flop (didn't bet)
Seat 2: RayZMax (small blind) folded before Flop
Seat 3: MrsBond726 (big blind) folded before Flop
Seat 5: Smitov showed [Qc Ac] and lost with three of a kind, Sixes
Seat 6: KoledubS86 showed [Qd Qh] and won ($1.55) with a full house, Sixes full of Queens
Seat 7: gabrielmalet folded before Flop (didn't bet)
Seat 8: Dorex2007 folded before Flop (didn't bet)



PokerStars Hand #230187768428:  Hold'em No Limit ($0.01/$0.02 USD) - 2021/09/27 16:40:01 PT [2021/09/27 19:40:01 ET]
Table 'Circe II' 9-max Seat #2 is the button
Seat 1: Meyo010 ($1.78 in chips) 
Seat 2: RayZMax ($1.99 in chips) 
Seat 3: MrsBond726 ($1.53 in chips) 
Seat 4: zmt48 ($0.90 in chips) 
Seat 5: Smitov ($2.04 in chips) 
Seat 6: KoledubS86 ($1.55 in chips) 
Seat 7: gabrielmalet ($2.23 in chips) 
Seat 8: Dorex2007 ($2.70 in chips) 
MrsBond726: posts small blind $0.01
zmt48: posts big blind $0.02
chacalay1: sits out 
*** HOLE CARDS ***
Dealt to Dorex2007 [4s Qh]
Smitov: folds 
KoledubS86: folds 
gabrielmalet: folds 
Dorex2007: folds 
Meyo010: calls $0.02
RayZMax: folds 
MrsBond726: calls $0.01
zmt48: checks 
*** FLOP *** [Tc 3h 5s]
MrsBond726: bets $0.03
zmt48: folds 
Meyo010: calls $0.03
*** TURN *** [Tc 3h 5s] [Qd]
MrsBond726: checks 
Meyo010: checks 
*** RIVER *** [Tc 3h 5s Qd] [4c]
MrsBond726: bets $0.06
Meyo010: calls $0.06
*** SHOW DOWN ***
MrsBond726: shows [5h 6d] (a pair of Fives)
Meyo010: shows [8s 8d] (a pair of Eights)
Meyo010 collected $0.23 from pot
*** SUMMARY ***
Total pot $0.24 | Rake $0.01 
Board [Tc 3h 5s Qd 4c]
Seat 1: Meyo010 showed [8s 8d] and won ($0.23) with a pair of Eights
Seat 2: RayZMax (button) folded before Flop (didn't bet)
Seat 3: MrsBond726 (small blind) showed [5h 6d] and lost with a pair of Fives
Seat 4: zmt48 (big blind) folded on the Flop
Seat 5: Smitov folded before Flop (didn't bet)
Seat 6: KoledubS86 folded before Flop (didn't bet)
Seat 7: gabrielmalet folded before Flop (didn't bet)
Seat 8: Dorex2007 folded before Flop (didn't bet)



PokerStars Hand #230187790159:  Hold'em No Limit ($0.01/$0.02 USD) - 2021/09/27 16:41:00 PT [2021/09/27 19:41:00 ET]
Table 'Circe II' 9-max Seat #3 is the button
Seat 1: Meyo010 ($1.90 in chips) 
Seat 2: RayZMax ($1.99 in chips) 
Seat 3: MrsBond726 ($1.42 in chips) 
Seat 4: zmt48 ($0.88 in chips) 
Seat 5: Smitov ($2.04 in chips) 
Seat 6: KoledubS86 ($1.55 in chips) 
Seat 7: gabrielmalet ($2.23 in chips) 
Seat 8: Dorex2007 ($2.70 in chips) 
zmt48: posts small blind $0.01
Smitov: posts big blind $0.02
chacalay1: sits out 
*** HOLE CARDS ***
Dealt to Dorex2007 [7d Ts]
KoledubS86: folds 
gabrielmalet: folds 
Dorex2007: folds 
Meyo010: folds 
RayZMax: raises $0.03 to $0.05
MrsBond726: folds 
zmt48: raises $0.12 to $0.17
Smitov: folds 
RayZMax: folds 
Uncalled bet ($0.12) returned to zmt48
zmt48 collected $0.12 from pot
zmt48: doesn't show hand 
*** SUMMARY ***
Total pot $0.12 | Rake $0 
Seat 1: Meyo010 folded before Flop (didn't bet)
Seat 2: RayZMax folded before Flop
Seat 3: MrsBond726 (button) folded before Flop (didn't bet)
Seat 4: zmt48 (small blind) collected ($0.12)
Seat 5: Smitov (big blind) folded before Flop
Seat 6: KoledubS86 folded before Flop (didn't bet)
Seat 7: gabrielmalet folded before Flop (didn't bet)
Seat 8: Dorex2007 folded before Flop (didn't bet)



PokerStars Hand #230187799841:  Hold'em No Limit ($0.01/$0.02 USD) - 2021/09/27 16:41:34 PT [2021/09/27 19:41:34 ET]
Table 'Circe II' 9-max Seat #4 is the button
Seat 1: Meyo010 ($1.90 in chips) 
Seat 2: RayZMax ($1.94 in chips) 
Seat 3: MrsBond726 ($1.42 in chips) 
Seat 4: zmt48 ($0.95 in chips) 
Seat 5: Smitov ($2.02 in chips) 
Seat 6: KoledubS86 ($1.55 in chips) 
Seat 7: gabrielmalet ($2.23 in chips) 
Seat 8: Dorex2007 ($2.70 in chips) 
Smitov: posts small blind $0.01
KoledubS86: posts big blind $0.02
chacalay1: sits out 
*** HOLE CARDS ***
Dealt to Dorex2007 [2h Td]
gabrielmalet: calls $0.02
Dorex2007: folds 
Meyo010: calls $0.02
RayZMax: raises $0.08 to $0.10
MrsBond726: folds 
zmt48: folds 
Smitov: folds 
KoledubS86: calls $0.08
gabrielmalet: folds 
Meyo010: calls $0.08
*** FLOP *** [6h 8d Js]
KoledubS86: checks 
Meyo010: checks 
RayZMax: checks 
*** TURN *** [6h 8d Js] [2d]
KoledubS86: bets $0.12
Meyo010: folds 
RayZMax: folds 
Uncalled bet ($0.12) returned to KoledubS86
KoledubS86 collected $0.32 from pot
*** SUMMARY ***
Total pot $0.33 | Rake $0.01 
Board [6h 8d Js 2d]
Seat 1: Meyo010 folded on the Turn
Seat 2: RayZMax folded on the Turn
Seat 3: MrsBond726 folded before Flop (didn't bet)
Seat 4: zmt48 (button) folded before Flop (didn't bet)
Seat 5: Smitov (small blind) folded before Flop
Seat 6: KoledubS86 (big blind) collected ($0.32)
Seat 7: gabrielmalet folded before Flop
Seat 8: Dorex2007 folded before Flop (didn't bet)



PokerStars Hand #230187816584:  Hold'em No Limit ($0.01/$0.02 USD) - 2021/09/27 16:42:33 PT [2021/09/27 19:42:33 ET]
Table 'Circe II' 9-max Seat #5 is the button
Seat 1: Meyo010 ($1.80 in chips) 
Seat 2: RayZMax ($1.84 in chips) 
Seat 3: MrsBond726 ($1.42 in chips) 
Seat 4: zmt48 ($0.95 in chips) 
Seat 5: Smitov ($2.01 in chips) 
Seat 6: KoledubS86 ($1.77 in chips) 
Seat 7: gabrielmalet ($2.21 in chips) 
Seat 8: Dorex2007 ($2.70 in chips) 
KoledubS86: posts small blind $0.01
gabrielmalet: posts big blind $0.02
chacalay1: sits out 
*** HOLE CARDS ***
Dealt to Dorex2007 [4d 8d]
Dorex2007: folds 
Meyo010: calls $0.02
RayZMax: folds 
MrsBond726: calls $0.02
zmt48: raises $0.09 to $0.11
Smitov: folds 
KoledubS86: folds 
gabrielmalet: folds 
Meyo010: calls $0.09
MrsBond726: folds 
*** FLOP *** [As 3c Ks]
Meyo010: checks 
zmt48: checks 
*** TURN *** [As 3c Ks] [6c]
Meyo010: checks 
zmt48: checks 
*** RIVER *** [As 3c Ks 6c] [5c]
Meyo010: bets $0.06
zmt48: calls $0.06
*** SHOW DOWN ***
Meyo010: shows [Ad 2d] (a pair of Aces)
zmt48: mucks hand 
Meyo010 collected $0.38 from pot
*** SUMMARY ***
Total pot $0.39 | Rake $0.01 
Board [As 3c Ks 6c 5c]
Seat 1: Meyo010 showed [Ad 2d] and won ($0.38) with a pair of Aces
Seat 2: RayZMax folded before Flop (didn't bet)
Seat 3: MrsBond726 folded before Flop
Seat 4: zmt48 mucked [Jc Js]
Seat 5: Smitov (button) folded before Flop (didn't bet)
Seat 6: KoledubS86 (small blind) folded before Flop
Seat 7: gabrielmalet (big blind) folded before Flop
Seat 8: Dorex2007 folded before Flop (didn't bet)



PokerStars Hand #230187829311:  Hold'em No Limit ($0.01/$0.02 USD) - 2021/09/27 16:43:18 PT [2021/09/27 19:43:18 ET]
Table 'Circe II' 9-max Seat #6 is the button
Seat 1: Meyo010 ($2.01 in chips) 
Seat 2: RayZMax ($2 in chips) 
Seat 3: MrsBond726 ($1.40 in chips) 
Seat 4: zmt48 ($0.78 in chips) 
Seat 5: Smitov ($2.01 in chips) 
Seat 6: KoledubS86 ($1.76 in chips) 
Seat 7: gabrielmalet ($2.19 in chips) 
Seat 8: Dorex2007 ($2.70 in chips) 
gabrielmalet: posts small blind $0.01
Dorex2007: posts big blind $0.02
chacalay1: sits out 
*** HOLE CARDS ***
Dealt to Dorex2007 [7c 6c]
Meyo010: folds 
RayZMax: folds 
MrsBond726: folds 
zmt48: folds 
Smitov: folds 
KoledubS86: raises $0.02 to $0.04
gabrielmalet: folds 
Dorex2007: calls $0.02
*** FLOP *** [Kd Ks 5c]
Dorex2007: checks 
KoledubS86: checks 
*** TURN *** [Kd Ks 5c] [Js]
Dorex2007: checks 
KoledubS86: bets $0.06
Dorex2007: folds 
Uncalled bet ($0.06) returned to KoledubS86
KoledubS86 collected $0.09 from pot
*** SUMMARY ***
Total pot $0.09 | Rake $0 
Board [Kd Ks 5c Js]
Seat 1: Meyo010 folded before Flop (didn't bet)
Seat 2: RayZMax folded before Flop (didn't bet)
Seat 3: MrsBond726 folded before Flop (didn't bet)
Seat 4: zmt48 folded before Flop (didn't bet)
Seat 5: Smitov folded before Flop (didn't bet)
Seat 6: KoledubS86 (button) collected ($0.09)
Seat 7: gabrielmalet (small blind) folded before Flop
Seat 8: Dorex2007 (big blind) folded on the Turn



PokerStars Hand #230187840332:  Hold'em No Limit ($0.01/$0.02 USD) - 2021/09/27 16:43:57 PT [2021/09/27 19:43:57 ET]
Table 'Circe II' 9-max Seat #7 is the button
Seat 1: Meyo010 ($2.01 in chips) 
Seat 2: RayZMax ($2 in chips) 
Seat 3: MrsBond726 ($1.40 in chips) 
Seat 4: zmt48 ($0.78 in chips) 
Seat 5: Smitov ($2.01 in chips) 
Seat 6: KoledubS86 ($1.81 in chips) 
Seat 7: gabrielmalet ($2.18 in chips) 
Seat 8: Dorex2007 ($2.66 in chips) 
Seat 9: chacalay1 ($1.60 in chips) 
Dorex2007: posts small blind $0.01
chacalay1: posts big blind $0.02
*** HOLE CARDS ***
Dealt to Dorex2007 [Qd 3d]
Meyo010: folds 
RayZMax: folds 
MrsBond726: folds 
zmt48: folds 
Smitov: raises $0.04 to $0.06
KoledubS86: folds 
gabrielmalet: folds 
Dorex2007: folds 
chacalay1: folds 
Uncalled bet ($0.04) returned to Smitov
Smitov collected $0.05 from pot
Smitov: doesn't show hand 
*** SUMMARY ***
Total pot $0.05 | Rake $0 
Seat 1: Meyo010 folded before Flop (didn't bet)
Seat 2: RayZMax folded before Flop (didn't bet)
Seat 3: MrsBond726 folded before Flop (didn't bet)
Seat 4: zmt48 folded before Flop (didn't bet)
Seat 5: Smitov collected ($0.05)
Seat 6: KoledubS86 folded before Flop (didn't bet)
Seat 7: gabrielmalet (button) folded before Flop (didn't bet)
Seat 8: Dorex2007 (small blind) folded before Flop
Seat 9: chacalay1 (big blind) folded before Flop



PokerStars Hand #230187848513:  Hold'em No Limit ($0.01/$0.02 USD) - 2021/09/27 16:44:26 PT [2021/09/27 19:44:26 ET]
Table 'Circe II' 9-max Seat #8 is the button
Seat 1: Meyo010 ($2.01 in chips) 
Seat 2: RayZMax ($2 in chips) 
Seat 3: MrsBond726 ($1.40 in chips) 
Seat 4: zmt48 ($0.78 in chips) 
Seat 5: Smitov ($2.04 in chips) 
Seat 6: KoledubS86 ($1.81 in chips) 
Seat 7: gabrielmalet ($2.18 in chips) 
Seat 8: Dorex2007 ($2.65 in chips) 
Seat 9: chacalay1 ($1.58 in chips) 
chacalay1: posts small blind $0.01
Meyo010: posts big blind $0.02
*** HOLE CARDS ***
Dealt to Dorex2007 [5h 7h]
RayZMax: raises $0.04 to $0.06
MrsBond726: folds 
zmt48: folds 
Smitov: folds 
KoledubS86: folds 
gabrielmalet: folds 
Dorex2007: folds 
chacalay1: folds 
Meyo010: calls $0.04
*** FLOP *** [Ad Kc 3s]
Meyo010: checks 
RayZMax: checks 
*** TURN *** [Ad Kc 3s] [Th]
Meyo010: checks 
RayZMax: bets $0.09
Meyo010: folds 
Uncalled bet ($0.09) returned to RayZMax
RayZMax collected $0.13 from pot
RayZMax: doesn't show hand 
*** SUMMARY ***
Total pot $0.13 | Rake $0 
Board [Ad Kc 3s Th]
Seat 1: Meyo010 (big blind) folded on the Turn
Seat 2: RayZMax collected ($0.13)
Seat 3: MrsBond726 folded before Flop (didn't bet)
Seat 4: zmt48 folded before Flop (didn't bet)
Seat 5: Smitov folded before Flop (didn't bet)
Seat 6: KoledubS86 folded before Flop (didn't bet)
Seat 7: gabrielmalet folded before Flop (didn't bet)
Seat 8: Dorex2007 (button) folded before Flop (didn't bet)
Seat 9: chacalay1 (small blind) folded before Flop



PokerStars Hand #230187859758:  Hold'em No Limit ($0.01/$0.02 USD) - 2021/09/27 16:45:07 PT [2021/09/27 19:45:07 ET]
Table 'Circe II' 9-max Seat #9 is the button
Seat 1: Meyo010 ($1.95 in chips) 
Seat 2: RayZMax ($2.07 in chips) 
Seat 3: MrsBond726 ($1.40 in chips) 
Seat 4: zmt48 ($0.78 in chips) 
Seat 5: Smitov ($2.04 in chips) 
Seat 6: KoledubS86 ($1.81 in chips) 
Seat 7: gabrielmalet ($2.18 in chips) 
Seat 8: Dorex2007 ($2.65 in chips) 
Seat 9: chacalay1 ($1.57 in chips) 
Meyo010: posts small blind $0.01
RayZMax: posts big blind $0.02
*** HOLE CARDS ***
Dealt to Dorex2007 [Qc 2s]
MrsBond726: folds 
zmt48: calls $0.02
Smitov: folds 
KoledubS86: folds 
gabrielmalet: folds 
Dorex2007: folds 
chacalay1: folds 
Meyo010: calls $0.01
RayZMax: checks 
*** FLOP *** [Jh Th Ks]
Meyo010: checks 
RayZMax: checks 
zmt48: checks 
*** TURN *** [Jh Th Ks] [3d]
Meyo010: checks 
RayZMax: bets $0.04
zmt48: folds 
Meyo010: calls $0.04
*** RIVER *** [Jh Th Ks 3d] [7c]
Meyo010: checks 
RayZMax: bets $0.05
Meyo010: folds 
Uncalled bet ($0.05) returned to RayZMax
RayZMax collected $0.14 from pot
RayZMax: doesn't show hand 
*** SUMMARY ***
Total pot $0.14 | Rake $0 
Board [Jh Th Ks 3d 7c]
Seat 1: Meyo010 (small blind) folded on the River
Seat 2: RayZMax (big blind) collected ($0.14)
Seat 3: MrsBond726 folded before Flop (didn't bet)
Seat 4: zmt48 folded on the Turn
Seat 5: Smitov folded before Flop (didn't bet)
Seat 6: KoledubS86 folded before Flop (didn't bet)
Seat 7: gabrielmalet folded before Flop (didn't bet)
Seat 8: Dorex2007 folded before Flop (didn't bet)
Seat 9: chacalay1 (button) folded before Flop (didn't bet)



PokerStars Hand #230187876474:  Hold'em No Limit ($0.01/$0.02 USD) - 2021/09/27 16:46:06 PT [2021/09/27 19:46:06 ET]
Table 'Circe II' 9-max Seat #1 is the button
Seat 1: Meyo010 ($1.89 in chips) 
Seat 2: RayZMax ($2.15 in chips) 
Seat 3: MrsBond726 ($1.40 in chips) 
Seat 4: zmt48 ($0.76 in chips) 
Seat 5: Smitov ($2.04 in chips) 
Seat 6: KoledubS86 ($1.81 in chips) 
Seat 7: gabrielmalet ($2.18 in chips) 
Seat 8: Dorex2007 ($2.65 in chips) 
Seat 9: chacalay1 ($1.57 in chips) 
RayZMax: posts small blind $0.01
MrsBond726: posts big blind $0.02
*** HOLE CARDS ***
Dealt to Dorex2007 [Jc 9c]
zmt48: folds 
Smitov: folds 
KoledubS86: folds 
gabrielmalet: folds 
Dorex2007: folds 
chacalay1: raises $0.06 to $0.08
Meyo010: calls $0.08
RayZMax: folds 
MrsBond726: folds 
*** FLOP *** [As 8d 6c]
chacalay1: bets $0.08
Meyo010: folds 
Uncalled bet ($0.08) returned to chacalay1
chacalay1 collected $0.18 from pot
chacalay1: doesn't show hand 
*** SUMMARY ***
Total pot $0.19 | Rake $0.01 
Board [As 8d 6c]
Seat 1: Meyo010 (button) folded on the Flop
Seat 2: RayZMax (small blind) folded before Flop
Seat 3: MrsBond726 (big blind) folded before Flop
Seat 4: zmt48 folded before Flop (didn't bet)
Seat 5: Smitov folded before Flop (didn't bet)
Seat 6: KoledubS86 folded before Flop (didn't bet)
Seat 7: gabrielmalet folded before Flop (didn't bet)
Seat 8: Dorex2007 folded before Flop (didn't bet)
Seat 9: chacalay1 collected ($0.18)



PokerStars Hand #230187892413:  Hold'em No Limit ($0.01/$0.02 USD) - 2021/09/27 16:46:37 PT [2021/09/27 19:46:37 ET]
Table 'Circe II' 9-max Seat #2 is the button
Seat 1: Meyo010 ($1.81 in chips) 
Seat 2: RayZMax ($2.14 in chips) 
Seat 3: MrsBond726 ($1.38 in chips) 
Seat 4: zmt48 ($0.76 in chips) 
Seat 5: Smitov ($2.04 in chips) 
Seat 6: KoledubS86 ($1.81 in chips) 
Seat 7: gabrielmalet ($2.18 in chips) 
Seat 8: Dorex2007 ($2.65 in chips) 
Seat 9: chacalay1 ($1.67 in chips) 
MrsBond726: posts small blind $0.01
zmt48: posts big blind $0.02
*** HOLE CARDS ***
Dealt to Dorex2007 [Jc Kh]
Smitov: folds 
KoledubS86: raises $0.03 to $0.05
gabrielmalet: folds 
Dorex2007: calls $0.05
chacalay1: folds 
Meyo010: folds 
RayZMax: folds 
MrsBond726: calls $0.04
zmt48: calls $0.03
*** FLOP *** [4c 8d 2d]
MrsBond726: checks 
zmt48: bets $0.10
KoledubS86: calls $0.10
Dorex2007: folds 
MrsBond726: calls $0.10
*** TURN *** [4c 8d 2d] [Qh]
MrsBond726: checks 
zmt48: checks 
KoledubS86: checks 
*** RIVER *** [4c 8d 2d Qh] [Js]
MrsBond726: bets $0.24
zmt48: folds 
KoledubS86: folds 
Uncalled bet ($0.24) returned to MrsBond726
MrsBond726 collected $0.48 from pot
MrsBond726: doesn't show hand 
*** SUMMARY ***
Total pot $0.50 | Rake $0.02 
Board [4c 8d 2d Qh Js]
Seat 1: Meyo010 folded before Flop (didn't bet)
Seat 2: RayZMax (button) folded before Flop (didn't bet)
Seat 3: MrsBond726 (small blind) collected ($0.48)
Seat 4: zmt48 (big blind) folded on the River
Seat 5: Smitov folded before Flop (didn't bet)
Seat 6: KoledubS86 folded on the River
Seat 7: gabrielmalet folded before Flop (didn't bet)
Seat 8: Dorex2007 folded on the Flop
Seat 9: chacalay1 folded before Flop (didn't bet)



PokerStars Hand #230187907130:  Hold'em No Limit ($0.01/$0.02 USD) - 2021/09/27 16:47:28 PT [2021/09/27 19:47:28 ET]
Table 'Circe II' 9-max Seat #3 is the button
Seat 1: Meyo010 ($1.81 in chips) 
Seat 2: RayZMax ($2.14 in chips) 
Seat 3: MrsBond726 ($1.71 in chips) 
Seat 4: zmt48 ($0.61 in chips) 
Seat 5: Smitov ($2.04 in chips) 
Seat 6: KoledubS86 ($1.66 in chips) 
Seat 7: gabrielmalet ($2.18 in chips) 
Seat 8: Dorex2007 ($2.60 in chips) 
Seat 9: chacalay1 ($1.67 in chips) 
zmt48: posts small blind $0.01
Smitov: posts big blind $0.02
*** HOLE CARDS ***
Dealt to Dorex2007 [7c 5c]
KoledubS86: folds 
gabrielmalet: folds 
Dorex2007: folds 
chacalay1: folds 
Meyo010: calls $0.02
RayZMax: folds 
MrsBond726: folds 
zmt48: calls $0.01
Smitov: checks 
*** FLOP *** [6d 3h 6c]
zmt48: checks 
Smitov: checks 
Meyo010: checks 
*** TURN *** [6d 3h 6c] [Tc]
zmt48: checks 
Smitov: checks 
Meyo010: bets $0.02
zmt48: folds 
Smitov: folds 
Uncalled bet ($0.02) returned to Meyo010
Meyo010 collected $0.06 from pot
*** SUMMARY ***
Total pot $0.06 | Rake $0 
Board [6d 3h 6c Tc]
Seat 1: Meyo010 collected ($0.06)
Seat 2: RayZMax folded before Flop (didn't bet)
Seat 3: MrsBond726 (button) folded before Flop (didn't bet)
Seat 4: zmt48 (small blind) folded on the Turn
Seat 5: Smitov (big blind) folded on the Turn
Seat 6: KoledubS86 folded before Flop (didn't bet)
Seat 7: gabrielmalet folded before Flop (didn't bet)
Seat 8: Dorex2007 folded before Flop (didn't bet)
Seat 9: chacalay1 folded before Flop (didn't bet)



PokerStars Hand #230187924461:  Hold'em No Limit ($0.01/$0.02 USD) - 2021/09/27 16:48:30 PT [2021/09/27 19:48:30 ET]
Table 'Circe II' 9-max Seat #4 is the button
Seat 1: Meyo010 ($1.85 in chips) 
Seat 2: RayZMax ($2.14 in chips) 
Seat 3: MrsBond726 ($1.71 in chips) 
Seat 4: zmt48 ($0.59 in chips) 
Seat 5: Smitov ($2.02 in chips) 
Seat 6: KoledubS86 ($1.66 in chips) 
Seat 7: gabrielmalet ($2.18 in chips) 
Seat 8: Dorex2007 ($2.60 in chips) 
Seat 9: chacalay1 ($1.67 in chips) 
Smitov: posts small blind $0.01
KoledubS86: posts big blind $0.02
*** HOLE CARDS ***
Dealt to Dorex2007 [Ah 9d]
gabrielmalet: folds 
Dorex2007: folds 
chacalay1: raises $0.04 to $0.06
Meyo010: folds 
RayZMax: folds 
MrsBond726: folds 
zmt48: raises $0.15 to $0.21
Smitov: folds 
KoledubS86: folds 
chacalay1: folds 
Uncalled bet ($0.15) returned to zmt48
zmt48 collected $0.15 from pot
zmt48: doesn't show hand 
*** SUMMARY ***
Total pot $0.15 | Rake $0 
Seat 1: Meyo010 folded before Flop (didn't bet)
Seat 2: RayZMax folded before Flop (didn't bet)
Seat 3: MrsBond726 folded before Flop (didn't bet)
Seat 4: zmt48 (button) collected ($0.15)
Seat 5: Smitov (small blind) folded before Flop
Seat 6: KoledubS86 (big blind) folded before Flop
Seat 7: gabrielmalet folded before Flop (didn't bet)
Seat 8: Dorex2007 folded before Flop (didn't bet)
Seat 9: chacalay1 folded before Flop



PokerStars Hand #230187937592:  Hold'em No Limit ($0.01/$0.02 USD) - 2021/09/27 16:49:16 PT [2021/09/27 19:49:16 ET]
Table 'Circe II' 9-max Seat #5 is the button
Seat 1: Meyo010 ($1.85 in chips) 
Seat 2: RayZMax ($2.14 in chips) 
Seat 3: MrsBond726 ($1.71 in chips) 
Seat 4: zmt48 ($0.68 in chips) 
Seat 5: Smitov ($2.01 in chips) 
Seat 6: KoledubS86 ($1.64 in chips) 
Seat 7: gabrielmalet ($2.18 in chips) 
Seat 8: Dorex2007 ($2.60 in chips) 
Seat 9: chacalay1 ($1.61 in chips) 
KoledubS86: posts small blind $0.01
gabrielmalet: posts big blind $0.02
*** HOLE CARDS ***
Dealt to Dorex2007 [2c As]
Dorex2007: folds 
chacalay1: raises $0.04 to $0.06
Meyo010: folds 
RayZMax: folds 
MrsBond726: folds 
zmt48: calls $0.06
Smitov: folds 
KoledubS86: folds 
gabrielmalet: folds 
*** FLOP *** [Jh 2d Kc]
chacalay1: bets $0.08
zmt48: folds 
Uncalled bet ($0.08) returned to chacalay1
chacalay1 collected $0.14 from pot
chacalay1: doesn't show hand 
*** SUMMARY ***
Total pot $0.15 | Rake $0.01 
Board [Jh 2d Kc]
Seat 1: Meyo010 folded before Flop (didn't bet)
Seat 2: RayZMax folded before Flop (didn't bet)
Seat 3: MrsBond726 folded before Flop (didn't bet)
Seat 4: zmt48 folded on the Flop
Seat 5: Smitov (button) folded before Flop (didn't bet)
Seat 6: KoledubS86 (small blind) folded before Flop
Seat 7: gabrielmalet (big blind) folded before Flop
Seat 8: Dorex2007 folded before Flop (didn't bet)
Seat 9: chacalay1 collected ($0.14)



PokerStars Hand #230187947512:  Hold'em No Limit ($0.01/$0.02 USD) - 2021/09/27 16:49:52 PT [2021/09/27 19:49:52 ET]
Table 'Circe II' 9-max Seat #6 is the button
Seat 1: Meyo010 ($1.85 in chips) 
Seat 2: RayZMax ($2.14 in chips) 
Seat 3: MrsBond726 ($1.71 in chips) 
Seat 4: zmt48 ($0.62 in chips) 
Seat 5: Smitov ($2.01 in chips) 
Seat 6: KoledubS86 ($1.63 in chips) 
Seat 7: gabrielmalet ($2.16 in chips) 
Seat 8: Dorex2007 ($2.60 in chips) 
Seat 9: chacalay1 ($1.69 in chips) 
gabrielmalet: posts small blind $0.01
Dorex2007: posts big blind $0.02
*** HOLE CARDS ***
Dealt to Dorex2007 [8d Qc]
chacalay1: folds 
Meyo010: folds 
RayZMax: folds 
MrsBond726: folds 
zmt48: folds 
Smitov: folds 
KoledubS86: raises $0.02 to $0.04
gabrielmalet: raises $0.08 to $0.12
Dorex2007: folds 
KoledubS86: calls $0.08
*** FLOP *** [2h 3c Jc]
gabrielmalet: bets $0.12
KoledubS86: calls $0.12
*** TURN *** [2h 3c Jc] [Qs]
gabrielmalet: checks 
KoledubS86: bets $0.36
gabrielmalet: folds 
Uncalled bet ($0.36) returned to KoledubS86
KoledubS86 collected $0.48 from pot
*** SUMMARY ***
Total pot $0.50 | Rake $0.02 
Board [2h 3c Jc Qs]
Seat 1: Meyo010 folded before Flop (didn't bet)
Seat 2: RayZMax folded before Flop (didn't bet)
Seat 3: MrsBond726 folded before Flop (didn't bet)
Seat 4: zmt48 folded before Flop (didn't bet)
Seat 5: Smitov folded before Flop (didn't bet)
Seat 6: KoledubS86 (button) collected ($0.48)
Seat 7: gabrielmalet (small blind) folded on the Turn
Seat 8: Dorex2007 (big blind) folded before Flop
Seat 9: chacalay1 folded before Flop (didn't bet)



PokerStars Hand #230187970001:  Hold'em No Limit ($0.01/$0.02 USD) - 2021/09/27 16:51:13 PT [2021/09/27 19:51:13 ET]
Table 'Circe II' 9-max Seat #7 is the button
Seat 1: Meyo010 ($1.85 in chips) 
Seat 2: RayZMax ($2.14 in chips) 
Seat 3: MrsBond726 ($1.71 in chips) 
Seat 4: zmt48 ($0.62 in chips) 
Seat 5: Smitov ($2.01 in chips) 
Seat 6: KoledubS86 ($1.87 in chips) 
Seat 7: gabrielmalet ($1.92 in chips) 
Seat 8: Dorex2007 ($2.58 in chips) 
Seat 9: chacalay1 ($1.69 in chips) 
Dorex2007: posts small blind $0.01
chacalay1: posts big blind $0.02
*** HOLE CARDS ***
Dealt to Dorex2007 [7s Tc]
Meyo010: calls $0.02
RayZMax: raises $0.06 to $0.08
MrsBond726: folds 
zmt48: folds 
Smitov: folds 
KoledubS86: calls $0.08
gabrielmalet: folds 
Dorex2007: folds 
chacalay1: calls $0.06
Meyo010: calls $0.06
*** FLOP *** [5c Jh Qd]
chacalay1: checks 
Meyo010: checks 
RayZMax: bets $0.16
KoledubS86: calls $0.16
chacalay1: folds 
Meyo010: folds 
*** TURN *** [5c Jh Qd] [7d]
RayZMax: bets $0.42
KoledubS86: calls $0.42
*** RIVER *** [5c Jh Qd 7d] [5s]
RayZMax: checks 
KoledubS86: checks 
*** SHOW DOWN ***
RayZMax: shows [Qh Ah] (two pair, Queens and Fives)
KoledubS86: mucks hand 
RayZMax collected $1.44 from pot
*** SUMMARY ***
Total pot $1.49 | Rake $0.05 
Board [5c Jh Qd 7d 5s]
Seat 1: Meyo010 folded on the Flop
Seat 2: RayZMax showed [Qh Ah] and won ($1.44) with two pair, Queens and Fives
Seat 3: MrsBond726 folded before Flop (didn't bet)
Seat 4: zmt48 folded before Flop (didn't bet)
Seat 5: Smitov folded before Flop (didn't bet)
Seat 6: KoledubS86 mucked [Jd Ad]
Seat 7: gabrielmalet (button) folded before Flop (didn't bet)
Seat 8: Dorex2007 (small blind) folded before Flop
Seat 9: chacalay1 (big blind) folded on the Flop



PokerStars Hand #230187987218:  Hold'em No Limit ($0.01/$0.02 USD) - 2021/09/27 16:52:16 PT [2021/09/27 19:52:16 ET]
Table 'Circe II' 9-max Seat #8 is the button
Seat 1: Meyo010 ($1.77 in chips) 
Seat 2: RayZMax ($2.92 in chips) 
Seat 3: MrsBond726 ($1.71 in chips) 
Seat 4: zmt48 ($0.62 in chips) 
Seat 5: Smitov ($2.01 in chips) 
Seat 6: KoledubS86 ($1.21 in chips) 
Seat 7: gabrielmalet ($1.92 in chips) 
Seat 8: Dorex2007 ($2.57 in chips) 
Seat 9: chacalay1 ($1.61 in chips) 
chacalay1: posts small blind $0.01
Meyo010: posts big blind $0.02
*** HOLE CARDS ***
Dealt to Dorex2007 [2h Kd]
RayZMax: raises $0.04 to $0.06
MrsBond726: folds 
zmt48: folds 
Smitov: folds 
KoledubS86: folds 
gabrielmalet: folds 
Dorex2007: folds 
chacalay1: folds 
Meyo010: calls $0.04
*** FLOP *** [2d 3c 4d]
Meyo010: checks 
RayZMax: bets $0.07
Meyo010: calls $0.07
*** TURN *** [2d 3c 4d] [9s]
Meyo010: checks 
RayZMax: bets $0.17
Meyo010: folds 
Uncalled bet ($0.17) returned to RayZMax
RayZMax collected $0.26 from pot
RayZMax: doesn't show hand 
*** SUMMARY ***
Total pot $0.27 | Rake $0.01 
Board [2d 3c 4d 9s]
Seat 1: Meyo010 (big blind) folded on the Turn
Seat 2: RayZMax collected ($0.26)
Seat 3: MrsBond726 folded before Flop (didn't bet)
Seat 4: zmt48 folded before Flop (didn't bet)
Seat 5: Smitov folded before Flop (didn't bet)
Seat 6: KoledubS86 folded before Flop (didn't bet)
Seat 7: gabrielmalet folded before Flop (didn't bet)
Seat 8: Dorex2007 (button) folded before Flop (didn't bet)
Seat 9: chacalay1 (small blind) folded before Flop



PokerStars Hand #230187998525:  Hold'em No Limit ($0.01/$0.02 USD) - 2021/09/27 16:52:57 PT [2021/09/27 19:52:57 ET]
Table 'Circe II' 9-max Seat #9 is the button
Seat 1: Meyo010 ($1.64 in chips) 
Seat 2: RayZMax ($3.05 in chips) 
Seat 3: MrsBond726 ($1.71 in chips) 
Seat 4: zmt48 ($0.62 in chips) 
Seat 5: Smitov ($2.01 in chips) 
Seat 6: KoledubS86 ($1.21 in chips) 
Seat 7: gabrielmalet ($1.92 in chips) 
Seat 8: Dorex2007 ($2.57 in chips) 
Seat 9: chacalay1 ($1.60 in chips) 
Meyo010: posts small blind $0.01
RayZMax: posts big blind $0.02
*** HOLE CARDS ***
Dealt to Dorex2007 [Ah 3s]
MrsBond726: folds 
zmt48: folds 
Smitov: raises $0.04 to $0.06
KoledubS86: folds 
gabrielmalet: folds 
Dorex2007: folds 
chacalay1: calls $0.06
Meyo010: calls $0.05
RayZMax: folds 
*** FLOP *** [7h Qs As]
Meyo010: checks 
Smitov: bets $0.10
chacalay1: folds 
Meyo010: folds 
Uncalled bet ($0.10) returned to Smitov
Smitov collected $0.19 from pot
Smitov: doesn't show hand 
*** SUMMARY ***
Total pot $0.20 | Rake $0.01 
Board [7h Qs As]
Seat 1: Meyo010 (small blind) folded on the Flop
Seat 2: RayZMax (big blind) folded before Flop
Seat 3: MrsBond726 folded before Flop (didn't bet)
Seat 4: zmt48 folded before Flop (didn't bet)
Seat 5: Smitov collected ($0.19)
Seat 6: KoledubS86 folded before Flop (didn't bet)
Seat 7: gabrielmalet folded before Flop (didn't bet)
Seat 8: Dorex2007 folded before Flop (didn't bet)
Seat 9: chacalay1 (button) folded on the Flop



PokerStars Hand #230188015236:  Hold'em No Limit ($0.01/$0.02 USD) - 2021/09/27 16:53:59 PT [2021/09/27 19:53:59 ET]
Table 'Circe II' 9-max Seat #1 is the button
Seat 1: Meyo010 ($1.58 in chips) 
Seat 2: RayZMax ($3.03 in chips) 
Seat 3: MrsBond726 ($1.71 in chips) 
Seat 4: zmt48 ($0.62 in chips) 
Seat 5: Smitov ($2.14 in chips) 
Seat 6: KoledubS86 ($1.21 in chips) 
Seat 7: gabrielmalet ($1.92 in chips) 
Seat 8: Dorex2007 ($2.57 in chips) 
Seat 9: chacalay1 ($1.54 in chips) 
RayZMax: posts small blind $0.01
MrsBond726: posts big blind $0.02
*** HOLE CARDS ***
Dealt to Dorex2007 [6d 3d]
zmt48: folds 
Smitov: folds 
KoledubS86: raises $0.02 to $0.04
gabrielmalet: folds 
Dorex2007: folds 
chacalay1: raises $0.10 to $0.14
Meyo010: folds 
RayZMax: folds 
MrsBond726: folds 
KoledubS86: folds 
Uncalled bet ($0.10) returned to chacalay1
chacalay1 collected $0.11 from pot
chacalay1: doesn't show hand 
*** SUMMARY ***
Total pot $0.11 | Rake $0 
Seat 1: Meyo010 (button) folded before Flop (didn't bet)
Seat 2: RayZMax (small blind) folded before Flop
Seat 3: MrsBond726 (big blind) folded before Flop
Seat 4: zmt48 folded before Flop (didn't bet)
Seat 5: Smitov folded before Flop (didn't bet)
Seat 6: KoledubS86 folded before Flop
Seat 7: gabrielmalet folded before Flop (didn't bet)
Seat 8: Dorex2007 folded before Flop (didn't bet)
Seat 9: chacalay1 collected ($0.11)



PokerStars Hand #230188023624:  Hold'em No Limit ($0.01/$0.02 USD) - 2021/09/27 16:54:30 PT [2021/09/27 19:54:30 ET]
Table 'Circe II' 9-max Seat #2 is the button
Seat 1: Meyo010 ($1.58 in chips) 
Seat 2: RayZMax ($3.02 in chips) 
Seat 3: MrsBond726 ($1.69 in chips) 
Seat 4: zmt48 ($0.62 in chips) 
Seat 5: Smitov ($2.14 in chips) 
Seat 6: KoledubS86 ($1.17 in chips) 
Seat 7: gabrielmalet ($1.92 in chips) 
Seat 8: Dorex2007 ($2.57 in chips) 
Seat 9: chacalay1 ($1.61 in chips) 
MrsBond726: posts small blind $0.01
zmt48: posts big blind $0.02
*** HOLE CARDS ***
Dealt to Dorex2007 [7h 3h]
Smitov: folds 
KoledubS86: folds 
gabrielmalet: folds 
Dorex2007: folds 
chacalay1: folds 
Meyo010: calls $0.02
RayZMax: folds 
MrsBond726: folds 
zmt48: checks 
*** FLOP *** [5h 6d Jd]
zmt48: checks 
Meyo010: checks 
*** TURN *** [5h 6d Jd] [9s]
zmt48: checks 
Meyo010: checks 
*** RIVER *** [5h 6d Jd 9s] [2d]
zmt48: checks 
Meyo010: checks 
*** SHOW DOWN ***
zmt48: shows [Ts 8c] (high card Jack)
Meyo010: shows [4c Qd] (high card Queen)
Meyo010 collected $0.05 from pot
*** SUMMARY ***
Total pot $0.05 | Rake $0 
Board [5h 6d Jd 9s 2d]
Seat 1: Meyo010 showed [4c Qd] and won ($0.05) with high card Queen
Seat 2: RayZMax (button) folded before Flop (didn't bet)
Seat 3: MrsBond726 (small blind) folded before Flop
Seat 4: zmt48 (big blind) showed [Ts 8c] and lost with high card Jack
Seat 5: Smitov folded before Flop (didn't bet)
Seat 6: KoledubS86 folded before Flop (didn't bet)
Seat 7: gabrielmalet folded before Flop (didn't bet)
Seat 8: Dorex2007 folded before Flop (didn't bet)
Seat 9: chacalay1 folded before Flop (didn't bet)



PokerStars Hand #230188039595:  Hold'em No Limit ($0.01/$0.02 USD) - 2021/09/27 16:55:12 PT [2021/09/27 19:55:12 ET]
Table 'Circe II' 9-max Seat #3 is the button
Seat 1: Meyo010 ($1.61 in chips) 
Seat 2: RayZMax ($3.02 in chips) 
Seat 3: MrsBond726 ($1.68 in chips) 
Seat 4: zmt48 ($0.60 in chips) 
Seat 5: Smitov ($2.14 in chips) 
Seat 6: KoledubS86 ($1.17 in chips) 
Seat 7: gabrielmalet ($1.92 in chips) 
Seat 8: Dorex2007 ($2.57 in chips) 
Seat 9: chacalay1 ($1.61 in chips) 
zmt48: posts small blind $0.01
Smitov: posts big blind $0.02
*** HOLE CARDS ***
Dealt to Dorex2007 [2s Kd]
KoledubS86: raises $0.03 to $0.05
gabrielmalet: folds 
Dorex2007: folds 
chacalay1: folds 
Meyo010: folds 
RayZMax: folds 
MrsBond726: folds 
zmt48: folds 
Smitov: folds 
Uncalled bet ($0.03) returned to KoledubS86
KoledubS86 collected $0.05 from pot
*** SUMMARY ***
Total pot $0.05 | Rake $0 
Seat 1: Meyo010 folded before Flop (didn't bet)
Seat 2: RayZMax folded before Flop (didn't bet)
Seat 3: MrsBond726 (button) folded before Flop (didn't bet)
Seat 4: zmt48 (small blind) folded before Flop
Seat 5: Smitov (big blind) folded before Flop
Seat 6: KoledubS86 collected ($0.05)
Seat 7: gabrielmalet folded before Flop (didn't bet)
Seat 8: Dorex2007 folded before Flop (didn't bet)
Seat 9: chacalay1 folded before Flop (didn't bet)



PokerStars Hand #230188044692:  Hold'em No Limit ($0.01/$0.02 USD) - 2021/09/27 16:55:34 PT [2021/09/27 19:55:34 ET]
Table 'Circe II' 9-max Seat #4 is the button
Seat 1: Meyo010 ($1.61 in chips) 
Seat 2: RayZMax ($3.02 in chips) 
Seat 3: MrsBond726 ($1.68 in chips) 
Seat 4: zmt48 ($0.59 in chips) 
Seat 5: Smitov ($2.12 in chips) 
Seat 6: KoledubS86 ($1.20 in chips) 
Seat 7: gabrielmalet ($1.92 in chips) 
Seat 8: Dorex2007 ($2.57 in chips) 
Seat 9: chacalay1 ($1.61 in chips) 
Smitov: posts small blind $0.01
KoledubS86: posts big blind $0.02
*** HOLE CARDS ***
Dealt to Dorex2007 [Th 7c]
gabrielmalet: folds 
Dorex2007: folds 
chacalay1: raises $0.04 to $0.06
Meyo010: folds 
RayZMax: folds 
MrsBond726: folds 
zmt48: calls $0.06
Smitov: folds 
KoledubS86: calls $0.04
*** FLOP *** [3s 9s Qs]
KoledubS86: checks 
chacalay1: bets $0.10
zmt48: calls $0.10
KoledubS86: calls $0.10
*** TURN *** [3s 9s Qs] [Ts]
KoledubS86: checks 
chacalay1: checks 
zmt48: checks 
*** RIVER *** [3s 9s Qs Ts] [6d]
KoledubS86: bets $0.24
chacalay1: folds 
zmt48: folds 
Uncalled bet ($0.24) returned to KoledubS86
KoledubS86 collected $0.47 from pot
*** SUMMARY ***
Total pot $0.49 | Rake $0.02 
Board [3s 9s Qs Ts 6d]
Seat 1: Meyo010 folded before Flop (didn't bet)
Seat 2: RayZMax folded before Flop (didn't bet)
Seat 3: MrsBond726 folded before Flop (didn't bet)
Seat 4: zmt48 (button) folded on the River
Seat 5: Smitov (small blind) folded before Flop
Seat 6: KoledubS86 (big blind) collected ($0.47)
Seat 7: gabrielmalet folded before Flop (didn't bet)
Seat 8: Dorex2007 folded before Flop (didn't bet)
Seat 9: chacalay1 folded on the River



PokerStars Hand #230188068086:  Hold'em No Limit ($0.01/$0.02 USD) - 2021/09/27 16:56:54 PT [2021/09/27 19:56:54 ET]
Table 'Circe II' 9-max Seat #5 is the button
Seat 1: Meyo010 ($1.61 in chips) 
Seat 2: RayZMax ($3.02 in chips) 
Seat 3: MrsBond726 ($1.68 in chips) 
Seat 4: zmt48 ($0.43 in chips) 
Seat 5: Smitov ($2.11 in chips) 
Seat 6: KoledubS86 ($1.51 in chips) 
Seat 7: gabrielmalet ($1.92 in chips) 
Seat 8: Dorex2007 ($2.57 in chips) 
Seat 9: chacalay1 ($1.45 in chips) 
KoledubS86: posts small blind $0.01
gabrielmalet: posts big blind $0.02
*** HOLE CARDS ***
Dealt to Dorex2007 [2d 8c]
Dorex2007: folds 
chacalay1: folds 
Meyo010: folds 
RayZMax: folds 
MrsBond726: raises $0.03 to $0.05
zmt48: folds 
Smitov: folds 
KoledubS86: calls $0.04
gabrielmalet: folds 
*** FLOP *** [5h 2s Ah]
KoledubS86: checks 
MrsBond726: checks 
*** TURN *** [5h 2s Ah] [9c]
KoledubS86: bets $0.06
MrsBond726: calls $0.06
*** RIVER *** [5h 2s Ah 9c] [9h]
KoledubS86: bets $0.10
MrsBond726: folds 
Uncalled bet ($0.10) returned to KoledubS86
KoledubS86 collected $0.23 from pot
*** SUMMARY ***
Total pot $0.24 | Rake $0.01 
Board [5h 2s Ah 9c 9h]
Seat 1: Meyo010 folded before Flop (didn't bet)
Seat 2: RayZMax folded before Flop (didn't bet)
Seat 3: MrsBond726 folded on the River
Seat 4: zmt48 folded before Flop (didn't bet)
Seat 5: Smitov (button) folded before Flop (didn't bet)
Seat 6: KoledubS86 (small blind) collected ($0.23)
Seat 7: gabrielmalet (big blind) folded before Flop
Seat 8: Dorex2007 folded before Flop (didn't bet)
Seat 9: chacalay1 folded before Flop (didn't bet)



PokerStars Hand #230188083991:  Hold'em No Limit ($0.01/$0.02 USD) - 2021/09/27 16:58:04 PT [2021/09/27 19:58:04 ET]
Table 'Circe II' 9-max Seat #6 is the button
Seat 1: Meyo010 ($1.61 in chips) 
Seat 2: RayZMax ($3.02 in chips) 
Seat 3: MrsBond726 ($1.57 in chips) 
Seat 4: zmt48 ($0.43 in chips) 
Seat 5: Smitov ($2.11 in chips) 
Seat 6: KoledubS86 ($1.63 in chips) 
Seat 7: gabrielmalet ($1.90 in chips) 
Seat 8: Dorex2007 ($2.57 in chips) 
Seat 9: chacalay1 ($1.45 in chips) 
gabrielmalet: posts small blind $0.01
Dorex2007: posts big blind $0.02
*** HOLE CARDS ***
Dealt to Dorex2007 [8h 4s]
chacalay1: folds 
Meyo010: folds 
RayZMax: folds 
MrsBond726: raises $0.03 to $0.05
zmt48: folds 
Smitov: folds 
KoledubS86: calls $0.05
gabrielmalet: folds 
Dorex2007: folds 
*** FLOP *** [6h 3c Qh]
MrsBond726: bets $0.07
KoledubS86: calls $0.07
*** TURN *** [6h 3c Qh] [3s]
MrsBond726: checks 
KoledubS86: checks 
*** RIVER *** [6h 3c Qh 3s] [5c]
MrsBond726: checks 
KoledubS86: bets $0.20
MrsBond726: folds 
Uncalled bet ($0.20) returned to KoledubS86
KoledubS86 collected $0.26 from pot
*** SUMMARY ***
Total pot $0.27 | Rake $0.01 
Board [6h 3c Qh 3s 5c]
Seat 1: Meyo010 folded before Flop (didn't bet)
Seat 2: RayZMax folded before Flop (didn't bet)
Seat 3: MrsBond726 folded on the River
Seat 4: zmt48 folded before Flop (didn't bet)
Seat 5: Smitov folded before Flop (didn't bet)
Seat 6: KoledubS86 (button) collected ($0.26)
Seat 7: gabrielmalet (small blind) folded before Flop
Seat 8: Dorex2007 (big blind) folded before Flop
Seat 9: chacalay1 folded before Flop (didn't bet)



PokerStars Hand #230188094795:  Hold'em No Limit ($0.01/$0.02 USD) - 2021/09/27 16:58:51 PT [2021/09/27 19:58:51 ET]
Table 'Circe II' 9-max Seat #7 is the button
Seat 1: Meyo010 ($1.61 in chips) 
Seat 2: RayZMax ($3.02 in chips) 
Seat 3: MrsBond726 ($1.45 in chips) 
Seat 4: zmt48 ($0.43 in chips) 
Seat 5: Smitov ($2.11 in chips) 
Seat 6: KoledubS86 ($1.77 in chips) 
Seat 7: gabrielmalet ($1.89 in chips) 
Seat 8: Dorex2007 ($2.55 in chips) 
Seat 9: chacalay1 ($1.45 in chips) 
Dorex2007: posts small blind $0.01
chacalay1: posts big blind $0.02
*** HOLE CARDS ***
Dealt to Dorex2007 [Ad As]
Meyo010: calls $0.02
RayZMax: folds 
MrsBond726: folds 
zmt48: folds 
Smitov: folds 
KoledubS86: folds 
gabrielmalet: folds 
Dorex2007: raises $0.04 to $0.06
chacalay1: folds 
Meyo010: calls $0.04
*** FLOP *** [2s Kd 8s]
Dorex2007: checks 
Meyo010: checks 
*** TURN *** [2s Kd 8s] [Jd]
Dorex2007: bets $0.09
Meyo010: calls $0.09
*** RIVER *** [2s Kd 8s Jd] [Ah]
Dorex2007: bets $0.46
Meyo010: folds 
Uncalled bet ($0.46) returned to Dorex2007
Dorex2007 collected $0.31 from pot
Dorex2007: doesn't show hand 
*** SUMMARY ***
Total pot $0.32 | Rake $0.01 
Board [2s Kd 8s Jd Ah]
Seat 1: Meyo010 folded on the River
Seat 2: RayZMax folded before Flop (didn't bet)
Seat 3: MrsBond726 folded before Flop (didn't bet)
Seat 4: zmt48 folded before Flop (didn't bet)
Seat 5: Smitov folded before Flop (didn't bet)
Seat 6: KoledubS86 folded before Flop (didn't bet)
Seat 7: gabrielmalet (button) folded before Flop (didn't bet)
Seat 8: Dorex2007 (small blind) collected ($0.31)
Seat 9: chacalay1 (big blind) folded before Flop



PokerStars Hand #230188110020:  Hold'em No Limit ($0.01/$0.02 USD) - 2021/09/27 16:59:59 PT [2021/09/27 19:59:59 ET]
Table 'Circe II' 9-max Seat #8 is the button
Seat 1: Meyo010 ($1.46 in chips) 
Seat 2: RayZMax ($3.02 in chips) 
Seat 3: MrsBond726 ($2 in chips) 
Seat 4: zmt48 ($0.43 in chips) 
Seat 5: Smitov ($2.11 in chips) 
Seat 6: KoledubS86 ($1.77 in chips) 
Seat 7: gabrielmalet ($1.89 in chips) 
Seat 8: Dorex2007 ($2.71 in chips) 
Seat 9: chacalay1 ($1.43 in chips) 
chacalay1: posts small blind $0.01
Meyo010: posts big blind $0.02
*** HOLE CARDS ***
Dealt to Dorex2007 [2d Tc]
RayZMax: folds 
MrsBond726: folds 
zmt48: calls $0.02
Smitov: folds 
KoledubS86: folds 
gabrielmalet: folds 
Dorex2007: folds 
chacalay1: calls $0.01
Meyo010: checks 
*** FLOP *** [6d 4h Ad]
chacalay1: bets $0.08
Meyo010: calls $0.08
zmt48: folds 
*** TURN *** [6d 4h Ad] [Kh]
chacalay1: bets $0.14
Meyo010: folds 
Uncalled bet ($0.14) returned to chacalay1
chacalay1 collected $0.21 from pot
*** SUMMARY ***
Total pot $0.22 | Rake $0.01 
Board [6d 4h Ad Kh]
Seat 1: Meyo010 (big blind) folded on the Turn
Seat 2: RayZMax folded before Flop (didn't bet)
Seat 3: MrsBond726 folded before Flop (didn't bet)
Seat 4: zmt48 folded on the Flop
Seat 5: Smitov folded before Flop (didn't bet)
Seat 6: KoledubS86 folded before Flop (didn't bet)
Seat 7: gabrielmalet folded before Flop (didn't bet)
Seat 8: Dorex2007 (button) folded before Flop (didn't bet)
Seat 9: chacalay1 (small blind) collected ($0.21)



PokerStars Hand #230188122219:  Hold'em No Limit ($0.01/$0.02 USD) - 2021/09/27 17:00:49 PT [2021/09/27 20:00:49 ET]
Table 'Circe II' 9-max Seat #9 is the button
Seat 1: Meyo010 ($1.36 in chips) 
Seat 2: RayZMax ($3.02 in chips) 
Seat 3: MrsBond726 ($2 in chips) 
Seat 4: zmt48 ($0.41 in chips) 
Seat 5: Smitov ($2.11 in chips) 
Seat 6: KoledubS86 ($1.77 in chips) 
Seat 7: gabrielmalet ($1.89 in chips) 
Seat 8: Dorex2007 ($2.71 in chips) 
Seat 9: chacalay1 ($1.54 in chips) 
Meyo010: posts small blind $0.01
RayZMax: posts big blind $0.02
*** HOLE CARDS ***
Dealt to Dorex2007 [2d As]
MrsBond726: folds 
zmt48: folds 
Smitov: raises $0.04 to $0.06
KoledubS86: folds 
gabrielmalet: folds 
Dorex2007: folds 
chacalay1: folds 
Meyo010: folds 
RayZMax: folds 
Uncalled bet ($0.04) returned to Smitov
Smitov collected $0.05 from pot
Smitov: doesn't show hand 
*** SUMMARY ***
Total pot $0.05 | Rake $0 
Seat 1: Meyo010 (small blind) folded before Flop
Seat 2: RayZMax (big blind) folded before Flop
Seat 3: MrsBond726 folded before Flop (didn't bet)
Seat 4: zmt48 folded before Flop (didn't bet)
Seat 5: Smitov collected ($0.05)
Seat 6: KoledubS86 folded before Flop (didn't bet)
Seat 7: gabrielmalet folded before Flop (didn't bet)
Seat 8: Dorex2007 folded before Flop (didn't bet)
Seat 9: chacalay1 (button) folded before Flop (didn't bet)



PokerStars Hand #230188128010:  Hold'em No Limit ($0.01/$0.02 USD) - 2021/09/27 17:01:12 PT [2021/09/27 20:01:12 ET]
Table 'Circe II' 9-max Seat #1 is the button
Seat 1: Meyo010 ($1.35 in chips) 
Seat 2: RayZMax ($3 in chips) 
Seat 3: MrsBond726 ($2 in chips) 
Seat 4: zmt48 ($0.41 in chips) 
Seat 5: Smitov ($2.14 in chips) 
Seat 6: KoledubS86 ($1.77 in chips) 
Seat 7: gabrielmalet ($1.89 in chips) 
Seat 8: Dorex2007 ($2.71 in chips) 
Seat 9: chacalay1 ($1.54 in chips) 
RayZMax: posts small blind $0.01
MrsBond726: posts big blind $0.02
*** HOLE CARDS ***
Dealt to Dorex2007 [7c Tc]
zmt48: folds 
Smitov: folds 
KoledubS86: raises $0.03 to $0.05
gabrielmalet: folds 
Dorex2007: folds 
chacalay1: calls $0.05
Meyo010: calls $0.05
RayZMax: folds 
MrsBond726: calls $0.03
*** FLOP *** [3d 8h Jc]
MrsBond726: bets $0.10
KoledubS86: calls $0.10
chacalay1: folds 
Meyo010: folds 
*** TURN *** [3d 8h Jc] [Qc]
MrsBond726: checks 
KoledubS86: bets $0.24
MrsBond726: calls $0.24
*** RIVER *** [3d 8h Jc Qc] [4c]
MrsBond726: checks 
KoledubS86: checks 
*** SHOW DOWN ***
MrsBond726: shows [8s Qs] (two pair, Queens and Eights)
KoledubS86: mucks hand 
MrsBond726 collected $0.86 from pot
*** SUMMARY ***
Total pot $0.89 | Rake $0.03 
Board [3d 8h Jc Qc 4c]
Seat 1: Meyo010 (button) folded on the Flop
Seat 2: RayZMax (small blind) folded before Flop
Seat 3: MrsBond726 (big blind) showed [8s Qs] and won ($0.86) with two pair, Queens and Eights
Seat 4: zmt48 folded before Flop (didn't bet)
Seat 5: Smitov folded before Flop (didn't bet)
Seat 6: KoledubS86 mucked [5s Js]
Seat 7: gabrielmalet folded before Flop (didn't bet)
Seat 8: Dorex2007 folded before Flop (didn't bet)
Seat 9: chacalay1 folded on the Flop



PokerStars Hand #230188146799:  Hold'em No Limit ($0.01/$0.02 USD) - 2021/09/27 17:02:23 PT [2021/09/27 20:02:23 ET]
Table 'Circe II' 9-max Seat #2 is the button
Seat 2: RayZMax ($2.99 in chips) 
Seat 3: MrsBond726 ($2.47 in chips) 
Seat 4: zmt48 ($0.41 in chips) 
Seat 5: Smitov ($2.14 in chips) 
Seat 6: KoledubS86 ($1.38 in chips) 
Seat 7: gabrielmalet ($1.89 in chips) 
Seat 8: Dorex2007 ($2.71 in chips) 
Seat 9: chacalay1 ($1.49 in chips) 
MrsBond726: posts small blind $0.01
zmt48: posts big blind $0.02
*** HOLE CARDS ***
Dealt to Dorex2007 [4c 5h]
Smitov: folds 
KoledubS86: raises $0.02 to $0.04
gabrielmalet: folds 
Dorex2007: folds 
chacalay1: folds 
RayZMax: folds 
MrsBond726: folds 
zmt48: calls $0.02
*** FLOP *** [3d 2c 8d]
zmt48: checks 
KoledubS86: checks 
*** TURN *** [3d 2c 8d] [9c]
zmt48: checks 
KoledubS86: checks 
*** RIVER *** [3d 2c 8d 9c] [Jc]
zmt48: checks 
KoledubS86: checks 
*** SHOW DOWN ***
zmt48: shows [Qs Kh] (high card King)
KoledubS86: shows [5s As] (high card Ace)
KoledubS86 collected $0.09 from pot
*** SUMMARY ***
Total pot $0.09 | Rake $0 
Board [3d 2c 8d 9c Jc]
Seat 2: RayZMax (button) folded before Flop (didn't bet)
Seat 3: MrsBond726 (small blind) folded before Flop
Seat 4: zmt48 (big blind) showed [Qs Kh] and lost with high card King
Seat 5: Smitov folded before Flop (didn't bet)
Seat 6: KoledubS86 showed [5s As] and won ($0.09) with high card Ace
Seat 7: gabrielmalet folded before Flop (didn't bet)
Seat 8: Dorex2007 folded before Flop (didn't bet)
Seat 9: chacalay1 folded before Flop (didn't bet)



PokerStars Hand #230188157121:  Hold'em No Limit ($0.01/$0.02 USD) - 2021/09/27 17:03:01 PT [2021/09/27 20:03:01 ET]
Table 'Circe II' 9-max Seat #3 is the button
Seat 2: RayZMax ($2.99 in chips) 
Seat 3: MrsBond726 ($2.46 in chips) 
Seat 4: zmt48 ($0.37 in chips) 
Seat 6: KoledubS86 ($1.43 in chips) 
Seat 7: gabrielmalet ($1.89 in chips) 
Seat 8: Dorex2007 ($2.71 in chips) 
Seat 9: chacalay1 ($1.49 in chips) 
zmt48: posts small blind $0.01
Smitov: is sitting out 
KoledubS86: posts big blind $0.02
*** HOLE CARDS ***
Dealt to Dorex2007 [2c Qs]
gabrielmalet: folds 
Dorex2007: folds 
chacalay1: folds 
RayZMax: folds 
MrsBond726: folds 
zmt48: calls $0.01
KoledubS86: checks 
*** FLOP *** [Js 7s 4s]
zmt48: checks 
KoledubS86: checks 
*** TURN *** [Js 7s 4s] [2s]
zmt48: checks 
KoledubS86: checks 
*** RIVER *** [Js 7s 4s 2s] [8s]
zmt48: checks 
KoledubS86: checks 
*** SHOW DOWN ***
zmt48: shows [Ah Th] (a flush, Jack high)
KoledubS86: shows [3c 8h] (a flush, Jack high)
zmt48 collected $0.02 from pot
KoledubS86 collected $0.02 from pot
*** SUMMARY ***
Total pot $0.04 | Rake $0 
Board [Js 7s 4s 2s 8s]
Seat 2: RayZMax folded before Flop (didn't bet)
Seat 3: MrsBond726 (button) folded before Flop (didn't bet)
Seat 4: zmt48 (small blind) showed [Ah Th] and won ($0.02) with a flush, Jack high
Seat 6: KoledubS86 (big blind) showed [3c 8h] and won ($0.02) with a flush, Jack high
Seat 7: gabrielmalet folded before Flop (didn't bet)
Seat 8: Dorex2007 folded before Flop (didn't bet)
Seat 9: chacalay1 folded before Flop (didn't bet)



PokerStars Hand #230188167403:  Hold'em No Limit ($0.01/$0.02 USD) - 2021/09/27 17:03:40 PT [2021/09/27 20:03:40 ET]
Table 'Circe II' 9-max Seat #4 is the button
Seat 2: RayZMax ($2.99 in chips) 
Seat 3: MrsBond726 ($2.46 in chips) 
Seat 4: zmt48 ($0.37 in chips) 
Seat 6: KoledubS86 ($1.43 in chips) 
Seat 7: gabrielmalet ($1.89 in chips) 
Seat 8: Dorex2007 ($2.71 in chips) 
Seat 9: chacalay1 ($1.49 in chips) 
KoledubS86: posts small blind $0.01
gabrielmalet: posts big blind $0.02
*** HOLE CARDS ***
Dealt to Dorex2007 [4s Qd]
Dorex2007: folds 
chacalay1: folds 
RayZMax: folds 
MrsBond726: folds 
zmt48: raises $0.05 to $0.07
KoledubS86: folds 
gabrielmalet: folds 
Uncalled bet ($0.05) returned to zmt48
zmt48 collected $0.05 from pot
zmt48: doesn't show hand 
*** SUMMARY ***
Total pot $0.05 | Rake $0 
Seat 2: RayZMax folded before Flop (didn't bet)
Seat 3: MrsBond726 folded before Flop (didn't bet)
Seat 4: zmt48 (button) collected ($0.05)
Seat 6: KoledubS86 (small blind) folded before Flop
Seat 7: gabrielmalet (big blind) folded before Flop
Seat 8: Dorex2007 folded before Flop (didn't bet)
Seat 9: chacalay1 folded before Flop (didn't bet)



PokerStars Hand #230188172227:  Hold'em No Limit ($0.01/$0.02 USD) - 2021/09/27 17:03:59 PT [2021/09/27 20:03:59 ET]
Table 'Circe II' 9-max Seat #6 is the button
Seat 2: RayZMax ($2.99 in chips) 
Seat 3: MrsBond726 ($2.46 in chips) 
Seat 4: zmt48 ($0.40 in chips) 
Seat 6: KoledubS86 ($1.42 in chips) 
Seat 7: gabrielmalet ($1.87 in chips) 
Seat 8: Dorex2007 ($2.71 in chips) 
Seat 9: chacalay1 ($1.49 in chips) 
gabrielmalet: posts small blind $0.01
Dorex2007: posts big blind $0.02
*** HOLE CARDS ***
Dealt to Dorex2007 [6d 4d]
chacalay1: folds 
RayZMax: folds 
MrsBond726: folds 
zmt48: raises $0.05 to $0.07
KoledubS86: folds 
gabrielmalet: folds 
Dorex2007: folds 
Uncalled bet ($0.05) returned to zmt48
zmt48 collected $0.05 from pot
zmt48: doesn't show hand 
*** SUMMARY ***
Total pot $0.05 | Rake $0 
Seat 2: RayZMax folded before Flop (didn't bet)
Seat 3: MrsBond726 folded before Flop (didn't bet)
Seat 4: zmt48 collected ($0.05)
Seat 6: KoledubS86 (button) folded before Flop (didn't bet)
Seat 7: gabrielmalet (small blind) folded before Flop
Seat 8: Dorex2007 (big blind) folded before Flop
Seat 9: chacalay1 folded before Flop (didn't bet)



