PokerStars Hand #233118071036:  Hold'em No Limit ($0.01/$0.02 USD) - 2022/01/14 2:20:14 PT [2022/01/14 5:20:14 ET]
Table 'Gismonda' 9-max Seat #6 is the button
Seat 1: GERA19811981 ($0.77 in chips) 
Seat 2: sascha788 ($2 in chips) 
Seat 3: Orange712 ($2.44 in chips) 
Seat 4: Taromsiti ($2.40 in chips) 
Seat 5: Dorex2007 ($2 in chips) 
Seat 6: ocrimus ($3.01 in chips) 
Seat 7: l3nnartdinho ($2.26 in chips) 
Seat 8: fagotik ($2.16 in chips) 
Seat 9: heureka3 ($0.95 in chips) 
l3nnartdinho: posts small blind $0.01
fagotik: posts big blind $0.02
Dorex2007: posts big blind $0.02
*** HOLE CARDS ***
Dealt to Dorex2007 [4h 4c]
heureka3: folds 
GERA19811981: folds 
sascha788: folds 
Orange712: folds 
Taromsiti: raises $0.04 to $0.06
Dorex2007: calls $0.04
ocrimus: calls $0.06
l3nnartdinho: folds 
fagotik: folds 
*** FLOP *** [4d 3d 2h]
Taromsiti: bets $0.10
Dorex2007: calls $0.10
ocrimus: folds 
*** TURN *** [4d 3d 2h] [8h]
Taromsiti: bets $0.20
Dorex2007: calls $0.20
*** RIVER *** [4d 3d 2h 8h] [Qd]
Taromsiti: bets $2.04 and is all-in
Dorex2007: folds 
Uncalled bet ($2.04) returned to Taromsiti
Taromsiti collected $0.78 from pot
Taromsiti: doesn't show hand 
*** SUMMARY ***
Total pot $0.81 | Rake $0.03 
Board [4d 3d 2h 8h Qd]
Seat 1: GERA19811981 folded before Flop (didn't bet)
Seat 2: sascha788 folded before Flop (didn't bet)
Seat 3: Orange712 folded before Flop (didn't bet)
Seat 4: Taromsiti collected ($0.78)
Seat 5: Dorex2007 folded on the River
Seat 6: ocrimus (button) folded on the Flop
Seat 7: l3nnartdinho (small blind) folded before Flop
Seat 8: fagotik (big blind) folded before Flop
Seat 9: heureka3 folded before Flop (didn't bet)



PokerStars Hand #233118084397:  Hold'em No Limit ($0.01/$0.02 USD) - 2022/01/14 2:21:10 PT [2022/01/14 5:21:10 ET]
Table 'Gismonda' 9-max Seat #7 is the button
Seat 1: GERA19811981 ($0.77 in chips) 
Seat 2: sascha788 ($2 in chips) 
Seat 3: Orange712 ($2.44 in chips) 
Seat 4: Taromsiti ($2.82 in chips) 
Seat 5: Dorex2007 ($2 in chips) 
Seat 6: ocrimus ($2.95 in chips) 
Seat 7: l3nnartdinho ($2.25 in chips) 
Seat 8: fagotik ($2.14 in chips) 
Seat 9: heureka3 ($0.95 in chips) 
fagotik: posts small blind $0.01
heureka3: posts big blind $0.02
*** HOLE CARDS ***
Dealt to Dorex2007 [Jc Qc]
GERA19811981: folds 
sascha788: folds 
Orange712: folds 
Taromsiti: folds 
Dorex2007: raises $0.04 to $0.06
ocrimus: folds 
l3nnartdinho: calls $0.06
fagotik: calls $0.05
heureka3: folds 
*** FLOP *** [Qd Ad Qh]
fagotik: checks 
Dorex2007: checks 
l3nnartdinho: bets $0.07
fagotik: folds 
Dorex2007: raises $0.11 to $0.18
l3nnartdinho: calls $0.11
*** TURN *** [Qd Ad Qh] [8c]
Dorex2007: bets $1.76 and is all-in
l3nnartdinho: folds 
Uncalled bet ($1.76) returned to Dorex2007
Dorex2007 collected $0.54 from pot
Dorex2007: doesn't show hand 
*** SUMMARY ***
Total pot $0.56 | Rake $0.02 
Board [Qd Ad Qh 8c]
Seat 1: GERA19811981 folded before Flop (didn't bet)
Seat 2: sascha788 folded before Flop (didn't bet)
Seat 3: Orange712 folded before Flop (didn't bet)
Seat 4: Taromsiti folded before Flop (didn't bet)
Seat 5: Dorex2007 collected ($0.54)
Seat 6: ocrimus folded before Flop (didn't bet)
Seat 7: l3nnartdinho (button) folded on the Turn
Seat 8: fagotik (small blind) folded on the Flop
Seat 9: heureka3 (big blind) folded before Flop



PokerStars Hand #233118102220:  Hold'em No Limit ($0.01/$0.02 USD) - 2022/01/14 2:22:23 PT [2022/01/14 5:22:23 ET]
Table 'Gismonda' 9-max Seat #8 is the button
Seat 1: GERA19811981 ($0.77 in chips) 
Seat 2: sascha788 ($2 in chips) 
Seat 3: Orange712 ($2.44 in chips) 
Seat 4: Taromsiti ($2.82 in chips) 
Seat 5: Dorex2007 ($2.30 in chips) 
Seat 6: ocrimus ($2.95 in chips) 
Seat 7: l3nnartdinho ($2.01 in chips) 
Seat 8: fagotik ($2.08 in chips) 
GERA19811981: posts small blind $0.01
sascha788: posts big blind $0.02
*** HOLE CARDS ***
Dealt to Dorex2007 [5s As]
Orange712: folds 
Taromsiti: folds 
Dorex2007: raises $0.02 to $0.04
ocrimus: raises $0.08 to $0.12
l3nnartdinho: folds 
fagotik: folds 
GERA19811981: folds 
sascha788: folds 
Dorex2007: folds 
Uncalled bet ($0.08) returned to ocrimus
ocrimus collected $0.11 from pot
ocrimus: doesn't show hand 
*** SUMMARY ***
Total pot $0.11 | Rake $0 
Seat 1: GERA19811981 (small blind) folded before Flop
Seat 2: sascha788 (big blind) folded before Flop
Seat 3: Orange712 folded before Flop (didn't bet)
Seat 4: Taromsiti folded before Flop (didn't bet)
Seat 5: Dorex2007 folded before Flop
Seat 6: ocrimus collected ($0.11)
Seat 7: l3nnartdinho folded before Flop (didn't bet)
Seat 8: fagotik (button) folded before Flop (didn't bet)



PokerStars Hand #233118106288:  Hold'em No Limit ($0.01/$0.02 USD) - 2022/01/14 2:22:40 PT [2022/01/14 5:22:40 ET]
Table 'Gismonda' 9-max Seat #1 is the button
Seat 1: GERA19811981 ($0.76 in chips) 
Seat 2: sascha788 ($2 in chips) 
Seat 3: Orange712 ($2.44 in chips) 
Seat 4: Taromsiti ($2.82 in chips) 
Seat 5: Dorex2007 ($2.26 in chips) 
Seat 6: ocrimus ($3.02 in chips) 
Seat 7: l3nnartdinho ($2.01 in chips) 
Seat 8: fagotik ($2.08 in chips) 
sascha788: posts small blind $0.01
Orange712: posts big blind $0.02
*** HOLE CARDS ***
Dealt to Dorex2007 [Tc Jd]
Taromsiti: calls $0.02
Dorex2007: folds 
ocrimus: folds 
l3nnartdinho: folds 
fagotik: folds 
fagotik leaves the table
GERA19811981: folds 
sascha788: folds 
Orange712: checks 
*** FLOP *** [7c 7h Jh]
Orange712: checks 
Taromsiti: bets $0.02
Orange712: folds 
Uncalled bet ($0.02) returned to Taromsiti
Taromsiti collected $0.05 from pot
*** SUMMARY ***
Total pot $0.05 | Rake $0 
Board [7c 7h Jh]
Seat 1: GERA19811981 (button) folded before Flop (didn't bet)
Seat 2: sascha788 (small blind) folded before Flop
Seat 3: Orange712 (big blind) folded on the Flop
Seat 4: Taromsiti collected ($0.05)
Seat 5: Dorex2007 folded before Flop (didn't bet)
Seat 6: ocrimus folded before Flop (didn't bet)
Seat 7: l3nnartdinho folded before Flop (didn't bet)
Seat 8: fagotik folded before Flop (didn't bet)



PokerStars Hand #233118115285:  Hold'em No Limit ($0.01/$0.02 USD) - 2022/01/14 2:23:16 PT [2022/01/14 5:23:16 ET]
Table 'Gismonda' 9-max Seat #2 is the button
Seat 1: GERA19811981 ($0.76 in chips) 
Seat 2: sascha788 ($2 in chips) 
Seat 3: Orange712 ($2.42 in chips) 
Seat 4: Taromsiti ($2.85 in chips) 
Seat 5: Dorex2007 ($2.26 in chips) 
Seat 6: ocrimus ($3.02 in chips) 
Seat 7: l3nnartdinho ($2.01 in chips) 
Orange712: posts small blind $0.01
Taromsiti: posts big blind $0.02
*** HOLE CARDS ***
Dealt to Dorex2007 [8s 2d]
Dorex2007: folds 
ocrimus: folds 
l3nnartdinho: calls $0.02
GERA19811981: folds 
sascha788: folds 
Orange712: calls $0.01
Taromsiti: checks 
*** FLOP *** [3d 5c Qc]
Orange712: bets $0.12
Taromsiti: folds 
l3nnartdinho: folds 
Uncalled bet ($0.12) returned to Orange712
Orange712 collected $0.06 from pot
Orange712: doesn't show hand 
*** SUMMARY ***
Total pot $0.06 | Rake $0 
Board [3d 5c Qc]
Seat 1: GERA19811981 folded before Flop (didn't bet)
Seat 2: sascha788 (button) folded before Flop (didn't bet)
Seat 3: Orange712 (small blind) collected ($0.06)
Seat 4: Taromsiti (big blind) folded on the Flop
Seat 5: Dorex2007 folded before Flop (didn't bet)
Seat 6: ocrimus folded before Flop (didn't bet)
Seat 7: l3nnartdinho folded on the Flop



PokerStars Hand #233118123132:  Hold'em No Limit ($0.01/$0.02 USD) - 2022/01/14 2:23:48 PT [2022/01/14 5:23:48 ET]
Table 'Gismonda' 9-max Seat #3 is the button
Seat 1: GERA19811981 ($0.76 in chips) 
Seat 2: sascha788 ($2 in chips) 
Seat 3: Orange712 ($2.46 in chips) 
Seat 4: Taromsiti ($2.83 in chips) 
Seat 5: Dorex2007 ($2.26 in chips) 
Seat 6: ocrimus ($3.02 in chips) 
Seat 7: l3nnartdinho ($1.99 in chips) 
Taromsiti: posts small blind $0.01
Dorex2007: posts big blind $0.02
*** HOLE CARDS ***
Dealt to Dorex2007 [4s 2c]
ocrimus: raises $0.04 to $0.06
l3nnartdinho: calls $0.06
GERA19811981: folds 
sascha788: folds 
Orange712: calls $0.06
Taromsiti: calls $0.05
Dorex2007: folds 
*** FLOP *** [3c 5c 5h]
dboulay1979 joins the table at seat #8 
Taromsiti: checks 
ocrimus: checks 
l3nnartdinho: bets $0.13
Orange712: folds 
Taromsiti: folds 
ocrimus: calls $0.13
*** TURN *** [3c 5c 5h] [9h]
ocrimus: checks 
l3nnartdinho: checks 
*** RIVER *** [3c 5c 5h 9h] [Js]
ocrimus: checks 
l3nnartdinho: checks 
*** SHOW DOWN ***
ocrimus: shows [Kc Qc] (a pair of Fives)
l3nnartdinho: shows [6h Ac] (a pair of Fives - Ace kicker)
l3nnartdinho collected $0.50 from pot
*** SUMMARY ***
Total pot $0.52 | Rake $0.02 
Board [3c 5c 5h 9h Js]
Seat 1: GERA19811981 folded before Flop (didn't bet)
Seat 2: sascha788 folded before Flop (didn't bet)
Seat 3: Orange712 (button) folded on the Flop
Seat 4: Taromsiti (small blind) folded on the Flop
Seat 5: Dorex2007 (big blind) folded before Flop
Seat 6: ocrimus showed [Kc Qc] and lost with a pair of Fives
Seat 7: l3nnartdinho showed [6h Ac] and won ($0.50) with a pair of Fives



PokerStars Hand #233118135807:  Hold'em No Limit ($0.01/$0.02 USD) - 2022/01/14 2:24:41 PT [2022/01/14 5:24:41 ET]
Table 'Gismonda' 9-max Seat #4 is the button
Seat 1: GERA19811981 ($0.76 in chips) 
Seat 2: sascha788 ($2 in chips) 
Seat 3: Orange712 ($2.40 in chips) 
Seat 4: Taromsiti ($2.77 in chips) 
Seat 5: Dorex2007 ($2.24 in chips) 
Seat 6: ocrimus ($2.83 in chips) 
Seat 7: l3nnartdinho ($2.30 in chips) 
Dorex2007: posts small blind $0.01
ocrimus: posts big blind $0.02
dboulay1979: sits out 
*** HOLE CARDS ***
Dealt to Dorex2007 [4h 2c]
l3nnartdinho: folds 
GERA19811981: folds 
sascha788: folds 
Orange712: folds 
Taromsiti: folds 
Dorex2007: folds 
Uncalled bet ($0.01) returned to ocrimus
ocrimus collected $0.02 from pot
ocrimus: doesn't show hand 
*** SUMMARY ***
Total pot $0.02 | Rake $0 
Seat 1: GERA19811981 folded before Flop (didn't bet)
Seat 2: sascha788 folded before Flop (didn't bet)
Seat 3: Orange712 folded before Flop (didn't bet)
Seat 4: Taromsiti (button) folded before Flop (didn't bet)
Seat 5: Dorex2007 (small blind) folded before Flop
Seat 6: ocrimus (big blind) collected ($0.02)
Seat 7: l3nnartdinho folded before Flop (didn't bet)



PokerStars Hand #233118139716:  Hold'em No Limit ($0.01/$0.02 USD) - 2022/01/14 2:24:57 PT [2022/01/14 5:24:57 ET]
Table 'Gismonda' 9-max Seat #5 is the button
Seat 1: GERA19811981 ($0.76 in chips) 
Seat 2: sascha788 ($2 in chips) 
Seat 3: Orange712 ($2.40 in chips) 
Seat 4: Taromsiti ($2.77 in chips) 
Seat 5: Dorex2007 ($2.23 in chips) 
Seat 6: ocrimus ($2.84 in chips) 
Seat 7: l3nnartdinho ($2.30 in chips) 
ocrimus: posts small blind $0.01
l3nnartdinho: posts big blind $0.02
dboulay1979: sits out 
*** HOLE CARDS ***
Dealt to Dorex2007 [Th 9h]
GERA19811981: calls $0.02
sascha788: raises $0.06 to $0.08
Orange712: folds 
Taromsiti: calls $0.08
Dorex2007: folds 
ocrimus: folds 
l3nnartdinho: calls $0.06
GERA19811981: calls $0.06
*** FLOP *** [5c Ac 7h]
l3nnartdinho: bets $0.02
GERA19811981: calls $0.02
sascha788: folds 
Taromsiti: raises $0.19 to $0.21
l3nnartdinho: folds 
GERA19811981: folds 
Uncalled bet ($0.19) returned to Taromsiti
Taromsiti collected $0.38 from pot
Taromsiti: doesn't show hand 
*** SUMMARY ***
Total pot $0.39 | Rake $0.01 
Board [5c Ac 7h]
Seat 1: GERA19811981 folded on the Flop
Seat 2: sascha788 folded on the Flop
Seat 3: Orange712 folded before Flop (didn't bet)
Seat 4: Taromsiti collected ($0.38)
Seat 5: Dorex2007 (button) folded before Flop (didn't bet)
Seat 6: ocrimus (small blind) folded before Flop
Seat 7: l3nnartdinho (big blind) folded on the Flop



PokerStars Hand #233118155532:  Hold'em No Limit ($0.01/$0.02 USD) - 2022/01/14 2:26:02 PT [2022/01/14 5:26:02 ET]
Table 'Gismonda' 9-max Seat #6 is the button
Seat 1: GERA19811981 ($0.66 in chips) 
Seat 2: sascha788 ($2 in chips) 
Seat 3: Orange712 ($2.40 in chips) 
Seat 4: Taromsiti ($3.05 in chips) 
Seat 5: Dorex2007 ($2.23 in chips) 
Seat 6: ocrimus ($2.83 in chips) 
Seat 7: l3nnartdinho ($2.20 in chips) 
Seat 8: dboulay1979 ($2 in chips) 
l3nnartdinho: posts small blind $0.01
dboulay1979: posts big blind $0.02
*** HOLE CARDS ***
Dealt to Dorex2007 [6h 8c]
GERA19811981: calls $0.02
sascha788: folds 
Orange712: folds 
Taromsiti: calls $0.02
Dorex2007: folds 
ocrimus: folds 
l3nnartdinho: calls $0.01
dboulay1979: checks 
*** FLOP *** [5s 5d 9h]
sascha788 leaves the table
l3nnartdinho: bets $0.04
dboulay1979: folds 
GERA19811981: folds 
Sysrq03 joins the table at seat #2 
Taromsiti: folds 
Uncalled bet ($0.04) returned to l3nnartdinho
l3nnartdinho collected $0.08 from pot
l3nnartdinho: doesn't show hand 
*** SUMMARY ***
Total pot $0.08 | Rake $0 
Board [5s 5d 9h]
Seat 1: GERA19811981 folded on the Flop
Seat 2: sascha788 folded before Flop (didn't bet)
Seat 3: Orange712 folded before Flop (didn't bet)
Seat 4: Taromsiti folded on the Flop
Seat 5: Dorex2007 folded before Flop (didn't bet)
Seat 6: ocrimus (button) folded before Flop (didn't bet)
Seat 7: l3nnartdinho (small blind) collected ($0.08)
Seat 8: dboulay1979 (big blind) folded on the Flop



PokerStars Hand #233118166607:  Hold'em No Limit ($0.01/$0.02 USD) - 2022/01/14 2:26:48 PT [2022/01/14 5:26:48 ET]
Table 'Gismonda' 9-max Seat #7 is the button
Seat 1: GERA19811981 ($0.64 in chips) 
Seat 3: Orange712 ($2.40 in chips) 
Seat 4: Taromsiti ($3.03 in chips) 
Seat 5: Dorex2007 ($2.23 in chips) 
Seat 6: ocrimus ($2.83 in chips) 
Seat 7: l3nnartdinho ($2.26 in chips) 
Seat 8: dboulay1979 ($2 in chips) 
dboulay1979: posts small blind $0.01
GERA19811981: posts big blind $0.02
Sysrq03: sits out 
*** HOLE CARDS ***
Dealt to Dorex2007 [6c 9h]
Orange712: folds 
Taromsiti: folds 
Dorex2007: folds 
ocrimus has timed out
ocrimus: folds 
l3nnartdinho: calls $0.02
dboulay1979: calls $0.01
GERA19811981: checks 
*** FLOP *** [4c As Qs]
dboulay1979: bets $0.03
GERA19811981: folds 
l3nnartdinho: calls $0.03
*** TURN *** [4c As Qs] [Jc]
dboulay1979: bets $0.06
l3nnartdinho: calls $0.06
*** RIVER *** [4c As Qs Jc] [7s]
dboulay1979: checks 
l3nnartdinho: bets $0.12
dboulay1979: calls $0.12
*** SHOW DOWN ***
l3nnartdinho: shows [3h 5d] (high card Ace)
dboulay1979: shows [Jh Ad] (two pair, Aces and Jacks)
dboulay1979 collected $0.46 from pot
*** SUMMARY ***
Total pot $0.48 | Rake $0.02 
Board [4c As Qs Jc 7s]
Seat 1: GERA19811981 (big blind) folded on the Flop
Seat 3: Orange712 folded before Flop (didn't bet)
Seat 4: Taromsiti folded before Flop (didn't bet)
Seat 5: Dorex2007 folded before Flop (didn't bet)
Seat 6: ocrimus folded before Flop (didn't bet)
Seat 7: l3nnartdinho (button) showed [3h 5d] and lost with high card Ace
Seat 8: dboulay1979 (small blind) showed [Jh Ad] and won ($0.46) with two pair, Aces and Jacks



PokerStars Hand #233118181487:  Hold'em No Limit ($0.01/$0.02 USD) - 2022/01/14 2:27:50 PT [2022/01/14 5:27:50 ET]
Table 'Gismonda' 9-max Seat #8 is the button
Seat 1: GERA19811981 ($0.62 in chips) 
Seat 2: Sysrq03 ($2 in chips) 
Seat 3: Orange712 ($2.40 in chips) 
Seat 4: Taromsiti ($3.03 in chips) 
Seat 5: Dorex2007 ($2.23 in chips) 
Seat 6: ocrimus ($2.83 in chips) 
Seat 7: l3nnartdinho ($2.03 in chips) 
Seat 8: dboulay1979 ($2.23 in chips) 
GERA19811981: posts small blind $0.01
Sysrq03: posts big blind $0.02
*** HOLE CARDS ***
Dealt to Dorex2007 [8d 3s]
Orange712: folds 
Taromsiti: folds 
Dorex2007: folds 
ocrimus: folds 
l3nnartdinho: folds 
dboulay1979: raises $0.02 to $0.04
GERA19811981: folds 
Sysrq03: calls $0.02
*** FLOP *** [2s 2c Tc]
Sysrq03: checks 
dboulay1979: checks 
*** TURN *** [2s 2c Tc] [7d]
Sysrq03: checks 
dboulay1979: checks 
*** RIVER *** [2s 2c Tc 7d] [2h]
Sysrq03: checks 
dboulay1979: checks 
*** SHOW DOWN ***
Sysrq03: shows [Jc Kd] (three of a kind, Deuces)
dboulay1979: shows [Qd Ac] (three of a kind, Deuces - Ace kicker)
dboulay1979 collected $0.09 from pot
*** SUMMARY ***
Total pot $0.09 | Rake $0 
Board [2s 2c Tc 7d 2h]
Seat 1: GERA19811981 (small blind) folded before Flop
Seat 2: Sysrq03 (big blind) showed [Jc Kd] and lost with three of a kind, Deuces
Seat 3: Orange712 folded before Flop (didn't bet)
Seat 4: Taromsiti folded before Flop (didn't bet)
Seat 5: Dorex2007 folded before Flop (didn't bet)
Seat 6: ocrimus folded before Flop (didn't bet)
Seat 7: l3nnartdinho folded before Flop (didn't bet)
Seat 8: dboulay1979 (button) showed [Qd Ac] and won ($0.09) with three of a kind, Deuces



PokerStars Hand #233118195774:  Hold'em No Limit ($0.01/$0.02 USD) - 2022/01/14 2:28:49 PT [2022/01/14 5:28:49 ET]
Table 'Gismonda' 9-max Seat #1 is the button
Seat 1: GERA19811981 ($0.61 in chips) 
Seat 2: Sysrq03 ($2 in chips) 
Seat 3: Orange712 ($2.40 in chips) 
Seat 4: Taromsiti ($3.03 in chips) 
Seat 5: Dorex2007 ($2.23 in chips) 
Seat 6: ocrimus ($2.83 in chips) 
Seat 7: l3nnartdinho ($2.03 in chips) 
Seat 8: dboulay1979 ($2.28 in chips) 
Sysrq03: posts small blind $0.01
Orange712: posts big blind $0.02
*** HOLE CARDS ***
Dealt to Dorex2007 [5s 3d]
Taromsiti: raises $0.04 to $0.06
Dorex2007: folds 
ocrimus: folds 
l3nnartdinho: calls $0.06
dboulay1979: folds 
GERA19811981: folds 
Sysrq03: folds 
Orange712: calls $0.04
*** FLOP *** [6c 2c Qd]
Orange712: checks 
Taromsiti: bets $0.09
l3nnartdinho: folds 
Orange712: folds 
Uncalled bet ($0.09) returned to Taromsiti
Taromsiti collected $0.18 from pot
Taromsiti: doesn't show hand 
*** SUMMARY ***
Total pot $0.19 | Rake $0.01 
Board [6c 2c Qd]
Seat 1: GERA19811981 (button) folded before Flop (didn't bet)
Seat 2: Sysrq03 (small blind) folded before Flop
Seat 3: Orange712 (big blind) folded on the Flop
Seat 4: Taromsiti collected ($0.18)
Seat 5: Dorex2007 folded before Flop (didn't bet)
Seat 6: ocrimus folded before Flop (didn't bet)
Seat 7: l3nnartdinho folded on the Flop
Seat 8: dboulay1979 folded before Flop (didn't bet)



PokerStars Hand #233118207232:  Hold'em No Limit ($0.01/$0.02 USD) - 2022/01/14 2:29:37 PT [2022/01/14 5:29:37 ET]
Table 'Gismonda' 9-max Seat #2 is the button
Seat 1: GERA19811981 ($0.61 in chips) 
Seat 2: Sysrq03 ($2 in chips) 
Seat 3: Orange712 ($2.34 in chips) 
Seat 4: Taromsiti ($3.15 in chips) 
Seat 5: Dorex2007 ($2.23 in chips) 
Seat 6: ocrimus ($2.83 in chips) 
Seat 7: l3nnartdinho ($1.97 in chips) 
Seat 8: dboulay1979 ($2.28 in chips) 
Orange712: posts small blind $0.01
Taromsiti: posts big blind $0.02
*** HOLE CARDS ***
Dealt to Dorex2007 [6s 8h]
Dorex2007: folds 
ocrimus has timed out
ocrimus: folds 
l3nnartdinho: folds 
dboulay1979: folds 
GERA19811981: folds 
Sysrq03: raises $0.04 to $0.06
Orange712: folds 
Taromsiti: folds 
Uncalled bet ($0.04) returned to Sysrq03
Sysrq03 collected $0.05 from pot
*** SUMMARY ***
Total pot $0.05 | Rake $0 
Seat 1: GERA19811981 folded before Flop (didn't bet)
Seat 2: Sysrq03 (button) collected ($0.05)
Seat 3: Orange712 (small blind) folded before Flop
Seat 4: Taromsiti (big blind) folded before Flop
Seat 5: Dorex2007 folded before Flop (didn't bet)
Seat 6: ocrimus folded before Flop (didn't bet)
Seat 7: l3nnartdinho folded before Flop (didn't bet)
Seat 8: dboulay1979 folded before Flop (didn't bet)



PokerStars Hand #233118213302:  Hold'em No Limit ($0.01/$0.02 USD) - 2022/01/14 2:30:03 PT [2022/01/14 5:30:03 ET]
Table 'Gismonda' 9-max Seat #3 is the button
Seat 1: GERA19811981 ($0.61 in chips) 
Seat 2: Sysrq03 ($2.03 in chips) 
Seat 3: Orange712 ($2.33 in chips) 
Seat 4: Taromsiti ($3.13 in chips) 
Seat 5: Dorex2007 ($2.23 in chips) 
Seat 6: ocrimus ($2.83 in chips) 
Seat 7: l3nnartdinho ($1.97 in chips) 
Seat 8: dboulay1979 ($2.28 in chips) 
Taromsiti: posts small blind $0.01
Dorex2007: posts big blind $0.02
*** HOLE CARDS ***
Dealt to Dorex2007 [4h 7c]
ocrimus: folds 
l3nnartdinho: raises $0.02 to $0.04
dboulay1979: folds 
GERA19811981: folds 
Sysrq03: calls $0.04
Orange712: raises $0.12 to $0.16
Taromsiti: folds 
Dorex2007: folds 
l3nnartdinho: raises $0.12 to $0.28
Sysrq03: folds 
Orange712: calls $0.12
*** FLOP *** [7h Js 2s]
l3nnartdinho: bets $0.31
Orange712: raises $0.31 to $0.62
l3nnartdinho: raises $1.07 to $1.69 and is all-in
Orange712: folds 
Uncalled bet ($1.07) returned to l3nnartdinho
l3nnartdinho collected $1.80 from pot
l3nnartdinho: doesn't show hand 
*** SUMMARY ***
Total pot $1.87 | Rake $0.07 
Board [7h Js 2s]
Seat 1: GERA19811981 folded before Flop (didn't bet)
Seat 2: Sysrq03 folded before Flop
Seat 3: Orange712 (button) folded on the Flop
Seat 4: Taromsiti (small blind) folded before Flop
Seat 5: Dorex2007 (big blind) folded before Flop
Seat 6: ocrimus folded before Flop (didn't bet)
Seat 7: l3nnartdinho collected ($1.80)
Seat 8: dboulay1979 folded before Flop (didn't bet)



PokerStars Hand #233118229779:  Hold'em No Limit ($0.01/$0.02 USD) - 2022/01/14 2:31:12 PT [2022/01/14 5:31:12 ET]
Table 'Gismonda' 9-max Seat #4 is the button
Seat 1: GERA19811981 ($0.61 in chips) 
Seat 2: Sysrq03 ($2 in chips) 
Seat 3: Orange712 ($1.43 in chips) 
Seat 4: Taromsiti ($3.12 in chips) 
Seat 5: Dorex2007 ($2.21 in chips) 
Seat 6: ocrimus ($2.83 in chips) 
Seat 7: l3nnartdinho ($2.87 in chips) 
Seat 8: dboulay1979 ($2.28 in chips) 
Dorex2007: posts small blind $0.01
ocrimus: posts big blind $0.02
*** HOLE CARDS ***
Dealt to Dorex2007 [Jh Ac]
l3nnartdinho: folds 
dboulay1979: folds 
GERA19811981: folds 
Sysrq03: folds 
Orange712: folds 
Taromsiti: folds 
Dorex2007: raises $0.04 to $0.06
ocrimus: raises $0.12 to $0.18
Dorex2007: calls $0.12
*** FLOP *** [9c Qs 5d]
Dorex2007: checks 
ocrimus: bets $0.12
Dorex2007: calls $0.12
*** TURN *** [9c Qs 5d] [5c]
Dorex2007: bets $0.29
ocrimus: calls $0.29
*** RIVER *** [9c Qs 5d 5c] [2h]
Dorex2007: checks 
ocrimus: checks 
*** SHOW DOWN ***
Dorex2007: shows [Jh Ac] (a pair of Fives)
ocrimus: mucks hand 
Dorex2007 collected $1.14 from pot
*** SUMMARY ***
Total pot $1.18 | Rake $0.04 
Board [9c Qs 5d 5c 2h]
Seat 1: GERA19811981 folded before Flop (didn't bet)
Seat 2: Sysrq03 folded before Flop (didn't bet)
Seat 3: Orange712 folded before Flop (didn't bet)
Seat 4: Taromsiti (button) folded before Flop (didn't bet)
Seat 5: Dorex2007 (small blind) showed [Jh Ac] and won ($1.14) with a pair of Fives
Seat 6: ocrimus (big blind) mucked [Jc 6c]
Seat 7: l3nnartdinho folded before Flop (didn't bet)
Seat 8: dboulay1979 folded before Flop (didn't bet)



PokerStars Hand #233118241663:  Hold'em No Limit ($0.01/$0.02 USD) - 2022/01/14 2:32:01 PT [2022/01/14 5:32:01 ET]
Table 'Gismonda' 9-max Seat #5 is the button
Seat 1: GERA19811981 ($0.61 in chips) 
Seat 2: Sysrq03 ($2 in chips) 
Seat 3: Orange712 ($2 in chips) 
Seat 4: Taromsiti ($3.12 in chips) 
Seat 5: Dorex2007 ($2.76 in chips) 
Seat 6: ocrimus ($2.24 in chips) 
Seat 7: l3nnartdinho ($2.87 in chips) 
Seat 8: dboulay1979 ($2.28 in chips) 
ocrimus: posts small blind $0.01
l3nnartdinho: posts big blind $0.02
*** HOLE CARDS ***
Dealt to Dorex2007 [4s 8c]
dboulay1979: folds 
GERA19811981: folds 
Sysrq03: folds 
Orange712: folds 
Taromsiti: folds 
Dorex2007: folds 
ocrimus: calls $0.01
l3nnartdinho: raises $0.02 to $0.04
ocrimus: calls $0.02
*** FLOP *** [Jc Qd Ac]
ocrimus: checks 
l3nnartdinho: bets $0.04
ocrimus: calls $0.04
*** TURN *** [Jc Qd Ac] [Kd]
ocrimus: checks 
l3nnartdinho: checks 
*** RIVER *** [Jc Qd Ac Kd] [Tc]
ocrimus: checks 
l3nnartdinho: checks 
*** SHOW DOWN ***
ocrimus: shows [2s As] (a straight, Ten to Ace)
l3nnartdinho: shows [5c 4c] (a flush, Ace high)
l3nnartdinho collected $0.15 from pot
*** SUMMARY ***
Total pot $0.16 | Rake $0.01 
Board [Jc Qd Ac Kd Tc]
Seat 1: GERA19811981 folded before Flop (didn't bet)
Seat 2: Sysrq03 folded before Flop (didn't bet)
Seat 3: Orange712 folded before Flop (didn't bet)
Seat 4: Taromsiti folded before Flop (didn't bet)
Seat 5: Dorex2007 (button) folded before Flop (didn't bet)
Seat 6: ocrimus (small blind) showed [2s As] and lost with a straight, Ten to Ace
Seat 7: l3nnartdinho (big blind) showed [5c 4c] and won ($0.15) with a flush, Ace high
Seat 8: dboulay1979 folded before Flop (didn't bet)



PokerStars Hand #233118253209:  Hold'em No Limit ($0.01/$0.02 USD) - 2022/01/14 2:32:49 PT [2022/01/14 5:32:49 ET]
Table 'Gismonda' 9-max Seat #6 is the button
Seat 1: GERA19811981 ($0.61 in chips) 
Seat 2: Sysrq03 ($2 in chips) 
Seat 3: Orange712 ($2 in chips) 
Seat 4: Taromsiti ($3.12 in chips) 
Seat 5: Dorex2007 ($2.76 in chips) 
Seat 6: ocrimus ($2.16 in chips) 
Seat 7: l3nnartdinho ($2.94 in chips) 
Seat 8: dboulay1979 ($2.28 in chips) 
l3nnartdinho: posts small blind $0.01
dboulay1979: posts big blind $0.02
*** HOLE CARDS ***
Dealt to Dorex2007 [Js 3h]
GERA19811981: folds 
heureka3 leaves the table
Sysrq03: folds 
Orange712: folds 
Taromsiti: raises $0.04 to $0.06
Dorex2007: folds 
ocrimus: folds 
l3nnartdinho: folds 
dboulay1979: folds 
Uncalled bet ($0.04) returned to Taromsiti
Taromsiti collected $0.05 from pot
Taromsiti: doesn't show hand 
*** SUMMARY ***
Total pot $0.05 | Rake $0 
Seat 1: GERA19811981 folded before Flop (didn't bet)
Seat 2: Sysrq03 folded before Flop (didn't bet)
Seat 3: Orange712 folded before Flop (didn't bet)
Seat 4: Taromsiti collected ($0.05)
Seat 5: Dorex2007 folded before Flop (didn't bet)
Seat 6: ocrimus (button) folded before Flop (didn't bet)
Seat 7: l3nnartdinho (small blind) folded before Flop
Seat 8: dboulay1979 (big blind) folded before Flop



PokerStars Hand #233118260309:  Hold'em No Limit ($0.01/$0.02 USD) - 2022/01/14 2:33:13 PT [2022/01/14 5:33:13 ET]
Table 'Gismonda' 9-max Seat #7 is the button
Seat 1: GERA19811981 ($0.61 in chips) 
Seat 2: Sysrq03 ($2 in chips) 
Seat 3: Orange712 ($2 in chips) 
Seat 4: Taromsiti ($3.15 in chips) 
Seat 5: Dorex2007 ($2.76 in chips) 
Seat 6: ocrimus ($2.16 in chips) 
Seat 7: l3nnartdinho ($2.93 in chips) 
Seat 8: dboulay1979 ($2.26 in chips) 
dboulay1979: posts small blind $0.01
GERA19811981: posts big blind $0.02
*** HOLE CARDS ***
Dealt to Dorex2007 [Qs 4d]
Sysrq03: folds 
Orange712: folds 
Taromsiti: folds 
Dorex2007: folds 
ocrimus: raises $0.04 to $0.06
l3nnartdinho: folds 
dboulay1979: folds 
GERA19811981: folds 
Uncalled bet ($0.04) returned to ocrimus
ocrimus collected $0.05 from pot
ocrimus: doesn't show hand 
*** SUMMARY ***
Total pot $0.05 | Rake $0 
Seat 1: GERA19811981 (big blind) folded before Flop
Seat 2: Sysrq03 folded before Flop (didn't bet)
Seat 3: Orange712 folded before Flop (didn't bet)
Seat 4: Taromsiti folded before Flop (didn't bet)
Seat 5: Dorex2007 folded before Flop (didn't bet)
Seat 6: ocrimus collected ($0.05)
Seat 7: l3nnartdinho (button) folded before Flop (didn't bet)
Seat 8: dboulay1979 (small blind) folded before Flop



PokerStars Hand #233118264270:  Hold'em No Limit ($0.01/$0.02 USD) - 2022/01/14 2:33:29 PT [2022/01/14 5:33:29 ET]
Table 'Gismonda' 9-max Seat #8 is the button
Seat 1: GERA19811981 ($0.59 in chips) 
Seat 2: Sysrq03 ($2 in chips) 
Seat 3: Orange712 ($2 in chips) 
Seat 4: Taromsiti ($3.15 in chips) 
Seat 5: Dorex2007 ($2.76 in chips) 
Seat 6: ocrimus ($2.19 in chips) 
Seat 7: l3nnartdinho ($2.93 in chips) 
Seat 8: dboulay1979 ($2.25 in chips) 
GERA19811981: posts small blind $0.01
Sysrq03: posts big blind $0.02
*** HOLE CARDS ***
Dealt to Dorex2007 [8c Jh]
Orange712: folds 
Taromsiti: folds 
Dorex2007: folds 
ocrimus: raises $0.04 to $0.06
l3nnartdinho: raises $0.04 to $0.10
dboulay1979: folds 
GERA19811981: folds 
Sysrq03: folds 
ocrimus: calls $0.04
*** FLOP *** [6h 8d Th]
ocrimus: checks 
l3nnartdinho: bets $0.11
ocrimus: folds 
Uncalled bet ($0.11) returned to l3nnartdinho
l3nnartdinho collected $0.22 from pot
l3nnartdinho: doesn't show hand 
*** SUMMARY ***
Total pot $0.23 | Rake $0.01 
Board [6h 8d Th]
Seat 1: GERA19811981 (small blind) folded before Flop
Seat 2: Sysrq03 (big blind) folded before Flop
Seat 3: Orange712 folded before Flop (didn't bet)
Seat 4: Taromsiti folded before Flop (didn't bet)
Seat 5: Dorex2007 folded before Flop (didn't bet)
Seat 6: ocrimus folded on the Flop
Seat 7: l3nnartdinho collected ($0.22)
Seat 8: dboulay1979 (button) folded before Flop (didn't bet)



PokerStars Hand #233118272505:  Hold'em No Limit ($0.01/$0.02 USD) - 2022/01/14 2:34:03 PT [2022/01/14 5:34:03 ET]
Table 'Gismonda' 9-max Seat #1 is the button
Seat 1: GERA19811981 ($0.58 in chips) 
Seat 2: Sysrq03 ($2 in chips) 
Seat 3: Orange712 ($2 in chips) 
Seat 4: Taromsiti ($3.15 in chips) 
Seat 5: Dorex2007 ($2.76 in chips) 
Seat 6: ocrimus ($2.09 in chips) 
Seat 7: l3nnartdinho ($3.05 in chips) 
Seat 8: dboulay1979 ($2.25 in chips) 
Sysrq03: posts small blind $0.01
Orange712: posts big blind $0.02
*** HOLE CARDS ***
Dealt to Dorex2007 [4s 2c]
Taromsiti: folds 
Dorex2007: folds 
ocrimus: folds 
l3nnartdinho: raises $0.02 to $0.04
dboulay1979: folds 
GERA19811981: folds 
Sysrq03: folds 
gn4444 joins the table at seat #9 
Orange712: calls $0.02
*** FLOP *** [4c 6c 6d]
Orange712: bets $0.09
l3nnartdinho: folds 
Uncalled bet ($0.09) returned to Orange712
Orange712 collected $0.09 from pot
Orange712: doesn't show hand 
*** SUMMARY ***
Total pot $0.09 | Rake $0 
Board [4c 6c 6d]
Seat 1: GERA19811981 (button) folded before Flop (didn't bet)
Seat 2: Sysrq03 (small blind) folded before Flop
Seat 3: Orange712 (big blind) collected ($0.09)
Seat 4: Taromsiti folded before Flop (didn't bet)
Seat 5: Dorex2007 folded before Flop (didn't bet)
Seat 6: ocrimus folded before Flop (didn't bet)
Seat 7: l3nnartdinho folded on the Flop
Seat 8: dboulay1979 folded before Flop (didn't bet)



PokerStars Hand #233118282065:  Hold'em No Limit ($0.01/$0.02 USD) - 2022/01/14 2:34:42 PT [2022/01/14 5:34:42 ET]
Table 'Gismonda' 9-max Seat #2 is the button
Seat 1: GERA19811981 ($0.58 in chips) 
Seat 2: Sysrq03 ($2 in chips) 
Seat 3: Orange712 ($2.05 in chips) 
Seat 4: Taromsiti ($3.15 in chips) 
Seat 5: Dorex2007 ($2.76 in chips) 
Seat 6: ocrimus ($2.09 in chips) 
Seat 7: l3nnartdinho ($3.01 in chips) 
Seat 8: dboulay1979 ($2.25 in chips) 
Orange712: posts small blind $0.01
Taromsiti: posts big blind $0.02
gn4444: sits out 
*** HOLE CARDS ***
Dealt to Dorex2007 [4d 7c]
Dorex2007: folds 
ocrimus: folds 
l3nnartdinho: folds 
gn4444 leaves the table
dboulay1979: calls $0.02
GERA19811981: calls $0.02
Sysrq03: folds 
Orange712: calls $0.01
Taromsiti: checks 
*** FLOP *** [6c 9c 8d]
Orange712: checks 
Taromsiti: checks 
dboulay1979: checks 
GERA19811981: bets $0.04
Orange712: folds 
Taromsiti: folds 
dboulay1979: calls $0.04
*** TURN *** [6c 9c 8d] [5c]
dboulay1979: checks 
GERA19811981: checks 
*** RIVER *** [6c 9c 8d 5c] [Kd]
dboulay1979: bets $2.19 and is all-in
GERA19811981: folds 
Uncalled bet ($2.19) returned to dboulay1979
dboulay1979 collected $0.15 from pot
*** SUMMARY ***
Total pot $0.16 | Rake $0.01 
Board [6c 9c 8d 5c Kd]
Seat 1: GERA19811981 folded on the River
Seat 2: Sysrq03 (button) folded before Flop (didn't bet)
Seat 3: Orange712 (small blind) folded on the Flop
Seat 4: Taromsiti (big blind) folded on the Flop
Seat 5: Dorex2007 folded before Flop (didn't bet)
Seat 6: ocrimus folded before Flop (didn't bet)
Seat 7: l3nnartdinho folded before Flop (didn't bet)
Seat 8: dboulay1979 collected ($0.15)



PokerStars Hand #233118295077:  Hold'em No Limit ($0.01/$0.02 USD) - 2022/01/14 2:35:36 PT [2022/01/14 5:35:36 ET]
Table 'Gismonda' 9-max Seat #3 is the button
Seat 1: GERA19811981 ($0.52 in chips) 
Seat 2: Sysrq03 ($2 in chips) 
Seat 3: Orange712 ($2.03 in chips) 
Seat 4: Taromsiti ($3.13 in chips) 
Seat 5: Dorex2007 ($2.76 in chips) 
Seat 6: ocrimus ($2.09 in chips) 
Seat 7: l3nnartdinho ($3.01 in chips) 
Seat 8: dboulay1979 ($2.34 in chips) 
Taromsiti: posts small blind $0.01
Dorex2007: posts big blind $0.02
*** HOLE CARDS ***
Dealt to Dorex2007 [6s 7c]
ocrimus: folds 
l3nnartdinho: folds 
dboulay1979: folds 
GERA19811981: folds 
Sysrq03: folds 
Orange712: folds 
Taromsiti: folds 
Uncalled bet ($0.01) returned to Dorex2007
Dorex2007 collected $0.02 from pot
Dorex2007: doesn't show hand 
*** SUMMARY ***
Total pot $0.02 | Rake $0 
Seat 1: GERA19811981 folded before Flop (didn't bet)
Seat 2: Sysrq03 folded before Flop (didn't bet)
Seat 3: Orange712 (button) folded before Flop (didn't bet)
Seat 4: Taromsiti (small blind) folded before Flop
Seat 5: Dorex2007 (big blind) collected ($0.02)
Seat 6: ocrimus folded before Flop (didn't bet)
Seat 7: l3nnartdinho folded before Flop (didn't bet)
Seat 8: dboulay1979 folded before Flop (didn't bet)



PokerStars Hand #233118298501:  Hold'em No Limit ($0.01/$0.02 USD) - 2022/01/14 2:35:50 PT [2022/01/14 5:35:50 ET]
Table 'Gismonda' 9-max Seat #4 is the button
Seat 1: GERA19811981 ($0.52 in chips) 
Seat 2: Sysrq03 ($2 in chips) 
Seat 3: Orange712 ($2.03 in chips) 
Seat 4: Taromsiti ($3.12 in chips) 
Seat 5: Dorex2007 ($2.77 in chips) 
Seat 6: ocrimus ($2.09 in chips) 
Seat 7: l3nnartdinho ($3.01 in chips) 
Seat 8: dboulay1979 ($2.34 in chips) 
Dorex2007: posts small blind $0.01
ocrimus: posts big blind $0.02
*** HOLE CARDS ***
Dealt to Dorex2007 [Qd 5h]
l3nnartdinho: folds 
dboulay1979: folds 
GERA19811981: folds 
Sysrq03: folds 
Orange712: raises $0.04 to $0.06
Taromsiti: folds 
Dorex2007: folds 
ocrimus: calls $0.04
*** FLOP *** [7s 7d 7c]
ocrimus: checks 
Orange712: bets $0.06
ocrimus: calls $0.06
*** TURN *** [7s 7d 7c] [3h]
ocrimus: checks 
Orange712: bets $0.24
ocrimus: folds 
Uncalled bet ($0.24) returned to Orange712
Orange712 collected $0.24 from pot
Orange712: doesn't show hand 
*** SUMMARY ***
Total pot $0.25 | Rake $0.01 
Board [7s 7d 7c 3h]
Seat 1: GERA19811981 folded before Flop (didn't bet)
Seat 2: Sysrq03 folded before Flop (didn't bet)
Seat 3: Orange712 collected ($0.24)
Seat 4: Taromsiti (button) folded before Flop (didn't bet)
Seat 5: Dorex2007 (small blind) folded before Flop
Seat 6: ocrimus (big blind) folded on the Turn
Seat 7: l3nnartdinho folded before Flop (didn't bet)
Seat 8: dboulay1979 folded before Flop (didn't bet)



PokerStars Hand #233118308123:  Hold'em No Limit ($0.01/$0.02 USD) - 2022/01/14 2:36:30 PT [2022/01/14 5:36:30 ET]
Table 'Gismonda' 9-max Seat #5 is the button
Seat 1: GERA19811981 ($0.52 in chips) 
Seat 2: Sysrq03 ($2 in chips) 
Seat 3: Orange712 ($2.15 in chips) 
Seat 4: Taromsiti ($3.12 in chips) 
Seat 5: Dorex2007 ($2.76 in chips) 
Seat 6: ocrimus ($2 in chips) 
Seat 7: l3nnartdinho ($3.01 in chips) 
Seat 8: dboulay1979 ($2.34 in chips) 
ocrimus: posts small blind $0.01
l3nnartdinho: posts big blind $0.02
*** HOLE CARDS ***
Dealt to Dorex2007 [7c Qc]
dboulay1979: folds 
GERA19811981: folds 
Sysrq03: folds 
Orange712: calls $0.02
Taromsiti: calls $0.02
Dorex2007: folds 
ocrimus: folds 
l3nnartdinho: checks 
*** FLOP *** [7h 4h 4c]
l3nnartdinho: checks 
Orange712: checks 
Taromsiti: bets $0.02
l3nnartdinho: raises $0.02 to $0.04
Orange712: folds 
Taromsiti: raises $0.08 to $0.12
l3nnartdinho: raises $2.87 to $2.99 and is all-in
Taromsiti: folds 
Uncalled bet ($2.87) returned to l3nnartdinho
l3nnartdinho collected $0.30 from pot
l3nnartdinho: doesn't show hand 
*** SUMMARY ***
Total pot $0.31 | Rake $0.01 
Board [7h 4h 4c]
Seat 1: GERA19811981 folded before Flop (didn't bet)
Seat 2: Sysrq03 folded before Flop (didn't bet)
Seat 3: Orange712 folded on the Flop
Seat 4: Taromsiti folded on the Flop
Seat 5: Dorex2007 (button) folded before Flop (didn't bet)
Seat 6: ocrimus (small blind) folded before Flop
Seat 7: l3nnartdinho (big blind) collected ($0.30)
Seat 8: dboulay1979 folded before Flop (didn't bet)



PokerStars Hand #233118322625:  Hold'em No Limit ($0.01/$0.02 USD) - 2022/01/14 2:37:28 PT [2022/01/14 5:37:28 ET]
Table 'Gismonda' 9-max Seat #6 is the button
Seat 1: GERA19811981 ($0.52 in chips) 
Seat 2: Sysrq03 ($2 in chips) 
Seat 3: Orange712 ($2.13 in chips) 
Seat 4: Taromsiti ($2.98 in chips) 
Seat 5: Dorex2007 ($2.76 in chips) 
Seat 6: ocrimus ($2 in chips) 
Seat 7: l3nnartdinho ($3.17 in chips) 
Seat 8: dboulay1979 ($2.34 in chips) 
l3nnartdinho: posts small blind $0.01
dboulay1979: posts big blind $0.02
*** HOLE CARDS ***
Dealt to Dorex2007 [Qc 8h]
GERA19811981: calls $0.02
Sysrq03: raises $0.06 to $0.08
Orange712: folds 
Taromsiti: folds 
Dorex2007: folds 
ocrimus: folds 
l3nnartdinho: folds 
dboulay1979: folds 
GERA19811981: folds 
Uncalled bet ($0.06) returned to Sysrq03
Sysrq03 collected $0.07 from pot
*** SUMMARY ***
Total pot $0.07 | Rake $0 
Seat 1: GERA19811981 folded before Flop
Seat 2: Sysrq03 collected ($0.07)
Seat 3: Orange712 folded before Flop (didn't bet)
Seat 4: Taromsiti folded before Flop (didn't bet)
Seat 5: Dorex2007 folded before Flop (didn't bet)
Seat 6: ocrimus (button) folded before Flop (didn't bet)
Seat 7: l3nnartdinho (small blind) folded before Flop
Seat 8: dboulay1979 (big blind) folded before Flop



PokerStars Hand #233118327233:  Hold'em No Limit ($0.01/$0.02 USD) - 2022/01/14 2:37:47 PT [2022/01/14 5:37:47 ET]
Table 'Gismonda' 9-max Seat #7 is the button
Seat 1: GERA19811981 ($0.50 in chips) 
Seat 2: Sysrq03 ($2.05 in chips) 
Seat 3: Orange712 ($2.13 in chips) 
Seat 4: Taromsiti ($2.98 in chips) 
Seat 5: Dorex2007 ($2.76 in chips) 
Seat 6: ocrimus ($2 in chips) 
Seat 7: l3nnartdinho ($3.16 in chips) 
Seat 8: dboulay1979 ($2.32 in chips) 
dboulay1979: posts small blind $0.01
GERA19811981: posts big blind $0.02
*** HOLE CARDS ***
Dealt to Dorex2007 [8h 2c]
Sysrq03: folds 
Orange712: folds 
Taromsiti: folds 
Dorex2007: folds 
ocrimus: folds 
Master75573 joins the table at seat #9 
l3nnartdinho: raises $0.02 to $0.04
dboulay1979: folds 
GERA19811981: folds 
Uncalled bet ($0.02) returned to l3nnartdinho
l3nnartdinho collected $0.05 from pot
l3nnartdinho: doesn't show hand 
*** SUMMARY ***
Total pot $0.05 | Rake $0 
Seat 1: GERA19811981 (big blind) folded before Flop
Seat 2: Sysrq03 folded before Flop (didn't bet)
Seat 3: Orange712 folded before Flop (didn't bet)
Seat 4: Taromsiti folded before Flop (didn't bet)
Seat 5: Dorex2007 folded before Flop (didn't bet)
Seat 6: ocrimus folded before Flop (didn't bet)
Seat 7: l3nnartdinho (button) collected ($0.05)
Seat 8: dboulay1979 (small blind) folded before Flop



PokerStars Hand #233118330917:  Hold'em No Limit ($0.01/$0.02 USD) - 2022/01/14 2:38:03 PT [2022/01/14 5:38:03 ET]
Table 'Gismonda' 9-max Seat #8 is the button
Seat 1: GERA19811981 ($0.48 in chips) 
Seat 2: Sysrq03 ($2.05 in chips) 
Seat 3: Orange712 ($2.13 in chips) 
Seat 4: Taromsiti ($2.98 in chips) 
Seat 5: Dorex2007 ($2.76 in chips) 
Seat 6: ocrimus ($2 in chips) 
Seat 7: l3nnartdinho ($3.19 in chips) 
Seat 8: dboulay1979 ($2.31 in chips) 
GERA19811981: posts small blind $0.01
Sysrq03: posts big blind $0.02
*** HOLE CARDS ***
Dealt to Dorex2007 [6s 7c]
Orange712: raises $0.04 to $0.06
Taromsiti: calls $0.06
Dorex2007: folds 
ocrimus: calls $0.06
l3nnartdinho: folds 
l3nnartdinho leaves the table
dboulay1979: calls $0.06
GERA19811981: folds 
Sysrq03: folds 
*** FLOP *** [Td As Js]
Orange712: bets $0.26
Taromsiti: folds 
ocrimus: folds 
dboulay1979: folds 
Uncalled bet ($0.26) returned to Orange712
Orange712 collected $0.26 from pot
Orange712: doesn't show hand 
*** SUMMARY ***
Total pot $0.27 | Rake $0.01 
Board [Td As Js]
Seat 1: GERA19811981 (small blind) folded before Flop
Seat 2: Sysrq03 (big blind) folded before Flop
Seat 3: Orange712 collected ($0.26)
Seat 4: Taromsiti folded on the Flop
Seat 5: Dorex2007 folded before Flop (didn't bet)
Seat 6: ocrimus folded on the Flop
Seat 7: l3nnartdinho folded before Flop (didn't bet)
Seat 8: dboulay1979 (button) folded on the Flop



PokerStars Hand #233118338134:  Hold'em No Limit ($0.01/$0.02 USD) - 2022/01/14 2:38:32 PT [2022/01/14 5:38:32 ET]
Table 'Gismonda' 9-max Seat #1 is the button
Seat 1: GERA19811981 ($0.47 in chips) 
Seat 2: Sysrq03 ($2.03 in chips) 
Seat 3: Orange712 ($2.33 in chips) 
Seat 4: Taromsiti ($2.92 in chips) 
Seat 5: Dorex2007 ($2.76 in chips) 
Seat 6: ocrimus ($2 in chips) 
Seat 8: dboulay1979 ($2.25 in chips) 
Seat 9: Master75573 ($1.60 in chips) 
Sysrq03: posts small blind $0.01
Orange712: posts big blind $0.02
Master75573: posts big blind $0.02
*** HOLE CARDS ***
Dealt to Dorex2007 [5h Ad]
Taromsiti: folds 
Dorex2007: folds 
ocrimus: folds 
kalita-1 joins the table at seat #7 
dboulay1979: folds 
Master75573: checks 
GERA19811981: calls $0.02
Sysrq03: folds 
Orange712: checks 
*** FLOP *** [5c Ac 2h]
Orange712: bets $0.04
Master75573: calls $0.04
GERA19811981: folds 
*** TURN *** [5c Ac 2h] [Jd]
Orange712: bets $0.08
Master75573: calls $0.08
*** RIVER *** [5c Ac 2h Jd] [2c]
Orange712: bets $0.16
Master75573: folds 
Uncalled bet ($0.16) returned to Orange712
Orange712 collected $0.30 from pot
Orange712: doesn't show hand 
*** SUMMARY ***
Total pot $0.31 | Rake $0.01 
Board [5c Ac 2h Jd 2c]
Seat 1: GERA19811981 (button) folded on the Flop
Seat 2: Sysrq03 (small blind) folded before Flop
Seat 3: Orange712 (big blind) collected ($0.30)
Seat 4: Taromsiti folded before Flop (didn't bet)
Seat 5: Dorex2007 folded before Flop (didn't bet)
Seat 6: ocrimus folded before Flop (didn't bet)
Seat 8: dboulay1979 folded before Flop (didn't bet)
Seat 9: Master75573 folded on the River



PokerStars Hand #233118352096:  Hold'em No Limit ($0.01/$0.02 USD) - 2022/01/14 2:39:29 PT [2022/01/14 5:39:29 ET]
Table 'Gismonda' 9-max Seat #2 is the button
Seat 1: GERA19811981 ($0.45 in chips) 
Seat 2: Sysrq03 ($2.02 in chips) 
Seat 3: Orange712 ($2.49 in chips) 
Seat 4: Taromsiti ($2.92 in chips) 
Seat 5: Dorex2007 ($2.76 in chips) 
Seat 6: ocrimus ($2 in chips) 
Seat 7: kalita-1 ($0.80 in chips) 
Seat 8: dboulay1979 ($2.25 in chips) 
Seat 9: Master75573 ($1.46 in chips) 
Orange712: posts small blind $0.01
Taromsiti: posts big blind $0.02
kalita-1: posts big blind $0.02
*** HOLE CARDS ***
Dealt to Dorex2007 [9s Ac]
Dorex2007: folds 
ocrimus: folds 
kalita-1: checks 
dboulay1979: folds 
Master75573: calls $0.02
GERA19811981: folds 
Sysrq03: raises $0.08 to $0.10
Orange712: folds 
Taromsiti: folds 
kalita-1: folds 
Master75573: folds 
Uncalled bet ($0.08) returned to Sysrq03
Sysrq03 collected $0.09 from pot
*** SUMMARY ***
Total pot $0.09 | Rake $0 
Seat 1: GERA19811981 folded before Flop (didn't bet)
Seat 2: Sysrq03 (button) collected ($0.09)
Seat 3: Orange712 (small blind) folded before Flop
Seat 4: Taromsiti (big blind) folded before Flop
Seat 5: Dorex2007 folded before Flop (didn't bet)
Seat 6: ocrimus folded before Flop (didn't bet)
Seat 7: kalita-1 folded before Flop (didn't bet)
Seat 8: dboulay1979 folded before Flop (didn't bet)
Seat 9: Master75573 folded before Flop



PokerStars Hand #233118361103:  Hold'em No Limit ($0.01/$0.02 USD) - 2022/01/14 2:40:05 PT [2022/01/14 5:40:05 ET]
Table 'Gismonda' 9-max Seat #3 is the button
Seat 1: GERA19811981 ($0.45 in chips) 
Seat 2: Sysrq03 ($2.09 in chips) 
Seat 3: Orange712 ($2.48 in chips) 
Seat 4: Taromsiti ($2.90 in chips) 
Seat 5: Dorex2007 ($2.76 in chips) 
Seat 6: ocrimus ($2 in chips) 
Seat 7: kalita-1 ($0.78 in chips) 
Seat 8: dboulay1979 ($2.25 in chips) 
Seat 9: Master75573 ($1.44 in chips) 
Taromsiti: posts small blind $0.01
Dorex2007: posts big blind $0.02
*** HOLE CARDS ***
Dealt to Dorex2007 [9h 6s]
ocrimus: folds 
kalita-1: calls $0.02
dboulay1979: folds 
Master75573: folds 
GERA19811981: calls $0.02
Sysrq03: folds 
Orange712: folds 
Taromsiti: calls $0.01
Dorex2007: checks 
*** FLOP *** [3c Jc Qd]
Taromsiti: checks 
Dorex2007: checks 
kalita-1: checks 
GERA19811981: checks 
*** TURN *** [3c Jc Qd] [Jh]
Taromsiti: bets $0.04
Dorex2007: folds 
kalita-1: calls $0.04
GERA19811981: folds 
*** RIVER *** [3c Jc Qd Jh] [Qh]
Taromsiti: bets $2.84 and is all-in
kalita-1: folds 
Uncalled bet ($2.84) returned to Taromsiti
Taromsiti collected $0.15 from pot
Taromsiti: doesn't show hand 
*** SUMMARY ***
Total pot $0.16 | Rake $0.01 
Board [3c Jc Qd Jh Qh]
Seat 1: GERA19811981 folded on the Turn
Seat 2: Sysrq03 folded before Flop (didn't bet)
Seat 3: Orange712 (button) folded before Flop (didn't bet)
Seat 4: Taromsiti (small blind) collected ($0.15)
Seat 5: Dorex2007 (big blind) folded on the Turn
Seat 6: ocrimus folded before Flop (didn't bet)
Seat 7: kalita-1 folded on the River
Seat 8: dboulay1979 folded before Flop (didn't bet)
Seat 9: Master75573 folded before Flop (didn't bet)



PokerStars Hand #233118377353:  Hold'em No Limit ($0.01/$0.02 USD) - 2022/01/14 2:41:12 PT [2022/01/14 5:41:12 ET]
Table 'Gismonda' 9-max Seat #4 is the button
Seat 1: GERA19811981 ($0.43 in chips) 
Seat 2: Sysrq03 ($2.09 in chips) 
Seat 3: Orange712 ($2.48 in chips) 
Seat 4: Taromsiti ($2.99 in chips) 
Seat 5: Dorex2007 ($2.74 in chips) 
Seat 6: ocrimus ($2 in chips) 
Seat 7: kalita-1 ($0.72 in chips) 
Seat 8: dboulay1979 ($2.25 in chips) 
Seat 9: Master75573 ($1.44 in chips) 
Dorex2007: posts small blind $0.01
ocrimus: posts big blind $0.02
*** HOLE CARDS ***
Dealt to Dorex2007 [Ad 4c]
kalita-1: calls $0.02
dboulay1979: folds 
Master75573: folds 
GERA19811981: calls $0.02
Sysrq03: folds 
Orange712: raises $0.08 to $0.10
Taromsiti: folds 
Dorex2007: folds 
ocrimus: folds 
kalita-1: folds 
GERA19811981: folds 
Uncalled bet ($0.08) returned to Orange712
Orange712 collected $0.09 from pot
Orange712: doesn't show hand 
*** SUMMARY ***
Total pot $0.09 | Rake $0 
Seat 1: GERA19811981 folded before Flop
Seat 2: Sysrq03 folded before Flop (didn't bet)
Seat 3: Orange712 collected ($0.09)
Seat 4: Taromsiti (button) folded before Flop (didn't bet)
Seat 5: Dorex2007 (small blind) folded before Flop
Seat 6: ocrimus (big blind) folded before Flop
Seat 7: kalita-1 folded before Flop
Seat 8: dboulay1979 folded before Flop (didn't bet)
Seat 9: Master75573 folded before Flop (didn't bet)



PokerStars Hand #233118384944:  Hold'em No Limit ($0.01/$0.02 USD) - 2022/01/14 2:41:44 PT [2022/01/14 5:41:44 ET]
Table 'Gismonda' 9-max Seat #5 is the button
Seat 1: GERA19811981 ($0.41 in chips) 
Seat 2: Sysrq03 ($2.09 in chips) 
Seat 3: Orange712 ($2.55 in chips) 
Seat 4: Taromsiti ($2.99 in chips) 
Seat 5: Dorex2007 ($2.73 in chips) 
Seat 6: ocrimus ($2 in chips) 
Seat 7: kalita-1 ($0.70 in chips) 
Seat 8: dboulay1979 ($2.25 in chips) 
Seat 9: Master75573 ($1.44 in chips) 
ocrimus: posts small blind $0.01
kalita-1: posts big blind $0.02
*** HOLE CARDS ***
Dealt to Dorex2007 [4d Kh]
dboulay1979: folds 
Master75573: folds 
GERA19811981: calls $0.02
Sysrq03: folds 
Orange712: folds 
Taromsiti: raises $0.04 to $0.06
Dorex2007: folds 
ocrimus: folds 
kalita-1: folds 
GERA19811981: calls $0.04
*** FLOP *** [7d 6h 6c]
GERA19811981: checks 
Taromsiti: bets $0.07
GERA19811981: folds 
Uncalled bet ($0.07) returned to Taromsiti
Taromsiti collected $0.14 from pot
Taromsiti: doesn't show hand 
*** SUMMARY ***
Total pot $0.15 | Rake $0.01 
Board [7d 6h 6c]
Seat 1: GERA19811981 folded on the Flop
Seat 2: Sysrq03 folded before Flop (didn't bet)
Seat 3: Orange712 folded before Flop (didn't bet)
Seat 4: Taromsiti collected ($0.14)
Seat 5: Dorex2007 (button) folded before Flop (didn't bet)
Seat 6: ocrimus (small blind) folded before Flop
Seat 7: kalita-1 (big blind) folded before Flop
Seat 8: dboulay1979 folded before Flop (didn't bet)
Seat 9: Master75573 folded before Flop (didn't bet)



PokerStars Hand #233118394817:  Hold'em No Limit ($0.01/$0.02 USD) - 2022/01/14 2:42:24 PT [2022/01/14 5:42:24 ET]
Table 'Gismonda' 9-max Seat #6 is the button
Seat 1: GERA19811981 ($0.35 in chips) 
Seat 2: Sysrq03 ($2.09 in chips) 
Seat 3: Orange712 ($2.55 in chips) 
Seat 4: Taromsiti ($3.07 in chips) 
Seat 5: Dorex2007 ($2.73 in chips) 
Seat 6: ocrimus ($2 in chips) 
Seat 7: kalita-1 ($0.68 in chips) 
Seat 8: dboulay1979 ($2.25 in chips) 
kalita-1: posts small blind $0.01
dboulay1979: posts big blind $0.02
*** HOLE CARDS ***
Dealt to Dorex2007 [8h 2c]
GERA19811981: folds 
GERA19811981 leaves the table
Sysrq03: folds 
Orange712: folds 
Taromsiti: raises $0.04 to $0.06
Dorex2007: folds 
ocrimus: calls $0.06
kalita-1: folds 
dboulay1979: folds 
*** FLOP *** [Th 9h Kh]
Taromsiti: bets $0.07
ocrimus: raises $0.21 to $0.28
Taromsiti: calls $0.21
*** TURN *** [Th 9h Kh] [4h]
Taromsiti: checks 
ocrimus: checks 
*** RIVER *** [Th 9h Kh 4h] [3s]
Taromsiti: bets $0.34
ocrimus said, "ukraine :D :D"
ocrimus: folds 
Uncalled bet ($0.34) returned to Taromsiti
Taromsiti collected $0.69 from pot
Taromsiti: doesn't show hand 
*** SUMMARY ***
Total pot $0.71 | Rake $0.02 
Board [Th 9h Kh 4h 3s]
Seat 1: GERA19811981 folded before Flop (didn't bet)
Seat 2: Sysrq03 folded before Flop (didn't bet)
Seat 3: Orange712 folded before Flop (didn't bet)
Seat 4: Taromsiti collected ($0.69)
Seat 5: Dorex2007 folded before Flop (didn't bet)
Seat 6: ocrimus (button) folded on the River
Seat 7: kalita-1 (small blind) folded before Flop
Seat 8: dboulay1979 (big blind) folded before Flop



PokerStars Hand #233118411086:  Hold'em No Limit ($0.01/$0.02 USD) - 2022/01/14 2:43:30 PT [2022/01/14 5:43:30 ET]
Table 'Gismonda' 9-max Seat #7 is the button
Seat 2: Sysrq03 ($2.09 in chips) 
Seat 3: Orange712 ($2.55 in chips) 
Seat 4: Taromsiti ($3.42 in chips) 
Seat 5: Dorex2007 ($2.73 in chips) 
Seat 6: ocrimus ($2 in chips) 
Seat 7: kalita-1 ($0.67 in chips) 
Seat 8: dboulay1979 ($2.23 in chips) 
dboulay1979: posts small blind $0.01
Sysrq03: posts big blind $0.02
*** HOLE CARDS ***
Dealt to Dorex2007 [6s 4c]
Orange712: folds 
Taromsiti: folds 
Dorex2007: folds 
ocrimus: folds 
kalita-1: folds 
dboulay1979: calls $0.01
Sysrq03: checks 
*** FLOP *** [7c As 6c]
dboulay1979: checks 
Sysrq03: bets $0.02
dboulay1979: calls $0.02
*** TURN *** [7c As 6c] [Ks]
dboulay1979: checks 
Sysrq03: checks 
*** RIVER *** [7c As 6c Ks] [9h]
dboulay1979: bets $2.19 and is all-in
Sysrq03: folds 
Uncalled bet ($2.19) returned to dboulay1979
dboulay1979 collected $0.08 from pot
*** SUMMARY ***
Total pot $0.08 | Rake $0 
Board [7c As 6c Ks 9h]
Seat 2: Sysrq03 (big blind) folded on the River
Seat 3: Orange712 folded before Flop (didn't bet)
Seat 4: Taromsiti folded before Flop (didn't bet)
Seat 5: Dorex2007 folded before Flop (didn't bet)
Seat 6: ocrimus folded before Flop (didn't bet)
Seat 7: kalita-1 (button) folded before Flop (didn't bet)
Seat 8: dboulay1979 (small blind) collected ($0.08)



PokerStars Hand #233118423703:  Hold'em No Limit ($0.01/$0.02 USD) - 2022/01/14 2:44:21 PT [2022/01/14 5:44:21 ET]
Table 'Gismonda' 9-max Seat #8 is the button
Seat 2: Sysrq03 ($2.05 in chips) 
Seat 3: Orange712 ($2.55 in chips) 
Seat 4: Taromsiti ($3.42 in chips) 
Seat 5: Dorex2007 ($2.73 in chips) 
Seat 6: ocrimus ($2 in chips) 
Seat 7: kalita-1 ($0.67 in chips) 
Seat 8: dboulay1979 ($2.27 in chips) 
Sysrq03: posts small blind $0.01
Orange712: posts big blind $0.02
*** HOLE CARDS ***
Dealt to Dorex2007 [3c 3d]
Taromsiti: calls $0.02
Dorex2007: folds 
ocrimus: calls $0.02
kalita-1: raises $0.02 to $0.04
dboulay1979: folds 
Sysrq03: folds 
Orange712: raises $0.12 to $0.16
Taromsiti: folds 
ocrimus: folds 
kalita-1: calls $0.12
*** FLOP *** [6s 4c 8h]
Orange712: bets $0.24
kalita-1: folds 
Uncalled bet ($0.24) returned to Orange712
Orange712 collected $0.36 from pot
Orange712: doesn't show hand 
*** SUMMARY ***
Total pot $0.37 | Rake $0.01 
Board [6s 4c 8h]
Seat 2: Sysrq03 (small blind) folded before Flop
Seat 3: Orange712 (big blind) collected ($0.36)
Seat 4: Taromsiti folded before Flop
Seat 5: Dorex2007 folded before Flop (didn't bet)
Seat 6: ocrimus folded before Flop
Seat 7: kalita-1 folded on the Flop
Seat 8: dboulay1979 (button) folded before Flop (didn't bet)



PokerStars Hand #233118436298:  Hold'em No Limit ($0.01/$0.02 USD) - 2022/01/14 2:45:13 PT [2022/01/14 5:45:13 ET]
Table 'Gismonda' 9-max Seat #2 is the button
Seat 2: Sysrq03 ($2.04 in chips) 
Seat 3: Orange712 ($2.75 in chips) 
Seat 4: Taromsiti ($3.40 in chips) 
Seat 5: Dorex2007 ($2.73 in chips) 
Seat 6: ocrimus ($2 in chips) 
Seat 7: kalita-1 ($0.51 in chips) 
Seat 8: dboulay1979 ($2.27 in chips) 
Orange712: posts small blind $0.01
Taromsiti: posts big blind $0.02
*** HOLE CARDS ***
Dealt to Dorex2007 [8d 6c]
Dorex2007: folds 
ocrimus: folds 
kalita-1: folds 
dboulay1979: folds 
Sysrq03: folds 
Orange712: folds 
Uncalled bet ($0.01) returned to Taromsiti
Taromsiti collected $0.02 from pot
Taromsiti: doesn't show hand 
*** SUMMARY ***
Total pot $0.02 | Rake $0 
Seat 2: Sysrq03 (button) folded before Flop (didn't bet)
Seat 3: Orange712 (small blind) folded before Flop
Seat 4: Taromsiti (big blind) collected ($0.02)
Seat 5: Dorex2007 folded before Flop (didn't bet)
Seat 6: ocrimus folded before Flop (didn't bet)
Seat 7: kalita-1 folded before Flop (didn't bet)
Seat 8: dboulay1979 folded before Flop (didn't bet)



PokerStars Hand #233118441156:  Hold'em No Limit ($0.01/$0.02 USD) - 2022/01/14 2:45:24 PT [2022/01/14 5:45:24 ET]
Table 'Gismonda' 9-max Seat #3 is the button
Seat 2: Sysrq03 ($2.04 in chips) 
Seat 3: Orange712 ($2.74 in chips) 
Seat 4: Taromsiti ($3.41 in chips) 
Seat 5: Dorex2007 ($2.73 in chips) 
Seat 6: ocrimus ($2 in chips) 
Seat 7: kalita-1 ($0.51 in chips) 
Seat 8: dboulay1979 ($2.27 in chips) 
Taromsiti: posts small blind $0.01
linhdamtn joins the table at seat #1 
Dorex2007: posts big blind $0.02
*** HOLE CARDS ***
Dealt to Dorex2007 [8c Th]
ocrimus: folds 
kalita-1: calls $0.02
dboulay1979: raises $0.04 to $0.06
Sysrq03: folds 
Orange712: calls $0.06
Taromsiti: calls $0.05
Dorex2007: folds 
kalita-1: calls $0.04
*** FLOP *** [Ks Kd 2h]
Taromsiti: checks 
kalita-1: checks 
dboulay1979: checks 
Orange712: bets $0.25
Taromsiti: calls $0.25
kalita-1: folds 
dboulay1979: folds 
*** TURN *** [Ks Kd 2h] [8s]
Taromsiti: checks 
Orange712: checks 
*** RIVER *** [Ks Kd 2h 8s] [8h]
Taromsiti: bets $0.36
Orange712: folds 
Uncalled bet ($0.36) returned to Taromsiti
Taromsiti collected $0.73 from pot
Taromsiti: doesn't show hand 
*** SUMMARY ***
Total pot $0.76 | Rake $0.03 
Board [Ks Kd 2h 8s 8h]
Seat 2: Sysrq03 folded before Flop (didn't bet)
Seat 3: Orange712 (button) folded on the River
Seat 4: Taromsiti (small blind) collected ($0.73)
Seat 5: Dorex2007 (big blind) folded before Flop
Seat 6: ocrimus folded before Flop (didn't bet)
Seat 7: kalita-1 folded on the Flop
Seat 8: dboulay1979 folded on the Flop



PokerStars Hand #233118460696:  Hold'em No Limit ($0.01/$0.02 USD) - 2022/01/14 2:46:44 PT [2022/01/14 5:46:44 ET]
Table 'Gismonda' 9-max Seat #4 is the button
Seat 2: Sysrq03 ($2.04 in chips) 
Seat 3: Orange712 ($2.43 in chips) 
Seat 4: Taromsiti ($3.83 in chips) 
Seat 5: Dorex2007 ($2.71 in chips) 
Seat 6: ocrimus ($2 in chips) 
Seat 7: kalita-1 ($0.45 in chips) 
Seat 8: dboulay1979 ($2.21 in chips) 
Seat 9: Master75573 ($1.44 in chips) 
Dorex2007: posts small blind $0.01
ocrimus: posts big blind $0.02
Master75573: posts small & big blinds $0.03
linhdamtn: sits out 
*** HOLE CARDS ***
Dealt to Dorex2007 [Jh Kd]
kalita-1 has timed out
kalita-1: folds 
dboulay1979: folds 
Master75573: checks 
Sysrq03: folds 
Orange712: folds 
Taromsiti: folds 
Dorex2007: calls $0.01
ocrimus: checks 
*** FLOP *** [Jd Th 7s]
Dorex2007: bets $0.05
ocrimus: folds 
Master75573: calls $0.05
*** TURN *** [Jd Th 7s] [Qh]
Dorex2007: bets $0.08
Master75573: calls $0.08
*** RIVER *** [Jd Th 7s Qh] [8h]
Dorex2007: checks 
Master75573: bets $0.32
Dorex2007: folds 
Uncalled bet ($0.32) returned to Master75573
Master75573 collected $0.32 from pot
*** SUMMARY ***
Total pot $0.33 | Rake $0.01 
Board [Jd Th 7s Qh 8h]
Seat 2: Sysrq03 folded before Flop (didn't bet)
Seat 3: Orange712 folded before Flop (didn't bet)
Seat 4: Taromsiti (button) folded before Flop (didn't bet)
Seat 5: Dorex2007 (small blind) folded on the River
Seat 6: ocrimus (big blind) folded on the Flop
Seat 7: kalita-1 folded before Flop (didn't bet)
Seat 8: dboulay1979 folded before Flop (didn't bet)
Seat 9: Master75573 collected ($0.32)



PokerStars Hand #233118474316:  Hold'em No Limit ($0.01/$0.02 USD) - 2022/01/14 2:47:40 PT [2022/01/14 5:47:40 ET]
Table 'Gismonda' 9-max Seat #5 is the button
Seat 2: Sysrq03 ($2.04 in chips) 
Seat 3: Orange712 ($2.43 in chips) 
Seat 4: Taromsiti ($3.83 in chips) 
Seat 5: Dorex2007 ($2.56 in chips) 
Seat 6: ocrimus ($2 in chips) 
Seat 7: kalita-1 ($0.45 in chips) 
Seat 8: dboulay1979 ($2.21 in chips) 
Seat 9: Master75573 ($1.60 in chips) 
ocrimus: posts small blind $0.01
kalita-1: posts big blind $0.02
linhdamtn: sits out 
*** HOLE CARDS ***
Dealt to Dorex2007 [8c Qs]
dboulay1979: folds 
Master75573: calls $0.02
Sysrq03: folds 
Orange712: folds 
Taromsiti: raises $0.04 to $0.06
Dorex2007: folds 
ocrimus: folds 
kalita-1: calls $0.04
Master75573: calls $0.04
*** FLOP *** [6s Kc Kd]
kalita-1: checks 
Master75573: bets $0.18
Taromsiti: folds 
kalita-1: folds 
Uncalled bet ($0.18) returned to Master75573
Master75573 collected $0.18 from pot
*** SUMMARY ***
Total pot $0.19 | Rake $0.01 
Board [6s Kc Kd]
Seat 2: Sysrq03 folded before Flop (didn't bet)
Seat 3: Orange712 folded before Flop (didn't bet)
Seat 4: Taromsiti folded on the Flop
Seat 5: Dorex2007 (button) folded before Flop (didn't bet)
Seat 6: ocrimus (small blind) folded before Flop
Seat 7: kalita-1 (big blind) folded on the Flop
Seat 8: dboulay1979 folded before Flop (didn't bet)
Seat 9: Master75573 collected ($0.18)



PokerStars Hand #233118486863:  Hold'em No Limit ($0.01/$0.02 USD) - 2022/01/14 2:48:30 PT [2022/01/14 5:48:30 ET]
Table 'Gismonda' 9-max Seat #6 is the button
Seat 2: Sysrq03 ($2.04 in chips) 
Seat 3: Orange712 ($2.43 in chips) 
Seat 4: Taromsiti ($3.77 in chips) 
Seat 5: Dorex2007 ($2.56 in chips) 
Seat 6: ocrimus ($2 in chips) 
Seat 7: kalita-1 ($0.39 in chips) 
Seat 8: dboulay1979 ($2.21 in chips) 
Seat 9: Master75573 ($1.72 in chips) 
kalita-1: posts small blind $0.01
dboulay1979: posts big blind $0.02
linhdamtn: sits out 
*** HOLE CARDS ***
Dealt to Dorex2007 [Ks Kh]
Master75573: folds 
Sysrq03: folds 
Orange712: folds 
Taromsiti: folds 
Dorex2007: raises $0.08 to $0.10
ocrimus: folds 
kalita-1: folds 
dboulay1979: folds 
Uncalled bet ($0.08) returned to Dorex2007
Dorex2007 collected $0.05 from pot
Dorex2007: doesn't show hand 
*** SUMMARY ***
Total pot $0.05 | Rake $0 
Seat 2: Sysrq03 folded before Flop (didn't bet)
Seat 3: Orange712 folded before Flop (didn't bet)
Seat 4: Taromsiti folded before Flop (didn't bet)
Seat 5: Dorex2007 collected ($0.05)
Seat 6: ocrimus (button) folded before Flop (didn't bet)
Seat 7: kalita-1 (small blind) folded before Flop
Seat 8: dboulay1979 (big blind) folded before Flop
Seat 9: Master75573 folded before Flop (didn't bet)



PokerStars Hand #233118491925:  Hold'em No Limit ($0.01/$0.02 USD) - 2022/01/14 2:48:51 PT [2022/01/14 5:48:51 ET]
Table 'Gismonda' 9-max Seat #7 is the button
Seat 2: Sysrq03 ($2.04 in chips) 
Seat 3: Orange712 ($2.43 in chips) 
Seat 4: Taromsiti ($3.77 in chips) 
Seat 5: Dorex2007 ($2.59 in chips) 
Seat 6: ocrimus ($2 in chips) 
Seat 7: kalita-1 ($0.38 in chips) 
Seat 8: dboulay1979 ($2.19 in chips) 
Seat 9: Master75573 ($1.72 in chips) 
dboulay1979: posts small blind $0.01
Master75573: posts big blind $0.02
linhdamtn: sits out 
*** HOLE CARDS ***
Dealt to Dorex2007 [Kh Kc]
Sysrq03: folds 
Orange712: folds 
Taromsiti: folds 
Dorex2007: raises $0.08 to $0.10
ocrimus: folds 
kalita-1: calls $0.10
dboulay1979: folds 
Master75573: folds 
*** FLOP *** [6d Qd 8h]
Dorex2007: bets $0.28
kalita-1: calls $0.28 and is all-in
*** TURN *** [6d Qd 8h] [Ac]
*** RIVER *** [6d Qd 8h Ac] [4c]
*** SHOW DOWN ***
Dorex2007: shows [Kh Kc] (a pair of Kings)
kalita-1: shows [Jc Jd] (a pair of Jacks)
Dorex2007 cashed out the hand for $0.65 | Cash Out Fee $0.01
*** SUMMARY ***
Total pot $0.79 | Rake $0.03 
Board [6d Qd 8h Ac 4c]
Seat 2: Sysrq03 folded before Flop (didn't bet)
Seat 3: Orange712 folded before Flop (didn't bet)
Seat 4: Taromsiti folded before Flop (didn't bet)
Seat 5: Dorex2007 showed [Kh Kc] and won ($0.76) with a pair of Kings (pot not awarded as player cashed out)
Seat 6: ocrimus folded before Flop (didn't bet)
Seat 7: kalita-1 (button) showed [Jc Jd] and lost with a pair of Jacks
Seat 8: dboulay1979 (small blind) folded before Flop
Seat 9: Master75573 (big blind) folded before Flop



PokerStars Hand #233118502912:  Hold'em No Limit ($0.01/$0.02 USD) - 2022/01/14 2:49:35 PT [2022/01/14 5:49:35 ET]
Table 'Gismonda' 9-max Seat #8 is the button
Seat 1: linhdamtn ($2 in chips) 
Seat 2: Sysrq03 ($2.04 in chips) 
Seat 3: Orange712 ($2.43 in chips) 
Seat 4: Taromsiti ($3.77 in chips) 
Seat 5: Dorex2007 ($2.86 in chips) 
Seat 6: ocrimus ($2 in chips) 
Seat 8: dboulay1979 ($2.18 in chips) 
Seat 9: Master75573 ($1.70 in chips) 
Master75573: posts small blind $0.01
linhdamtn: posts big blind $0.02
*** HOLE CARDS ***
Dealt to Dorex2007 [Th 5s]
Sysrq03: folds 
Orange712: folds 
kalita-1 leaves the table
Taromsiti: folds 
Dorex2007: folds 
ocrimus: folds 
dboulay1979: folds 
Master75573: calls $0.01
linhdamtn: raises $0.04 to $0.06
11*evgeni*11 joins the table at seat #7 
Master75573: calls $0.04
*** FLOP *** [Js 8h 9s]
Master75573: checks 
linhdamtn: bets $0.05
Master75573: calls $0.05
*** TURN *** [Js 8h 9s] [6s]
Master75573: checks 
linhdamtn: checks 
*** RIVER *** [Js 8h 9s 6s] [As]
Master75573: bets $0.11
linhdamtn: folds 
Uncalled bet ($0.11) returned to Master75573
Master75573 collected $0.21 from pot
*** SUMMARY ***
Total pot $0.22 | Rake $0.01 
Board [Js 8h 9s 6s As]
Seat 1: linhdamtn (big blind) folded on the River
Seat 2: Sysrq03 folded before Flop (didn't bet)
Seat 3: Orange712 folded before Flop (didn't bet)
Seat 4: Taromsiti folded before Flop (didn't bet)
Seat 5: Dorex2007 folded before Flop (didn't bet)
Seat 6: ocrimus folded before Flop (didn't bet)
Seat 8: dboulay1979 (button) folded before Flop (didn't bet)
Seat 9: Master75573 (small blind) collected ($0.21)



PokerStars Hand #233118516440:  Hold'em No Limit ($0.01/$0.02 USD) - 2022/01/14 2:50:30 PT [2022/01/14 5:50:30 ET]
Table 'Gismonda' 9-max Seat #9 is the button
Seat 1: linhdamtn ($1.89 in chips) 
Seat 2: Sysrq03 ($2.04 in chips) 
Seat 3: Orange712 ($2.43 in chips) 
Seat 4: Taromsiti ($3.77 in chips) 
Seat 5: Dorex2007 ($2.86 in chips) 
Seat 6: ocrimus ($2 in chips) 
Seat 8: dboulay1979 ($2.18 in chips) 
Seat 9: Master75573 ($1.80 in chips) 
linhdamtn: posts small blind $0.01
Sysrq03: posts big blind $0.02
11*evgeni*11: sits out 
*** HOLE CARDS ***
Dealt to Dorex2007 [3d 3s]
Orange712: calls $0.02
Taromsiti: folds 
Dorex2007: folds 
ocrimus: folds 
dboulay1979: folds 
Master75573: folds 
linhdamtn: calls $0.01
Sysrq03: checks 
*** FLOP *** [Ah 8d 8s]
linhdamtn: checks 
Sysrq03: checks 
Orange712: bets $0.06
linhdamtn: raises $0.11 to $0.17
Sysrq03: folds 
Orange712: folds 
Uncalled bet ($0.11) returned to linhdamtn
linhdamtn collected $0.17 from pot
linhdamtn: doesn't show hand 
*** SUMMARY ***
Total pot $0.18 | Rake $0.01 
Board [Ah 8d 8s]
Seat 1: linhdamtn (small blind) collected ($0.17)
Seat 2: Sysrq03 (big blind) folded on the Flop
Seat 3: Orange712 folded on the Flop
Seat 4: Taromsiti folded before Flop (didn't bet)
Seat 5: Dorex2007 folded before Flop (didn't bet)
Seat 6: ocrimus folded before Flop (didn't bet)
Seat 8: dboulay1979 folded before Flop (didn't bet)
Seat 9: Master75573 (button) folded before Flop (didn't bet)



PokerStars Hand #233118528907:  Hold'em No Limit ($0.01/$0.02 USD) - 2022/01/14 2:51:20 PT [2022/01/14 5:51:20 ET]
Table 'Gismonda' 9-max Seat #1 is the button
Seat 1: linhdamtn ($2 in chips) 
Seat 2: Sysrq03 ($2.02 in chips) 
Seat 3: Orange712 ($2.35 in chips) 
Seat 4: Taromsiti ($3.77 in chips) 
Seat 5: Dorex2007 ($2.86 in chips) 
Seat 6: ocrimus ($2 in chips) 
Seat 8: dboulay1979 ($2.18 in chips) 
Seat 9: Master75573 ($1.80 in chips) 
Sysrq03: posts small blind $0.01
Orange712: posts big blind $0.02
11*evgeni*11: sits out 
*** HOLE CARDS ***
Dealt to Dorex2007 [8c 5d]
Taromsiti: calls $0.02
Dorex2007: folds 
ocrimus: folds 
dboulay1979: folds 
Master75573: calls $0.02
linhdamtn: folds 
Sysrq03: folds 
Orange712: checks 
*** FLOP *** [9h 8s 3h]
Orange712: checks 
Taromsiti: bets $0.02
Master75573: raises $0.11 to $0.13
Orange712: folds 
Taromsiti: calls $0.11
*** TURN *** [9h 8s 3h] [6c]
Taromsiti: checks 
Master75573: bets $0.16
Taromsiti: calls $0.16
*** RIVER *** [9h 8s 3h 6c] [Kc]
Taromsiti: bets $0.31
Master75573: calls $0.31
*** SHOW DOWN ***
Taromsiti: shows [7c 6d] (a pair of Sixes)
Master75573: shows [Ts 9d] (a pair of Nines)
Master75573 collected $1.23 from pot
*** SUMMARY ***
Total pot $1.27 | Rake $0.04 
Board [9h 8s 3h 6c Kc]
Seat 1: linhdamtn (button) folded before Flop (didn't bet)
Seat 2: Sysrq03 (small blind) folded before Flop
Seat 3: Orange712 (big blind) folded on the Flop
Seat 4: Taromsiti showed [7c 6d] and lost with a pair of Sixes
Seat 5: Dorex2007 folded before Flop (didn't bet)
Seat 6: ocrimus folded before Flop (didn't bet)
Seat 8: dboulay1979 folded before Flop (didn't bet)
Seat 9: Master75573 showed [Ts 9d] and won ($1.23) with a pair of Nines



PokerStars Hand #233118543824:  Hold'em No Limit ($0.01/$0.02 USD) - 2022/01/14 2:52:20 PT [2022/01/14 5:52:20 ET]
Table 'Gismonda' 9-max Seat #2 is the button
Seat 1: linhdamtn ($2 in chips) 
Seat 2: Sysrq03 ($2.01 in chips) 
Seat 3: Orange712 ($2.33 in chips) 
Seat 4: Taromsiti ($3.15 in chips) 
Seat 5: Dorex2007 ($2.86 in chips) 
Seat 6: ocrimus ($2 in chips) 
Seat 8: dboulay1979 ($2.18 in chips) 
Seat 9: Master75573 ($2.41 in chips) 
Orange712: posts small blind $0.01
Taromsiti: posts big blind $0.02
11*evgeni*11: sits out 
*** HOLE CARDS ***
Dealt to Dorex2007 [2c Ah]
Dorex2007: folds 
ocrimus: folds 
dboulay1979: folds 
Master75573: calls $0.02
linhdamtn: folds 
Sysrq03: folds 
Orange712: calls $0.01
Taromsiti: checks 
*** FLOP *** [7s Kd 6h]
Orange712: checks 
Taromsiti: checks 
Master75573: checks 
*** TURN *** [7s Kd 6h] [Ac]
Orange712: checks 
Taromsiti: checks 
Master75573: checks 
*** RIVER *** [7s Kd 6h Ac] [Qd]
Orange712: checks 
Taromsiti: checks 
Master75573: bets $0.06
Orange712: folds 
Taromsiti: folds 
Uncalled bet ($0.06) returned to Master75573
Master75573 collected $0.06 from pot
*** SUMMARY ***
Total pot $0.06 | Rake $0 
Board [7s Kd 6h Ac Qd]
Seat 1: linhdamtn folded before Flop (didn't bet)
Seat 2: Sysrq03 (button) folded before Flop (didn't bet)
Seat 3: Orange712 (small blind) folded on the River
Seat 4: Taromsiti (big blind) folded on the River
Seat 5: Dorex2007 folded before Flop (didn't bet)
Seat 6: ocrimus folded before Flop (didn't bet)
Seat 8: dboulay1979 folded before Flop (didn't bet)
Seat 9: Master75573 collected ($0.06)



PokerStars Hand #233118554606:  Hold'em No Limit ($0.01/$0.02 USD) - 2022/01/14 2:53:04 PT [2022/01/14 5:53:04 ET]
Table 'Gismonda' 9-max Seat #3 is the button
Seat 1: linhdamtn ($2 in chips) 
Seat 2: Sysrq03 ($2.01 in chips) 
Seat 3: Orange712 ($2.31 in chips) 
Seat 4: Taromsiti ($3.13 in chips) 
Seat 5: Dorex2007 ($2.86 in chips) 
Seat 6: ocrimus ($2 in chips) 
Seat 8: dboulay1979 ($2.18 in chips) 
Seat 9: Master75573 ($2.45 in chips) 
Taromsiti: posts small blind $0.01
Dorex2007: posts big blind $0.02
11*evgeni*11: sits out 
*** HOLE CARDS ***
Dealt to Dorex2007 [9d Kh]
ocrimus: folds 
dboulay1979: folds 
ocrimus leaves the table
Master75573: calls $0.02
linhdamtn: folds 
Sysrq03: folds 
Orange712: calls $0.02
Taromsiti: raises $0.08 to $0.10
Dorex2007: folds 
Master75573: calls $0.08
Orange712: calls $0.08
*** FLOP *** [7h 3c Qd]
Taromsiti: bets $0.15
Master75573: folds 
Orange712: folds 
Uncalled bet ($0.15) returned to Taromsiti
Taromsiti collected $0.31 from pot
Taromsiti: doesn't show hand 
*** SUMMARY ***
Total pot $0.32 | Rake $0.01 
Board [7h 3c Qd]
Seat 1: linhdamtn folded before Flop (didn't bet)
Seat 2: Sysrq03 folded before Flop (didn't bet)
Seat 3: Orange712 (button) folded on the Flop
Seat 4: Taromsiti (small blind) collected ($0.31)
Seat 5: Dorex2007 (big blind) folded before Flop
Seat 6: ocrimus folded before Flop (didn't bet)
Seat 8: dboulay1979 folded before Flop (didn't bet)
Seat 9: Master75573 folded on the Flop



PokerStars Hand #233118565098:  Hold'em No Limit ($0.01/$0.02 USD) - 2022/01/14 2:53:46 PT [2022/01/14 5:53:46 ET]
Table 'Gismonda' 9-max Seat #4 is the button
Seat 1: linhdamtn ($2 in chips) 
Seat 2: Sysrq03 ($2.01 in chips) 
Seat 3: Orange712 ($2.21 in chips) 
Seat 4: Taromsiti ($3.34 in chips) 
Seat 5: Dorex2007 ($2.84 in chips) 
Seat 7: 11*evgeni*11 ($1.60 in chips) 
Seat 8: dboulay1979 ($2.18 in chips) 
Seat 9: Master75573 ($2.35 in chips) 
Dorex2007: posts small blind $0.01
11*evgeni*11: posts big blind $0.02
*** HOLE CARDS ***
Dealt to Dorex2007 [Ah 2h]
dboulay1979: folds 
Master75573: calls $0.02
linhdamtn: folds 
Sysrq03: folds 
Orange712: folds 
Taromsiti: folds 
Dorex2007: calls $0.01
11*evgeni*11: checks 
*** FLOP *** [5s Ks 4d]
Dorex2007: checks 
11*evgeni*11: checks 
Master75573: checks 
*** TURN *** [5s Ks 4d] [8s]
Dorex2007: checks 
11*evgeni*11: bets $0.06
Master75573: folds 
Dorex2007: folds 
Uncalled bet ($0.06) returned to 11*evgeni*11
11*evgeni*11 collected $0.06 from pot
11*evgeni*11: doesn't show hand 
*** SUMMARY ***
Total pot $0.06 | Rake $0 
Board [5s Ks 4d 8s]
Seat 1: linhdamtn folded before Flop (didn't bet)
Seat 2: Sysrq03 folded before Flop (didn't bet)
Seat 3: Orange712 folded before Flop (didn't bet)
Seat 4: Taromsiti (button) folded before Flop (didn't bet)
Seat 5: Dorex2007 (small blind) folded on the Turn
Seat 7: 11*evgeni*11 (big blind) collected ($0.06)
Seat 8: dboulay1979 folded before Flop (didn't bet)
Seat 9: Master75573 folded on the Turn



PokerStars Hand #233118574523:  Hold'em No Limit ($0.01/$0.02 USD) - 2022/01/14 2:54:24 PT [2022/01/14 5:54:24 ET]
Table 'Gismonda' 9-max Seat #5 is the button
Seat 1: linhdamtn ($2 in chips) 
Seat 2: Sysrq03 ($2.01 in chips) 
Seat 3: Orange712 ($2.21 in chips) 
Seat 4: Taromsiti ($3.34 in chips) 
Seat 5: Dorex2007 ($2.82 in chips) 
Seat 7: 11*evgeni*11 ($1.64 in chips) 
Seat 8: dboulay1979 ($2.18 in chips) 
Seat 9: Master75573 ($2.33 in chips) 
11*evgeni*11: posts small blind $0.01
dboulay1979: posts big blind $0.02
*** HOLE CARDS ***
Dealt to Dorex2007 [2s 9s]
Master75573: calls $0.02
linhdamtn: folds 
Sysrq03: folds 
Orange712: folds 
Taromsiti: calls $0.02
Dorex2007: folds 
11*evgeni*11: folds 
dboulay1979: checks 
*** FLOP *** [Kh 8h Kd]
dboulay1979: checks 
Master75573: bets $0.07
Taromsiti: calls $0.07
dboulay1979: folds 
*** TURN *** [Kh 8h Kd] [6c]
Master75573: bets $0.20
Taromsiti: calls $0.20
*** RIVER *** [Kh 8h Kd 6c] [Jd]
Master75573: bets $0.30
Taromsiti: raises $0.60 to $0.90
Master75573: folds 
Uncalled bet ($0.60) returned to Taromsiti
Taromsiti collected $1.17 from pot
Taromsiti: doesn't show hand 
*** SUMMARY ***
Total pot $1.21 | Rake $0.04 
Board [Kh 8h Kd 6c Jd]
Seat 1: linhdamtn folded before Flop (didn't bet)
Seat 2: Sysrq03 folded before Flop (didn't bet)
Seat 3: Orange712 folded before Flop (didn't bet)
Seat 4: Taromsiti collected ($1.17)
Seat 5: Dorex2007 (button) folded before Flop (didn't bet)
Seat 7: 11*evgeni*11 (small blind) folded before Flop
Seat 8: dboulay1979 (big blind) folded on the Flop
Seat 9: Master75573 folded on the River



PokerStars Hand #233118589297:  Hold'em No Limit ($0.01/$0.02 USD) - 2022/01/14 2:55:26 PT [2022/01/14 5:55:26 ET]
Table 'Gismonda' 9-max Seat #8 is the button
Seat 1: linhdamtn ($2 in chips) 
Seat 2: Sysrq03 ($2.01 in chips) 
Seat 3: Orange712 ($2.21 in chips) 
Seat 4: Taromsiti ($3.92 in chips) 
Seat 5: Dorex2007 ($2.82 in chips) 
Seat 8: dboulay1979 ($2.16 in chips) 
Seat 9: Master75573 ($1.74 in chips) 
Master75573: posts small blind $0.01
linhdamtn: posts big blind $0.02
*** HOLE CARDS ***
Dealt to Dorex2007 [9c 5c]
ykpon980 joins the table at seat #6 
Sysrq03: raises $0.04 to $0.06
Orange712: folds 
11*evgeni*11 is disconnected 
Taromsiti: calls $0.06
Dorex2007: folds 
dboulay1979: calls $0.06
Master75573: calls $0.05
linhdamtn: calls $0.04
*** FLOP *** [4s 4c 5s]
Master75573: checks 
linhdamtn: checks 
Sysrq03: checks 
Taromsiti: bets $0.02
dboulay1979: calls $0.02
Master75573: folds 
linhdamtn: folds 
Sysrq03: calls $0.02
*** TURN *** [4s 4c 5s] [5d]
Sysrq03: checks 
Taromsiti: bets $0.02
dboulay1979: raises $0.14 to $0.16
Sysrq03: folds 
Taromsiti: folds 
Uncalled bet ($0.14) returned to dboulay1979
dboulay1979 collected $0.39 from pot
*** SUMMARY ***
Total pot $0.40 | Rake $0.01 
Board [4s 4c 5s 5d]
Seat 1: linhdamtn (big blind) folded on the Flop
Seat 2: Sysrq03 folded on the Turn
Seat 3: Orange712 folded before Flop (didn't bet)
Seat 4: Taromsiti folded on the Turn
Seat 5: Dorex2007 folded before Flop (didn't bet)
Seat 8: dboulay1979 (button) collected ($0.39)
Seat 9: Master75573 (small blind) folded on the Flop



PokerStars Hand #233118602235:  Hold'em No Limit ($0.01/$0.02 USD) - 2022/01/14 2:56:26 PT [2022/01/14 5:56:26 ET]
Table 'Gismonda' 9-max Seat #9 is the button
Seat 1: linhdamtn ($1.94 in chips) 
Seat 2: Sysrq03 ($2 in chips) 
Seat 3: Orange712 ($2.21 in chips) 
Seat 4: Taromsiti ($3.82 in chips) 
Seat 5: Dorex2007 ($2.82 in chips) 
Seat 6: ykpon980 ($2 in chips) 
Seat 8: dboulay1979 ($2.45 in chips) 
Seat 9: Master75573 ($1.68 in chips) 
linhdamtn: posts small blind $0.01
Sysrq03: posts big blind $0.02
ykpon980: posts big blind $0.02
*** HOLE CARDS ***
Dealt to Dorex2007 [3c 3h]
Orange712: folds 
Taromsiti: folds 
Dorex2007 has timed out
Dorex2007: folds 
ykpon980: raises $0.04 to $0.06
dboulay1979: calls $0.06
Master75573: folds 
linhdamtn: folds 
Sysrq03: folds 
*** FLOP *** [8s 2h 3d]
ykpon980: bets $0.10
dboulay1979: folds 
Uncalled bet ($0.10) returned to ykpon980
ykpon980 collected $0.14 from pot
ykpon980: doesn't show hand 
*** SUMMARY ***
Total pot $0.15 | Rake $0.01 
Board [8s 2h 3d]
Seat 1: linhdamtn (small blind) folded before Flop
Seat 2: Sysrq03 (big blind) folded before Flop
Seat 3: Orange712 folded before Flop (didn't bet)
Seat 4: Taromsiti folded before Flop (didn't bet)
Seat 5: Dorex2007 folded before Flop (didn't bet)
Seat 6: ykpon980 collected ($0.14)
Seat 8: dboulay1979 folded on the Flop
Seat 9: Master75573 (button) folded before Flop (didn't bet)



PokerStars Hand #233118610178:  Hold'em No Limit ($0.01/$0.02 USD) - 2022/01/14 2:57:03 PT [2022/01/14 5:57:03 ET]
Table 'Gismonda' 9-max Seat #1 is the button
Seat 1: linhdamtn ($1.93 in chips) 
Seat 2: Sysrq03 ($2 in chips) 
Seat 3: Orange712 ($2.21 in chips) 
Seat 4: Taromsiti ($3.82 in chips) 
Seat 5: Dorex2007 ($2.82 in chips) 
Seat 6: ykpon980 ($2.08 in chips) 
Seat 8: dboulay1979 ($2.39 in chips) 
Seat 9: Master75573 ($1.68 in chips) 
Sysrq03: posts small blind $0.01
Orange712: posts big blind $0.02
*** HOLE CARDS ***
Dealt to Dorex2007 [Js Tc]
Taromsiti: raises $0.04 to $0.06
Dorex2007: folds 
ykpon980: folds 
dboulay1979: folds 
Master75573: calls $0.06
linhdamtn: folds 
Sysrq03: folds 
Orange712: folds 
*** FLOP *** [Ad 3c 4h]
Taromsiti: bets $0.07
Master75573: calls $0.07
*** TURN *** [Ad 3c 4h] [7h]
Taromsiti: bets $0.28
Master75573: raises $0.84 to $1.12
Taromsiti: folds 
Uncalled bet ($0.84) returned to Master75573
Master75573 collected $0.82 from pot
*** SUMMARY ***
Total pot $0.85 | Rake $0.03 
Board [Ad 3c 4h 7h]
Seat 1: linhdamtn (button) folded before Flop (didn't bet)
Seat 2: Sysrq03 (small blind) folded before Flop
Seat 3: Orange712 (big blind) folded before Flop
Seat 4: Taromsiti folded on the Turn
Seat 5: Dorex2007 folded before Flop (didn't bet)
Seat 6: ykpon980 folded before Flop (didn't bet)
Seat 8: dboulay1979 folded before Flop (didn't bet)
Seat 9: Master75573 collected ($0.82)



PokerStars Hand #233118619176:  Hold'em No Limit ($0.01/$0.02 USD) - 2022/01/14 2:57:45 PT [2022/01/14 5:57:45 ET]
Table 'Gismonda' 9-max Seat #2 is the button
Seat 1: linhdamtn ($1.93 in chips) 
Seat 2: Sysrq03 ($2 in chips) 
Seat 3: Orange712 ($2.19 in chips) 
Seat 4: Taromsiti ($3.41 in chips) 
Seat 5: Dorex2007 ($2.82 in chips) 
Seat 6: ykpon980 ($2.08 in chips) 
Seat 8: dboulay1979 ($2.39 in chips) 
Seat 9: Master75573 ($2.09 in chips) 
Orange712: posts small blind $0.01
Taromsiti: posts big blind $0.02
*** HOLE CARDS ***
Dealt to Dorex2007 [5h 3d]
Dorex2007: folds 
ykpon980: raises $0.04 to $0.06
dboulay1979: folds 
Master75573: folds 
linhdamtn: folds 
Sysrq03: folds 
Orange712: folds 
Taromsiti: folds 
Uncalled bet ($0.04) returned to ykpon980
ykpon980 collected $0.05 from pot
ykpon980: doesn't show hand 
*** SUMMARY ***
Total pot $0.05 | Rake $0 
Seat 1: linhdamtn folded before Flop (didn't bet)
Seat 2: Sysrq03 (button) folded before Flop (didn't bet)
Seat 3: Orange712 (small blind) folded before Flop
Seat 4: Taromsiti (big blind) folded before Flop
Seat 5: Dorex2007 folded before Flop (didn't bet)
Seat 6: ykpon980 collected ($0.05)
Seat 8: dboulay1979 folded before Flop (didn't bet)
Seat 9: Master75573 folded before Flop (didn't bet)



PokerStars Hand #233118622773:  Hold'em No Limit ($0.01/$0.02 USD) - 2022/01/14 2:58:02 PT [2022/01/14 5:58:02 ET]
Table 'Gismonda' 9-max Seat #3 is the button
Seat 1: linhdamtn ($1.93 in chips) 
Seat 2: Sysrq03 ($2 in chips) 
Seat 3: Orange712 ($2.18 in chips) 
Seat 4: Taromsiti ($3.39 in chips) 
Seat 5: Dorex2007 ($2.82 in chips) 
Seat 6: ykpon980 ($2.11 in chips) 
Seat 8: dboulay1979 ($2.39 in chips) 
Seat 9: Master75573 ($2.09 in chips) 
Taromsiti: posts small blind $0.01
Dorex2007: posts big blind $0.02
*** HOLE CARDS ***
Dealt to Dorex2007 [As 9d]
ykpon980: folds 
dboulay1979: calls $0.02
Master75573: calls $0.02
linhdamtn: folds 
Sysrq03: raises $0.08 to $0.10
Orange712: folds 
Taromsiti: folds 
Dorex2007: folds 
dboulay1979: calls $0.08
Master75573: folds 
*** FLOP *** [Td 3h 2c]
dboulay1979: checks 
Sysrq03: bets $0.08
dboulay1979: calls $0.08
*** TURN *** [Td 3h 2c] [Ah]
dboulay1979: checks 
Sysrq03: bets $0.14
dboulay1979: folds 
Uncalled bet ($0.14) returned to Sysrq03
Sysrq03 collected $0.40 from pot
*** SUMMARY ***
Total pot $0.41 | Rake $0.01 
Board [Td 3h 2c Ah]
Seat 1: linhdamtn folded before Flop (didn't bet)
Seat 2: Sysrq03 collected ($0.40)
Seat 3: Orange712 (button) folded before Flop (didn't bet)
Seat 4: Taromsiti (small blind) folded before Flop
Seat 5: Dorex2007 (big blind) folded before Flop
Seat 6: ykpon980 folded before Flop (didn't bet)
Seat 8: dboulay1979 folded on the Turn
Seat 9: Master75573 folded before Flop



PokerStars Hand #233118634874:  Hold'em No Limit ($0.01/$0.02 USD) - 2022/01/14 2:59:00 PT [2022/01/14 5:59:00 ET]
Table 'Gismonda' 9-max Seat #4 is the button
Seat 1: linhdamtn ($2 in chips) 
Seat 2: Sysrq03 ($2.22 in chips) 
Seat 3: Orange712 ($2.18 in chips) 
Seat 4: Taromsiti ($3.38 in chips) 
Seat 5: Dorex2007 ($2.80 in chips) 
Seat 6: ykpon980 ($2.11 in chips) 
Seat 8: dboulay1979 ($2.21 in chips) 
Seat 9: Master75573 ($2.07 in chips) 
Dorex2007: posts small blind $0.01
ykpon980: posts big blind $0.02
*** HOLE CARDS ***
Dealt to Dorex2007 [6c Kd]
dboulay1979: folds 
Master75573: folds 
linhdamtn: folds 
Sysrq03: folds 
Orange712: raises $0.06 to $0.08
Taromsiti: folds 
Dorex2007: folds 
ykpon980: calls $0.06
*** FLOP *** [7h 6h 3s]
ykpon980: bets $0.06
Orange712: calls $0.06
*** TURN *** [7h 6h 3s] [Qh]
ykpon980: checks 
Orange712: checks 
*** RIVER *** [7h 6h 3s Qh] [8s]
ykpon980: checks 
Orange712: checks 
*** SHOW DOWN ***
ykpon980: shows [Ts Tc] (a pair of Tens)
Orange712: mucks hand 
ykpon980 collected $0.28 from pot
*** SUMMARY ***
Total pot $0.29 | Rake $0.01 
Board [7h 6h 3s Qh 8s]
Seat 1: linhdamtn folded before Flop (didn't bet)
Seat 2: Sysrq03 folded before Flop (didn't bet)
Seat 3: Orange712 mucked [Kc Ac]
Seat 4: Taromsiti (button) folded before Flop (didn't bet)
Seat 5: Dorex2007 (small blind) folded before Flop
Seat 6: ykpon980 (big blind) showed [Ts Tc] and won ($0.28) with a pair of Tens
Seat 8: dboulay1979 folded before Flop (didn't bet)
Seat 9: Master75573 folded before Flop (didn't bet)



PokerStars Hand #233118645183:  Hold'em No Limit ($0.01/$0.02 USD) - 2022/01/14 2:59:49 PT [2022/01/14 5:59:49 ET]
Table 'Gismonda' 9-max Seat #5 is the button
Seat 1: linhdamtn ($2 in chips) 
Seat 2: Sysrq03 ($2.22 in chips) 
Seat 3: Orange712 ($2.04 in chips) 
Seat 4: Taromsiti ($3.38 in chips) 
Seat 5: Dorex2007 ($2.79 in chips) 
Seat 6: ykpon980 ($2.25 in chips) 
Seat 8: dboulay1979 ($2.21 in chips) 
Seat 9: Master75573 ($2.07 in chips) 
ykpon980: posts small blind $0.01
dboulay1979: posts big blind $0.02
*** HOLE CARDS ***
Dealt to Dorex2007 [7c 8s]
Master75573: raises $0.02 to $0.04
linhdamtn: raises $0.11 to $0.15
Sysrq03: folds 
Orange712: folds 
Taromsiti: folds 
Dorex2007: folds 
ykpon980: folds 
dboulay1979: folds 
Master75573: folds 
Uncalled bet ($0.11) returned to linhdamtn
linhdamtn collected $0.11 from pot
linhdamtn: doesn't show hand 
*** SUMMARY ***
Total pot $0.11 | Rake $0 
Seat 1: linhdamtn collected ($0.11)
Seat 2: Sysrq03 folded before Flop (didn't bet)
Seat 3: Orange712 folded before Flop (didn't bet)
Seat 4: Taromsiti folded before Flop (didn't bet)
Seat 5: Dorex2007 (button) folded before Flop (didn't bet)
Seat 6: ykpon980 (small blind) folded before Flop
Seat 8: dboulay1979 (big blind) folded before Flop
Seat 9: Master75573 folded before Flop



PokerStars Hand #233118650068:  Hold'em No Limit ($0.01/$0.02 USD) - 2022/01/14 3:00:12 PT [2022/01/14 6:00:12 ET]
Table 'Gismonda' 9-max Seat #6 is the button
Seat 1: linhdamtn ($2.07 in chips) 
Seat 2: Sysrq03 ($2.22 in chips) 
Seat 3: Orange712 ($2.04 in chips) 
Seat 4: Taromsiti ($3.38 in chips) 
Seat 5: Dorex2007 ($2.79 in chips) 
Seat 6: ykpon980 ($2.24 in chips) 
Seat 8: dboulay1979 ($2.19 in chips) 
Seat 9: Master75573 ($2.03 in chips) 
dboulay1979: posts small blind $0.01
Master75573: posts big blind $0.02
*** HOLE CARDS ***
Dealt to Dorex2007 [Kh 7s]
linhdamtn: folds 
Sysrq03: folds 
Orange712: folds 
Taromsiti: calls $0.02
Dorex2007: folds 
ykpon980: folds 
dboulay1979: calls $0.01
Master75573: checks 
*** FLOP *** [Qh Jh 4d]
dboulay1979: checks 
Master75573: bets $0.06
Taromsiti: folds 
dboulay1979: folds 
Uncalled bet ($0.06) returned to Master75573
Master75573 collected $0.06 from pot
*** SUMMARY ***
Total pot $0.06 | Rake $0 
Board [Qh Jh 4d]
Seat 1: linhdamtn folded before Flop (didn't bet)
Seat 2: Sysrq03 folded before Flop (didn't bet)
Seat 3: Orange712 folded before Flop (didn't bet)
Seat 4: Taromsiti folded on the Flop
Seat 5: Dorex2007 folded before Flop (didn't bet)
Seat 6: ykpon980 (button) folded before Flop (didn't bet)
Seat 8: dboulay1979 (small blind) folded on the Flop
Seat 9: Master75573 (big blind) collected ($0.06)



PokerStars Hand #233118658017:  Hold'em No Limit ($0.01/$0.02 USD) - 2022/01/14 3:00:48 PT [2022/01/14 6:00:48 ET]
Table 'Gismonda' 9-max Seat #8 is the button
Seat 1: linhdamtn ($2.07 in chips) 
Seat 2: Sysrq03 ($2.22 in chips) 
Seat 3: Orange712 ($2.04 in chips) 
Seat 4: Taromsiti ($3.36 in chips) 
Seat 5: Dorex2007 ($2.79 in chips) 
Seat 6: ykpon980 ($2.24 in chips) 
Seat 8: dboulay1979 ($2.17 in chips) 
Seat 9: Master75573 ($2.07 in chips) 
Master75573: posts small blind $0.01
linhdamtn: posts big blind $0.02
*** HOLE CARDS ***
Dealt to Dorex2007 [5h Kd]
Sysrq03: folds 
Orange712: folds 
Taromsiti: calls $0.02
Dorex2007: folds 
ykpon980: folds 
dboulay1979: calls $0.02
Master75573: calls $0.01
linhdamtn: checks 
*** FLOP *** [Kh 7c 3s]
Master75573: checks 
linhdamtn: checks 
Taromsiti: checks 
dboulay1979: checks 
*** TURN *** [Kh 7c 3s] [Td]
Master75573: checks 
linhdamtn: checks 
Taromsiti: bets $0.04
dboulay1979: raises $0.06 to $0.10
Master75573: calls $0.10
linhdamtn: folds 
Taromsiti: calls $0.06
*** RIVER *** [Kh 7c 3s Td] [Ah]
Master75573: checks 
Taromsiti: checks 
dboulay1979: checks 
*** SHOW DOWN ***
Master75573: shows [5s 6c] (high card Ace)
Taromsiti: shows [9h Kc] (a pair of Kings)
dboulay1979: mucks hand 
Taromsiti collected $0.37 from pot
*** SUMMARY ***
Total pot $0.38 | Rake $0.01 
Board [Kh 7c 3s Td Ah]
Seat 1: linhdamtn (big blind) folded on the Turn
Seat 2: Sysrq03 folded before Flop (didn't bet)
Seat 3: Orange712 folded before Flop (didn't bet)
Seat 4: Taromsiti showed [9h Kc] and won ($0.37) with a pair of Kings
Seat 5: Dorex2007 folded before Flop (didn't bet)
Seat 6: ykpon980 folded before Flop (didn't bet)
Seat 8: dboulay1979 (button) mucked [Th Jh]
Seat 9: Master75573 (small blind) showed [5s 6c] and lost with high card Ace



PokerStars Hand #233118669615:  Hold'em No Limit ($0.01/$0.02 USD) - 2022/01/14 3:01:37 PT [2022/01/14 6:01:37 ET]
Table 'Gismonda' 9-max Seat #9 is the button
Seat 1: linhdamtn ($2.05 in chips) 
Seat 2: Sysrq03 ($2.22 in chips) 
Seat 3: Orange712 ($2.04 in chips) 
Seat 4: Taromsiti ($3.61 in chips) 
Seat 5: Dorex2007 ($2.79 in chips) 
Seat 6: ykpon980 ($2.24 in chips) 
Seat 8: dboulay1979 ($2.05 in chips) 
Seat 9: Master75573 ($1.95 in chips) 
linhdamtn: posts small blind $0.01
Sysrq03: posts big blind $0.02
*** HOLE CARDS ***
Dealt to Dorex2007 [Ts Jd]
Orange712: raises $0.06 to $0.08
Taromsiti: folds 
Dorex2007: folds 
ykpon980: folds 
dboulay1979: calls $0.08
Master75573: calls $0.08
linhdamtn: folds 
Sysrq03: folds 
*** FLOP *** [3c 7s Td]
Orange712: bets $0.20
dboulay1979: calls $0.20
Master75573: folds 
*** TURN *** [3c 7s Td] [5s]
Orange712: bets $0.65
dboulay1979: raises $1.12 to $1.77 and is all-in
Orange712: folds 
Uncalled bet ($1.12) returned to dboulay1979
dboulay1979 collected $1.90 from pot
*** SUMMARY ***
Total pot $1.97 | Rake $0.07 
Board [3c 7s Td 5s]
Seat 1: linhdamtn (small blind) folded before Flop
Seat 2: Sysrq03 (big blind) folded before Flop
Seat 3: Orange712 folded on the Turn
Seat 4: Taromsiti folded before Flop (didn't bet)
Seat 5: Dorex2007 folded before Flop (didn't bet)
Seat 6: ykpon980 folded before Flop (didn't bet)
Seat 8: dboulay1979 collected ($1.90)
Seat 9: Master75573 (button) folded on the Flop



