PokerStars Hand #231251984006:  Hold'em No Limit ($0.01/$0.02 USD) - 2021/11/08 15:33:07 PT [2021/11/08 18:33:07 ET]
Table 'Bojeva II' 9-max Seat #3 is the button
Seat 1: Dorex2007 ($2 in chips) 
Seat 2: gordo_pvai ($0.65 in chips) 
Seat 3: UndercoverLV ($2.01 in chips) 
Seat 4: black.pantherx ($2.66 in chips) 
Seat 6: vanes97 ($0.80 in chips) 
Seat 7: schop.ot.14 ($4.85 in chips) 
Seat 8: MrTwit ($0.80 in chips) 
black.pantherx: posts small blind $0.01
vanes97: posts big blind $0.02
Dorex2007: posts big blind $0.02
*** HOLE CARDS ***
Dealt to Dorex2007 [8h 9c]
schop.ot.14: folds 
MrTwit: folds 
Dorex2007: checks 
gordo_pvai: folds 
UndercoverLV: folds 
black.pantherx: folds 
vanes97: checks 
*** FLOP *** [2s 2h Ks]
vanes97: checks 
Dorex2007: checks 
*** TURN *** [2s 2h Ks] [5h]
vanes97: checks 
Dorex2007: checks 
*** RIVER *** [2s 2h Ks 5h] [4s]
vanes97: checks 
Dorex2007: bets $0.03
vanes97: folds 
Uncalled bet ($0.03) returned to Dorex2007
Dorex2007 collected $0.05 from pot
Dorex2007: doesn't show hand 
*** SUMMARY ***
Total pot $0.05 | Rake $0 
Board [2s 2h Ks 5h 4s]
Seat 1: Dorex2007 collected ($0.05)
Seat 2: gordo_pvai folded before Flop (didn't bet)
Seat 3: UndercoverLV (button) folded before Flop (didn't bet)
Seat 4: black.pantherx (small blind) folded before Flop
Seat 6: vanes97 (big blind) folded on the River
Seat 7: schop.ot.14 folded before Flop (didn't bet)
Seat 8: MrTwit folded before Flop (didn't bet)



PokerStars Hand #231251995854:  Hold'em No Limit ($0.01/$0.02 USD) - 2021/11/08 15:33:40 PT [2021/11/08 18:33:40 ET]
Table 'Bojeva II' 9-max Seat #4 is the button
Seat 1: Dorex2007 ($2.03 in chips) 
Seat 2: gordo_pvai ($0.65 in chips) 
Seat 3: UndercoverLV ($2.01 in chips) 
Seat 4: black.pantherx ($2.65 in chips) 
Seat 6: vanes97 ($0.78 in chips) 
Seat 7: schop.ot.14 ($4.85 in chips) 
Seat 8: MrTwit ($0.80 in chips) 
vanes97: posts small blind $0.01
schop.ot.14: posts big blind $0.02
*** HOLE CARDS ***
Dealt to Dorex2007 [5h 9h]
MrTwit: raises $0.04 to $0.06
Dorex2007: folds 
gordo_pvai: folds 
UndercoverLV: folds 
black.pantherx: folds 
vanes97: folds 
schop.ot.14: folds 
Uncalled bet ($0.04) returned to MrTwit
MrTwit collected $0.05 from pot
MrTwit: doesn't show hand 
*** SUMMARY ***
Total pot $0.05 | Rake $0 
Seat 1: Dorex2007 folded before Flop (didn't bet)
Seat 2: gordo_pvai folded before Flop (didn't bet)
Seat 3: UndercoverLV folded before Flop (didn't bet)
Seat 4: black.pantherx (button) folded before Flop (didn't bet)
Seat 6: vanes97 (small blind) folded before Flop
Seat 7: schop.ot.14 (big blind) folded before Flop
Seat 8: MrTwit collected ($0.05)



PokerStars Hand #231252004246:  Hold'em No Limit ($0.01/$0.02 USD) - 2021/11/08 15:33:55 PT [2021/11/08 18:33:55 ET]
Table 'Bojeva II' 9-max Seat #6 is the button
Seat 1: Dorex2007 ($2.03 in chips) 
Seat 2: gordo_pvai ($0.65 in chips) 
Seat 3: UndercoverLV ($2.01 in chips) 
Seat 4: black.pantherx ($2.65 in chips) 
Seat 6: vanes97 ($0.77 in chips) 
Seat 7: schop.ot.14 ($4.83 in chips) 
Seat 8: MrTwit ($0.83 in chips) 
schop.ot.14: posts small blind $0.01
MrTwit: posts big blind $0.02
*** HOLE CARDS ***
Dealt to Dorex2007 [2d Jh]
Dorex2007: folds 
Maestrokw leaves the table
gordo_pvai: raises $0.08 to $0.10
UndercoverLV has timed out
UndercoverLV: folds 
black.pantherx: folds 
vanes97: folds 
schop.ot.14: folds 
MrTwit: calls $0.08
*** FLOP *** [8s Kh 3d]
MrTwit: bets $0.10
gordo_pvai: raises $0.45 to $0.55 and is all-in
renanrnn1997 joins the table at seat #5 
MrTwit: folds 
Uncalled bet ($0.45) returned to gordo_pvai
gordo_pvai collected $0.40 from pot
gordo_pvai: doesn't show hand 
*** SUMMARY ***
Total pot $0.41 | Rake $0.01 
Board [8s Kh 3d]
Seat 1: Dorex2007 folded before Flop (didn't bet)
Seat 2: gordo_pvai collected ($0.40)
Seat 3: UndercoverLV folded before Flop (didn't bet)
Seat 4: black.pantherx folded before Flop (didn't bet)
Seat 6: vanes97 (button) folded before Flop (didn't bet)
Seat 7: schop.ot.14 (small blind) folded before Flop
Seat 8: MrTwit (big blind) folded on the Flop



PokerStars Hand #231252021424:  Hold'em No Limit ($0.01/$0.02 USD) - 2021/11/08 15:34:43 PT [2021/11/08 18:34:43 ET]
Table 'Bojeva II' 9-max Seat #7 is the button
Seat 1: Dorex2007 ($2.03 in chips) 
Seat 2: gordo_pvai ($0.85 in chips) 
Seat 3: UndercoverLV ($2.01 in chips) 
Seat 4: black.pantherx ($2.65 in chips) 
Seat 6: vanes97 ($0.77 in chips) 
Seat 7: schop.ot.14 ($4.82 in chips) 
Seat 8: MrTwit ($0.63 in chips) 
MrTwit: posts small blind $0.01
Dorex2007: posts big blind $0.02
renanrnn1997: sits out 
*** HOLE CARDS ***
Dealt to Dorex2007 [5s 6h]
gordo_pvai: calls $0.02
UndercoverLV: folds 
black.pantherx: folds 
vanes97: folds 
schop.ot.14: folds 
MrTwit: calls $0.01
Dorex2007: checks 
*** FLOP *** [3s Ah 9c]
MrTwit: checks 
Dorex2007: checks 
gordo_pvai: bets $0.06
MrTwit: folds 
Dorex2007: folds 
Uncalled bet ($0.06) returned to gordo_pvai
gordo_pvai collected $0.06 from pot
gordo_pvai: doesn't show hand 
*** SUMMARY ***
Total pot $0.06 | Rake $0 
Board [3s Ah 9c]
Seat 1: Dorex2007 (big blind) folded on the Flop
Seat 2: gordo_pvai collected ($0.06)
Seat 3: UndercoverLV folded before Flop (didn't bet)
Seat 4: black.pantherx folded before Flop (didn't bet)
Seat 6: vanes97 folded before Flop (didn't bet)
Seat 7: schop.ot.14 (button) folded before Flop (didn't bet)
Seat 8: MrTwit (small blind) folded on the Flop



PokerStars Hand #231252034017:  Hold'em No Limit ($0.01/$0.02 USD) - 2021/11/08 15:35:18 PT [2021/11/08 18:35:18 ET]
Table 'Bojeva II' 9-max Seat #8 is the button
Seat 1: Dorex2007 ($2.01 in chips) 
Seat 2: gordo_pvai ($0.89 in chips) 
Seat 3: UndercoverLV ($2.01 in chips) 
Seat 4: black.pantherx ($2.65 in chips) 
Seat 6: vanes97 ($0.77 in chips) 
Seat 7: schop.ot.14 ($4.82 in chips) 
Seat 8: MrTwit ($0.61 in chips) 
Dorex2007: posts small blind $0.01
gordo_pvai: posts big blind $0.02
renanrnn1997: sits out 
*** HOLE CARDS ***
Dealt to Dorex2007 [8s 6s]
UndercoverLV: folds 
black.pantherx: folds 
vanes97: folds 
schop.ot.14: folds 
MrTwit: raises $0.04 to $0.06
Dorex2007: folds 
gordo_pvai: calls $0.04
*** FLOP *** [6h Jd As]
gordo_pvai: bets $0.06
MrTwit: raises $0.49 to $0.55 and is all-in
gordo_pvai: folds 
Uncalled bet ($0.49) returned to MrTwit
MrTwit collected $0.24 from pot
MrTwit: doesn't show hand 
*** SUMMARY ***
Total pot $0.25 | Rake $0.01 
Board [6h Jd As]
Seat 1: Dorex2007 (small blind) folded before Flop
Seat 2: gordo_pvai (big blind) folded on the Flop
Seat 3: UndercoverLV folded before Flop (didn't bet)
Seat 4: black.pantherx folded before Flop (didn't bet)
Seat 6: vanes97 folded before Flop (didn't bet)
Seat 7: schop.ot.14 folded before Flop (didn't bet)
Seat 8: MrTwit (button) collected ($0.24)



PokerStars Hand #231252055547:  Hold'em No Limit ($0.01/$0.02 USD) - 2021/11/08 15:36:17 PT [2021/11/08 18:36:17 ET]
Table 'Bojeva II' 9-max Seat #1 is the button
Seat 1: Dorex2007 ($2 in chips) 
Seat 2: gordo_pvai ($0.77 in chips) 
Seat 3: UndercoverLV ($2.01 in chips) 
Seat 4: black.pantherx ($2.65 in chips) 
Seat 5: renanrnn1997 ($2 in chips) 
Seat 6: vanes97 ($0.77 in chips) 
Seat 7: schop.ot.14 ($4.82 in chips) 
Seat 8: MrTwit ($0.73 in chips) 
gordo_pvai: posts small blind $0.01
UndercoverLV: posts big blind $0.02
renanrnn1997: posts big blind $0.02
*** HOLE CARDS ***
Dealt to Dorex2007 [8s 4c]
black.pantherx: raises $0.07 to $0.09
renanrnn1997: folds 
vanes97: calls $0.09
schop.ot.14: folds 
MrTwit: folds 
Dorex2007: folds 
gordo_pvai: calls $0.08
UndercoverLV: folds 
*** FLOP *** [9s Th Ah]
gordo_pvai: checks 
black.pantherx: bets $0.08
vanes97: raises $0.22 to $0.30
gordo_pvai: folds 
black.pantherx: raises $0.68 to $0.98
vanes97: calls $0.38 and is all-in
Uncalled bet ($0.30) returned to black.pantherx
*** TURN *** [9s Th Ah] [2c]
*** RIVER *** [9s Th Ah 2c] [7s]
*** SHOW DOWN ***
black.pantherx: shows [Tc Td] (three of a kind, Tens)
vanes97: shows [9h 9c] (three of a kind, Nines)
black.pantherx cashed out the hand for $1.46 | Cash Out Fee $0.01
*** SUMMARY ***
Total pot $1.67 | Rake $0.06 
Board [9s Th Ah 2c 7s]
Seat 1: Dorex2007 (button) folded before Flop (didn't bet)
Seat 2: gordo_pvai (small blind) folded on the Flop
Seat 3: UndercoverLV (big blind) folded before Flop
Seat 4: black.pantherx showed [Tc Td] and won ($1.61) with three of a kind, Tens (pot not awarded as player cashed out)
Seat 5: renanrnn1997 folded before Flop (didn't bet)
Seat 6: vanes97 showed [9h 9c] and lost with three of a kind, Nines
Seat 7: schop.ot.14 folded before Flop (didn't bet)
Seat 8: MrTwit folded before Flop (didn't bet)



PokerStars Hand #231252087061:  Hold'em No Limit ($0.01/$0.02 USD) - 2021/11/08 15:37:45 PT [2021/11/08 18:37:45 ET]
Table 'Bojeva II' 9-max Seat #2 is the button
Seat 1: Dorex2007 ($2 in chips) 
Seat 2: gordo_pvai ($0.68 in chips) 
Seat 3: UndercoverLV ($1.99 in chips) 
Seat 4: black.pantherx ($3.34 in chips) 
Seat 5: renanrnn1997 ($1.98 in chips) 
Seat 7: schop.ot.14 ($4.82 in chips) 
Seat 8: MrTwit ($0.73 in chips) 
UndercoverLV: posts small blind $0.01
black.pantherx: posts big blind $0.02
*** HOLE CARDS ***
Dealt to Dorex2007 [Qc Qs]
renanrnn1997: folds 
schop.ot.14: folds 
MrTwit: folds 
Dorex2007: calls $0.02
gordo_pvai: folds 
UndercoverLV: folds 
black.pantherx: raises $0.05 to $0.07
Dorex2007: raises $1.93 to $2 and is all-in
black.pantherx: folds 
Uncalled bet ($1.93) returned to Dorex2007
Dorex2007 collected $0.15 from pot
Dorex2007: doesn't show hand 
*** SUMMARY ***
Total pot $0.15 | Rake $0 
Seat 1: Dorex2007 collected ($0.15)
Seat 2: gordo_pvai (button) folded before Flop (didn't bet)
Seat 3: UndercoverLV (small blind) folded before Flop
Seat 4: black.pantherx (big blind) folded before Flop
Seat 5: renanrnn1997 folded before Flop (didn't bet)
Seat 7: schop.ot.14 folded before Flop (didn't bet)
Seat 8: MrTwit folded before Flop (didn't bet)



PokerStars Hand #231252104511:  Hold'em No Limit ($0.01/$0.02 USD) - 2021/11/08 15:38:34 PT [2021/11/08 18:38:34 ET]
Table 'Bojeva II' 9-max Seat #3 is the button
Seat 1: Dorex2007 ($2.08 in chips) 
Seat 2: gordo_pvai ($0.68 in chips) 
Seat 3: UndercoverLV ($1.98 in chips) 
Seat 4: black.pantherx ($3.27 in chips) 
Seat 5: renanrnn1997 ($1.98 in chips) 
Seat 6: vanes97 ($2 in chips) 
Seat 7: schop.ot.14 ($4.82 in chips) 
Seat 8: MrTwit ($0.73 in chips) 
black.pantherx: posts small blind $0.01
renanrnn1997: posts big blind $0.02
*** HOLE CARDS ***
Dealt to Dorex2007 [3c 9d]
vanes97: folds 
schop.ot.14: raises $0.04 to $0.06
MrTwit: folds 
Dorex2007: folds 
gordo_pvai: calls $0.06
UndercoverLV: folds 
black.pantherx: folds 
renanrnn1997: folds 
*** FLOP *** [8h 9c 8d]
schop.ot.14: bets $0.14
gordo_pvai: folds 
Uncalled bet ($0.14) returned to schop.ot.14
schop.ot.14 collected $0.14 from pot
schop.ot.14: doesn't show hand 
*** SUMMARY ***
Total pot $0.15 | Rake $0.01 
Board [8h 9c 8d]
Seat 1: Dorex2007 folded before Flop (didn't bet)
Seat 2: gordo_pvai folded on the Flop
Seat 3: UndercoverLV (button) folded before Flop (didn't bet)
Seat 4: black.pantherx (small blind) folded before Flop
Seat 5: renanrnn1997 (big blind) folded before Flop
Seat 6: vanes97 folded before Flop (didn't bet)
Seat 7: schop.ot.14 collected ($0.14)
Seat 8: MrTwit folded before Flop (didn't bet)



PokerStars Hand #231252116270:  Hold'em No Limit ($0.01/$0.02 USD) - 2021/11/08 15:39:07 PT [2021/11/08 18:39:07 ET]
Table 'Bojeva II' 9-max Seat #4 is the button
Seat 1: Dorex2007 ($2.08 in chips) 
Seat 2: gordo_pvai ($0.62 in chips) 
Seat 3: UndercoverLV ($1.98 in chips) 
Seat 4: black.pantherx ($3.26 in chips) 
Seat 5: renanrnn1997 ($1.96 in chips) 
Seat 6: vanes97 ($2 in chips) 
Seat 7: schop.ot.14 ($4.90 in chips) 
Seat 8: MrTwit ($0.73 in chips) 
renanrnn1997: posts small blind $0.01
vanes97: posts big blind $0.02
*** HOLE CARDS ***
Dealt to Dorex2007 [Th Kh]
schop.ot.14: folds 
MrTwit: folds 
Dorex2007: calls $0.02
gordo_pvai: folds 
UndercoverLV: folds 
black.pantherx: folds 
renanrnn1997: raises $0.02 to $0.04
vanes97: calls $0.02
Dorex2007: calls $0.02
*** FLOP *** [6c 9d 3h]
renanrnn1997: checks 
vanes97: checks 
Dorex2007: bets $0.02
renanrnn1997: calls $0.02
vanes97: calls $0.02
*** TURN *** [6c 9d 3h] [Qh]
renanrnn1997: checks 
vanes97: checks 
Dorex2007: bets $0.04
renanrnn1997: folds 
vanes97: calls $0.04
*** RIVER *** [6c 9d 3h Qh] [5c]
vanes97: checks 
Dorex2007: bets $0.13
vanes97: folds 
Uncalled bet ($0.13) returned to Dorex2007
Dorex2007 collected $0.25 from pot
Dorex2007: doesn't show hand 
*** SUMMARY ***
Total pot $0.26 | Rake $0.01 
Board [6c 9d 3h Qh 5c]
Seat 1: Dorex2007 collected ($0.25)
Seat 2: gordo_pvai folded before Flop (didn't bet)
Seat 3: UndercoverLV folded before Flop (didn't bet)
Seat 4: black.pantherx (button) folded before Flop (didn't bet)
Seat 5: renanrnn1997 (small blind) folded on the Turn
Seat 6: vanes97 (big blind) folded on the River
Seat 7: schop.ot.14 folded before Flop (didn't bet)
Seat 8: MrTwit folded before Flop (didn't bet)



PokerStars Hand #231252159149:  Hold'em No Limit ($0.01/$0.02 USD) - 2021/11/08 15:41:08 PT [2021/11/08 18:41:08 ET]
Table 'Bojeva II' 9-max Seat #5 is the button
Seat 1: Dorex2007 ($2.23 in chips) 
Seat 2: gordo_pvai ($0.62 in chips) 
Seat 3: UndercoverLV ($1.98 in chips) 
Seat 4: black.pantherx ($3.26 in chips) 
Seat 5: renanrnn1997 ($1.90 in chips) 
Seat 6: vanes97 ($1.90 in chips) 
Seat 7: schop.ot.14 ($4.90 in chips) 
Seat 8: MrTwit ($0.73 in chips) 
vanes97: posts small blind $0.01
schop.ot.14: posts big blind $0.02
*** HOLE CARDS ***
Dealt to Dorex2007 [5c Tc]
MrTwit: raises $0.04 to $0.06
Dorex2007: folds 
gordo_pvai: folds 
UndercoverLV: folds 
black.pantherx: folds 
renanrnn1997: folds 
vanes97: raises $0.16 to $0.22
schop.ot.14: folds 
MrTwit: raises $0.51 to $0.73 and is all-in
vanes97: calls $0.51
*** FLOP *** [6c Jh Qd]
*** TURN *** [6c Jh Qd] [4d]
*** RIVER *** [6c Jh Qd 4d] [9d]
*** SHOW DOWN ***
vanes97: shows [Jd Ah] (a pair of Jacks)
MrTwit: shows [Ac Th] (high card Ace)
vanes97 collected $1.43 from pot
*** SUMMARY ***
Total pot $1.48 | Rake $0.05 
Board [6c Jh Qd 4d 9d]
Seat 1: Dorex2007 folded before Flop (didn't bet)
Seat 2: gordo_pvai folded before Flop (didn't bet)
Seat 3: UndercoverLV folded before Flop (didn't bet)
Seat 4: black.pantherx folded before Flop (didn't bet)
Seat 5: renanrnn1997 (button) folded before Flop (didn't bet)
Seat 6: vanes97 (small blind) showed [Jd Ah] and won ($1.43) with a pair of Jacks
Seat 7: schop.ot.14 (big blind) folded before Flop
Seat 8: MrTwit showed [Ac Th] and lost with high card Ace



PokerStars Hand #231252178103:  Hold'em No Limit ($0.01/$0.02 USD) - 2021/11/08 15:42:02 PT [2021/11/08 18:42:02 ET]
Table 'Bojeva II' 9-max Seat #6 is the button
Seat 1: Dorex2007 ($2.23 in chips) 
Seat 2: gordo_pvai ($0.62 in chips) 
Seat 3: UndercoverLV ($1.98 in chips) 
Seat 4: black.pantherx ($3.26 in chips) 
Seat 5: renanrnn1997 ($1.90 in chips) 
Seat 6: vanes97 ($2.60 in chips) 
Seat 7: schop.ot.14 ($4.88 in chips) 
schop.ot.14: posts small blind $0.01
Dorex2007: posts big blind $0.02
*** HOLE CARDS ***
Dealt to Dorex2007 [Ah Jh]
MrTwit leaves the table
TvoiXozain joins the table at seat #8 
gordo_pvai has timed out
gordo_pvai: folds 
UndercoverLV: folds 
black.pantherx: folds 
renanrnn1997: raises $0.02 to $0.04
vanes97: folds 
schop.ot.14: folds 
Dorex2007: calls $0.02
*** FLOP *** [3c Tc Kc]
Dorex2007: checks 
renanrnn1997: bets $0.04
Dorex2007: calls $0.04
*** TURN *** [3c Tc Kc] [8c]
Dorex2007: checks 
renanrnn1997: bets $0.08
Dorex2007: calls $0.08
*** RIVER *** [3c Tc Kc 8c] [3d]
Dorex2007: bets $0.16
renanrnn1997: folds 
Uncalled bet ($0.16) returned to Dorex2007
Dorex2007 collected $0.32 from pot
Dorex2007: doesn't show hand 
*** SUMMARY ***
Total pot $0.33 | Rake $0.01 
Board [3c Tc Kc 8c 3d]
Seat 1: Dorex2007 (big blind) collected ($0.32)
Seat 2: gordo_pvai folded before Flop (didn't bet)
Seat 3: UndercoverLV folded before Flop (didn't bet)
Seat 4: black.pantherx folded before Flop (didn't bet)
Seat 5: renanrnn1997 folded on the River
Seat 6: vanes97 (button) folded before Flop (didn't bet)
Seat 7: schop.ot.14 (small blind) folded before Flop



PokerStars Hand #231252210516:  Hold'em No Limit ($0.01/$0.02 USD) - 2021/11/08 15:43:13 PT [2021/11/08 18:43:13 ET]
Table 'Bojeva II' 9-max Seat #7 is the button
Seat 1: Dorex2007 ($2.39 in chips) 
Seat 2: gordo_pvai ($0.62 in chips) 
Seat 3: UndercoverLV ($1.98 in chips) 
Seat 4: black.pantherx ($3.26 in chips) 
Seat 5: renanrnn1997 ($1.74 in chips) 
Seat 6: vanes97 ($2.60 in chips) 
Seat 7: schop.ot.14 ($4.87 in chips) 
Dorex2007: posts small blind $0.01
gordo_pvai: posts big blind $0.02
*** HOLE CARDS ***
Dealt to Dorex2007 [As Ad]
UndercoverLV: folds 
black.pantherx: folds 
renanrnn1997: folds 
vanes97: folds 
schop.ot.14 has timed out
schop.ot.14: folds 
Dorex2007: raises $0.04 to $0.06
gordo_pvai: calls $0.04
*** FLOP *** [5h 6h 3d]
Dorex2007: bets $0.12
gordo_pvai: folds 
Uncalled bet ($0.12) returned to Dorex2007
Dorex2007 collected $0.12 from pot
Dorex2007: doesn't show hand 
*** SUMMARY ***
Total pot $0.12 | Rake $0 
Board [5h 6h 3d]
Seat 1: Dorex2007 (small blind) collected ($0.12)
Seat 2: gordo_pvai (big blind) folded on the Flop
Seat 3: UndercoverLV folded before Flop (didn't bet)
Seat 4: black.pantherx folded before Flop (didn't bet)
Seat 5: renanrnn1997 folded before Flop (didn't bet)
Seat 6: vanes97 folded before Flop (didn't bet)
Seat 7: schop.ot.14 (button) folded before Flop (didn't bet)



PokerStars Hand #231252230559:  Hold'em No Limit ($0.01/$0.02 USD) - 2021/11/08 15:44:10 PT [2021/11/08 18:44:10 ET]
Table 'Bojeva II' 9-max Seat #1 is the button
Seat 1: Dorex2007 ($2.45 in chips) 
Seat 2: gordo_pvai ($0.56 in chips) 
Seat 3: UndercoverLV ($1.98 in chips) 
Seat 4: black.pantherx ($3.26 in chips) 
Seat 5: renanrnn1997 ($1.74 in chips) 
Seat 6: vanes97 ($2.60 in chips) 
Seat 7: schop.ot.14 ($4.87 in chips) 
Seat 8: TvoiXozain ($1.60 in chips) 
gordo_pvai: posts small blind $0.01
UndercoverLV: posts big blind $0.02
TvoiXozain: posts big blind $0.02
acegy: sits out 
*** HOLE CARDS ***
Dealt to Dorex2007 [7s Qd]
black.pantherx: folds 
renanrnn1997: folds 
vanes97: folds 
schop.ot.14: folds 
TvoiXozain: checks 
Dorex2007: folds 
gordo_pvai: calls $0.01
UndercoverLV: checks 
*** FLOP *** [3s Jd Kh]
gordo_pvai: bets $0.12
UndercoverLV: folds 
TvoiXozain: raises $0.12 to $0.24
gordo_pvai: calls $0.12
*** TURN *** [3s Jd Kh] [Ad]
gordo_pvai: checks 
TvoiXozain: bets $0.30
gordo_pvai: calls $0.30 and is all-in
*** RIVER *** [3s Jd Kh Ad] [9s]
*** SHOW DOWN ***
gordo_pvai: shows [Td Qc] (a straight, Ten to Ace)
TvoiXozain: shows [Jh 3h] (two pair, Jacks and Threes)
gordo_pvai cashed out the hand for $1 | Cash Out Fee $0.01
*** SUMMARY ***
Total pot $1.14 | Rake $0.04 
Board [3s Jd Kh Ad 9s]
Seat 1: Dorex2007 (button) folded before Flop (didn't bet)
Seat 2: gordo_pvai (small blind) showed [Td Qc] and won ($1.10) with a straight, Ten to Ace (pot not awarded as player cashed out)
Seat 3: UndercoverLV (big blind) folded on the Flop
Seat 4: black.pantherx folded before Flop (didn't bet)
Seat 5: renanrnn1997 folded before Flop (didn't bet)
Seat 6: vanes97 folded before Flop (didn't bet)
Seat 7: schop.ot.14 folded before Flop (didn't bet)
Seat 8: TvoiXozain showed [Jh 3h] and lost with two pair, Jacks and Threes



PokerStars Hand #231252254243:  Hold'em No Limit ($0.01/$0.02 USD) - 2021/11/08 15:45:18 PT [2021/11/08 18:45:18 ET]
Table 'Bojeva II' 9-max Seat #2 is the button
Seat 1: Dorex2007 ($2.45 in chips) 
Seat 2: gordo_pvai ($1 in chips) 
Seat 3: UndercoverLV ($1.96 in chips) 
Seat 4: black.pantherx ($3.26 in chips) 
Seat 5: renanrnn1997 ($1.74 in chips) 
Seat 6: vanes97 ($2.60 in chips) 
Seat 7: schop.ot.14 ($4.87 in chips) 
Seat 8: TvoiXozain ($1.04 in chips) 
UndercoverLV: posts small blind $0.01
black.pantherx: posts big blind $0.02
acegy: sits out 
*** HOLE CARDS ***
Dealt to Dorex2007 [2d 4s]
renanrnn1997 has timed out
renanrnn1997: folds 
vanes97: folds 
schop.ot.14: calls $0.02
TvoiXozain: folds 
Dorex2007: folds 
gordo_pvai: calls $0.02
UndercoverLV: folds 
black.pantherx: checks 
*** FLOP *** [6d Jd Td]
black.pantherx: checks 
schop.ot.14: bets $0.07
gordo_pvai: calls $0.07
black.pantherx: folds 
*** TURN *** [6d Jd Td] [7d]
schop.ot.14: bets $0.10
gordo_pvai: folds 
Uncalled bet ($0.10) returned to schop.ot.14
schop.ot.14 collected $0.20 from pot
schop.ot.14: doesn't show hand 
*** SUMMARY ***
Total pot $0.21 | Rake $0.01 
Board [6d Jd Td 7d]
Seat 1: Dorex2007 folded before Flop (didn't bet)
Seat 2: gordo_pvai (button) folded on the Turn
Seat 3: UndercoverLV (small blind) folded before Flop
Seat 4: black.pantherx (big blind) folded on the Flop
Seat 5: renanrnn1997 folded before Flop (didn't bet)
Seat 6: vanes97 folded before Flop (didn't bet)
Seat 7: schop.ot.14 collected ($0.20)
Seat 8: TvoiXozain folded before Flop (didn't bet)



PokerStars Hand #231252268185:  Hold'em No Limit ($0.01/$0.02 USD) - 2021/11/08 15:45:58 PT [2021/11/08 18:45:58 ET]
Table 'Bojeva II' 9-max Seat #3 is the button
Seat 1: Dorex2007 ($2.45 in chips) 
Seat 2: gordo_pvai ($0.91 in chips) 
Seat 3: UndercoverLV ($1.95 in chips) 
Seat 4: black.pantherx ($3.24 in chips) 
Seat 5: renanrnn1997 ($1.74 in chips) 
Seat 6: vanes97 ($2.60 in chips) 
Seat 7: schop.ot.14 ($4.98 in chips) 
Seat 8: TvoiXozain ($1.04 in chips) 
black.pantherx: posts small blind $0.01
renanrnn1997: posts big blind $0.02
acegy: sits out 
*** HOLE CARDS ***
Dealt to Dorex2007 [Kd Ks]
vanes97: folds 
schop.ot.14: calls $0.02
TvoiXozain: folds 
Dorex2007: raises $0.04 to $0.06
gordo_pvai has timed out
gordo_pvai: folds 
UndercoverLV: folds 
black.pantherx: folds 
renanrnn1997: folds 
schop.ot.14: calls $0.04
*** FLOP *** [Qh 7d 3c]
schop.ot.14: checks 
Dorex2007: bets $0.07
schop.ot.14: folds 
Uncalled bet ($0.07) returned to Dorex2007
Dorex2007 collected $0.14 from pot
Dorex2007: doesn't show hand 
*** SUMMARY ***
Total pot $0.15 | Rake $0.01 
Board [Qh 7d 3c]
Seat 1: Dorex2007 collected ($0.14)
Seat 2: gordo_pvai folded before Flop (didn't bet)
Seat 3: UndercoverLV (button) folded before Flop (didn't bet)
Seat 4: black.pantherx (small blind) folded before Flop
Seat 5: renanrnn1997 (big blind) folded before Flop
Seat 6: vanes97 folded before Flop (didn't bet)
Seat 7: schop.ot.14 folded on the Flop
Seat 8: TvoiXozain folded before Flop (didn't bet)



PokerStars Hand #231252287182:  Hold'em No Limit ($0.01/$0.02 USD) - 2021/11/08 15:46:53 PT [2021/11/08 18:46:53 ET]
Table 'Bojeva II' 9-max Seat #4 is the button
Seat 1: Dorex2007 ($2.53 in chips) 
Seat 3: UndercoverLV ($1.95 in chips) 
Seat 4: black.pantherx ($3.23 in chips) 
Seat 5: renanrnn1997 ($1.72 in chips) 
Seat 6: vanes97 ($2.60 in chips) 
Seat 7: schop.ot.14 ($4.92 in chips) 
Seat 8: TvoiXozain ($1.04 in chips) 
renanrnn1997: posts small blind $0.01
vanes97: posts big blind $0.02
acegy: sits out 
*** HOLE CARDS ***
Dealt to Dorex2007 [Jc 6s]
schop.ot.14: folds 
TvoiXozain: calls $0.02
Dorex2007: folds 
UndercoverLV: folds 
black.pantherx: raises $0.07 to $0.09
renanrnn1997: folds 
vanes97: folds 
TvoiXozain: calls $0.07
*** FLOP *** [3d 3h Kh]
TvoiXozain: checks 
black.pantherx: bets $0.07
TvoiXozain: folds 
Uncalled bet ($0.07) returned to black.pantherx
black.pantherx collected $0.20 from pot
black.pantherx: doesn't show hand 
*** SUMMARY ***
Total pot $0.21 | Rake $0.01 
Board [3d 3h Kh]
Seat 1: Dorex2007 folded before Flop (didn't bet)
Seat 3: UndercoverLV folded before Flop (didn't bet)
Seat 4: black.pantherx (button) collected ($0.20)
Seat 5: renanrnn1997 (small blind) folded before Flop
Seat 6: vanes97 (big blind) folded before Flop
Seat 7: schop.ot.14 folded before Flop (didn't bet)
Seat 8: TvoiXozain folded on the Flop



PokerStars Hand #231252300392:  Hold'em No Limit ($0.01/$0.02 USD) - 2021/11/08 15:47:31 PT [2021/11/08 18:47:31 ET]
Table 'Bojeva II' 9-max Seat #5 is the button
Seat 1: Dorex2007 ($2.53 in chips) 
Seat 3: UndercoverLV ($1.95 in chips) 
Seat 4: black.pantherx ($3.34 in chips) 
Seat 5: renanrnn1997 ($1.71 in chips) 
Seat 6: vanes97 ($2.58 in chips) 
Seat 7: schop.ot.14 ($4.92 in chips) 
Seat 8: TvoiXozain ($0.95 in chips) 
vanes97: posts small blind $0.01
schop.ot.14: posts big blind $0.02
acegy: sits out 
*** HOLE CARDS ***
Dealt to Dorex2007 [Qd 5h]
TvoiXozain: calls $0.02
Dorex2007: folds 
UndercoverLV: raises $0.05 to $0.07
black.pantherx: folds 
renanrnn1997: calls $0.07
vanes97: folds 
schop.ot.14: folds 
TvoiXozain: calls $0.05
*** FLOP *** [4h 5c Qc]
TvoiXozain: bets $0.07
UndercoverLV: folds 
renanrnn1997: folds 
Uncalled bet ($0.07) returned to TvoiXozain
TvoiXozain collected $0.23 from pot
TvoiXozain: doesn't show hand 
*** SUMMARY ***
Total pot $0.24 | Rake $0.01 
Board [4h 5c Qc]
Seat 1: Dorex2007 folded before Flop (didn't bet)
Seat 3: UndercoverLV folded on the Flop
Seat 4: black.pantherx folded before Flop (didn't bet)
Seat 5: renanrnn1997 (button) folded on the Flop
Seat 6: vanes97 (small blind) folded before Flop
Seat 7: schop.ot.14 (big blind) folded before Flop
Seat 8: TvoiXozain collected ($0.23)



PokerStars Hand #231252318996:  Hold'em No Limit ($0.01/$0.02 USD) - 2021/11/08 15:48:24 PT [2021/11/08 18:48:24 ET]
Table 'Bojeva II' 9-max Seat #6 is the button
Seat 1: Dorex2007 ($2.53 in chips) 
Seat 2: gordo_pvai ($0.91 in chips) 
Seat 3: UndercoverLV ($1.88 in chips) 
Seat 4: black.pantherx ($3.34 in chips) 
Seat 5: renanrnn1997 ($1.64 in chips) 
Seat 6: vanes97 ($2.57 in chips) 
Seat 7: schop.ot.14 ($4.90 in chips) 
Seat 9: acegy ($0.77 in chips) 
schop.ot.14: posts small blind $0.01
acegy: posts big blind $0.02
*** HOLE CARDS ***
Dealt to Dorex2007 [Td 9s]
Dorex2007: folds 
gordo_pvai: folds 
UndercoverLV: folds 
black.pantherx: folds 
renanrnn1997: folds 
vanes97: raises $0.03 to $0.05
schop.ot.14: calls $0.04
acegy: calls $0.03
*** FLOP *** [4d 2c 6h]
schop.ot.14: checks 
acegy: checks 
vanes97: bets $0.10
schop.ot.14: folds 
acegy: folds 
Uncalled bet ($0.10) returned to vanes97
vanes97 collected $0.14 from pot
*** SUMMARY ***
Total pot $0.15 | Rake $0.01 
Board [4d 2c 6h]
Seat 1: Dorex2007 folded before Flop (didn't bet)
Seat 2: gordo_pvai folded before Flop (didn't bet)
Seat 3: UndercoverLV folded before Flop (didn't bet)
Seat 4: black.pantherx folded before Flop (didn't bet)
Seat 5: renanrnn1997 folded before Flop (didn't bet)
Seat 6: vanes97 (button) collected ($0.14)
Seat 7: schop.ot.14 (small blind) folded on the Flop
Seat 9: acegy (big blind) folded on the Flop



PokerStars Hand #231252340500:  Hold'em No Limit ($0.01/$0.02 USD) - 2021/11/08 15:49:14 PT [2021/11/08 18:49:14 ET]
Table 'Bojeva II' 9-max Seat #7 is the button
Seat 1: Dorex2007 ($2.53 in chips) 
Seat 2: gordo_pvai ($0.91 in chips) 
Seat 3: UndercoverLV ($1.88 in chips) 
Seat 4: black.pantherx ($3.34 in chips) 
Seat 5: renanrnn1997 ($1.64 in chips) 
Seat 6: vanes97 ($2.66 in chips) 
Seat 7: schop.ot.14 ($4.85 in chips) 
Seat 9: acegy ($0.72 in chips) 
acegy: posts small blind $0.01
Dorex2007: posts big blind $0.02
*** HOLE CARDS ***
Dealt to Dorex2007 [9d 8s]
gordo_pvai: folds 
UndercoverLV: folds 
black.pantherx: folds 
renanrnn1997: folds 
vanes97: folds 
schop.ot.14: folds 
acegy: calls $0.01
Dorex2007: checks 
*** FLOP *** [8c 7h 6h]
acegy: checks 
Dorex2007: checks 
*** TURN *** [8c 7h 6h] [7d]
acegy: bets $0.02
Dorex2007: calls $0.02
*** RIVER *** [8c 7h 6h 7d] [7s]
acegy: bets $0.04
Dorex2007: calls $0.04
*** SHOW DOWN ***
acegy: shows [4s 9s] (three of a kind, Sevens)
Dorex2007: shows [9d 8s] (a full house, Sevens full of Eights)
Dorex2007 collected $0.15 from pot
*** SUMMARY ***
Total pot $0.16 | Rake $0.01 
Board [8c 7h 6h 7d 7s]
Seat 1: Dorex2007 (big blind) showed [9d 8s] and won ($0.15) with a full house, Sevens full of Eights
Seat 2: gordo_pvai folded before Flop (didn't bet)
Seat 3: UndercoverLV folded before Flop (didn't bet)
Seat 4: black.pantherx folded before Flop (didn't bet)
Seat 5: renanrnn1997 folded before Flop (didn't bet)
Seat 6: vanes97 folded before Flop (didn't bet)
Seat 7: schop.ot.14 (button) folded before Flop (didn't bet)
Seat 9: acegy (small blind) showed [4s 9s] and lost with three of a kind, Sevens



PokerStars Hand #231252359192:  Hold'em No Limit ($0.01/$0.02 USD) - 2021/11/08 15:50:08 PT [2021/11/08 18:50:08 ET]
Table 'Bojeva II' 9-max Seat #9 is the button
Seat 1: Dorex2007 ($2.60 in chips) 
Seat 2: gordo_pvai ($0.91 in chips) 
Seat 3: UndercoverLV ($1.88 in chips) 
Seat 4: black.pantherx ($3.34 in chips) 
Seat 5: renanrnn1997 ($1.64 in chips) 
Seat 6: vanes97 ($2.66 in chips) 
Seat 7: schop.ot.14 ($4.85 in chips) 
Seat 8: TvoiXozain ($1.11 in chips) 
Seat 9: acegy ($0.64 in chips) 
Dorex2007: posts small blind $0.01
gordo_pvai: posts big blind $0.02
TvoiXozain: posts small & big blinds $0.03
*** HOLE CARDS ***
Dealt to Dorex2007 [9h 4s]
UndercoverLV: folds 
black.pantherx: folds 
renanrnn1997: folds 
vanes97: folds 
schop.ot.14: raises $0.08 to $0.10
TvoiXozain: folds 
acegy: folds 
Dorex2007: folds 
gordo_pvai: folds 
Uncalled bet ($0.08) returned to schop.ot.14
schop.ot.14 collected $0.08 from pot
schop.ot.14: doesn't show hand 
*** SUMMARY ***
Total pot $0.08 | Rake $0 
Seat 1: Dorex2007 (small blind) folded before Flop
Seat 2: gordo_pvai (big blind) folded before Flop
Seat 3: UndercoverLV folded before Flop (didn't bet)
Seat 4: black.pantherx folded before Flop (didn't bet)
Seat 5: renanrnn1997 folded before Flop (didn't bet)
Seat 6: vanes97 folded before Flop (didn't bet)
Seat 7: schop.ot.14 collected ($0.08)
Seat 8: TvoiXozain folded before Flop (didn't bet)
Seat 9: acegy (button) folded before Flop (didn't bet)



PokerStars Hand #231252371704:  Hold'em No Limit ($0.01/$0.02 USD) - 2021/11/08 15:50:44 PT [2021/11/08 18:50:44 ET]
Table 'Bojeva II' 9-max Seat #1 is the button
Seat 1: Dorex2007 ($2.59 in chips) 
Seat 2: gordo_pvai ($0.89 in chips) 
Seat 3: UndercoverLV ($1.88 in chips) 
Seat 4: black.pantherx ($3.34 in chips) 
Seat 5: renanrnn1997 ($1.64 in chips) 
Seat 6: vanes97 ($2.66 in chips) 
Seat 7: schop.ot.14 ($4.91 in chips) 
Seat 8: TvoiXozain ($1.08 in chips) 
Seat 9: acegy ($0.64 in chips) 
gordo_pvai: posts small blind $0.01
UndercoverLV: posts big blind $0.02
*** HOLE CARDS ***
Dealt to Dorex2007 [4h Ad]
black.pantherx: folds 
renanrnn1997: folds 
vanes97: folds 
schop.ot.14: folds 
TvoiXozain: calls $0.02
acegy: folds 
Dorex2007: folds 
gordo_pvai: folds 
UndercoverLV: checks 
*** FLOP *** [Th 2d Kh]
UndercoverLV: checks 
TvoiXozain: checks 
*** TURN *** [Th 2d Kh] [8s]
UndercoverLV: checks 
TvoiXozain: bets $0.04
UndercoverLV: folds 
Uncalled bet ($0.04) returned to TvoiXozain
TvoiXozain collected $0.05 from pot
TvoiXozain: doesn't show hand 
*** SUMMARY ***
Total pot $0.05 | Rake $0 
Board [Th 2d Kh 8s]
Seat 1: Dorex2007 (button) folded before Flop (didn't bet)
Seat 2: gordo_pvai (small blind) folded before Flop
Seat 3: UndercoverLV (big blind) folded on the Turn
Seat 4: black.pantherx folded before Flop (didn't bet)
Seat 5: renanrnn1997 folded before Flop (didn't bet)
Seat 6: vanes97 folded before Flop (didn't bet)
Seat 7: schop.ot.14 folded before Flop (didn't bet)
Seat 8: TvoiXozain collected ($0.05)
Seat 9: acegy folded before Flop (didn't bet)



PokerStars Hand #231252398965:  Hold'em No Limit ($0.01/$0.02 USD) - 2021/11/08 15:52:00 PT [2021/11/08 18:52:00 ET]
Table 'Bojeva II' 9-max Seat #2 is the button
Seat 1: Dorex2007 ($2.59 in chips) 
Seat 2: gordo_pvai ($0.88 in chips) 
Seat 3: UndercoverLV ($1.86 in chips) 
Seat 4: black.pantherx ($3.34 in chips) 
Seat 5: renanrnn1997 ($1.64 in chips) 
Seat 6: vanes97 ($2.66 in chips) 
Seat 7: schop.ot.14 ($4.91 in chips) 
Seat 8: TvoiXozain ($1.11 in chips) 
Seat 9: acegy ($0.64 in chips) 
UndercoverLV: posts small blind $0.01
black.pantherx: posts big blind $0.02
*** HOLE CARDS ***
Dealt to Dorex2007 [9d 2h]
renanrnn1997: folds 
vanes97: raises $0.03 to $0.05
schop.ot.14: folds 
TvoiXozain: calls $0.05
acegy: calls $0.05
Dorex2007: folds 
gordo_pvai: folds 
UndercoverLV: folds 
black.pantherx: folds 
*** FLOP *** [Ad Ah Jh]
vanes97: checks 
TvoiXozain: checks 
acegy: checks 
*** TURN *** [Ad Ah Jh] [6h]
vanes97: checks 
TvoiXozain: checks 
acegy: checks 
*** RIVER *** [Ad Ah Jh 6h] [7h]
vanes97: checks 
TvoiXozain: checks 
acegy: checks 
*** SHOW DOWN ***
vanes97: shows [Ks Qc] (a pair of Aces)
TvoiXozain: mucks hand 
acegy: shows [3c 3d] (two pair, Aces and Threes)
acegy collected $0.17 from pot
*** SUMMARY ***
Total pot $0.18 | Rake $0.01 
Board [Ad Ah Jh 6h 7h]
Seat 1: Dorex2007 folded before Flop (didn't bet)
Seat 2: gordo_pvai (button) folded before Flop (didn't bet)
Seat 3: UndercoverLV (small blind) folded before Flop
Seat 4: black.pantherx (big blind) folded before Flop
Seat 5: renanrnn1997 folded before Flop (didn't bet)
Seat 6: vanes97 showed [Ks Qc] and lost with a pair of Aces
Seat 7: schop.ot.14 folded before Flop (didn't bet)
Seat 8: TvoiXozain mucked [Kd 4d]
Seat 9: acegy showed [3c 3d] and won ($0.17) with two pair, Aces and Threes



PokerStars Hand #231252437219:  Hold'em No Limit ($0.01/$0.02 USD) - 2021/11/08 15:53:52 PT [2021/11/08 18:53:52 ET]
Table 'Bojeva II' 9-max Seat #4 is the button
Seat 1: Dorex2007 ($2.59 in chips) 
Seat 2: gordo_pvai ($0.88 in chips) 
Seat 4: black.pantherx ($3.31 in chips) 
Seat 5: renanrnn1997 ($1.62 in chips) 
Seat 6: vanes97 ($2.61 in chips) 
Seat 8: TvoiXozain ($1.09 in chips) 
Seat 9: acegy ($0.76 in chips) 
renanrnn1997: posts small blind $0.01
vanes97: posts big blind $0.02
*** HOLE CARDS ***
Dealt to Dorex2007 [Qc 4h]
TvoiXozain: calls $0.02
acegy: folds 
acegy leaves the table
Dorex2007: folds 
gordo_pvai: folds 
black.pantherx: folds 
renanrnn1997: folds 
vanes97: checks 
*** FLOP *** [Ad Jc 6h]
vanes97: checks 
TvoiXozain: checks 
*** TURN *** [Ad Jc 6h] [5h]
vanes97: checks 
TvoiXozain: checks 
*** RIVER *** [Ad Jc 6h 5h] [7h]
vanes97: checks 
TvoiXozain: checks 
*** SHOW DOWN ***
vanes97: shows [4d Th] (high card Ace)
TvoiXozain: shows [3h 8h] (a flush, Eight high)
TvoiXozain collected $0.05 from pot
*** SUMMARY ***
Total pot $0.05 | Rake $0 
Board [Ad Jc 6h 5h 7h]
Seat 1: Dorex2007 folded before Flop (didn't bet)
Seat 2: gordo_pvai folded before Flop (didn't bet)
Seat 4: black.pantherx (button) folded before Flop (didn't bet)
Seat 5: renanrnn1997 (small blind) folded before Flop
Seat 6: vanes97 (big blind) showed [4d Th] and lost with high card Ace
Seat 8: TvoiXozain showed [3h 8h] and won ($0.05) with a flush, Eight high
Seat 9: acegy folded before Flop (didn't bet)



PokerStars Hand #231252453947:  Hold'em No Limit ($0.01/$0.02 USD) - 2021/11/08 15:54:42 PT [2021/11/08 18:54:42 ET]
Table 'Bojeva II' 9-max Seat #5 is the button
Seat 1: Dorex2007 ($2.59 in chips) 
Seat 2: gordo_pvai ($0.88 in chips) 
Seat 3: UndercoverLV ($1.85 in chips) 
Seat 4: black.pantherx ($3.31 in chips) 
Seat 5: renanrnn1997 ($1.61 in chips) 
Seat 6: vanes97 ($2.59 in chips) 
Seat 7: schop.ot.14 ($4.91 in chips) 
Seat 8: TvoiXozain ($1.12 in chips) 
vanes97: posts small blind $0.01
schop.ot.14: posts big blind $0.02
*** HOLE CARDS ***
Dealt to Dorex2007 [Qd Jh]
TvoiXozain has timed out
TvoiXozain: folds 
Dorex2007: calls $0.02
gordo_pvai: folds 
UndercoverLV: raises $0.05 to $0.07
black.pantherx: calls $0.07
renanrnn1997: folds 
vanes97: folds 
schop.ot.14: folds 
Dorex2007: folds 
*** FLOP *** [5s 6c Qh]
UndercoverLV: bets $0.14
black.pantherx: folds 
Uncalled bet ($0.14) returned to UndercoverLV
UndercoverLV collected $0.18 from pot
*** SUMMARY ***
Total pot $0.19 | Rake $0.01 
Board [5s 6c Qh]
Seat 1: Dorex2007 folded before Flop
Seat 2: gordo_pvai folded before Flop (didn't bet)
Seat 3: UndercoverLV collected ($0.18)
Seat 4: black.pantherx folded on the Flop
Seat 5: renanrnn1997 (button) folded before Flop (didn't bet)
Seat 6: vanes97 (small blind) folded before Flop
Seat 7: schop.ot.14 (big blind) folded before Flop
Seat 8: TvoiXozain folded before Flop (didn't bet)



PokerStars Hand #231252471986:  Hold'em No Limit ($0.01/$0.02 USD) - 2021/11/08 15:55:26 PT [2021/11/08 18:55:26 ET]
Table 'Bojeva II' 9-max Seat #6 is the button
Seat 1: Dorex2007 ($2.57 in chips) 
Seat 2: gordo_pvai ($0.88 in chips) 
Seat 3: UndercoverLV ($1.96 in chips) 
Seat 4: black.pantherx ($3.24 in chips) 
Seat 5: renanrnn1997 ($1.61 in chips) 
Seat 6: vanes97 ($2.58 in chips) 
Seat 7: schop.ot.14 ($4.89 in chips) 
Seat 8: TvoiXozain ($1.12 in chips) 
schop.ot.14: posts small blind $0.01
TvoiXozain: posts big blind $0.02
*** HOLE CARDS ***
Dealt to Dorex2007 [9d Qc]
Dorex2007: folds 
gordo_pvai: calls $0.02
mitriy78 joins the table at seat #9 
UndercoverLV: folds 
black.pantherx: folds 
renanrnn1997: folds 
vanes97: folds 
schop.ot.14: calls $0.01
TvoiXozain: raises $0.06 to $0.08
gordo_pvai: calls $0.06
schop.ot.14: calls $0.06
*** FLOP *** [Kc Kd 3d]
schop.ot.14: checks 
TvoiXozain: bets $0.11
gordo_pvai: calls $0.11
schop.ot.14: folds 
*** TURN *** [Kc Kd 3d] [9s]
TvoiXozain: checks 
gordo_pvai: bets $0.12
TvoiXozain: folds 
Uncalled bet ($0.12) returned to gordo_pvai
gordo_pvai collected $0.44 from pot
gordo_pvai: doesn't show hand 
*** SUMMARY ***
Total pot $0.46 | Rake $0.02 
Board [Kc Kd 3d 9s]
Seat 1: Dorex2007 folded before Flop (didn't bet)
Seat 2: gordo_pvai collected ($0.44)
Seat 3: UndercoverLV folded before Flop (didn't bet)
Seat 4: black.pantherx folded before Flop (didn't bet)
Seat 5: renanrnn1997 folded before Flop (didn't bet)
Seat 6: vanes97 (button) folded before Flop (didn't bet)
Seat 7: schop.ot.14 (small blind) folded on the Flop
Seat 8: TvoiXozain (big blind) folded on the Turn



PokerStars Hand #231252490263:  Hold'em No Limit ($0.01/$0.02 USD) - 2021/11/08 15:56:33 PT [2021/11/08 18:56:33 ET]
Table 'Bojeva II' 9-max Seat #7 is the button
Seat 1: Dorex2007 ($2.57 in chips) 
Seat 2: gordo_pvai ($1.13 in chips) 
Seat 3: UndercoverLV ($1.96 in chips) 
Seat 4: black.pantherx ($3.24 in chips) 
Seat 5: renanrnn1997 ($1.61 in chips) 
Seat 6: vanes97 ($2.58 in chips) 
Seat 7: schop.ot.14 ($4.81 in chips) 
Seat 8: TvoiXozain ($0.93 in chips) 
Seat 9: mitriy78 ($0.80 in chips) 
TvoiXozain: posts small blind $0.01
mitriy78: posts big blind $0.02
*** HOLE CARDS ***
Dealt to Dorex2007 [3c 4s]
Dorex2007: folds 
gordo_pvai: calls $0.02
UndercoverLV: folds 
black.pantherx: folds 
renanrnn1997: raises $0.03 to $0.05
vanes97: folds 
schop.ot.14: folds 
TvoiXozain: calls $0.04
mitriy78: calls $0.03
gordo_pvai: calls $0.03
*** FLOP *** [3h Kc 9s]
TvoiXozain: checks 
mitriy78: bets $0.09
gordo_pvai: calls $0.09
renanrnn1997: calls $0.09
TvoiXozain: folds 
*** TURN *** [3h Kc 9s] [Kd]
mitriy78: bets $0.22
gordo_pvai: folds 
renanrnn1997: folds 
Uncalled bet ($0.22) returned to mitriy78
mitriy78 collected $0.45 from pot
mitriy78: doesn't show hand 
*** SUMMARY ***
Total pot $0.47 | Rake $0.02 
Board [3h Kc 9s Kd]
Seat 1: Dorex2007 folded before Flop (didn't bet)
Seat 2: gordo_pvai folded on the Turn
Seat 3: UndercoverLV folded before Flop (didn't bet)
Seat 4: black.pantherx folded before Flop (didn't bet)
Seat 5: renanrnn1997 folded on the Turn
Seat 6: vanes97 folded before Flop (didn't bet)
Seat 7: schop.ot.14 (button) folded before Flop (didn't bet)
Seat 8: TvoiXozain (small blind) folded on the Flop
Seat 9: mitriy78 (big blind) collected ($0.45)



PokerStars Hand #231252516653:  Hold'em No Limit ($0.01/$0.02 USD) - 2021/11/08 15:58:11 PT [2021/11/08 18:58:11 ET]
Table 'Bojeva II' 9-max Seat #8 is the button
Seat 1: Dorex2007 ($2.57 in chips) 
Seat 2: gordo_pvai ($0.99 in chips) 
Seat 3: UndercoverLV ($1.96 in chips) 
Seat 4: black.pantherx ($3.24 in chips) 
Seat 5: renanrnn1997 ($1.47 in chips) 
Seat 6: vanes97 ($2.58 in chips) 
Seat 7: schop.ot.14 ($4.81 in chips) 
Seat 8: TvoiXozain ($0.88 in chips) 
Seat 9: mitriy78 ($1.11 in chips) 
mitriy78: posts small blind $0.01
Dorex2007: posts big blind $0.02
*** HOLE CARDS ***
Dealt to Dorex2007 [4c 6h]
gordo_pvai: folds 
UndercoverLV has timed out
UndercoverLV: folds 
black.pantherx: folds 
renanrnn1997: raises $0.03 to $0.05
vanes97: folds 
schop.ot.14: folds 
TvoiXozain: folds 
TvoiXozain leaves the table
mitriy78: folds 
Dorex2007: folds 
Uncalled bet ($0.03) returned to renanrnn1997
renanrnn1997 collected $0.05 from pot
renanrnn1997: doesn't show hand 
*** SUMMARY ***
Total pot $0.05 | Rake $0 
Seat 1: Dorex2007 (big blind) folded before Flop
Seat 2: gordo_pvai folded before Flop (didn't bet)
Seat 3: UndercoverLV folded before Flop (didn't bet)
Seat 4: black.pantherx folded before Flop (didn't bet)
Seat 5: renanrnn1997 collected ($0.05)
Seat 6: vanes97 folded before Flop (didn't bet)
Seat 7: schop.ot.14 folded before Flop (didn't bet)
Seat 8: TvoiXozain (button) folded before Flop (didn't bet)
Seat 9: mitriy78 (small blind) folded before Flop



PokerStars Hand #231252528539:  Hold'em No Limit ($0.01/$0.02 USD) - 2021/11/08 15:58:55 PT [2021/11/08 18:58:55 ET]
Table 'Bojeva II' 9-max Seat #9 is the button
Seat 1: Dorex2007 ($2.55 in chips) 
Seat 2: gordo_pvai ($0.99 in chips) 
Seat 3: UndercoverLV ($1.96 in chips) 
Seat 4: black.pantherx ($3.24 in chips) 
Seat 5: renanrnn1997 ($1.50 in chips) 
Seat 6: vanes97 ($2.58 in chips) 
Seat 7: schop.ot.14 ($4.81 in chips) 
Seat 9: mitriy78 ($1.10 in chips) 
Dorex2007: posts small blind $0.01
gordo_pvai: posts big blind $0.02
*** HOLE CARDS ***
Dealt to Dorex2007 [4s 2c]
David Kosar joins the table at seat #8 
UndercoverLV: folds 
black.pantherx: folds 
renanrnn1997: folds 
vanes97: raises $0.03 to $0.05
schop.ot.14: folds 
mitriy78: folds 
Dorex2007: folds 
gordo_pvai: folds 
Uncalled bet ($0.03) returned to vanes97
vanes97 collected $0.05 from pot
*** SUMMARY ***
Total pot $0.05 | Rake $0 
Seat 1: Dorex2007 (small blind) folded before Flop
Seat 2: gordo_pvai (big blind) folded before Flop
Seat 3: UndercoverLV folded before Flop (didn't bet)
Seat 4: black.pantherx folded before Flop (didn't bet)
Seat 5: renanrnn1997 folded before Flop (didn't bet)
Seat 6: vanes97 collected ($0.05)
Seat 7: schop.ot.14 folded before Flop (didn't bet)
Seat 9: mitriy78 (button) folded before Flop (didn't bet)



PokerStars Hand #231252535493:  Hold'em No Limit ($0.01/$0.02 USD) - 2021/11/08 15:59:21 PT [2021/11/08 18:59:21 ET]
Table 'Bojeva II' 9-max Seat #1 is the button
Seat 1: Dorex2007 ($2.54 in chips) 
Seat 2: gordo_pvai ($0.97 in chips) 
Seat 3: UndercoverLV ($1.96 in chips) 
Seat 4: black.pantherx ($3.24 in chips) 
Seat 5: renanrnn1997 ($1.50 in chips) 
Seat 6: vanes97 ($2.61 in chips) 
Seat 7: schop.ot.14 ($4.81 in chips) 
Seat 8: David Kosar ($2 in chips) 
Seat 9: mitriy78 ($1.10 in chips) 
gordo_pvai: posts small blind $0.01
UndercoverLV: posts big blind $0.02
David Kosar: posts big blind $0.02
*** HOLE CARDS ***
Dealt to Dorex2007 [2h Qd]
black.pantherx: folds 
renanrnn1997: raises $0.03 to $0.05
vanes97: folds 
schop.ot.14: folds 
David Kosar: calls $0.03
mitriy78: folds 
Dorex2007: folds 
gordo_pvai: calls $0.04
UndercoverLV: folds 
*** FLOP *** [Kh 3h 3d]
gordo_pvai: checks 
renanrnn1997: bets $0.05
David Kosar: folds 
gordo_pvai: folds 
Uncalled bet ($0.05) returned to renanrnn1997
renanrnn1997 collected $0.16 from pot
renanrnn1997: doesn't show hand 
*** SUMMARY ***
Total pot $0.17 | Rake $0.01 
Board [Kh 3h 3d]
Seat 1: Dorex2007 (button) folded before Flop (didn't bet)
Seat 2: gordo_pvai (small blind) folded on the Flop
Seat 3: UndercoverLV (big blind) folded before Flop
Seat 4: black.pantherx folded before Flop (didn't bet)
Seat 5: renanrnn1997 collected ($0.16)
Seat 6: vanes97 folded before Flop (didn't bet)
Seat 7: schop.ot.14 folded before Flop (didn't bet)
Seat 8: David Kosar folded on the Flop
Seat 9: mitriy78 folded before Flop (didn't bet)



PokerStars Hand #231252545215:  Hold'em No Limit ($0.01/$0.02 USD) - 2021/11/08 15:59:56 PT [2021/11/08 18:59:56 ET]
Table 'Bojeva II' 9-max Seat #2 is the button
Seat 1: Dorex2007 ($2.54 in chips) 
Seat 2: gordo_pvai ($0.92 in chips) 
Seat 3: UndercoverLV ($1.94 in chips) 
Seat 4: black.pantherx ($3.24 in chips) 
Seat 5: renanrnn1997 ($1.61 in chips) 
Seat 6: vanes97 ($2.61 in chips) 
Seat 8: David Kosar ($2 in chips) 
Seat 9: mitriy78 ($1.10 in chips) 
UndercoverLV: posts small blind $0.01
black.pantherx: posts big blind $0.02
*** HOLE CARDS ***
Dealt to Dorex2007 [7c Td]
renanrnn1997: raises $0.03 to $0.05
vanes97: folds 
David Kosar: folds 
mitriy78: folds 
Dorex2007: folds 
gordo_pvai: calls $0.05
UndercoverLV: folds 
black.pantherx: folds 
*** FLOP *** [2d Qc 6h]
renanrnn1997: bets $0.04
gordo_pvai: folds 
Uncalled bet ($0.04) returned to renanrnn1997
renanrnn1997 collected $0.13 from pot
*** SUMMARY ***
Total pot $0.13 | Rake $0 
Board [2d Qc 6h]
Seat 1: Dorex2007 folded before Flop (didn't bet)
Seat 2: gordo_pvai (button) folded on the Flop
Seat 3: UndercoverLV (small blind) folded before Flop
Seat 4: black.pantherx (big blind) folded before Flop
Seat 5: renanrnn1997 collected ($0.13)
Seat 6: vanes97 folded before Flop (didn't bet)
Seat 8: David Kosar folded before Flop (didn't bet)
Seat 9: mitriy78 folded before Flop (didn't bet)



PokerStars Hand #231252557214:  Hold'em No Limit ($0.01/$0.02 USD) - 2021/11/08 16:00:39 PT [2021/11/08 19:00:39 ET]
Table 'Bojeva II' 9-max Seat #3 is the button
Seat 1: Dorex2007 ($2.54 in chips) 
Seat 2: gordo_pvai ($0.87 in chips) 
Seat 3: UndercoverLV ($1.93 in chips) 
Seat 4: black.pantherx ($3.22 in chips) 
Seat 5: renanrnn1997 ($1.69 in chips) 
Seat 6: vanes97 ($2.61 in chips) 
Seat 8: David Kosar ($2 in chips) 
Seat 9: mitriy78 ($1.10 in chips) 
black.pantherx: posts small blind $0.01
renanrnn1997: posts big blind $0.02
*** HOLE CARDS ***
Dealt to Dorex2007 [As 7s]
vanes97: raises $0.03 to $0.05
David Kosar: folds 
mitriy78: folds 
Dorex2007: folds 
gordo_pvai: folds 
UndercoverLV: folds 
black.pantherx: folds 
renanrnn1997: calls $0.03
*** FLOP *** [4s Kh Ah]
renanrnn1997: checks 
vanes97: bets $0.04
renanrnn1997: folds 
Uncalled bet ($0.04) returned to vanes97
vanes97 collected $0.11 from pot
*** SUMMARY ***
Total pot $0.11 | Rake $0 
Board [4s Kh Ah]
Seat 1: Dorex2007 folded before Flop (didn't bet)
Seat 2: gordo_pvai folded before Flop (didn't bet)
Seat 3: UndercoverLV (button) folded before Flop (didn't bet)
Seat 4: black.pantherx (small blind) folded before Flop
Seat 5: renanrnn1997 (big blind) folded on the Flop
Seat 6: vanes97 collected ($0.11)
Seat 8: David Kosar folded before Flop (didn't bet)
Seat 9: mitriy78 folded before Flop (didn't bet)



PokerStars Hand #231252571158:  Hold'em No Limit ($0.01/$0.02 USD) - 2021/11/08 16:01:22 PT [2021/11/08 19:01:22 ET]
Table 'Bojeva II' 9-max Seat #4 is the button
Seat 1: Dorex2007 ($2.54 in chips) 
Seat 2: gordo_pvai ($0.87 in chips) 
Seat 3: UndercoverLV ($1.93 in chips) 
Seat 4: black.pantherx ($3.21 in chips) 
Seat 5: renanrnn1997 ($1.64 in chips) 
Seat 6: vanes97 ($2.67 in chips) 
Seat 8: David Kosar ($2 in chips) 
Seat 9: mitriy78 ($1.10 in chips) 
renanrnn1997: posts small blind $0.01
vanes97: posts big blind $0.02
*** HOLE CARDS ***
Dealt to Dorex2007 [Qd Kd]
David Kosar: folds 
mitriy78: folds 
Dorex2007: calls $0.02
gordo_pvai has timed out
gordo_pvai: folds 
UndercoverLV: folds 
black.pantherx: folds 
renanrnn1997: folds 
vanes97: checks 
*** FLOP *** [Jh 9c Ad]
vanes97: checks 
Dorex2007: checks 
*** TURN *** [Jh 9c Ad] [4c]
vanes97: checks 
Dorex2007: checks 
*** RIVER *** [Jh 9c Ad 4c] [5s]
vanes97: checks 
Dorex2007: checks 
*** SHOW DOWN ***
vanes97: shows [7d 6s] (high card Ace)
Dorex2007: shows [Qd Kd] (high card Ace - King kicker)
Dorex2007 collected $0.05 from pot
*** SUMMARY ***
Total pot $0.05 | Rake $0 
Board [Jh 9c Ad 4c 5s]
Seat 1: Dorex2007 showed [Qd Kd] and won ($0.05) with high card Ace
Seat 2: gordo_pvai folded before Flop (didn't bet)
Seat 3: UndercoverLV folded before Flop (didn't bet)
Seat 4: black.pantherx (button) folded before Flop (didn't bet)
Seat 5: renanrnn1997 (small blind) folded before Flop
Seat 6: vanes97 (big blind) showed [7d 6s] and lost with high card Ace
Seat 8: David Kosar folded before Flop (didn't bet)
Seat 9: mitriy78 folded before Flop (didn't bet)



PokerStars Hand #231252588623:  Hold'em No Limit ($0.01/$0.02 USD) - 2021/11/08 16:02:16 PT [2021/11/08 19:02:16 ET]
Table 'Bojeva II' 9-max Seat #5 is the button
Seat 1: Dorex2007 ($2.57 in chips) 
Seat 3: UndercoverLV ($1.93 in chips) 
Seat 4: black.pantherx ($3.21 in chips) 
Seat 5: renanrnn1997 ($1.63 in chips) 
Seat 6: vanes97 ($2.65 in chips) 
Seat 8: David Kosar ($2 in chips) 
Seat 9: mitriy78 ($1.10 in chips) 
vanes97: posts small blind $0.01
David Kosar: posts big blind $0.02
*** HOLE CARDS ***
Dealt to Dorex2007 [Ac 7c]
mitriy78: folds 
Dorex2007: calls $0.02
UndercoverLV: folds 
black.pantherx: raises $0.07 to $0.09
renanrnn1997: raises $0.19 to $0.28
vanes97: folds 
David Kosar: folds 
Dorex2007: folds 
black.pantherx: folds 
Uncalled bet ($0.19) returned to renanrnn1997
renanrnn1997 collected $0.23 from pot
*** SUMMARY ***
Total pot $0.23 | Rake $0 
Seat 1: Dorex2007 folded before Flop
Seat 3: UndercoverLV folded before Flop (didn't bet)
Seat 4: black.pantherx folded before Flop
Seat 5: renanrnn1997 (button) collected ($0.23)
Seat 6: vanes97 (small blind) folded before Flop
Seat 8: David Kosar (big blind) folded before Flop
Seat 9: mitriy78 folded before Flop (didn't bet)



PokerStars Hand #231252603941:  Hold'em No Limit ($0.01/$0.02 USD) - 2021/11/08 16:03:02 PT [2021/11/08 19:03:02 ET]
Table 'Bojeva II' 9-max Seat #6 is the button
Seat 1: Dorex2007 ($2.55 in chips) 
Seat 3: UndercoverLV ($1.93 in chips) 
Seat 4: black.pantherx ($3.12 in chips) 
Seat 5: renanrnn1997 ($1.77 in chips) 
Seat 6: vanes97 ($2.64 in chips) 
Seat 8: David Kosar ($2 in chips) 
Seat 9: mitriy78 ($1.10 in chips) 
David Kosar: posts small blind $0.01
mitriy78: posts big blind $0.02
*** HOLE CARDS ***
Dealt to Dorex2007 [Td Js]
Dorex2007: folds 
UndercoverLV: folds 
black.pantherx: folds 
renanrnn1997: raises $0.03 to $0.05
vanes97: folds 
David Kosar: folds 
mitriy78: folds 
Uncalled bet ($0.03) returned to renanrnn1997
renanrnn1997 collected $0.05 from pot
renanrnn1997: doesn't show hand 
*** SUMMARY ***
Total pot $0.05 | Rake $0 
Seat 1: Dorex2007 folded before Flop (didn't bet)
Seat 3: UndercoverLV folded before Flop (didn't bet)
Seat 4: black.pantherx folded before Flop (didn't bet)
Seat 5: renanrnn1997 collected ($0.05)
Seat 6: vanes97 (button) folded before Flop (didn't bet)
Seat 8: David Kosar (small blind) folded before Flop
Seat 9: mitriy78 (big blind) folded before Flop



PokerStars Hand #231252612494:  Hold'em No Limit ($0.01/$0.02 USD) - 2021/11/08 16:03:29 PT [2021/11/08 19:03:29 ET]
Table 'Bojeva II' 9-max Seat #8 is the button
Seat 1: Dorex2007 ($2.55 in chips) 
Seat 3: UndercoverLV ($1.93 in chips) 
Seat 4: black.pantherx ($3.12 in chips) 
Seat 5: renanrnn1997 ($1.80 in chips) 
Seat 6: vanes97 ($2.64 in chips) 
Seat 8: David Kosar ($2 in chips) 
Seat 9: mitriy78 ($1.08 in chips) 
mitriy78: posts small blind $0.01
Dorex2007: posts big blind $0.02
*** HOLE CARDS ***
Dealt to Dorex2007 [3c 6s]
UndercoverLV: folds 
black.pantherx: folds 
renanrnn1997: folds 
vanes97: folds 
David Kosar: folds 
mitriy78: folds 
Uncalled bet ($0.01) returned to Dorex2007
Dorex2007 collected $0.02 from pot
Dorex2007: doesn't show hand 
*** SUMMARY ***
Total pot $0.02 | Rake $0 
Seat 1: Dorex2007 (big blind) collected ($0.02)
Seat 3: UndercoverLV folded before Flop (didn't bet)
Seat 4: black.pantherx folded before Flop (didn't bet)
Seat 5: renanrnn1997 folded before Flop (didn't bet)
Seat 6: vanes97 folded before Flop (didn't bet)
Seat 8: David Kosar (button) folded before Flop (didn't bet)
Seat 9: mitriy78 (small blind) folded before Flop



PokerStars Hand #231252620017:  Hold'em No Limit ($0.01/$0.02 USD) - 2021/11/08 16:03:51 PT [2021/11/08 19:03:51 ET]
Table 'Bojeva II' 9-max Seat #9 is the button
Seat 1: Dorex2007 ($2.56 in chips) 
Seat 2: gordo_pvai ($0.87 in chips) 
Seat 3: UndercoverLV ($1.93 in chips) 
Seat 4: black.pantherx ($3.12 in chips) 
Seat 5: renanrnn1997 ($1.80 in chips) 
Seat 6: vanes97 ($2.64 in chips) 
Seat 8: David Kosar ($2 in chips) 
Seat 9: mitriy78 ($1.07 in chips) 
Dorex2007: posts small blind $0.01
gordo_pvai: posts big blind $0.02
*** HOLE CARDS ***
Dealt to Dorex2007 [7s Qc]
UndercoverLV: folds 
black.pantherx: folds 
renanrnn1997: folds 
vanes97: folds 
David Kosar: folds 
mitriy78: folds 
Dorex2007: folds 
Uncalled bet ($0.01) returned to gordo_pvai
gordo_pvai collected $0.02 from pot
gordo_pvai: doesn't show hand 
*** SUMMARY ***
Total pot $0.02 | Rake $0 
Seat 1: Dorex2007 (small blind) folded before Flop
Seat 2: gordo_pvai (big blind) collected ($0.02)
Seat 3: UndercoverLV folded before Flop (didn't bet)
Seat 4: black.pantherx folded before Flop (didn't bet)
Seat 5: renanrnn1997 folded before Flop (didn't bet)
Seat 6: vanes97 folded before Flop (didn't bet)
Seat 8: David Kosar folded before Flop (didn't bet)
Seat 9: mitriy78 (button) folded before Flop (didn't bet)



PokerStars Hand #231252628766:  Hold'em No Limit ($0.01/$0.02 USD) - 2021/11/08 16:04:18 PT [2021/11/08 19:04:18 ET]
Table 'Bojeva II' 9-max Seat #1 is the button
Seat 1: Dorex2007 ($2.55 in chips) 
Seat 2: gordo_pvai ($0.88 in chips) 
Seat 3: UndercoverLV ($1.93 in chips) 
Seat 4: black.pantherx ($3.12 in chips) 
Seat 5: renanrnn1997 ($1.80 in chips) 
Seat 6: vanes97 ($2.64 in chips) 
Seat 8: David Kosar ($2 in chips) 
Seat 9: mitriy78 ($1.07 in chips) 
gordo_pvai: posts small blind $0.01
UndercoverLV: posts big blind $0.02
*** HOLE CARDS ***
Dealt to Dorex2007 [9c 4h]
black.pantherx: folds 
renanrnn1997: folds 
vanes97: raises $0.03 to $0.05
David Kosar: folds 
mitriy78: calls $0.05
Dorex2007: folds 
gordo_pvai: calls $0.04
UndercoverLV: folds 
*** FLOP *** [Qh 8s 5c]
gordo_pvai: checks 
vanes97: bets $0.08
mitriy78: folds 
schop.ot.14 is disconnected 
UndercoverLV leaves the table
gordo_pvai: folds 
Uncalled bet ($0.08) returned to vanes97
vanes97 collected $0.16 from pot
*** SUMMARY ***
Total pot $0.17 | Rake $0.01 
Board [Qh 8s 5c]
Seat 1: Dorex2007 (button) folded before Flop (didn't bet)
Seat 2: gordo_pvai (small blind) folded on the Flop
Seat 3: UndercoverLV (big blind) folded before Flop
Seat 4: black.pantherx folded before Flop (didn't bet)
Seat 5: renanrnn1997 folded before Flop (didn't bet)
Seat 6: vanes97 collected ($0.16)
Seat 8: David Kosar folded before Flop (didn't bet)
Seat 9: mitriy78 folded on the Flop



PokerStars Hand #231252645201:  Hold'em No Limit ($0.01/$0.02 USD) - 2021/11/08 16:05:08 PT [2021/11/08 19:05:08 ET]
Table 'Bojeva II' 9-max Seat #2 is the button
Seat 1: Dorex2007 ($2.55 in chips) 
Seat 2: gordo_pvai ($0.83 in chips) 
Seat 4: black.pantherx ($3.12 in chips) 
Seat 5: renanrnn1997 ($1.80 in chips) 
Seat 6: vanes97 ($2.75 in chips) 
Seat 8: David Kosar ($2 in chips) 
Seat 9: mitriy78 ($1.02 in chips) 
black.pantherx: posts small blind $0.01
renanrnn1997: posts big blind $0.02
*** HOLE CARDS ***
Dealt to Dorex2007 [Kd Tc]
ThiagoPirayu joins the table at seat #3 
vanes97: folds 
David Kosar: raises $0.03 to $0.05
mitriy78: folds 
Dorex2007: folds 
gordo_pvai: raises $0.13 to $0.18
black.pantherx: folds 
renanrnn1997: folds 
David Kosar: folds 
Uncalled bet ($0.13) returned to gordo_pvai
gordo_pvai collected $0.13 from pot
gordo_pvai: doesn't show hand 
*** SUMMARY ***
Total pot $0.13 | Rake $0 
Seat 1: Dorex2007 folded before Flop (didn't bet)
Seat 2: gordo_pvai (button) collected ($0.13)
Seat 4: black.pantherx (small blind) folded before Flop
Seat 5: renanrnn1997 (big blind) folded before Flop
Seat 6: vanes97 folded before Flop (didn't bet)
Seat 8: David Kosar folded before Flop
Seat 9: mitriy78 folded before Flop (didn't bet)



PokerStars Hand #231252654347:  Hold'em No Limit ($0.01/$0.02 USD) - 2021/11/08 16:05:36 PT [2021/11/08 19:05:36 ET]
Table 'Bojeva II' 9-max Seat #4 is the button
Seat 1: Dorex2007 ($2.55 in chips) 
Seat 2: gordo_pvai ($0.91 in chips) 
Seat 3: ThiagoPirayu ($0.80 in chips) 
Seat 4: black.pantherx ($3.11 in chips) 
Seat 5: renanrnn1997 ($1.78 in chips) 
Seat 6: vanes97 ($2.75 in chips) 
Seat 8: David Kosar ($2 in chips) 
Seat 9: mitriy78 ($1.02 in chips) 
renanrnn1997: posts small blind $0.01
vanes97: posts big blind $0.02
ThiagoPirayu: posts big blind $0.02
*** HOLE CARDS ***
Dealt to Dorex2007 [Ad 5h]
David Kosar: folds 
mitriy78: calls $0.02
Dorex2007: folds 
gordo_pvai: calls $0.02
ThiagoPirayu: checks 
black.pantherx: folds 
renanrnn1997: folds 
vanes97: checks 
*** FLOP *** [8d 8s 4d]
vanes97: checks 
mitriy78: checks 
gordo_pvai: checks 
ThiagoPirayu: checks 
*** TURN *** [8d 8s 4d] [5d]
vanes97: checks 
mitriy78: checks 
gordo_pvai: checks 
ThiagoPirayu: bets $0.09
vanes97: folds 
mitriy78: folds 
gordo_pvai: calls $0.09
*** RIVER *** [8d 8s 4d 5d] [5c]
gordo_pvai: bets $0.22
ThiagoPirayu: raises $0.47 to $0.69 and is all-in
gordo_pvai: calls $0.47
*** SHOW DOWN ***
ThiagoPirayu: shows [8h 2c] (a full house, Eights full of Fives)
gordo_pvai: shows [7s Ah] (two pair, Eights and Fives)
ThiagoPirayu collected $1.59 from pot
*** SUMMARY ***
Total pot $1.65 | Rake $0.06 
Board [8d 8s 4d 5d 5c]
Seat 1: Dorex2007 folded before Flop (didn't bet)
Seat 2: gordo_pvai showed [7s Ah] and lost with two pair, Eights and Fives
Seat 3: ThiagoPirayu showed [8h 2c] and won ($1.59) with a full house, Eights full of Fives
Seat 4: black.pantherx (button) folded before Flop (didn't bet)
Seat 5: renanrnn1997 (small blind) folded before Flop
Seat 6: vanes97 (big blind) folded on the Turn
Seat 8: David Kosar folded before Flop (didn't bet)
Seat 9: mitriy78 folded on the Turn



PokerStars Hand #231252704350:  Hold'em No Limit ($0.01/$0.02 USD) - 2021/11/08 16:07:53 PT [2021/11/08 19:07:53 ET]
Table 'Bojeva II' 9-max Seat #5 is the button
Seat 1: Dorex2007 ($2.55 in chips) 
Seat 2: gordo_pvai ($0.11 in chips) 
Seat 3: ThiagoPirayu ($1.59 in chips) 
Seat 4: black.pantherx ($3.11 in chips) 
Seat 5: renanrnn1997 ($1.77 in chips) 
Seat 6: vanes97 ($2.73 in chips) 
Seat 8: David Kosar ($2 in chips) 
Seat 9: mitriy78 ($1 in chips) 
vanes97: posts small blind $0.01
David Kosar: posts big blind $0.02
*** HOLE CARDS ***
Dealt to Dorex2007 [9d 7h]
mitriy78: folds 
Dorex2007: folds 
gordo_pvai: raises $0.09 to $0.11 and is all-in
ThiagoPirayu: folds 
black.pantherx: folds 
renanrnn1997: folds 
vanes97: folds 
David Kosar: folds 
Uncalled bet ($0.09) returned to gordo_pvai
gordo_pvai collected $0.05 from pot
gordo_pvai: doesn't show hand 
*** SUMMARY ***
Total pot $0.05 | Rake $0 
Seat 1: Dorex2007 folded before Flop (didn't bet)
Seat 2: gordo_pvai collected ($0.05)
Seat 3: ThiagoPirayu folded before Flop (didn't bet)
Seat 4: black.pantherx folded before Flop (didn't bet)
Seat 5: renanrnn1997 (button) folded before Flop (didn't bet)
Seat 6: vanes97 (small blind) folded before Flop
Seat 8: David Kosar (big blind) folded before Flop
Seat 9: mitriy78 folded before Flop (didn't bet)



PokerStars Hand #231252715879:  Hold'em No Limit ($0.01/$0.02 USD) - 2021/11/08 16:08:27 PT [2021/11/08 19:08:27 ET]
Table 'Bojeva II' 9-max Seat #6 is the button
Seat 1: Dorex2007 ($2.55 in chips) 
Seat 2: gordo_pvai ($0.14 in chips) 
Seat 3: ThiagoPirayu ($1.59 in chips) 
Seat 4: black.pantherx ($3.11 in chips) 
Seat 5: renanrnn1997 ($1.77 in chips) 
Seat 6: vanes97 ($2.72 in chips) 
Seat 8: David Kosar ($2 in chips) 
Seat 9: mitriy78 ($1 in chips) 
David Kosar: posts small blind $0.01
mitriy78: posts big blind $0.02
*** HOLE CARDS ***
Dealt to Dorex2007 [As Ks]
Dorex2007: calls $0.02
gordo_pvai: raises $0.12 to $0.14 and is all-in
ThiagoPirayu: folds 
black.pantherx: folds 
renanrnn1997: folds 
vanes97: raises $0.16 to $0.30
David Kosar: folds 
mitriy78: folds 
Dorex2007: folds 
Uncalled bet ($0.16) returned to vanes97
*** FLOP *** [Qs 6s 9h]
*** TURN *** [Qs 6s 9h] [Ac]
*** RIVER *** [Qs 6s 9h Ac] [Ts]
*** SHOW DOWN ***
gordo_pvai: shows [8s 8d] (a pair of Eights)
vanes97: shows [Js Jd] (a pair of Jacks)
gordo_pvai cashed out the hand for $0.06
vanes97 cashed out the hand for $0.26
*** SUMMARY ***
Total pot $0.33 | Rake $0.01 
Board [Qs 6s 9h Ac Ts]
Seat 1: Dorex2007 folded before Flop
Seat 2: gordo_pvai showed [8s 8d] and lost with a pair of Eights (cashed out).
Seat 3: ThiagoPirayu folded before Flop (didn't bet)
Seat 4: black.pantherx folded before Flop (didn't bet)
Seat 5: renanrnn1997 folded before Flop (didn't bet)
Seat 6: vanes97 (button) showed [Js Jd] and won ($0.32) with a pair of Jacks (pot not awarded as player cashed out)
Seat 8: David Kosar (small blind) folded before Flop
Seat 9: mitriy78 (big blind) folded before Flop



PokerStars Hand #231252736021:  Hold'em No Limit ($0.01/$0.02 USD) - 2021/11/08 16:09:30 PT [2021/11/08 19:09:30 ET]
Table 'Bojeva II' 9-max Seat #8 is the button
Seat 1: Dorex2007 ($2.53 in chips) 
Seat 2: gordo_pvai ($0.06 in chips) 
Seat 3: ThiagoPirayu ($1.59 in chips) 
Seat 4: black.pantherx ($3.11 in chips) 
Seat 5: renanrnn1997 ($1.77 in chips) 
Seat 6: vanes97 ($2.84 in chips) 
Seat 8: David Kosar ($2 in chips) 
Seat 9: mitriy78 ($0.98 in chips) 
mitriy78: posts small blind $0.01
Dorex2007: posts big blind $0.02
*** HOLE CARDS ***
Dealt to Dorex2007 [8s Kd]
gordo_pvai: folds 
ThiagoPirayu: folds 
black.pantherx: folds 
renanrnn1997: raises $0.03 to $0.05
vanes97: folds 
David Kosar: calls $0.05
mitriy78: folds 
Dorex2007: folds 
*** FLOP *** [Ks Ts 3s]
renanrnn1997: bets $0.04
David Kosar: folds 
Uncalled bet ($0.04) returned to renanrnn1997
schop.ot.14 is disconnected 
renanrnn1997 collected $0.13 from pot
renanrnn1997: doesn't show hand 
*** SUMMARY ***
Total pot $0.13 | Rake $0 
Board [Ks Ts 3s]
Seat 1: Dorex2007 (big blind) folded before Flop
Seat 2: gordo_pvai folded before Flop (didn't bet)
Seat 3: ThiagoPirayu folded before Flop (didn't bet)
Seat 4: black.pantherx folded before Flop (didn't bet)
Seat 5: renanrnn1997 collected ($0.13)
Seat 6: vanes97 folded before Flop (didn't bet)
Seat 8: David Kosar (button) folded on the Flop
Seat 9: mitriy78 (small blind) folded before Flop



PokerStars Hand #231252756011:  Hold'em No Limit ($0.01/$0.02 USD) - 2021/11/08 16:10:16 PT [2021/11/08 19:10:16 ET]
Table 'Bojeva II' 9-max Seat #9 is the button
Seat 1: Dorex2007 ($2.51 in chips) 
Seat 2: gordo_pvai ($0.06 in chips) 
Seat 3: ThiagoPirayu ($1.59 in chips) 
Seat 4: black.pantherx ($3.11 in chips) 
Seat 5: renanrnn1997 ($1.85 in chips) 
Seat 6: vanes97 ($2.84 in chips) 
Seat 8: David Kosar ($2 in chips) 
Seat 9: mitriy78 ($0.97 in chips) 
Dorex2007: posts small blind $0.01
gordo_pvai: posts big blind $0.02
*** HOLE CARDS ***
Dealt to Dorex2007 [Jd Ad]
ThiagoPirayu: folds 
black.pantherx: folds 
renanrnn1997: raises $0.03 to $0.05
vanes97: folds 
David Kosar: folds 
mitriy78: calls $0.05
Dorex2007: calls $0.04
gordo_pvai: raises $0.01 to $0.06 and is all-in
renanrnn1997: calls $0.01
mitriy78: calls $0.01
Dorex2007: calls $0.01
*** FLOP *** [3s 8c Td]
Dorex2007: checks 
renanrnn1997: checks 
mitriy78: checks 
*** TURN *** [3s 8c Td] [Js]
Dorex2007: bets $0.15
renanrnn1997: calls $0.15
mitriy78: folds 
*** RIVER *** [3s 8c Td Js] [9h]
Dorex2007: checks 
renanrnn1997: checks 
*** SHOW DOWN ***
Dorex2007: shows [Jd Ad] (a pair of Jacks)
renanrnn1997: mucks hand 
Dorex2007 collected $0.29 from side pot
gordo_pvai: shows [Kh Ks] (a pair of Kings)
gordo_pvai collected $0.23 from main pot
*** SUMMARY ***
Total pot $0.54 Main pot $0.23. Side pot $0.29. | Rake $0.02 
Board [3s 8c Td Js 9h]
Seat 1: Dorex2007 (small blind) showed [Jd Ad] and won ($0.29) with a pair of Jacks
Seat 2: gordo_pvai (big blind) showed [Kh Ks] and won ($0.23) with a pair of Kings
Seat 3: ThiagoPirayu folded before Flop (didn't bet)
Seat 4: black.pantherx folded before Flop (didn't bet)
Seat 5: renanrnn1997 mucked [Ah Kc]
Seat 6: vanes97 folded before Flop (didn't bet)
Seat 8: David Kosar folded before Flop (didn't bet)
Seat 9: mitriy78 (button) folded on the Turn



PokerStars Hand #231252798054:  Hold'em No Limit ($0.01/$0.02 USD) - 2021/11/08 16:12:29 PT [2021/11/08 19:12:29 ET]
Table 'Bojeva II' 9-max Seat #1 is the button
Seat 1: Dorex2007 ($2.59 in chips) 
Seat 2: gordo_pvai ($0.23 in chips) 
Seat 3: ThiagoPirayu ($1.59 in chips) 
Seat 4: black.pantherx ($3.11 in chips) 
Seat 5: renanrnn1997 ($1.64 in chips) 
Seat 6: vanes97 ($2.84 in chips) 
Seat 8: David Kosar ($2 in chips) 
Seat 9: mitriy78 ($0.91 in chips) 
gordo_pvai: posts small blind $0.01
ThiagoPirayu: posts big blind $0.02
*** HOLE CARDS ***
Dealt to Dorex2007 [9s Jc]
black.pantherx has timed out
black.pantherx: folds 
renanrnn1997: folds 
vanes97: folds 
David Kosar: raises $0.03 to $0.05
mitriy78: folds 
Dorex2007: folds 
gordo_pvai: folds 
ThiagoPirayu: folds 
Uncalled bet ($0.03) returned to David Kosar
David Kosar collected $0.05 from pot
David Kosar: doesn't show hand 
*** SUMMARY ***
Total pot $0.05 | Rake $0 
Seat 1: Dorex2007 (button) folded before Flop (didn't bet)
Seat 2: gordo_pvai (small blind) folded before Flop
Seat 3: ThiagoPirayu (big blind) folded before Flop
Seat 4: black.pantherx folded before Flop (didn't bet)
Seat 5: renanrnn1997 folded before Flop (didn't bet)
Seat 6: vanes97 folded before Flop (didn't bet)
Seat 8: David Kosar collected ($0.05)
Seat 9: mitriy78 folded before Flop (didn't bet)



PokerStars Hand #231252813526:  Hold'em No Limit ($0.01/$0.02 USD) - 2021/11/08 16:13:18 PT [2021/11/08 19:13:18 ET]
Table 'Bojeva II' 9-max Seat #2 is the button
Seat 1: Dorex2007 ($2.59 in chips) 
Seat 2: gordo_pvai ($0.22 in chips) 
Seat 3: ThiagoPirayu ($1.57 in chips) 
Seat 4: black.pantherx ($3.11 in chips) 
Seat 5: renanrnn1997 ($1.64 in chips) 
Seat 6: vanes97 ($2.84 in chips) 
Seat 8: David Kosar ($2.03 in chips) 
Seat 9: mitriy78 ($0.91 in chips) 
ThiagoPirayu: posts small blind $0.01
black.pantherx: posts big blind $0.02
*** HOLE CARDS ***
Dealt to Dorex2007 [Ah 7h]
renanrnn1997: folds 
vanes97: folds 
David Kosar: folds 
mitriy78: raises $0.02 to $0.04
Dorex2007: calls $0.04
gordo_pvai: raises $0.18 to $0.22 and is all-in
ThiagoPirayu: folds 
black.pantherx: folds 
mitriy78: calls $0.18
Dorex2007: folds 
*** FLOP *** [Jc 4h 9c]
*** TURN *** [Jc 4h 9c] [Kd]
*** RIVER *** [Jc 4h 9c Kd] [4c]
*** SHOW DOWN ***
mitriy78: shows [Kc Ks] (a full house, Kings full of Fours)
gordo_pvai: shows [5d Qd] (a pair of Fours)
mitriy78 collected $0.49 from pot
*** SUMMARY ***
Total pot $0.51 | Rake $0.02 
Board [Jc 4h 9c Kd 4c]
Seat 1: Dorex2007 folded before Flop
Seat 2: gordo_pvai (button) showed [5d Qd] and lost with a pair of Fours
Seat 3: ThiagoPirayu (small blind) folded before Flop
Seat 4: black.pantherx (big blind) folded before Flop
Seat 5: renanrnn1997 folded before Flop (didn't bet)
Seat 6: vanes97 folded before Flop (didn't bet)
Seat 8: David Kosar folded before Flop (didn't bet)
Seat 9: mitriy78 showed [Kc Ks] and won ($0.49) with a full house, Kings full of Fours



PokerStars Hand #231252825671:  Hold'em No Limit ($0.01/$0.02 USD) - 2021/11/08 16:13:58 PT [2021/11/08 19:13:58 ET]
Table 'Bojeva II' 9-max Seat #3 is the button
Seat 1: Dorex2007 ($2.55 in chips) 
Seat 3: ThiagoPirayu ($1.56 in chips) 
Seat 4: black.pantherx ($3.09 in chips) 
Seat 5: renanrnn1997 ($1.64 in chips) 
Seat 6: vanes97 ($2.84 in chips) 
Seat 8: David Kosar ($2.03 in chips) 
Seat 9: mitriy78 ($1.18 in chips) 
black.pantherx: posts small blind $0.01
renanrnn1997: posts big blind $0.02
*** HOLE CARDS ***
Dealt to Dorex2007 [Jd Th]
vanes97: folds 
David Kosar: folds 
mitriy78: folds 
gordo_pvai leaves the table
Dorex2007: calls $0.02
ThiagoPirayu: calls $0.02
fordillo joins the table at seat #2 
black.pantherx: raises $0.08 to $0.10
renanrnn1997: folds 
Dorex2007: folds 
ThiagoPirayu: folds 
Uncalled bet ($0.08) returned to black.pantherx
black.pantherx collected $0.08 from pot
black.pantherx: doesn't show hand 
*** SUMMARY ***
Total pot $0.08 | Rake $0 
Seat 1: Dorex2007 folded before Flop
Seat 3: ThiagoPirayu (button) folded before Flop
Seat 4: black.pantherx (small blind) collected ($0.08)
Seat 5: renanrnn1997 (big blind) folded before Flop
Seat 6: vanes97 folded before Flop (didn't bet)
Seat 8: David Kosar folded before Flop (didn't bet)
Seat 9: mitriy78 folded before Flop (didn't bet)



PokerStars Hand #231252837334:  Hold'em No Limit ($0.01/$0.02 USD) - 2021/11/08 16:14:35 PT [2021/11/08 19:14:35 ET]
Table 'Bojeva II' 9-max Seat #4 is the button
Seat 1: Dorex2007 ($2.53 in chips) 
Seat 3: ThiagoPirayu ($1.54 in chips) 
Seat 4: black.pantherx ($3.15 in chips) 
Seat 5: renanrnn1997 ($1.62 in chips) 
Seat 6: vanes97 ($2.84 in chips) 
Seat 8: David Kosar ($2.03 in chips) 
Seat 9: mitriy78 ($1.18 in chips) 
renanrnn1997: posts small blind $0.01
vanes97: posts big blind $0.02
fordillo: sits out 
*** HOLE CARDS ***
Dealt to Dorex2007 [2d Qs]
David Kosar: folds 
mitriy78: folds 
Dorex2007 has timed out
Dorex2007: folds 
ThiagoPirayu: folds 
black.pantherx: raises $0.05 to $0.07
renanrnn1997: folds 
vanes97: folds 
Uncalled bet ($0.05) returned to black.pantherx
black.pantherx collected $0.05 from pot
*** SUMMARY ***
Total pot $0.05 | Rake $0 
Seat 1: Dorex2007 folded before Flop (didn't bet)
Seat 3: ThiagoPirayu folded before Flop (didn't bet)
Seat 4: black.pantherx (button) collected ($0.05)
Seat 5: renanrnn1997 (small blind) folded before Flop
Seat 6: vanes97 (big blind) folded before Flop
Seat 8: David Kosar folded before Flop (didn't bet)
Seat 9: mitriy78 folded before Flop (didn't bet)



PokerStars Hand #231252854702:  Hold'em No Limit ($0.01/$0.02 USD) - 2021/11/08 16:15:04 PT [2021/11/08 19:15:04 ET]
Table 'Bojeva II' 9-max Seat #5 is the button
Seat 1: Dorex2007 ($2.53 in chips) 
Seat 3: ThiagoPirayu ($1.54 in chips) 
Seat 4: black.pantherx ($3.18 in chips) 
Seat 5: renanrnn1997 ($1.61 in chips) 
Seat 6: vanes97 ($2.82 in chips) 
Seat 8: David Kosar ($2.03 in chips) 
Seat 9: mitriy78 ($1.18 in chips) 
vanes97: posts small blind $0.01
David Kosar: posts big blind $0.02
fordillo: sits out 
*** HOLE CARDS ***
Dealt to Dorex2007 [2d 5s]
fordillo leaves the table
mitriy78: folds 
Dorex2007: folds 
ThiagoPirayu: calls $0.02
black.pantherx: raises $0.07 to $0.09
renanrnn1997: calls $0.09
zive_Belarus joins the table at seat #2 
vanes97: folds 
David Kosar: folds 
ThiagoPirayu: folds 
*** FLOP *** [As Ac 7c]
black.pantherx: checks 
renanrnn1997: checks 
*** TURN *** [As Ac 7c] [Ah]
black.pantherx: bets $0.17
renanrnn1997: calls $0.17
*** RIVER *** [As Ac 7c Ah] [8h]
black.pantherx: checks 
renanrnn1997: bets $0.37
black.pantherx: calls $0.37
*** SHOW DOWN ***
renanrnn1997: shows [6c 6d] (a full house, Aces full of Sixes)
black.pantherx: shows [Jc Js] (a full house, Aces full of Jacks)
black.pantherx collected $1.26 from pot
*** SUMMARY ***
Total pot $1.31 | Rake $0.05 
Board [As Ac 7c Ah 8h]
Seat 1: Dorex2007 folded before Flop (didn't bet)
Seat 3: ThiagoPirayu folded before Flop
Seat 4: black.pantherx showed [Jc Js] and won ($1.26) with a full house, Aces full of Jacks
Seat 5: renanrnn1997 (button) showed [6c 6d] and lost with a full house, Aces full of Sixes
Seat 6: vanes97 (small blind) folded before Flop
Seat 8: David Kosar (big blind) folded before Flop
Seat 9: mitriy78 folded before Flop (didn't bet)



PokerStars Hand #231252881132:  Hold'em No Limit ($0.01/$0.02 USD) - 2021/11/08 16:16:28 PT [2021/11/08 19:16:28 ET]
Table 'Bojeva II' 9-max Seat #6 is the button
Seat 1: Dorex2007 ($2.53 in chips) 
Seat 3: ThiagoPirayu ($1.52 in chips) 
Seat 4: black.pantherx ($3.81 in chips) 
Seat 5: renanrnn1997 ($0.98 in chips) 
Seat 6: vanes97 ($2.81 in chips) 
Seat 8: David Kosar ($2.01 in chips) 
Seat 9: mitriy78 ($1.18 in chips) 
David Kosar: posts small blind $0.01
mitriy78: posts big blind $0.02
zive_Belarus: sits out 
*** HOLE CARDS ***
Dealt to Dorex2007 [6s 8h]
Dorex2007: folds 
ThiagoPirayu: folds 
black.pantherx: folds 
renanrnn1997: folds 
vanes97: folds 
David Kosar: folds 
Uncalled bet ($0.01) returned to mitriy78
mitriy78 collected $0.02 from pot
mitriy78: doesn't show hand 
*** SUMMARY ***
Total pot $0.02 | Rake $0 
Seat 1: Dorex2007 folded before Flop (didn't bet)
Seat 3: ThiagoPirayu folded before Flop (didn't bet)
Seat 4: black.pantherx folded before Flop (didn't bet)
Seat 5: renanrnn1997 folded before Flop (didn't bet)
Seat 6: vanes97 (button) folded before Flop (didn't bet)
Seat 8: David Kosar (small blind) folded before Flop
Seat 9: mitriy78 (big blind) collected ($0.02)



PokerStars Hand #231252885291:  Hold'em No Limit ($0.01/$0.02 USD) - 2021/11/08 16:16:42 PT [2021/11/08 19:16:42 ET]
Table 'Bojeva II' 9-max Seat #8 is the button
Seat 1: Dorex2007 ($2.53 in chips) 
Seat 3: ThiagoPirayu ($1.52 in chips) 
Seat 4: black.pantherx ($3.81 in chips) 
Seat 5: renanrnn1997 ($0.98 in chips) 
Seat 6: vanes97 ($2.81 in chips) 
Seat 8: David Kosar ($2 in chips) 
Seat 9: mitriy78 ($1.19 in chips) 
mitriy78: posts small blind $0.01
Dorex2007: posts big blind $0.02
zive_Belarus: sits out 
*** HOLE CARDS ***
Dealt to Dorex2007 [Ts 2h]
ThiagoPirayu: folds 
black.pantherx: raises $0.05 to $0.07
renanrnn1997: raises $0.19 to $0.26
vanes97: folds 
David Kosar: folds 
mitriy78: folds 
Dorex2007: folds 
black.pantherx: raises $3.55 to $3.81 and is all-in
renanrnn1997: calls $0.72 and is all-in
Uncalled bet ($2.83) returned to black.pantherx
*** FLOP *** [9s Jh As]
*** TURN *** [9s Jh As] [Kc]
*** RIVER *** [9s Jh As Kc] [Js]
*** SHOW DOWN ***
black.pantherx: shows [9d 9h] (a full house, Nines full of Jacks)
renanrnn1997: shows [Kh Ad] (two pair, Aces and Kings)
black.pantherx cashed out the hand for $1.05 | Cash Out Fee $0.01
*** SUMMARY ***
Total pot $1.99 | Rake $0.07 
Board [9s Jh As Kc Js]
Seat 1: Dorex2007 (big blind) folded before Flop
Seat 3: ThiagoPirayu folded before Flop (didn't bet)
Seat 4: black.pantherx showed [9d 9h] and won ($1.92) with a full house, Nines full of Jacks (pot not awarded as player cashed out)
Seat 5: renanrnn1997 showed [Kh Ad] and lost with two pair, Aces and Kings
Seat 6: vanes97 folded before Flop (didn't bet)
Seat 8: David Kosar (button) folded before Flop (didn't bet)
Seat 9: mitriy78 (small blind) folded before Flop



PokerStars Hand #231252904226:  Hold'em No Limit ($0.01/$0.02 USD) - 2021/11/08 16:17:43 PT [2021/11/08 19:17:43 ET]
Table 'Bojeva II' 9-max Seat #9 is the button
Seat 1: Dorex2007 ($2.51 in chips) 
Seat 2: zive_Belarus ($2 in chips) 
Seat 3: ThiagoPirayu ($1.52 in chips) 
Seat 4: black.pantherx ($3.88 in chips) 
Seat 6: vanes97 ($2.81 in chips) 
Seat 8: David Kosar ($2 in chips) 
Seat 9: mitriy78 ($1.18 in chips) 
Dorex2007: posts small blind $0.01
zive_Belarus: posts big blind $0.02
*** HOLE CARDS ***
Dealt to Dorex2007 [3h 9d]
ThiagoPirayu: folds 
black.pantherx: folds 
vanes97: raises $0.03 to $0.05
David Kosar: folds 
mitriy78: folds 
Dorex2007: folds 
zive_Belarus: folds 
Uncalled bet ($0.03) returned to vanes97
vanes97 collected $0.05 from pot
*** SUMMARY ***
Total pot $0.05 | Rake $0 
Seat 1: Dorex2007 (small blind) folded before Flop
Seat 2: zive_Belarus (big blind) folded before Flop
Seat 3: ThiagoPirayu folded before Flop (didn't bet)
Seat 4: black.pantherx folded before Flop (didn't bet)
Seat 6: vanes97 collected ($0.05)
Seat 8: David Kosar folded before Flop (didn't bet)
Seat 9: mitriy78 (button) folded before Flop (didn't bet)



PokerStars Hand #231252910625:  Hold'em No Limit ($0.01/$0.02 USD) - 2021/11/08 16:18:04 PT [2021/11/08 19:18:04 ET]
Table 'Bojeva II' 9-max Seat #1 is the button
Seat 1: Dorex2007 ($2.50 in chips) 
Seat 2: zive_Belarus ($2 in chips) 
Seat 3: ThiagoPirayu ($1.52 in chips) 
Seat 4: black.pantherx ($3.88 in chips) 
Seat 5: renanrnn1997 ($2 in chips) 
Seat 6: vanes97 ($2.84 in chips) 
Seat 8: David Kosar ($2 in chips) 
Seat 9: mitriy78 ($1.18 in chips) 
zive_Belarus: posts small blind $0.01
ThiagoPirayu: posts big blind $0.02
*** HOLE CARDS ***
Dealt to Dorex2007 [3s 9s]
black.pantherx: folds 
renanrnn1997: folds 
vanes97: folds 
David Kosar: folds 
mitriy78: calls $0.02
Dorex2007: folds 
zive_Belarus: folds 
ThiagoPirayu: checks 
*** FLOP *** [Js 5d Ts]
ThiagoPirayu: checks 
mitriy78: checks 
*** TURN *** [Js 5d Ts] [Kc]
ThiagoPirayu: bets $0.02
mitriy78: calls $0.02
*** RIVER *** [Js 5d Ts Kc] [5h]
ThiagoPirayu: checks 
mitriy78: checks 
*** SHOW DOWN ***
ThiagoPirayu: shows [6s 8s] (a pair of Fives)
mitriy78: shows [Qc Tc] (two pair, Tens and Fives)
mitriy78 collected $0.09 from pot
*** SUMMARY ***
Total pot $0.09 | Rake $0 
Board [Js 5d Ts Kc 5h]
Seat 1: Dorex2007 (button) folded before Flop (didn't bet)
Seat 2: zive_Belarus (small blind) folded before Flop
Seat 3: ThiagoPirayu (big blind) showed [6s 8s] and lost with a pair of Fives
Seat 4: black.pantherx folded before Flop (didn't bet)
Seat 5: renanrnn1997 folded before Flop (didn't bet)
Seat 6: vanes97 folded before Flop (didn't bet)
Seat 8: David Kosar folded before Flop (didn't bet)
Seat 9: mitriy78 showed [Qc Tc] and won ($0.09) with two pair, Tens and Fives



PokerStars Hand #231252928921:  Hold'em No Limit ($0.01/$0.02 USD) - 2021/11/08 16:19:03 PT [2021/11/08 19:19:03 ET]
Table 'Bojeva II' 9-max Seat #2 is the button
Seat 1: Dorex2007 ($2.50 in chips) 
Seat 2: zive_Belarus ($2 in chips) 
Seat 3: ThiagoPirayu ($1.48 in chips) 
Seat 4: black.pantherx ($3.88 in chips) 
Seat 5: renanrnn1997 ($2 in chips) 
Seat 6: vanes97 ($2.84 in chips) 
Seat 8: David Kosar ($2 in chips) 
Seat 9: mitriy78 ($1.23 in chips) 
ThiagoPirayu: posts small blind $0.01
black.pantherx: posts big blind $0.02
*** HOLE CARDS ***
Dealt to Dorex2007 [4h Js]
renanrnn1997: folds 
vanes97: folds 
David Kosar: raises $0.04 to $0.06
mitriy78: folds 
Dorex2007: folds 
zive_Belarus: folds 
ThiagoPirayu: calls $0.05
black.pantherx: calls $0.04
*** FLOP *** [Qs Jh 9s]
ThiagoPirayu: checks 
black.pantherx: checks 
David Kosar: checks 
*** TURN *** [Qs Jh 9s] [8c]
ThiagoPirayu: checks 
black.pantherx: checks 
David Kosar: checks 
*** RIVER *** [Qs Jh 9s 8c] [Ad]
ThiagoPirayu: checks 
black.pantherx: checks 
David Kosar: checks 
*** SHOW DOWN ***
ThiagoPirayu: shows [6c 6h] (a pair of Sixes)
black.pantherx: shows [Ac 4c] (a pair of Aces)
David Kosar: mucks hand 
black.pantherx collected $0.17 from pot
*** SUMMARY ***
Total pot $0.18 | Rake $0.01 
Board [Qs Jh 9s 8c Ad]
Seat 1: Dorex2007 folded before Flop (didn't bet)
Seat 2: zive_Belarus (button) folded before Flop (didn't bet)
Seat 3: ThiagoPirayu (small blind) showed [6c 6h] and lost with a pair of Sixes
Seat 4: black.pantherx (big blind) showed [Ac 4c] and won ($0.17) with a pair of Aces
Seat 5: renanrnn1997 folded before Flop (didn't bet)
Seat 6: vanes97 folded before Flop (didn't bet)
Seat 8: David Kosar mucked [Kd Jd]
Seat 9: mitriy78 folded before Flop (didn't bet)



PokerStars Hand #231252944970:  Hold'em No Limit ($0.01/$0.02 USD) - 2021/11/08 16:19:55 PT [2021/11/08 19:19:55 ET]
Table 'Bojeva II' 9-max Seat #3 is the button
Seat 1: Dorex2007 ($2.50 in chips) 
Seat 2: zive_Belarus ($2 in chips) 
Seat 3: ThiagoPirayu ($1.42 in chips) 
Seat 4: black.pantherx ($3.99 in chips) 
Seat 5: renanrnn1997 ($2 in chips) 
Seat 6: vanes97 ($2.84 in chips) 
Seat 8: David Kosar ($2 in chips) 
Seat 9: mitriy78 ($1.23 in chips) 
black.pantherx: posts small blind $0.01
renanrnn1997: posts big blind $0.02
*** HOLE CARDS ***
Dealt to Dorex2007 [Th 3d]
vanes97: folds 
David Kosar: folds 
mitriy78: raises $0.02 to $0.04
Dorex2007: folds 
zive_Belarus: calls $0.04
ThiagoPirayu: folds 
schop.ot.14 leaves the table
black.pantherx: folds 
renanrnn1997: calls $0.02
*** FLOP *** [Jh 6h Ts]
renanrnn1997: checks 
mitriy78: bets $0.06
zive_Belarus: folds 
renanrnn1997: calls $0.06
*** TURN *** [Jh 6h Ts] [3c]
renanrnn1997: checks 
mitriy78: bets $0.12
renanrnn1997: folds 
Uncalled bet ($0.12) returned to mitriy78
mitriy78 collected $0.24 from pot
mitriy78: doesn't show hand 
*** SUMMARY ***
Total pot $0.25 | Rake $0.01 
Board [Jh 6h Ts 3c]
Seat 1: Dorex2007 folded before Flop (didn't bet)
Seat 2: zive_Belarus folded on the Flop
Seat 3: ThiagoPirayu (button) folded before Flop (didn't bet)
Seat 4: black.pantherx (small blind) folded before Flop
Seat 5: renanrnn1997 (big blind) folded on the Turn
Seat 6: vanes97 folded before Flop (didn't bet)
Seat 8: David Kosar folded before Flop (didn't bet)
Seat 9: mitriy78 collected ($0.24)



PokerStars Hand #231252966605:  Hold'em No Limit ($0.01/$0.02 USD) - 2021/11/08 16:21:06 PT [2021/11/08 19:21:06 ET]
Table 'Bojeva II' 9-max Seat #4 is the button
Seat 1: Dorex2007 ($2.50 in chips) 
Seat 2: zive_Belarus ($2 in chips) 
Seat 3: ThiagoPirayu ($1.42 in chips) 
Seat 4: black.pantherx ($3.98 in chips) 
Seat 5: renanrnn1997 ($1.90 in chips) 
Seat 6: vanes97 ($2.84 in chips) 
Seat 8: David Kosar ($2 in chips) 
Seat 9: mitriy78 ($1.37 in chips) 
renanrnn1997: posts small blind $0.01
vanes97: posts big blind $0.02
*** HOLE CARDS ***
Dealt to Dorex2007 [Kd 4h]
Fkn_River_72 joins the table at seat #7 
David Kosar: folds 
mitriy78: folds 
Dorex2007: folds 
zive_Belarus: folds 
ThiagoPirayu: raises $0.04 to $0.06
black.pantherx: folds 
renanrnn1997: folds 
vanes97: folds 
Uncalled bet ($0.04) returned to ThiagoPirayu
ThiagoPirayu collected $0.05 from pot
ThiagoPirayu: doesn't show hand 
*** SUMMARY ***
Total pot $0.05 | Rake $0 
Seat 1: Dorex2007 folded before Flop (didn't bet)
Seat 2: zive_Belarus folded before Flop (didn't bet)
Seat 3: ThiagoPirayu collected ($0.05)
Seat 4: black.pantherx (button) folded before Flop (didn't bet)
Seat 5: renanrnn1997 (small blind) folded before Flop
Seat 6: vanes97 (big blind) folded before Flop
Seat 8: David Kosar folded before Flop (didn't bet)
Seat 9: mitriy78 folded before Flop (didn't bet)



PokerStars Hand #231252972227:  Hold'em No Limit ($0.01/$0.02 USD) - 2021/11/08 16:21:25 PT [2021/11/08 19:21:25 ET]
Table 'Bojeva II' 9-max Seat #5 is the button
Seat 1: Dorex2007 ($2.50 in chips) 
Seat 2: zive_Belarus ($2 in chips) 
Seat 3: ThiagoPirayu ($1.45 in chips) 
Seat 4: black.pantherx ($3.98 in chips) 
Seat 5: renanrnn1997 ($1.89 in chips) 
Seat 6: vanes97 ($2.82 in chips) 
Seat 7: Fkn_River_72 ($2 in chips) 
Seat 8: David Kosar ($2 in chips) 
Seat 9: mitriy78 ($1.37 in chips) 
vanes97: posts small blind $0.01
Fkn_River_72: posts big blind $0.02
*** HOLE CARDS ***
Dealt to Dorex2007 [Qd 6h]
David Kosar: folds 
mitriy78: folds 
Dorex2007: folds 
zive_Belarus: folds 
ThiagoPirayu: folds 
black.pantherx: folds 
renanrnn1997: folds 
vanes97: raises $0.03 to $0.05
Fkn_River_72: raises $0.03 to $0.08
vanes97: calls $0.03
*** FLOP *** [Tc Js 5h]
vanes97: checks 
Fkn_River_72: bets $0.11
vanes97: raises $0.15 to $0.26
Fkn_River_72: calls $0.15
*** TURN *** [Tc Js 5h] [2d]
vanes97: bets $0.34
Fkn_River_72: calls $0.34
*** RIVER *** [Tc Js 5h 2d] [8d]
vanes97: bets $0.68
Fkn_River_72: raises $0.64 to $1.32 and is all-in
vanes97: calls $0.64
*** SHOW DOWN ***
Fkn_River_72: shows [6c 6s] (a pair of Sixes)
vanes97: shows [Jd Th] (two pair, Jacks and Tens)
vanes97 collected $3.86 from pot
*** SUMMARY ***
Total pot $4 | Rake $0.14 
Board [Tc Js 5h 2d 8d]
Seat 1: Dorex2007 folded before Flop (didn't bet)
Seat 2: zive_Belarus folded before Flop (didn't bet)
Seat 3: ThiagoPirayu folded before Flop (didn't bet)
Seat 4: black.pantherx folded before Flop (didn't bet)
Seat 5: renanrnn1997 (button) folded before Flop (didn't bet)
Seat 6: vanes97 (small blind) showed [Jd Th] and won ($3.86) with two pair, Jacks and Tens
Seat 7: Fkn_River_72 (big blind) showed [6c 6s] and lost with a pair of Sixes
Seat 8: David Kosar folded before Flop (didn't bet)
Seat 9: mitriy78 folded before Flop (didn't bet)



PokerStars Hand #231253001876:  Hold'em No Limit ($0.01/$0.02 USD) - 2021/11/08 16:22:53 PT [2021/11/08 19:22:53 ET]
Table 'Bojeva II' 9-max Seat #6 is the button
Seat 1: Dorex2007 ($2.50 in chips) 
Seat 2: zive_Belarus ($2 in chips) 
Seat 3: ThiagoPirayu ($1.45 in chips) 
Seat 4: black.pantherx ($3.98 in chips) 
Seat 5: renanrnn1997 ($1.89 in chips) 
Seat 6: vanes97 ($4.68 in chips) 
Seat 8: David Kosar ($2 in chips) 
Seat 9: mitriy78 ($1.37 in chips) 
David Kosar: posts small blind $0.01
mitriy78: posts big blind $0.02
*** HOLE CARDS ***
Dealt to Dorex2007 [5s 6h]
Dorex2007: folds 
zive_Belarus: folds 
ThiagoPirayu: folds 
black.pantherx: folds 
renanrnn1997: raises $0.02 to $0.04
vanes97: folds 
David Kosar: folds 
mitriy78: folds 
Uncalled bet ($0.02) returned to renanrnn1997
renanrnn1997 collected $0.05 from pot
*** SUMMARY ***
Total pot $0.05 | Rake $0 
Seat 1: Dorex2007 folded before Flop (didn't bet)
Seat 2: zive_Belarus folded before Flop (didn't bet)
Seat 3: ThiagoPirayu folded before Flop (didn't bet)
Seat 4: black.pantherx folded before Flop (didn't bet)
Seat 5: renanrnn1997 collected ($0.05)
Seat 6: vanes97 (button) folded before Flop (didn't bet)
Seat 8: David Kosar (small blind) folded before Flop
Seat 9: mitriy78 (big blind) folded before Flop



PokerStars Hand #231253019224:  Hold'em No Limit ($0.01/$0.02 USD) - 2021/11/08 16:23:31 PT [2021/11/08 19:23:31 ET]
Table 'Bojeva II' 9-max Seat #8 is the button
Seat 1: Dorex2007 ($2.50 in chips) 
Seat 2: zive_Belarus ($2 in chips) 
Seat 3: ThiagoPirayu ($1.45 in chips) 
Seat 4: black.pantherx ($3.98 in chips) 
Seat 5: renanrnn1997 ($1.92 in chips) 
Seat 6: vanes97 ($4.68 in chips) 
Seat 7: Fkn_River_72 ($0.90 in chips) 
Seat 8: David Kosar ($2 in chips) 
Seat 9: mitriy78 ($1.35 in chips) 
mitriy78: posts small blind $0.01
Dorex2007: posts big blind $0.02
Fkn_River_72: posts small blind $0.01
*** HOLE CARDS ***
Dealt to Dorex2007 [5d Ah]
zive_Belarus has timed out
zive_Belarus: folds 
ThiagoPirayu: folds 
black.pantherx has timed out
black.pantherx: folds 
renanrnn1997: folds 
vanes97: folds 
Fkn_River_72 has timed out
Fkn_River_72: folds 
David Kosar: folds 
mitriy78: folds 
Uncalled bet ($0.01) returned to Dorex2007
Dorex2007 collected $0.03 from pot
Dorex2007: doesn't show hand 
*** SUMMARY ***
Total pot $0.03 | Rake $0 
Seat 1: Dorex2007 (big blind) collected ($0.03)
Seat 2: zive_Belarus folded before Flop (didn't bet)
Seat 3: ThiagoPirayu folded before Flop (didn't bet)
Seat 4: black.pantherx folded before Flop (didn't bet)
Seat 5: renanrnn1997 folded before Flop (didn't bet)
Seat 6: vanes97 folded before Flop (didn't bet)
Seat 7: Fkn_River_72 folded before Flop (didn't bet)
Seat 8: David Kosar (button) folded before Flop (didn't bet)
Seat 9: mitriy78 (small blind) folded before Flop



PokerStars Hand #231253032221:  Hold'em No Limit ($0.01/$0.02 USD) - 2021/11/08 16:24:14 PT [2021/11/08 19:24:14 ET]
Table 'Bojeva II' 9-max Seat #9 is the button
Seat 1: Dorex2007 ($2.52 in chips) 
Seat 2: zive_Belarus ($2 in chips) 
Seat 3: ThiagoPirayu ($1.45 in chips) 
Seat 4: black.pantherx ($3.98 in chips) 
Seat 5: renanrnn1997 ($1.92 in chips) 
Seat 6: vanes97 ($4.68 in chips) 
Seat 7: Fkn_River_72 ($0.89 in chips) 
Seat 8: David Kosar ($2 in chips) 
Seat 9: mitriy78 ($1.34 in chips) 
Dorex2007: posts small blind $0.01
zive_Belarus: posts big blind $0.02
*** HOLE CARDS ***
Dealt to Dorex2007 [Tc Ah]
ThiagoPirayu: folds 
black.pantherx: folds 
renanrnn1997: raises $0.03 to $0.05
vanes97: folds 
Fkn_River_72: calls $0.05
David Kosar: folds 
mitriy78: folds 
Dorex2007: folds 
zive_Belarus: folds 
*** FLOP *** [As 9c 8s]
renanrnn1997: checks 
Fkn_River_72: checks 
*** TURN *** [As 9c 8s] [Jd]
zive_Belarus leaves the table
renanrnn1997: bets $0.04
Fkn_River_72: folds 
Uncalled bet ($0.04) returned to renanrnn1997
renanrnn1997 collected $0.13 from pot
*** SUMMARY ***
Total pot $0.13 | Rake $0 
Board [As 9c 8s Jd]
Seat 1: Dorex2007 (small blind) folded before Flop
Seat 2: zive_Belarus (big blind) folded before Flop
Seat 3: ThiagoPirayu folded before Flop (didn't bet)
Seat 4: black.pantherx folded before Flop (didn't bet)
Seat 5: renanrnn1997 collected ($0.13)
Seat 6: vanes97 folded before Flop (didn't bet)
Seat 7: Fkn_River_72 folded on the Turn
Seat 8: David Kosar folded before Flop (didn't bet)
Seat 9: mitriy78 (button) folded before Flop (didn't bet)



PokerStars Hand #231253049529:  Hold'em No Limit ($0.01/$0.02 USD) - 2021/11/08 16:25:12 PT [2021/11/08 19:25:12 ET]
Table 'Bojeva II' 9-max Seat #1 is the button
Seat 1: Dorex2007 ($2.51 in chips) 
Seat 3: ThiagoPirayu ($1.45 in chips) 
Seat 4: black.pantherx ($3.98 in chips) 
Seat 5: renanrnn1997 ($2 in chips) 
Seat 6: vanes97 ($4.68 in chips) 
Seat 7: Fkn_River_72 ($0.84 in chips) 
Seat 8: David Kosar ($2 in chips) 
Seat 9: mitriy78 ($1.34 in chips) 
ThiagoPirayu: posts small blind $0.01
black.pantherx: posts big blind $0.02
*** HOLE CARDS ***
Dealt to Dorex2007 [2h Ad]
SMUTJAN72 joins the table at seat #2 
renanrnn1997 has timed out
renanrnn1997: folds 
vanes97: folds 
Fkn_River_72: folds 
David Kosar: folds 
mitriy78: folds 
Dorex2007: folds 
ThiagoPirayu: calls $0.01
black.pantherx: checks 
*** FLOP *** [3s 7c 5c]
ThiagoPirayu: bets $0.04
black.pantherx: calls $0.04
*** TURN *** [3s 7c 5c] [7h]
ThiagoPirayu: checks 
black.pantherx: bets $0.09
ThiagoPirayu: calls $0.09
*** RIVER *** [3s 7c 5c 7h] [2s]
ThiagoPirayu: checks 
black.pantherx: bets $0.22
ThiagoPirayu: folds 
Uncalled bet ($0.22) returned to black.pantherx
black.pantherx collected $0.29 from pot
black.pantherx: doesn't show hand 
*** SUMMARY ***
Total pot $0.30 | Rake $0.01 
Board [3s 7c 5c 7h 2s]
Seat 1: Dorex2007 (button) folded before Flop (didn't bet)
Seat 3: ThiagoPirayu (small blind) folded on the River
Seat 4: black.pantherx (big blind) collected ($0.29)
Seat 5: renanrnn1997 folded before Flop (didn't bet)
Seat 6: vanes97 folded before Flop (didn't bet)
Seat 7: Fkn_River_72 folded before Flop (didn't bet)
Seat 8: David Kosar folded before Flop (didn't bet)
Seat 9: mitriy78 folded before Flop (didn't bet)



PokerStars Hand #231253070659:  Hold'em No Limit ($0.01/$0.02 USD) - 2021/11/08 16:26:21 PT [2021/11/08 19:26:21 ET]
Table 'Bojeva II' 9-max Seat #3 is the button
Seat 1: Dorex2007 ($2.51 in chips) 
Seat 3: ThiagoPirayu ($1.30 in chips) 
Seat 4: black.pantherx ($4.12 in chips) 
Seat 5: renanrnn1997 ($2 in chips) 
Seat 6: vanes97 ($4.68 in chips) 
Seat 7: Fkn_River_72 ($0.84 in chips) 
Seat 8: David Kosar ($2 in chips) 
Seat 9: mitriy78 ($1.34 in chips) 
black.pantherx: posts small blind $0.01
renanrnn1997: posts big blind $0.02
SMUTJAN72: sits out 
*** HOLE CARDS ***
Dealt to Dorex2007 [4c 8c]
vanes97: folds 
Fkn_River_72: folds 
David Kosar: folds 
mitriy78: calls $0.02
Dorex2007: folds 
ThiagoPirayu: folds 
black.pantherx: raises $0.06 to $0.08
renanrnn1997: folds 
mitriy78: calls $0.06
*** FLOP *** [7s Ac 9d]
black.pantherx: bets $0.04
mitriy78: folds 
Uncalled bet ($0.04) returned to black.pantherx
black.pantherx collected $0.17 from pot
black.pantherx: doesn't show hand 
*** SUMMARY ***
Total pot $0.18 | Rake $0.01 
Board [7s Ac 9d]
Seat 1: Dorex2007 folded before Flop (didn't bet)
Seat 3: ThiagoPirayu (button) folded before Flop (didn't bet)
Seat 4: black.pantherx (small blind) collected ($0.17)
Seat 5: renanrnn1997 (big blind) folded before Flop
Seat 6: vanes97 folded before Flop (didn't bet)
Seat 7: Fkn_River_72 folded before Flop (didn't bet)
Seat 8: David Kosar folded before Flop (didn't bet)
Seat 9: mitriy78 folded on the Flop



PokerStars Hand #231253099100:  Hold'em No Limit ($0.01/$0.02 USD) - 2021/11/08 16:27:56 PT [2021/11/08 19:27:56 ET]
Table 'Bojeva II' 9-max Seat #4 is the button
Seat 1: Dorex2007 ($2.51 in chips) 
Seat 3: ThiagoPirayu ($1.30 in chips) 
Seat 4: black.pantherx ($4.21 in chips) 
Seat 5: renanrnn1997 ($1.98 in chips) 
Seat 6: vanes97 ($4.68 in chips) 
Seat 7: Fkn_River_72 ($0.84 in chips) 
Seat 8: David Kosar ($2 in chips) 
Seat 9: mitriy78 ($1.26 in chips) 
renanrnn1997: posts small blind $0.01
vanes97: posts big blind $0.02
SMUTJAN72: sits out 
*** HOLE CARDS ***
Dealt to Dorex2007 [Qd 6c]
Fkn_River_72: calls $0.02
David Kosar: folds 
mitriy78: folds 
Dorex2007: folds 
ThiagoPirayu: raises $0.07 to $0.09
black.pantherx: folds 
renanrnn1997: folds 
vanes97: folds 
Fkn_River_72: calls $0.07
*** FLOP *** [Th 5d 9d]
Fkn_River_72: checks 
ThiagoPirayu: checks 
*** TURN *** [Th 5d 9d] [2h]
Fkn_River_72: checks 
ThiagoPirayu: bets $0.10
Fkn_River_72: folds 
Uncalled bet ($0.10) returned to ThiagoPirayu
ThiagoPirayu collected $0.20 from pot
ThiagoPirayu: doesn't show hand 
*** SUMMARY ***
Total pot $0.21 | Rake $0.01 
Board [Th 5d 9d 2h]
Seat 1: Dorex2007 folded before Flop (didn't bet)
Seat 3: ThiagoPirayu collected ($0.20)
Seat 4: black.pantherx (button) folded before Flop (didn't bet)
Seat 5: renanrnn1997 (small blind) folded before Flop
Seat 6: vanes97 (big blind) folded before Flop
Seat 7: Fkn_River_72 folded on the Turn
Seat 8: David Kosar folded before Flop (didn't bet)
Seat 9: mitriy78 folded before Flop (didn't bet)



PokerStars Hand #231253112440:  Hold'em No Limit ($0.01/$0.02 USD) - 2021/11/08 16:28:40 PT [2021/11/08 19:28:40 ET]
Table 'Bojeva II' 9-max Seat #5 is the button
Seat 1: Dorex2007 ($2.51 in chips) 
Seat 3: ThiagoPirayu ($1.41 in chips) 
Seat 4: black.pantherx ($4.21 in chips) 
Seat 5: renanrnn1997 ($1.97 in chips) 
Seat 6: vanes97 ($4.66 in chips) 
Seat 7: Fkn_River_72 ($0.75 in chips) 
Seat 8: David Kosar ($2 in chips) 
Seat 9: mitriy78 ($1.26 in chips) 
vanes97: posts small blind $0.01
Fkn_River_72: posts big blind $0.02
SMUTJAN72: sits out 
*** HOLE CARDS ***
Dealt to Dorex2007 [3h 4h]
David Kosar: folds 
mitriy78: calls $0.02
Dorex2007: folds 
ThiagoPirayu: folds 
black.pantherx: folds 
renanrnn1997: raises $0.03 to $0.05
vanes97: folds 
Fkn_River_72: folds 
mitriy78: calls $0.03
*** FLOP *** [9c Kc 6h]
mitriy78: bets $0.06
renanrnn1997: folds 
Uncalled bet ($0.06) returned to mitriy78
mitriy78 collected $0.13 from pot
mitriy78: doesn't show hand 
*** SUMMARY ***
Total pot $0.13 | Rake $0 
Board [9c Kc 6h]
Seat 1: Dorex2007 folded before Flop (didn't bet)
Seat 3: ThiagoPirayu folded before Flop (didn't bet)
Seat 4: black.pantherx folded before Flop (didn't bet)
Seat 5: renanrnn1997 (button) folded on the Flop
Seat 6: vanes97 (small blind) folded before Flop
Seat 7: Fkn_River_72 (big blind) folded before Flop
Seat 8: David Kosar folded before Flop (didn't bet)
Seat 9: mitriy78 collected ($0.13)



PokerStars Hand #231253129523:  Hold'em No Limit ($0.01/$0.02 USD) - 2021/11/08 16:29:38 PT [2021/11/08 19:29:38 ET]
Table 'Bojeva II' 9-max Seat #6 is the button
Seat 1: Dorex2007 ($2.51 in chips) 
Seat 3: ThiagoPirayu ($1.41 in chips) 
Seat 4: black.pantherx ($4.21 in chips) 
Seat 5: renanrnn1997 ($1.92 in chips) 
Seat 6: vanes97 ($4.65 in chips) 
Seat 7: Fkn_River_72 ($0.73 in chips) 
Seat 8: David Kosar ($2 in chips) 
Seat 9: mitriy78 ($1.34 in chips) 
Fkn_River_72: posts small blind $0.01
David Kosar: posts big blind $0.02
SMUTJAN72: sits out 
*** HOLE CARDS ***
Dealt to Dorex2007 [7c 2s]
mitriy78: folds 
Dorex2007: folds 
ThiagoPirayu: calls $0.02
black.pantherx: folds 
renanrnn1997: folds 
vanes97: raises $0.06 to $0.08
Fkn_River_72: calls $0.07
David Kosar: calls $0.06
ThiagoPirayu: calls $0.06
*** FLOP *** [5s 8h Qh]
Fkn_River_72: bets $0.15
David Kosar: folds 
ThiagoPirayu: folds 
vanes97: calls $0.15
*** TURN *** [5s 8h Qh] [6c]
Fkn_River_72: bets $0.24
vanes97: raises $0.54 to $0.78
Fkn_River_72: calls $0.26 and is all-in
Uncalled bet ($0.28) returned to vanes97
*** RIVER *** [5s 8h Qh 6c] [6s]
*** SHOW DOWN ***
Fkn_River_72: shows [2h Ah] (a pair of Sixes)
vanes97: shows [As Qd] (two pair, Queens and Sixes)
vanes97 cashed out the hand for $1.23 | Cash Out Fee $0.01
*** SUMMARY ***
Total pot $1.62 | Rake $0.06 
Board [5s 8h Qh 6c 6s]
Seat 1: Dorex2007 folded before Flop (didn't bet)
Seat 3: ThiagoPirayu folded on the Flop
Seat 4: black.pantherx folded before Flop (didn't bet)
Seat 5: renanrnn1997 folded before Flop (didn't bet)
Seat 6: vanes97 (button) showed [As Qd] and won ($1.56) with two pair, Queens and Sixes (pot not awarded as player cashed out)
Seat 7: Fkn_River_72 (small blind) showed [2h Ah] and lost with a pair of Sixes
Seat 8: David Kosar (big blind) folded on the Flop
Seat 9: mitriy78 folded before Flop (didn't bet)



PokerStars Hand #231253147510:  Hold'em No Limit ($0.01/$0.02 USD) - 2021/11/08 16:30:38 PT [2021/11/08 19:30:38 ET]
Table 'Bojeva II' 9-max Seat #8 is the button
Seat 1: Dorex2007 ($2.51 in chips) 
Seat 3: ThiagoPirayu ($1.33 in chips) 
Seat 4: black.pantherx ($4.21 in chips) 
Seat 5: renanrnn1997 ($1.92 in chips) 
Seat 6: vanes97 ($5.15 in chips) 
Seat 8: David Kosar ($2 in chips) 
Seat 9: mitriy78 ($1.34 in chips) 
mitriy78: posts small blind $0.01
Dorex2007: posts big blind $0.02
SMUTJAN72: sits out 
*** HOLE CARDS ***
Dealt to Dorex2007 [Ac 4d]
ThiagoPirayu: raises $0.05 to $0.07
Fkn_River_72 leaves the table
black.pantherx: folds 
renanrnn1997: raises $0.17 to $0.24
vanes97: folds 
David Kosar: folds 
David Kosar leaves the table
mitriy78: folds 
Dorex2007: folds 
ThiagoPirayu: raises $1.09 to $1.33 and is all-in
renanrnn1997: calls $1.09
*** FLOP *** [5s Js Qd]
*** TURN *** [5s Js Qd] [7c]
*** RIVER *** [5s Js Qd 7c] [3h]
*** SHOW DOWN ***
ThiagoPirayu: shows [Kd Ks] (a pair of Kings)
renanrnn1997: shows [7h 7s] (three of a kind, Sevens)
renanrnn1997 collected $2.60 from pot
ThiagoPirayu cashed out the hand for $2.08 | Cash Out Fee $0.02
*** SUMMARY ***
Total pot $2.69 | Rake $0.09 
Board [5s Js Qd 7c 3h]
Seat 1: Dorex2007 (big blind) folded before Flop
Seat 3: ThiagoPirayu showed [Kd Ks] and lost with a pair of Kings (cashed out).
Seat 4: black.pantherx folded before Flop (didn't bet)
Seat 5: renanrnn1997 showed [7h 7s] and won ($2.60) with three of a kind, Sevens
Seat 6: vanes97 folded before Flop (didn't bet)
Seat 8: David Kosar (button) folded before Flop (didn't bet)
Seat 9: mitriy78 (small blind) folded before Flop



PokerStars Hand #231253163546:  Hold'em No Limit ($0.01/$0.02 USD) - 2021/11/08 16:31:25 PT [2021/11/08 19:31:25 ET]
Table 'Bojeva II' 9-max Seat #9 is the button
Seat 1: Dorex2007 ($2.49 in chips) 
Seat 2: SMUTJAN72 ($1.60 in chips) 
Seat 3: ThiagoPirayu ($2.08 in chips) 
Seat 4: black.pantherx ($4.21 in chips) 
Seat 5: renanrnn1997 ($3.19 in chips) 
Seat 6: vanes97 ($5.15 in chips) 
Seat 9: mitriy78 ($1.33 in chips) 
Dorex2007: posts small blind $0.01
SMUTJAN72: posts big blind $0.02
*** HOLE CARDS ***
Dealt to Dorex2007 [4s Ac]
ThiagoPirayu: calls $0.02
black.pantherx: folds 
renanrnn1997: folds 
vanes97: raises $0.06 to $0.08
mitriy78: folds 
Dorex2007: folds 
SMUTJAN72: calls $0.06
ThiagoPirayu: folds 
*** FLOP *** [2s 4d Qc]
SMUTJAN72: checks 
vanes97: bets $0.07
Pietro_green joins the table at seat #7 
SMUTJAN72: calls $0.07
*** TURN *** [2s 4d Qc] [Kc]
SMUTJAN72: checks 
vanes97: bets $0.20
SMUTJAN72: folds 
Uncalled bet ($0.20) returned to vanes97
vanes97 collected $0.32 from pot
*** SUMMARY ***
Total pot $0.33 | Rake $0.01 
Board [2s 4d Qc Kc]
Seat 1: Dorex2007 (small blind) folded before Flop
Seat 2: SMUTJAN72 (big blind) folded on the Turn
Seat 3: ThiagoPirayu folded before Flop
Seat 4: black.pantherx folded before Flop (didn't bet)
Seat 5: renanrnn1997 folded before Flop (didn't bet)
Seat 6: vanes97 collected ($0.32)
Seat 9: mitriy78 (button) folded before Flop (didn't bet)



PokerStars Hand #231253180895:  Hold'em No Limit ($0.01/$0.02 USD) - 2021/11/08 16:32:23 PT [2021/11/08 19:32:23 ET]
Table 'Bojeva II' 9-max Seat #1 is the button
Seat 1: Dorex2007 ($2.48 in chips) 
Seat 2: SMUTJAN72 ($1.45 in chips) 
Seat 3: ThiagoPirayu ($2.06 in chips) 
Seat 4: black.pantherx ($4.21 in chips) 
Seat 5: renanrnn1997 ($3.19 in chips) 
Seat 6: vanes97 ($5.32 in chips) 
Seat 7: Pietro_green ($2 in chips) 
Seat 9: mitriy78 ($1.33 in chips) 
SMUTJAN72: posts small blind $0.01
ThiagoPirayu: posts big blind $0.02
Pietro_green: posts big blind $0.02
*** HOLE CARDS ***
Dealt to Dorex2007 [3s 2d]
black.pantherx: folds 
renanrnn1997: folds 
TrzymamKolo joins the table at seat #8 
vanes97: raises $0.04 to $0.06
Pietro_green: calls $0.04
mitriy78 has timed out
mitriy78: folds 
Dorex2007: folds 
SMUTJAN72: folds 
ThiagoPirayu: folds 
*** FLOP *** [4h Jc Kh]
vanes97: checks 
Pietro_green: bets $0.04
vanes97: calls $0.04
*** TURN *** [4h Jc Kh] [8h]
vanes97: checks 
Pietro_green: bets $0.10
vanes97: folds 
Uncalled bet ($0.10) returned to Pietro_green
Pietro_green collected $0.22 from pot
Pietro_green: doesn't show hand 
*** SUMMARY ***
Total pot $0.23 | Rake $0.01 
Board [4h Jc Kh 8h]
Seat 1: Dorex2007 (button) folded before Flop (didn't bet)
Seat 2: SMUTJAN72 (small blind) folded before Flop
Seat 3: ThiagoPirayu (big blind) folded before Flop
Seat 4: black.pantherx folded before Flop (didn't bet)
Seat 5: renanrnn1997 folded before Flop (didn't bet)
Seat 6: vanes97 folded on the Turn
Seat 7: Pietro_green collected ($0.22)
Seat 9: mitriy78 folded before Flop (didn't bet)



PokerStars Hand #231253202993:  Hold'em No Limit ($0.01/$0.02 USD) - 2021/11/08 16:33:38 PT [2021/11/08 19:33:38 ET]
Table 'Bojeva II' 9-max Seat #2 is the button
Seat 1: Dorex2007 ($2.48 in chips) 
Seat 2: SMUTJAN72 ($1.44 in chips) 
Seat 3: ThiagoPirayu ($2.04 in chips) 
Seat 4: black.pantherx ($4.21 in chips) 
Seat 5: renanrnn1997 ($3.19 in chips) 
Seat 6: vanes97 ($5.22 in chips) 
Seat 7: Pietro_green ($2.12 in chips) 
Seat 9: mitriy78 ($1.33 in chips) 
ThiagoPirayu: posts small blind $0.01
black.pantherx: posts big blind $0.02
TrzymamKolo: sits out 
*** HOLE CARDS ***
Dealt to Dorex2007 [3c Kh]
renanrnn1997: folds 
vanes97: folds 
Pietro_green: folds 
mitriy78 has timed out
mitriy78: folds 
Dorex2007: folds 
SMUTJAN72: raises $0.04 to $0.06
ThiagoPirayu: folds 
black.pantherx: folds 
Uncalled bet ($0.04) returned to SMUTJAN72
SMUTJAN72 collected $0.05 from pot
*** SUMMARY ***
Total pot $0.05 | Rake $0 
Seat 1: Dorex2007 folded before Flop (didn't bet)
Seat 2: SMUTJAN72 (button) collected ($0.05)
Seat 3: ThiagoPirayu (small blind) folded before Flop
Seat 4: black.pantherx (big blind) folded before Flop
Seat 5: renanrnn1997 folded before Flop (didn't bet)
Seat 6: vanes97 folded before Flop (didn't bet)
Seat 7: Pietro_green folded before Flop (didn't bet)
Seat 9: mitriy78 folded before Flop (didn't bet)



PokerStars Hand #231253212654:  Hold'em No Limit ($0.01/$0.02 USD) - 2021/11/08 16:34:11 PT [2021/11/08 19:34:11 ET]
Table 'Bojeva II' 9-max Seat #3 is the button
Seat 1: Dorex2007 ($2.48 in chips) 
Seat 2: SMUTJAN72 ($1.47 in chips) 
Seat 3: ThiagoPirayu ($2.03 in chips) 
Seat 4: black.pantherx ($4.19 in chips) 
Seat 5: renanrnn1997 ($3.19 in chips) 
Seat 6: vanes97 ($5.22 in chips) 
Seat 7: Pietro_green ($2.12 in chips) 
black.pantherx: posts small blind $0.01
renanrnn1997: posts big blind $0.02
TrzymamKolo: sits out 
*** HOLE CARDS ***
Dealt to Dorex2007 [2c 7s]
vanes97: raises $0.03 to $0.05
Pietro_green: folds 
Dorex2007: folds 
SMUTJAN72: folds 
ThiagoPirayu: calls $0.05
black.pantherx: folds 
renanrnn1997: calls $0.03
*** FLOP *** [Kh Ks Ad]
renanrnn1997: checks 
vanes97: checks 
ThiagoPirayu: checks 
*** TURN *** [Kh Ks Ad] [Th]
renanrnn1997: bets $0.08
vanes97: calls $0.08
ThiagoPirayu: folds 
*** RIVER *** [Kh Ks Ad Th] [4d]
renanrnn1997: bets $0.16
vanes97: calls $0.16
*** SHOW DOWN ***
renanrnn1997: shows [8d Ac] (two pair, Aces and Kings)
vanes97: shows [Js Kd] (three of a kind, Kings)
vanes97 collected $0.62 from pot
*** SUMMARY ***
Total pot $0.64 | Rake $0.02 
Board [Kh Ks Ad Th 4d]
Seat 1: Dorex2007 folded before Flop (didn't bet)
Seat 2: SMUTJAN72 folded before Flop (didn't bet)
Seat 3: ThiagoPirayu (button) folded on the Turn
Seat 4: black.pantherx (small blind) folded before Flop
Seat 5: renanrnn1997 (big blind) showed [8d Ac] and lost with two pair, Aces and Kings
Seat 6: vanes97 showed [Js Kd] and won ($0.62) with three of a kind, Kings
Seat 7: Pietro_green folded before Flop (didn't bet)



PokerStars Hand #231253229530:  Hold'em No Limit ($0.01/$0.02 USD) - 2021/11/08 16:35:08 PT [2021/11/08 19:35:08 ET]
Table 'Bojeva II' 9-max Seat #4 is the button
Seat 1: Dorex2007 ($2.48 in chips) 
Seat 2: SMUTJAN72 ($1.47 in chips) 
Seat 3: ThiagoPirayu ($1.98 in chips) 
Seat 4: black.pantherx ($4.18 in chips) 
Seat 5: renanrnn1997 ($2.90 in chips) 
Seat 6: vanes97 ($5.55 in chips) 
Seat 7: Pietro_green ($2.12 in chips) 
renanrnn1997: posts small blind $0.01
vanes97: posts big blind $0.02
TrzymamKolo: sits out 
*** HOLE CARDS ***
Dealt to Dorex2007 [Js 3d]
Pietro_green has timed out
Pietro_green: folds 
Dorex2007: folds 
SMUTJAN72: folds 
ThiagoPirayu: folds 
black.pantherx: folds 
renanrnn1997: folds 
Uncalled bet ($0.01) returned to vanes97
vanes97 collected $0.02 from pot
*** SUMMARY ***
Total pot $0.02 | Rake $0 
Seat 1: Dorex2007 folded before Flop (didn't bet)
Seat 2: SMUTJAN72 folded before Flop (didn't bet)
Seat 3: ThiagoPirayu folded before Flop (didn't bet)
Seat 4: black.pantherx (button) folded before Flop (didn't bet)
Seat 5: renanrnn1997 (small blind) folded before Flop
Seat 6: vanes97 (big blind) collected ($0.02)
Seat 7: Pietro_green folded before Flop (didn't bet)



PokerStars Hand #231253237876:  Hold'em No Limit ($0.01/$0.02 USD) - 2021/11/08 16:35:37 PT [2021/11/08 19:35:37 ET]
Table 'Bojeva II' 9-max Seat #5 is the button
Seat 1: Dorex2007 ($2.48 in chips) 
Seat 2: SMUTJAN72 ($1.47 in chips) 
Seat 3: ThiagoPirayu ($1.98 in chips) 
Seat 4: black.pantherx ($4.18 in chips) 
Seat 5: renanrnn1997 ($2.89 in chips) 
Seat 6: vanes97 ($5.56 in chips) 
Seat 8: TrzymamKolo ($2 in chips) 
vanes97: posts small blind $0.01
TrzymamKolo: posts big blind $0.02
*** HOLE CARDS ***
Dealt to Dorex2007 [Qh 7h]
Dorex2007: folds 
SMUTJAN72: folds 
ThiagoPirayu: folds 
black.pantherx: folds 
renanrnn1997: folds 
vanes97: folds 
Uncalled bet ($0.01) returned to TrzymamKolo
TrzymamKolo collected $0.02 from pot
TrzymamKolo: doesn't show hand 
*** SUMMARY ***
Total pot $0.02 | Rake $0 
Seat 1: Dorex2007 folded before Flop (didn't bet)
Seat 2: SMUTJAN72 folded before Flop (didn't bet)
Seat 3: ThiagoPirayu folded before Flop (didn't bet)
Seat 4: black.pantherx folded before Flop (didn't bet)
Seat 5: renanrnn1997 (button) folded before Flop (didn't bet)
Seat 6: vanes97 (small blind) folded before Flop
Seat 8: TrzymamKolo (big blind) collected ($0.02)



PokerStars Hand #231253243032:  Hold'em No Limit ($0.01/$0.02 USD) - 2021/11/08 16:35:54 PT [2021/11/08 19:35:54 ET]
Table 'Bojeva II' 9-max Seat #6 is the button
Seat 1: Dorex2007 ($2.48 in chips) 
Seat 2: SMUTJAN72 ($1.47 in chips) 
Seat 3: ThiagoPirayu ($1.98 in chips) 
Seat 4: black.pantherx ($4.18 in chips) 
Seat 5: renanrnn1997 ($2.89 in chips) 
Seat 6: vanes97 ($5.55 in chips) 
Seat 8: TrzymamKolo ($2.01 in chips) 
TrzymamKolo: posts small blind $0.01
Dorex2007: posts big blind $0.02
*** HOLE CARDS ***
Dealt to Dorex2007 [6c Ac]
SMUTJAN72: folds 
ThiagoPirayu: raises $0.02 to $0.04
black.pantherx: folds 
renanrnn1997: folds 
vanes97: folds 
TrzymamKolo: folds 
Dorex2007: calls $0.02
*** FLOP *** [9d 3d Qc]
Dorex2007: checks 
ThiagoPirayu: bets $0.09
Dorex2007: folds 
Uncalled bet ($0.09) returned to ThiagoPirayu
ThiagoPirayu collected $0.09 from pot
ThiagoPirayu: doesn't show hand 
*** SUMMARY ***
Total pot $0.09 | Rake $0 
Board [9d 3d Qc]
Seat 1: Dorex2007 (big blind) folded on the Flop
Seat 2: SMUTJAN72 folded before Flop (didn't bet)
Seat 3: ThiagoPirayu collected ($0.09)
Seat 4: black.pantherx folded before Flop (didn't bet)
Seat 5: renanrnn1997 folded before Flop (didn't bet)
Seat 6: vanes97 (button) folded before Flop (didn't bet)
Seat 8: TrzymamKolo (small blind) folded before Flop



PokerStars Hand #231253252507:  Hold'em No Limit ($0.01/$0.02 USD) - 2021/11/08 16:36:26 PT [2021/11/08 19:36:26 ET]
Table 'Bojeva II' 9-max Seat #8 is the button
Seat 1: Dorex2007 ($2.44 in chips) 
Seat 2: SMUTJAN72 ($1.47 in chips) 
Seat 3: ThiagoPirayu ($2.03 in chips) 
Seat 4: black.pantherx ($4.18 in chips) 
Seat 5: renanrnn1997 ($2.89 in chips) 
Seat 6: vanes97 ($5.55 in chips) 
Seat 7: Pietro_green ($2.12 in chips) 
Seat 8: TrzymamKolo ($2 in chips) 
Dorex2007: posts small blind $0.01
SMUTJAN72: posts big blind $0.02
Pietro_green: posts small & big blinds $0.03
*** HOLE CARDS ***
Dealt to Dorex2007 [4d 9s]
ThiagoPirayu: folds 
black.pantherx: folds 
renanrnn1997: folds 
vanes97: folds 
vanes97 leaves the table
Pietro_green: checks 
TrzymamKolo: raises $0.08 to $0.10
Dorex2007: folds 
SMUTJAN72: calls $0.08
Pietro_green: folds 
*** FLOP *** [Kc 5d Td]
SMUTJAN72: checks 
TrzymamKolo: bets $0.16
SMUTJAN72: calls $0.16
*** TURN *** [Kc 5d Td] [7d]
SMUTJAN72: checks 
TrzymamKolo: bets $0.28
SMUTJAN72: calls $0.28
*** RIVER *** [Kc 5d Td 7d] [As]
SMUTJAN72: bets $0.26
TrzymamKolo: raises $0.80 to $1.06
SMUTJAN72: calls $0.67 and is all-in
Uncalled bet ($0.13) returned to TrzymamKolo
*** SHOW DOWN ***
TrzymamKolo: shows [Kd Ad] (a flush, Ace high)
SMUTJAN72: shows [Kh Ah] (two pair, Aces and Kings)
TrzymamKolo collected $2.88 from pot
kaiaco01 joins the table at seat #6 
*** SUMMARY ***
Total pot $2.98 | Rake $0.10 
Board [Kc 5d Td 7d As]
Seat 1: Dorex2007 (small blind) folded before Flop
Seat 2: SMUTJAN72 (big blind) showed [Kh Ah] and lost with two pair, Aces and Kings
Seat 3: ThiagoPirayu folded before Flop (didn't bet)
Seat 4: black.pantherx folded before Flop (didn't bet)
Seat 5: renanrnn1997 folded before Flop (didn't bet)
Seat 6: vanes97 folded before Flop (didn't bet)
Seat 7: Pietro_green folded before Flop (didn't bet)
Seat 8: TrzymamKolo (button) showed [Kd Ad] and won ($2.88) with a flush, Ace high



PokerStars Hand #231253290688:  Hold'em No Limit ($0.01/$0.02 USD) - 2021/11/08 16:37:54 PT [2021/11/08 19:37:54 ET]
Table 'Bojeva II' 9-max Seat #1 is the button
Seat 1: Dorex2007 ($2.43 in chips) 
Seat 3: ThiagoPirayu ($2.03 in chips) 
Seat 4: black.pantherx ($4.18 in chips) 
Seat 5: renanrnn1997 ($2.89 in chips) 
Seat 7: Pietro_green ($2.09 in chips) 
Seat 8: TrzymamKolo ($3.41 in chips) 
ThiagoPirayu: posts small blind $0.01
black.pantherx: posts big blind $0.02
kaiaco01: sits out 
*** HOLE CARDS ***
Dealt to Dorex2007 [3s Jd]
TrzymamKolo said, "lol"
renanrnn1997: folds 
Pietro_green: folds 
TrzymamKolo: raises $0.04 to $0.06
SMUTJAN72 leaves the table
Dorex2007: folds 
ThiagoPirayu: folds 
black.pantherx: calls $0.04
*** FLOP *** [Qh 5h Td]
Soberano528 joins the table at seat #2 
black.pantherx: checks 
TrzymamKolo: bets $0.07
black.pantherx: folds 
Uncalled bet ($0.07) returned to TrzymamKolo
TrzymamKolo collected $0.13 from pot
TrzymamKolo: doesn't show hand 
*** SUMMARY ***
Total pot $0.13 | Rake $0 
Board [Qh 5h Td]
Seat 1: Dorex2007 (button) folded before Flop (didn't bet)
Seat 3: ThiagoPirayu (small blind) folded before Flop
Seat 4: black.pantherx (big blind) folded on the Flop
Seat 5: renanrnn1997 folded before Flop (didn't bet)
Seat 7: Pietro_green folded before Flop (didn't bet)
Seat 8: TrzymamKolo collected ($0.13)



PokerStars Hand #231253306207:  Hold'em No Limit ($0.01/$0.02 USD) - 2021/11/08 16:38:48 PT [2021/11/08 19:38:48 ET]
Table 'Bojeva II' 9-max Seat #3 is the button
Seat 1: Dorex2007 ($2.43 in chips) 
Seat 2: Soberano528 ($1.60 in chips) 
Seat 3: ThiagoPirayu ($2.02 in chips) 
Seat 4: black.pantherx ($4.12 in chips) 
Seat 5: renanrnn1997 ($2.89 in chips) 
Seat 7: Pietro_green ($2.09 in chips) 
Seat 8: TrzymamKolo ($3.48 in chips) 
black.pantherx: posts small blind $0.01
renanrnn1997: posts big blind $0.02
kaiaco01: sits out 
Soberano528: posts big blind $0.02
*** HOLE CARDS ***
Dealt to Dorex2007 [5h 7h]
Pietro_green: folds 
TrzymamKolo: folds 
Dorex2007: folds 
Soberano528: checks 
ThiagoPirayu: raises $0.02 to $0.04
black.pantherx: folds 
renanrnn1997: calls $0.02
Soberano528: calls $0.02
*** FLOP *** [4d As Ts]
renanrnn1997: bets $0.04
Soberano528: calls $0.04
ThiagoPirayu: calls $0.04
*** TURN *** [4d As Ts] [7c]
renanrnn1997: checks 
Soberano528: bets $0.06
ThiagoPirayu: folds 
renanrnn1997: folds 
Uncalled bet ($0.06) returned to Soberano528
Soberano528 collected $0.24 from pot
Soberano528: doesn't show hand 
*** SUMMARY ***
Total pot $0.25 | Rake $0.01 
Board [4d As Ts 7c]
Seat 1: Dorex2007 folded before Flop (didn't bet)
Seat 2: Soberano528 collected ($0.24)
Seat 3: ThiagoPirayu (button) folded on the Turn
Seat 4: black.pantherx (small blind) folded before Flop
Seat 5: renanrnn1997 (big blind) folded on the Turn
Seat 7: Pietro_green folded before Flop (didn't bet)
Seat 8: TrzymamKolo folded before Flop (didn't bet)



PokerStars Hand #231253325433:  Hold'em No Limit ($0.01/$0.02 USD) - 2021/11/08 16:39:55 PT [2021/11/08 19:39:55 ET]
Table 'Bojeva II' 9-max Seat #4 is the button
Seat 1: Dorex2007 ($2.43 in chips) 
Seat 2: Soberano528 ($1.76 in chips) 
Seat 3: ThiagoPirayu ($1.94 in chips) 
Seat 4: black.pantherx ($4.11 in chips) 
Seat 5: renanrnn1997 ($2.81 in chips) 
Seat 6: kaiaco01 ($2 in chips) 
Seat 7: Pietro_green ($2.09 in chips) 
Seat 8: TrzymamKolo ($3.48 in chips) 
renanrnn1997: posts small blind $0.01
kaiaco01: posts big blind $0.02
*** HOLE CARDS ***
Dealt to Dorex2007 [3h 2c]
Pietro_green: folds 
TrzymamKolo: folds 
Dorex2007: folds 
Soberano528: folds 
ThiagoPirayu: raises $0.04 to $0.06
black.pantherx: folds 
renanrnn1997: folds 
kaiaco01: folds 
Uncalled bet ($0.04) returned to ThiagoPirayu
ThiagoPirayu collected $0.05 from pot
*** SUMMARY ***
Total pot $0.05 | Rake $0 
Seat 1: Dorex2007 folded before Flop (didn't bet)
Seat 2: Soberano528 folded before Flop (didn't bet)
Seat 3: ThiagoPirayu collected ($0.05)
Seat 4: black.pantherx (button) folded before Flop (didn't bet)
Seat 5: renanrnn1997 (small blind) folded before Flop
Seat 6: kaiaco01 (big blind) folded before Flop
Seat 7: Pietro_green folded before Flop (didn't bet)
Seat 8: TrzymamKolo folded before Flop (didn't bet)



PokerStars Hand #231253331394:  Hold'em No Limit ($0.01/$0.02 USD) - 2021/11/08 16:40:16 PT [2021/11/08 19:40:16 ET]
Table 'Bojeva II' 9-max Seat #5 is the button
Seat 1: Dorex2007 ($2.43 in chips) 
Seat 2: Soberano528 ($1.76 in chips) 
Seat 3: ThiagoPirayu ($1.97 in chips) 
Seat 4: black.pantherx ($4.11 in chips) 
Seat 5: renanrnn1997 ($2.80 in chips) 
Seat 6: kaiaco01 ($1.98 in chips) 
Seat 7: Pietro_green ($2.09 in chips) 
Seat 8: TrzymamKolo ($3.48 in chips) 
kaiaco01: posts small blind $0.01
Pietro_green: posts big blind $0.02
*** HOLE CARDS ***
Dealt to Dorex2007 [5c Jh]
TrzymamKolo: folds 
Dorex2007: folds 
Soberano528: calls $0.02
ThiagoPirayu: folds 
black.pantherx: folds 
renanrnn1997: folds 
kaiaco01: calls $0.01
Pietro_green: checks 
*** FLOP *** [8c Jd As]
kaiaco01: checks 
Pietro_green: checks 
Soberano528: checks 
*** TURN *** [8c Jd As] [Tc]
kaiaco01: checks 
Pietro_green: checks 
Soberano528: checks 
*** RIVER *** [8c Jd As Tc] [9d]
kaiaco01: checks 
Pietro_green: bets $0.06
Soberano528: calls $0.06
kaiaco01: folds 
*** SHOW DOWN ***
Pietro_green: shows [2h Qd] (a straight, Eight to Queen)
Soberano528: mucks hand 
Pietro_green collected $0.17 from pot
*** SUMMARY ***
Total pot $0.18 | Rake $0.01 
Board [8c Jd As Tc 9d]
Seat 1: Dorex2007 folded before Flop (didn't bet)
Seat 2: Soberano528 mucked [Js 3d]
Seat 3: ThiagoPirayu folded before Flop (didn't bet)
Seat 4: black.pantherx folded before Flop (didn't bet)
Seat 5: renanrnn1997 (button) folded before Flop (didn't bet)
Seat 6: kaiaco01 (small blind) folded on the River
Seat 7: Pietro_green (big blind) showed [2h Qd] and won ($0.17) with a straight, Eight to Queen
Seat 8: TrzymamKolo folded before Flop (didn't bet)



PokerStars Hand #231253350241:  Hold'em No Limit ($0.01/$0.02 USD) - 2021/11/08 16:41:23 PT [2021/11/08 19:41:23 ET]
Table 'Bojeva II' 9-max Seat #6 is the button
Seat 1: Dorex2007 ($2.43 in chips) 
Seat 2: Soberano528 ($1.68 in chips) 
Seat 3: ThiagoPirayu ($1.97 in chips) 
Seat 4: black.pantherx ($4.11 in chips) 
Seat 5: renanrnn1997 ($2.80 in chips) 
Seat 6: kaiaco01 ($1.96 in chips) 
Seat 7: Pietro_green ($2.18 in chips) 
Seat 8: TrzymamKolo ($3.48 in chips) 
Pietro_green: posts small blind $0.01
TrzymamKolo: posts big blind $0.02
*** HOLE CARDS ***
Dealt to Dorex2007 [Td Kc]
Dorex2007: folds 
Soberano528: raises $0.04 to $0.06
ThiagoPirayu: folds 
black.pantherx: folds 
renanrnn1997: folds 
kaiaco01: raises $0.15 to $0.21
Pietro_green: folds 
TrzymamKolo: folds 
Soberano528: calls $0.15
*** FLOP *** [3c 8s Ts]
Soberano528: bets $0.43
kaiaco01: raises $1.29 to $1.72
Soberano528: calls $1.04 and is all-in
Uncalled bet ($0.25) returned to kaiaco01
*** TURN *** [3c 8s Ts] [4s]
*** RIVER *** [3c 8s Ts 4s] [5d]
*** SHOW DOWN ***
Soberano528: shows [Ad Tc] (a pair of Tens)
kaiaco01: shows [As Ac] (a pair of Aces)
kaiaco01 collected $3.27 from pot
*** SUMMARY ***
Total pot $3.39 | Rake $0.12 
Board [3c 8s Ts 4s 5d]
Seat 1: Dorex2007 folded before Flop (didn't bet)
Seat 2: Soberano528 showed [Ad Tc] and lost with a pair of Tens
Seat 3: ThiagoPirayu folded before Flop (didn't bet)
Seat 4: black.pantherx folded before Flop (didn't bet)
Seat 5: renanrnn1997 folded before Flop (didn't bet)
Seat 6: kaiaco01 (button) showed [As Ac] and won ($3.27) with a pair of Aces
Seat 7: Pietro_green (small blind) folded before Flop
Seat 8: TrzymamKolo (big blind) folded before Flop



PokerStars Hand #231253365963:  Hold'em No Limit ($0.01/$0.02 USD) - 2021/11/08 16:42:18 PT [2021/11/08 19:42:18 ET]
Table 'Bojeva II' 9-max Seat #7 is the button
Seat 1: Dorex2007 ($2.43 in chips) 
Seat 3: ThiagoPirayu ($1.97 in chips) 
Seat 4: black.pantherx ($4.11 in chips) 
Seat 5: renanrnn1997 ($2.80 in chips) 
Seat 6: kaiaco01 ($3.55 in chips) 
Seat 7: Pietro_green ($2.17 in chips) 
Seat 8: TrzymamKolo ($3.46 in chips) 
TrzymamKolo: posts small blind $0.01
Dorex2007: posts big blind $0.02
*** HOLE CARDS ***
Dealt to Dorex2007 [Qs 5c]
ThiagoPirayu: folds 
black.pantherx: raises $0.05 to $0.07
Soberano528 leaves the table
renanrnn1997: folds 
kaiaco01: raises $0.17 to $0.24
Pietro_green: calls $0.24
TrzymamKolo: folds 
Dorex2007: folds 
black.pantherx: calls $0.17
*** FLOP *** [2s 8d Tc]
black.pantherx: checks 
kaiaco01: bets $0.36
Pietro_green: folds 
black.pantherx: folds 
Uncalled bet ($0.36) returned to kaiaco01
kaiaco01 collected $0.72 from pot
*** SUMMARY ***
Total pot $0.75 | Rake $0.03 
Board [2s 8d Tc]
Seat 1: Dorex2007 (big blind) folded before Flop
Seat 3: ThiagoPirayu folded before Flop (didn't bet)
Seat 4: black.pantherx folded on the Flop
Seat 5: renanrnn1997 folded before Flop (didn't bet)
Seat 6: kaiaco01 collected ($0.72)
Seat 7: Pietro_green (button) folded on the Flop
Seat 8: TrzymamKolo (small blind) folded before Flop



PokerStars Hand #231253379152:  Hold'em No Limit ($0.01/$0.02 USD) - 2021/11/08 16:43:05 PT [2021/11/08 19:43:05 ET]
Table 'Bojeva II' 9-max Seat #8 is the button
Seat 1: Dorex2007 ($2.41 in chips) 
Seat 3: ThiagoPirayu ($1.97 in chips) 
Seat 4: black.pantherx ($3.87 in chips) 
Seat 5: renanrnn1997 ($2.80 in chips) 
Seat 6: kaiaco01 ($4.03 in chips) 
Seat 7: Pietro_green ($1.93 in chips) 
Seat 8: TrzymamKolo ($3.45 in chips) 
Dorex2007: posts small blind $0.01
ThiagoPirayu: posts big blind $0.02
*** HOLE CARDS ***
Dealt to Dorex2007 [7c 3c]
black.pantherx: folds 
renanrnn1997: folds 
black.pantherx leaves the table
kaiaco01: folds 
Pietro_green: raises $0.04 to $0.06
TrzymamKolo: folds 
Dorex2007: folds 
ThiagoPirayu: folds 
Uncalled bet ($0.04) returned to Pietro_green
Pietro_green collected $0.05 from pot
Pietro_green: doesn't show hand 
*** SUMMARY ***
Total pot $0.05 | Rake $0 
Seat 1: Dorex2007 (small blind) folded before Flop
Seat 3: ThiagoPirayu (big blind) folded before Flop
Seat 4: black.pantherx folded before Flop (didn't bet)
Seat 5: renanrnn1997 folded before Flop (didn't bet)
Seat 6: kaiaco01 folded before Flop (didn't bet)
Seat 7: Pietro_green collected ($0.05)
Seat 8: TrzymamKolo (button) folded before Flop (didn't bet)



PokerStars Hand #231253384087:  Hold'em No Limit ($0.01/$0.02 USD) - 2021/11/08 16:43:23 PT [2021/11/08 19:43:23 ET]
Table 'Bojeva II' 9-max Seat #1 is the button
Seat 1: Dorex2007 ($2.40 in chips) 
Seat 3: ThiagoPirayu ($1.95 in chips) 
Seat 5: renanrnn1997 ($2.80 in chips) 
Seat 6: kaiaco01 ($4.03 in chips) 
Seat 7: Pietro_green ($1.96 in chips) 
Seat 8: TrzymamKolo ($3.45 in chips) 
ThiagoPirayu: posts small blind $0.01
renanrnn1997: posts big blind $0.02
mitriy78: sits out 
*** HOLE CARDS ***
Dealt to Dorex2007 [9d 3c]
kaiaco01: folds 
Pietro_green: folds 
TrzymamKolo: folds 
Dorex2007: folds 
KzTempus joins the table at seat #2 
ThiagoPirayu: raises $0.02 to $0.04
renanrnn1997: calls $0.02
*** FLOP *** [Kd Th Td]
ThiagoPirayu: checks 
renanrnn1997: checks 
*** TURN *** [Kd Th Td] [8h]
ThiagoPirayu: checks 
renanrnn1997: bets $0.03
ThiagoPirayu: folds 
Uncalled bet ($0.03) returned to renanrnn1997
renanrnn1997 collected $0.08 from pot
renanrnn1997: doesn't show hand 
*** SUMMARY ***
Total pot $0.08 | Rake $0 
Board [Kd Th Td 8h]
Seat 1: Dorex2007 (button) folded before Flop (didn't bet)
Seat 3: ThiagoPirayu (small blind) folded on the Turn
Seat 5: renanrnn1997 (big blind) collected ($0.08)
Seat 6: kaiaco01 folded before Flop (didn't bet)
Seat 7: Pietro_green folded before Flop (didn't bet)
Seat 8: TrzymamKolo folded before Flop (didn't bet)



PokerStars Hand #231253402391:  Hold'em No Limit ($0.01/$0.02 USD) - 2021/11/08 16:44:28 PT [2021/11/08 19:44:28 ET]
Table 'Bojeva II' 9-max Seat #3 is the button
Seat 1: Dorex2007 ($2.40 in chips) 
Seat 2: KzTempus ($2 in chips) 
Seat 3: ThiagoPirayu ($1.91 in chips) 
Seat 5: renanrnn1997 ($2.84 in chips) 
Seat 6: kaiaco01 ($4.03 in chips) 
Seat 7: Pietro_green ($1.96 in chips) 
Seat 8: TrzymamKolo ($3.45 in chips) 
renanrnn1997: posts small blind $0.01
kaiaco01: posts big blind $0.02
mitriy78: sits out 
KzTempus: posts big blind $0.02
*** HOLE CARDS ***
Dealt to Dorex2007 [Qd Tc]
Pietro_green: folds 
TrzymamKolo: folds 
Dorex2007: calls $0.02
KzTempus: checks 
din33280 joins the table at seat #4 
ThiagoPirayu: raises $0.02 to $0.04
renanrnn1997: calls $0.03
kaiaco01: folds 
Dorex2007: calls $0.02
KzTempus: calls $0.02
*** FLOP *** [3c Th Jc]
renanrnn1997: checks 
Dorex2007: checks 
TrzymamKolo leaves the table
KzTempus: checks 
ThiagoPirayu: bets $0.04
renanrnn1997: calls $0.04
Dorex2007: calls $0.04
KzTempus: folds 
*** TURN *** [3c Th Jc] [9c]
renanrnn1997: checks 
Dorex2007: bets $0.15
ThiagoPirayu: folds 
ThiagoPirayu leaves the table
renanrnn1997: folds 
Uncalled bet ($0.15) returned to Dorex2007
Dorex2007 collected $0.29 from pot
Dorex2007: doesn't show hand 
*** SUMMARY ***
Total pot $0.30 | Rake $0.01 
Board [3c Th Jc 9c]
Seat 1: Dorex2007 collected ($0.29)
Seat 2: KzTempus folded on the Flop
Seat 3: ThiagoPirayu (button) folded on the Turn
Seat 5: renanrnn1997 (small blind) folded on the Turn
Seat 6: kaiaco01 (big blind) folded before Flop
Seat 7: Pietro_green folded before Flop (didn't bet)
Seat 8: TrzymamKolo folded before Flop (didn't bet)



PokerStars Hand #231253428562:  Hold'em No Limit ($0.01/$0.02 USD) - 2021/11/08 16:46:02 PT [2021/11/08 19:46:02 ET]
Table 'Bojeva II' 9-max Seat #5 is the button
Seat 1: Dorex2007 ($2.61 in chips) 
Seat 2: KzTempus ($1.96 in chips) 
Seat 5: renanrnn1997 ($2.76 in chips) 
Seat 6: kaiaco01 ($4.01 in chips) 
Seat 7: Pietro_green ($1.96 in chips) 
kaiaco01: posts small blind $0.01
Pietro_green: posts big blind $0.02
mitriy78: sits out 
din33280: sits out 
*** HOLE CARDS ***
Dealt to Dorex2007 [Js Ad]
Dorex2007: calls $0.02
KzTempus: folds 
renanrnn1997: folds 
kaiaco01: folds 
Pietro_green: checks 
*** FLOP *** [3c Td 6h]
Pietro_green: bets $0.02
Dorex2007: calls $0.02
*** TURN *** [3c Td 6h] [Ts]
Pietro_green: bets $0.02
Dorex2007: folds 
Uncalled bet ($0.02) returned to Pietro_green
Pietro_green collected $0.09 from pot
Pietro_green: doesn't show hand 
*** SUMMARY ***
Total pot $0.09 | Rake $0 
Board [3c Td 6h Ts]
Seat 1: Dorex2007 folded on the Turn
Seat 2: KzTempus folded before Flop (didn't bet)
Seat 5: renanrnn1997 (button) folded before Flop (didn't bet)
Seat 6: kaiaco01 (small blind) folded before Flop
Seat 7: Pietro_green (big blind) collected ($0.09)



PokerStars Hand #231253437899:  Hold'em No Limit ($0.01/$0.02 USD) - 2021/11/08 16:46:36 PT [2021/11/08 19:46:36 ET]
Table 'Bojeva II' 9-max Seat #6 is the button
Seat 1: Dorex2007 ($2.57 in chips) 
Seat 2: KzTempus ($1.96 in chips) 
Seat 4: din33280 ($0.80 in chips) 
Seat 5: renanrnn1997 ($2.76 in chips) 
Seat 6: kaiaco01 ($4 in chips) 
Seat 7: Pietro_green ($2.01 in chips) 
Pietro_green: posts small blind $0.01
Dorex2007: posts big blind $0.02
din33280: posts big blind $0.02
*** HOLE CARDS ***
Dealt to Dorex2007 [Qh 6d]
mitriy78 leaves the table
KzTempus: calls $0.02
din33280: checks 
renanrnn1997: folds 
kaiaco01: folds 
Pietro_green: calls $0.01
Dorex2007: checks 
*** FLOP *** [9h 6s Qd]
Pietro_green: checks 
Dorex2007: checks 
KzTempus: checks 
din33280: bets $0.04
renanrnn1997 leaves the table
Pietro_green: calls $0.04
Dorex2007: calls $0.04
KzTempus: folds 
*** TURN *** [9h 6s Qd] [7s]
Pietro_green: checks 
Dorex2007: bets $0.10
din33280: calls $0.10
Pietro_green: calls $0.10
*** RIVER *** [9h 6s Qd 7s] [5c]
Pietro_green: checks 
Dorex2007: checks 
din33280: checks 
*** SHOW DOWN ***
Pietro_green: shows [8h 7d] (a straight, Five to Nine)
Dorex2007: mucks hand 
din33280: mucks hand 
Pietro_green collected $0.48 from pot
*** SUMMARY ***
Total pot $0.50 | Rake $0.02 
Board [9h 6s Qd 7s 5c]
Seat 1: Dorex2007 (big blind) mucked [Qh 6d]
Seat 2: KzTempus folded on the Flop
Seat 4: din33280 mucked [9s Kh]
Seat 5: renanrnn1997 folded before Flop (didn't bet)
Seat 6: kaiaco01 (button) folded before Flop (didn't bet)
Seat 7: Pietro_green (small blind) showed [8h 7d] and won ($0.48) with a straight, Five to Nine



PokerStars Hand #231253459588:  Hold'em No Limit ($0.01/$0.02 USD) - 2021/11/08 16:47:54 PT [2021/11/08 19:47:54 ET]
Table 'Bojeva II' 9-max Seat #7 is the button
Seat 1: Dorex2007 ($2.41 in chips) 
Seat 2: KzTempus ($1.94 in chips) 
Seat 4: din33280 ($0.64 in chips) 
Seat 6: kaiaco01 ($4 in chips) 
Seat 7: Pietro_green ($2.33 in chips) 
Dorex2007: posts small blind $0.01
KzTempus: posts big blind $0.02
*** HOLE CARDS ***
Dealt to Dorex2007 [Qc 6c]
din33280: raises $0.02 to $0.04
kaiaco01: calls $0.04
Pietro_green: folds 
Pietro_green leaves the table
Dorex2007: folds 
KzTempus: folds 
*** FLOP *** [Jc 6d Tc]
din33280: checks 
kaiaco01: bets $0.04
DECEBA177 joins the table at seat #9 
din33280: folds 
Uncalled bet ($0.04) returned to kaiaco01
kaiaco01 collected $0.11 from pot
kaiaco01: doesn't show hand 
*** SUMMARY ***
Total pot $0.11 | Rake $0 
Board [Jc 6d Tc]
Seat 1: Dorex2007 (small blind) folded before Flop
Seat 2: KzTempus (big blind) folded before Flop
Seat 4: din33280 folded on the Flop
Seat 6: kaiaco01 collected ($0.11)
Seat 7: Pietro_green (button) folded before Flop (didn't bet)



PokerStars Hand #231253471549:  Hold'em No Limit ($0.01/$0.02 USD) - 2021/11/08 16:48:38 PT [2021/11/08 19:48:38 ET]
Table 'Bojeva II' 9-max Seat #1 is the button
Seat 1: Dorex2007 ($2.40 in chips) 
Seat 2: KzTempus ($1.92 in chips) 
Seat 4: din33280 ($0.60 in chips) 
Seat 6: kaiaco01 ($4.07 in chips) 
KzTempus: posts small blind $0.01
din33280: posts big blind $0.02
DECEBA177: sits out 
*** HOLE CARDS ***
Dealt to Dorex2007 [3d 4s]
kaiaco01: folds 
Dorex2007: folds 
KzTempus: folds 
Uncalled bet ($0.01) returned to din33280
din33280 collected $0.02 from pot
*** SUMMARY ***
Total pot $0.02 | Rake $0 
Seat 1: Dorex2007 (button) folded before Flop (didn't bet)
Seat 2: KzTempus (small blind) folded before Flop
Seat 4: din33280 (big blind) collected ($0.02)
Seat 6: kaiaco01 folded before Flop (didn't bet)



