PokerStars Hand #225055618092:  Hold'em No Limit ($0.01/$0.02 USD) - 2021/03/21 14:38:53 PT [2021/03/21 17:38:53 ET]
Table 'Beljawskya IV' 9-max Seat #9 is the button
Seat 1: DenyLi ($2.77 in chips) 
Seat 2: Vivi@na <3 ($1.01 in chips) 
Seat 3: AlexJaPe ($1.80 in chips) 
Seat 4: Boomerang973 ($2.18 in chips) 
Seat 5: mr_expert1 ($3.98 in chips) 
Seat 6: Dorex2007 ($1.50 in chips) 
Seat 7: nagaElf ($2.71 in chips) 
Seat 8: yankin ($0.35 in chips) 
Seat 9: mangacha11 ($1.10 in chips) 
DenyLi: posts small blind $0.01
Vivi@na <3: posts big blind $0.02
Dorex2007: posts big blind $0.02
*** HOLE CARDS ***
Dealt to Dorex2007 [3s Ac]
AlexJaPe: folds 
Boomerang973: folds 
mr_expert1: folds 
Dorex2007: checks 
nagaElf: folds 
yankin: folds 
mangacha11: folds 
DenyLi: folds 
Vivi@na <3: checks 
*** FLOP *** [8h 7h Qd]
Vivi@na <3: bets $0.05
Dorex2007: folds 
Uncalled bet ($0.05) returned to Vivi@na <3
Vivi@na <3 collected $0.05 from pot
Vivi@na <3: doesn't show hand 
*** SUMMARY ***
Total pot $0.05 | Rake $0 
Board [8h 7h Qd]
Seat 1: DenyLi (small blind) folded before Flop
Seat 2: Vivi@na <3 (big blind) collected ($0.05)
Seat 3: AlexJaPe folded before Flop (didn't bet)
Seat 4: Boomerang973 folded before Flop (didn't bet)
Seat 5: mr_expert1 folded before Flop (didn't bet)
Seat 6: Dorex2007 folded on the Flop (didn't bet)
Seat 7: nagaElf folded before Flop (didn't bet)
Seat 8: yankin folded before Flop (didn't bet)
Seat 9: mangacha11 (button) folded before Flop (didn't bet)



PokerStars Hand #225055646562:  Hold'em No Limit ($0.01/$0.02 USD) - 2021/03/21 14:39:31 PT [2021/03/21 17:39:31 ET]
Table 'Beljawskya IV' 9-max Seat #1 is the button
Seat 1: DenyLi ($2.76 in chips) 
Seat 2: Vivi@na <3 ($1.04 in chips) 
Seat 3: AlexJaPe ($1.80 in chips) 
Seat 4: Boomerang973 ($2.18 in chips) 
Seat 5: mr_expert1 ($3.98 in chips) 
Seat 6: Dorex2007 ($1.48 in chips) 
Seat 7: nagaElf ($2.71 in chips) 
Seat 8: yankin ($0.35 in chips) 
Seat 9: mangacha11 ($1.10 in chips) 
Vivi@na <3: posts small blind $0.01
AlexJaPe: posts big blind $0.02
*** HOLE CARDS ***
Dealt to Dorex2007 [6d Qc]
Boomerang973: calls $0.02
mr_expert1: folds 
Dorex2007: folds 
nagaElf: folds 
yankin: folds 
mangacha11: raises $0.02 to $0.04
DenyLi: calls $0.04
Vivi@na <3: raises $0.02 to $0.06
AlexJaPe: folds 
Boomerang973: calls $0.04
mangacha11: calls $0.02
DenyLi: calls $0.02
*** FLOP *** [4d Td Qh]
Vivi@na <3: bets $0.12
Boomerang973: calls $0.12
mangacha11: calls $0.12
DenyLi: calls $0.12
*** TURN *** [4d Td Qh] [3d]
Vivi@na <3: checks 
Boomerang973: bets $0.10
mangacha11: raises $0.82 to $0.92 and is all-in
DenyLi: folds 
Vivi@na <3: folds 
Boomerang973: calls $0.82
*** RIVER *** [4d Td Qh 3d] [2c]
*** SHOW DOWN ***
Boomerang973: shows [Qd Ks] (a pair of Queens)
mangacha11: shows [As Jd] (high card Ace)
Boomerang973 collected $2.49 from pot
*** SUMMARY ***
Total pot $2.58 | Rake $0.09 
Board [4d Td Qh 3d 2c]
Seat 1: DenyLi (button) folded on the Turn
Seat 2: Vivi@na <3 (small blind) folded on the Turn
Seat 3: AlexJaPe (big blind) folded before Flop
Seat 4: Boomerang973 showed [Qd Ks] and won ($2.49) with a pair of Queens
Seat 5: mr_expert1 folded before Flop (didn't bet)
Seat 6: Dorex2007 folded before Flop (didn't bet)
Seat 7: nagaElf folded before Flop (didn't bet)
Seat 8: yankin folded before Flop (didn't bet)
Seat 9: mangacha11 showed [As Jd] and lost with high card Ace



PokerStars Hand #225055706832:  Hold'em No Limit ($0.01/$0.02 USD) - 2021/03/21 14:40:52 PT [2021/03/21 17:40:52 ET]
Table 'Beljawskya IV' 9-max Seat #2 is the button
Seat 1: DenyLi ($2.58 in chips) 
Seat 2: Vivi@na <3 ($0.86 in chips) 
Seat 3: AlexJaPe ($1.78 in chips) 
Seat 4: Boomerang973 ($3.57 in chips) 
Seat 5: mr_expert1 ($3.98 in chips) 
Seat 6: Dorex2007 ($1.48 in chips) 
Seat 7: nagaElf ($2.71 in chips) 
Seat 8: yankin ($0.35 in chips) 
AlexJaPe: posts small blind $0.01
Boomerang973: posts big blind $0.02
*** HOLE CARDS ***
Dealt to Dorex2007 [4c Jc]
mangacha11 leaves the table
mr_expert1: folds 
Dorex2007: folds 
nagaElf: folds 
yankin: folds 
DenyLi: raises $0.04 to $0.06
TraderGepardik joins the table at seat #9 
Vivi@na <3: raises $0.04 to $0.10
AlexJaPe: folds 
Boomerang973: folds 
DenyLi: folds 
Uncalled bet ($0.04) returned to Vivi@na <3
Vivi@na <3 collected $0.15 from pot
Vivi@na <3: doesn't show hand 
*** SUMMARY ***
Total pot $0.15 | Rake $0 
Seat 1: DenyLi folded before Flop
Seat 2: Vivi@na <3 (button) collected ($0.15)
Seat 3: AlexJaPe (small blind) folded before Flop
Seat 4: Boomerang973 (big blind) folded before Flop
Seat 5: mr_expert1 folded before Flop (didn't bet)
Seat 6: Dorex2007 folded before Flop (didn't bet)
Seat 7: nagaElf folded before Flop (didn't bet)
Seat 8: yankin folded before Flop (didn't bet)



PokerStars Hand #225055736782:  Hold'em No Limit ($0.01/$0.02 USD) - 2021/03/21 14:41:32 PT [2021/03/21 17:41:32 ET]
Table 'Beljawskya IV' 9-max Seat #3 is the button
Seat 1: DenyLi ($2.52 in chips) 
Seat 2: Vivi@na <3 ($0.95 in chips) 
Seat 3: AlexJaPe ($1.77 in chips) 
Seat 4: Boomerang973 ($3.55 in chips) 
Seat 5: mr_expert1 ($3.98 in chips) 
Seat 6: Dorex2007 ($1.48 in chips) 
Seat 7: nagaElf ($2.71 in chips) 
Seat 8: yankin ($0.35 in chips) 
Boomerang973: posts small blind $0.01
mr_expert1: posts big blind $0.02
TraderGepardik: sits out 
*** HOLE CARDS ***
Dealt to Dorex2007 [7h Jh]
Dorex2007: folds 
nagaElf: raises $0.04 to $0.06
yankin: folds 
DenyLi: folds 
Vivi@na <3: raises $0.04 to $0.10
AlexJaPe: folds 
Boomerang973: folds 
mr_expert1: calls $0.08
nagaElf: raises $2.61 to $2.71 and is all-in
Vivi@na <3: folds 
mr_expert1: folds 
Uncalled bet ($2.61) returned to nagaElf
nagaElf collected $0.31 from pot
nagaElf: doesn't show hand 
*** SUMMARY ***
Total pot $0.31 | Rake $0 
Seat 1: DenyLi folded before Flop (didn't bet)
Seat 2: Vivi@na <3 folded before Flop
Seat 3: AlexJaPe (button) folded before Flop (didn't bet)
Seat 4: Boomerang973 (small blind) folded before Flop
Seat 5: mr_expert1 (big blind) folded before Flop
Seat 6: Dorex2007 folded before Flop (didn't bet)
Seat 7: nagaElf collected ($0.31)
Seat 8: yankin folded before Flop (didn't bet)



PokerStars Hand #225055762293:  Hold'em No Limit ($0.01/$0.02 USD) - 2021/03/21 14:42:06 PT [2021/03/21 17:42:06 ET]
Table 'Beljawskya IV' 9-max Seat #4 is the button
Seat 1: DenyLi ($2.52 in chips) 
Seat 2: Vivi@na <3 ($0.85 in chips) 
Seat 3: AlexJaPe ($1.77 in chips) 
Seat 4: Boomerang973 ($3.54 in chips) 
Seat 5: mr_expert1 ($3.88 in chips) 
Seat 6: Dorex2007 ($1.48 in chips) 
Seat 7: nagaElf ($2.92 in chips) 
Seat 8: yankin ($0.35 in chips) 
mr_expert1: posts small blind $0.01
Dorex2007: posts big blind $0.02
TraderGepardik: sits out 
*** HOLE CARDS ***
Dealt to Dorex2007 [7c Ad]
nagaElf: raises $0.02 to $0.04
yankin: folds 
DenyLi: folds 
Vivi@na <3: raises $0.02 to $0.06
AlexJaPe: folds 
Boomerang973: calls $0.06
mr_expert1: folds 
Dorex2007: folds 
nagaElf: calls $0.02
*** FLOP *** [8s 9s 9d]
nagaElf: checks 
Vivi@na <3: bets $0.20
Boomerang973: calls $0.20
nagaElf: folds 
*** TURN *** [8s 9s 9d] [Kh]
Vivi@na <3: bets $0.59 and is all-in
Boomerang973: folds 
Uncalled bet ($0.59) returned to Vivi@na <3
Vivi@na <3 collected $0.59 from pot
Vivi@na <3: doesn't show hand 
*** SUMMARY ***
Total pot $0.61 | Rake $0.02 
Board [8s 9s 9d Kh]
Seat 1: DenyLi folded before Flop (didn't bet)
Seat 2: Vivi@na <3 collected ($0.59)
Seat 3: AlexJaPe folded before Flop (didn't bet)
Seat 4: Boomerang973 (button) folded on the Turn
Seat 5: mr_expert1 (small blind) folded before Flop
Seat 6: Dorex2007 (big blind) folded before Flop
Seat 7: nagaElf folded on the Flop
Seat 8: yankin folded before Flop (didn't bet)



PokerStars Hand #225055795626:  Hold'em No Limit ($0.01/$0.02 USD) - 2021/03/21 14:42:51 PT [2021/03/21 17:42:51 ET]
Table 'Beljawskya IV' 9-max Seat #5 is the button
Seat 1: DenyLi ($2.52 in chips) 
Seat 2: Vivi@na <3 ($1.18 in chips) 
Seat 3: AlexJaPe ($1.77 in chips) 
Seat 4: Boomerang973 ($3.28 in chips) 
Seat 5: mr_expert1 ($3.87 in chips) 
Seat 6: Dorex2007 ($1.46 in chips) 
Seat 7: nagaElf ($2.86 in chips) 
Seat 8: yankin ($0.35 in chips) 
Dorex2007: posts small blind $0.01
nagaElf: posts big blind $0.02
TraderGepardik: sits out 
*** HOLE CARDS ***
Dealt to Dorex2007 [Qd Kd]
yankin: calls $0.02
DenyLi: folds 
Vivi@na <3: calls $0.02
AlexJaPe has timed out
AlexJaPe: folds 
Boomerang973: calls $0.02
mr_expert1: calls $0.02
Dorex2007: raises $0.08 to $0.10
nagaElf: folds 
yankin: folds 
Vivi@na <3: folds 
Boomerang973: calls $0.08
mr_expert1: folds 
*** FLOP *** [4s Ad 4c]
Dorex2007: bets $0.10
Boomerang973: raises $3.08 to $3.18 and is all-in
Dorex2007: folds 
Uncalled bet ($3.08) returned to Boomerang973
Boomerang973 collected $0.46 from pot
Boomerang973: doesn't show hand 
*** SUMMARY ***
Total pot $0.48 | Rake $0.02 
Board [4s Ad 4c]
Seat 1: DenyLi folded before Flop (didn't bet)
Seat 2: Vivi@na <3 folded before Flop
Seat 3: AlexJaPe folded before Flop (didn't bet)
Seat 4: Boomerang973 collected ($0.46)
Seat 5: mr_expert1 (button) folded before Flop
Seat 6: Dorex2007 (small blind) folded on the Flop
Seat 7: nagaElf (big blind) folded before Flop
Seat 8: yankin folded before Flop



PokerStars Hand #225055848771:  Hold'em No Limit ($0.01/$0.02 USD) - 2021/03/21 14:43:55 PT [2021/03/21 17:43:55 ET]
Table 'Beljawskya IV' 9-max Seat #6 is the button
Seat 1: DenyLi ($2.52 in chips) 
Seat 2: Vivi@na <3 ($1.16 in chips) 
Seat 3: AlexJaPe ($1.77 in chips) 
Seat 4: Boomerang973 ($3.54 in chips) 
Seat 5: mr_expert1 ($3.85 in chips) 
Seat 6: Dorex2007 ($1.26 in chips) 
Seat 7: nagaElf ($2.84 in chips) 
Seat 8: yankin ($0.33 in chips) 
nagaElf: posts small blind $0.01
yankin: posts big blind $0.02
TraderGepardik: sits out 
*** HOLE CARDS ***
Dealt to Dorex2007 [9d 6s]
DenyLi: folds 
Vivi@na <3: raises $0.04 to $0.06
AlexJaPe: folds 
Boomerang973: calls $0.06
mr_expert1: folds 
Dorex2007: folds 
nagaElf: folds 
yankin: calls $0.04
*** FLOP *** [5c Qc 5h]
yankin: checks 
Vivi@na <3: bets $0.18
Boomerang973: raises $3.30 to $3.48 and is all-in
yankin: folds 
Vivi@na <3: calls $0.92 and is all-in
Uncalled bet ($2.38) returned to Boomerang973
*** TURN *** [5c Qc 5h] [3h]
*** RIVER *** [5c Qc 5h 3h] [8c]
*** SHOW DOWN ***
Vivi@na <3: shows [Kc Jc] (a flush, King high)
Boomerang973: shows [Ks Kh] (two pair, Kings and Fives)
Vivi@na <3 collected $2.31 from pot
*** SUMMARY ***
Total pot $2.39 | Rake $0.08 
Board [5c Qc 5h 3h 8c]
Seat 1: DenyLi folded before Flop (didn't bet)
Seat 2: Vivi@na <3 showed [Kc Jc] and won ($2.31) with a flush, King high
Seat 3: AlexJaPe folded before Flop (didn't bet)
Seat 4: Boomerang973 showed [Ks Kh] and lost with two pair, Kings and Fives
Seat 5: mr_expert1 folded before Flop (didn't bet)
Seat 6: Dorex2007 (button) folded before Flop (didn't bet)
Seat 7: nagaElf (small blind) folded before Flop
Seat 8: yankin (big blind) folded on the Flop



PokerStars Hand #225056128260:  Hold'em No Limit ($0.01/$0.02 USD) - 2021/03/21 14:50:09 PT [2021/03/21 17:50:09 ET]
Table 'Beljawskya IV' 9-max Seat #4 is the button
Seat 1: DenyLi ($2.49 in chips) 
Seat 2: Vivi@na <3 ($1.81 in chips) 
Seat 3: AlexJaPe ($2.63 in chips) 
Seat 4: Boomerang973 ($2.09 in chips) 
Seat 5: mr_expert1 ($3.92 in chips) 
Seat 6: Dorex2007 ($1.26 in chips) 
Seat 7: nagaElf ($2.83 in chips) 
Seat 8: yankin ($0.17 in chips) 
Seat 9: TraderGepardik ($0.69 in chips) 
mr_expert1: posts small blind $0.01
Dorex2007: posts big blind $0.02
*** HOLE CARDS ***
Dealt to Dorex2007 [Ah 6d]
nagaElf: folds 
yankin: folds 
TraderGepardik: raises $0.03 to $0.05
DenyLi: folds 
Vivi@na <3: calls $0.05
AlexJaPe: folds 
Boomerang973: folds 
mr_expert1: folds 
Dorex2007: folds 
*** FLOP *** [Kc Qs 8h]
TraderGepardik: bets $0.06
Vivi@na <3: raises $0.13 to $0.19
TraderGepardik: calls $0.13
*** TURN *** [Kc Qs 8h] [6h]
TraderGepardik: bets $0.18
Vivi@na <3: calls $0.18
*** RIVER *** [Kc Qs 8h 6h] [As]
TraderGepardik: bets $0.27 and is all-in
Vivi@na <3: folds 
Uncalled bet ($0.27) returned to TraderGepardik
TraderGepardik collected $0.84 from pot
*** SUMMARY ***
Total pot $0.87 | Rake $0.03 
Board [Kc Qs 8h 6h As]
Seat 1: DenyLi folded before Flop (didn't bet)
Seat 2: Vivi@na <3 folded on the River
Seat 3: AlexJaPe folded before Flop (didn't bet)
Seat 4: Boomerang973 (button) folded before Flop (didn't bet)
Seat 5: mr_expert1 (small blind) folded before Flop
Seat 6: Dorex2007 (big blind) folded before Flop
Seat 7: nagaElf folded before Flop (didn't bet)
Seat 8: yankin folded before Flop (didn't bet)
Seat 9: TraderGepardik collected ($0.84)



PokerStars Hand #225056173781:  Hold'em No Limit ($0.01/$0.02 USD) - 2021/03/21 14:51:13 PT [2021/03/21 17:51:13 ET]
Table 'Beljawskya IV' 9-max Seat #5 is the button
Seat 1: DenyLi ($2.49 in chips) 
Seat 2: Vivi@na <3 ($1.39 in chips) 
Seat 3: AlexJaPe ($2.63 in chips) 
Seat 4: Boomerang973 ($2.09 in chips) 
Seat 5: mr_expert1 ($3.91 in chips) 
Seat 6: Dorex2007 ($1.24 in chips) 
Seat 7: nagaElf ($2.83 in chips) 
Seat 8: yankin ($0.17 in chips) 
Seat 9: TraderGepardik ($1.11 in chips) 
Dorex2007: posts small blind $0.01
nagaElf: posts big blind $0.02
*** HOLE CARDS ***
Dealt to Dorex2007 [Kh 4s]
yankin: raises $0.02 to $0.04
TraderGepardik: folds 
DenyLi: folds 
Vivi@na <3: raises $0.02 to $0.06
AlexJaPe: folds 
Boomerang973: folds 
mr_expert1: folds 
Dorex2007: folds 
nagaElf: calls $0.04
yankin: raises $0.11 to $0.17 and is all-in
Vivi@na <3: folds 
nagaElf: calls $0.11
*** FLOP *** [Ad 2d Td]
*** TURN *** [Ad 2d Td] [5c]
*** RIVER *** [Ad 2d Td 5c] [3s]
*** SHOW DOWN ***
nagaElf: shows [Qc Jc] (high card Ace)
yankin: shows [7h 7s] (a pair of Sevens)
yankin collected $0.40 from pot
nagaElf cashed out the hand for $0.21
*** SUMMARY ***
Total pot $0.41 | Rake $0.01 
Board [Ad 2d Td 5c 3s]
Seat 1: DenyLi folded before Flop (didn't bet)
Seat 2: Vivi@na <3 folded before Flop
Seat 3: AlexJaPe folded before Flop (didn't bet)
Seat 4: Boomerang973 folded before Flop (didn't bet)
Seat 5: mr_expert1 (button) folded before Flop (didn't bet)
Seat 6: Dorex2007 (small blind) folded before Flop
Seat 7: nagaElf (big blind) showed [Qc Jc] and lost with high card Ace (cashed out).
Seat 8: yankin showed [7h 7s] and won ($0.40) with a pair of Sevens
Seat 9: TraderGepardik folded before Flop (didn't bet)



PokerStars Hand #225056202434:  Hold'em No Limit ($0.01/$0.02 USD) - 2021/03/21 14:51:54 PT [2021/03/21 17:51:54 ET]
Table 'Beljawskya IV' 9-max Seat #6 is the button
Seat 1: DenyLi ($2.49 in chips) 
Seat 2: Vivi@na <3 ($1.33 in chips) 
Seat 3: AlexJaPe ($2.63 in chips) 
Seat 4: Boomerang973 ($2.09 in chips) 
Seat 5: mr_expert1 ($3.91 in chips) 
Seat 6: Dorex2007 ($1.23 in chips) 
Seat 7: nagaElf ($2.87 in chips) 
Seat 8: yankin ($0.40 in chips) 
Seat 9: TraderGepardik ($1.11 in chips) 
nagaElf: posts small blind $0.01
yankin: posts big blind $0.02
*** HOLE CARDS ***
Dealt to Dorex2007 [4c 4h]
TraderGepardik: folds 
DenyLi: folds 
Vivi@na <3: raises $0.05 to $0.07
AlexJaPe: folds 
Boomerang973: folds 
mr_expert1: calls $0.07
Dorex2007: folds 
nagaElf: folds 
yankin: calls $0.05
*** FLOP *** [6s Kc 8h]
yankin: checks 
Vivi@na <3: bets $0.21
mr_expert1: folds 
yankin: folds 
Uncalled bet ($0.21) returned to Vivi@na <3
Vivi@na <3 collected $0.21 from pot
Vivi@na <3: doesn't show hand 
*** SUMMARY ***
Total pot $0.22 | Rake $0.01 
Board [6s Kc 8h]
Seat 1: DenyLi folded before Flop (didn't bet)
Seat 2: Vivi@na <3 collected ($0.21)
Seat 3: AlexJaPe folded before Flop (didn't bet)
Seat 4: Boomerang973 folded before Flop (didn't bet)
Seat 5: mr_expert1 folded on the Flop
Seat 6: Dorex2007 (button) folded before Flop (didn't bet)
Seat 7: nagaElf (small blind) folded before Flop
Seat 8: yankin (big blind) folded on the Flop
Seat 9: TraderGepardik folded before Flop (didn't bet)



PokerStars Hand #225056228363:  Hold'em No Limit ($0.01/$0.02 USD) - 2021/03/21 14:52:30 PT [2021/03/21 17:52:30 ET]
Table 'Beljawskya IV' 9-max Seat #7 is the button
Seat 1: DenyLi ($2.49 in chips) 
Seat 2: Vivi@na <3 ($1.47 in chips) 
Seat 3: AlexJaPe ($2.63 in chips) 
Seat 4: Boomerang973 ($2.09 in chips) 
Seat 5: mr_expert1 ($3.84 in chips) 
Seat 6: Dorex2007 ($1.23 in chips) 
Seat 7: nagaElf ($2.86 in chips) 
Seat 8: yankin ($0.33 in chips) 
Seat 9: TraderGepardik ($1.11 in chips) 
yankin: posts small blind $0.01
TraderGepardik: posts big blind $0.02
*** HOLE CARDS ***
Dealt to Dorex2007 [4c 3d]
DenyLi: folds 
Vivi@na <3: raises $0.04 to $0.06
AlexJaPe: calls $0.06
Boomerang973: calls $0.06
mr_expert1: folds 
Dorex2007 has timed out
Dorex2007: folds 
nagaElf: folds 
yankin: calls $0.05
TraderGepardik: folds 
*** FLOP *** [7h 8h 8c]
yankin: checks 
Vivi@na <3: checks 
AlexJaPe: checks 
Boomerang973: checks 
*** TURN *** [7h 8h 8c] [Th]
yankin: checks 
Vivi@na <3: bets $0.25
AlexJaPe: folds 
Boomerang973: calls $0.25
yankin: folds 
*** RIVER *** [7h 8h 8c Th] [Jd]
Vivi@na <3: bets $1.16 and is all-in
Boomerang973: calls $1.16
*** SHOW DOWN ***
Vivi@na <3: shows [5h 4s] (a pair of Eights)
Boomerang973: shows [7d 8d] (a full house, Eights full of Sevens)
Boomerang973 collected $2.97 from pot
*** SUMMARY ***
Total pot $3.08 | Rake $0.11 
Board [7h 8h 8c Th Jd]
Seat 1: DenyLi folded before Flop (didn't bet)
Seat 2: Vivi@na <3 showed [5h 4s] and lost with a pair of Eights
Seat 3: AlexJaPe folded on the Turn
Seat 4: Boomerang973 showed [7d 8d] and won ($2.97) with a full house, Eights full of Sevens
Seat 5: mr_expert1 folded before Flop (didn't bet)
Seat 6: Dorex2007 folded before Flop (didn't bet)
Seat 7: nagaElf (button) folded before Flop (didn't bet)
Seat 8: yankin (small blind) folded on the Turn
Seat 9: TraderGepardik (big blind) folded before Flop



PokerStars Hand #225056280093:  Hold'em No Limit ($0.01/$0.02 USD) - 2021/03/21 14:53:43 PT [2021/03/21 17:53:43 ET]
Table 'Beljawskya IV' 9-max Seat #8 is the button
Seat 1: DenyLi ($2.49 in chips) 
Seat 3: AlexJaPe ($2.57 in chips) 
Seat 4: Boomerang973 ($3.59 in chips) 
Seat 5: mr_expert1 ($3.84 in chips) 
Seat 6: Dorex2007 ($1.23 in chips) 
Seat 7: nagaElf ($2.86 in chips) 
Seat 8: yankin ($0.27 in chips) 
Seat 9: TraderGepardik ($1.09 in chips) 
TraderGepardik: posts small blind $0.01
DenyLi: posts big blind $0.02
*** HOLE CARDS ***
Dealt to Dorex2007 [9s Jd]
AlexJaPe: folds 
Vivi@na <3 leaves the table
Boomerang973: folds 
mr_expert1: folds 
Dorex2007 has timed out
Dorex2007: folds 
nagaElf: folds 
yankin: folds 
TraderGepardik: raises $0.04 to $0.06
DenyLi: folds 
Uncalled bet ($0.04) returned to TraderGepardik
TraderGepardik collected $0.04 from pot
TraderGepardik: doesn't show hand 
*** SUMMARY ***
Total pot $0.04 | Rake $0 
Seat 1: DenyLi (big blind) folded before Flop
Seat 3: AlexJaPe folded before Flop (didn't bet)
Seat 4: Boomerang973 folded before Flop (didn't bet)
Seat 5: mr_expert1 folded before Flop (didn't bet)
Seat 6: Dorex2007 folded before Flop (didn't bet)
Seat 7: nagaElf folded before Flop (didn't bet)
Seat 8: yankin (button) folded before Flop (didn't bet)
Seat 9: TraderGepardik (small blind) collected ($0.04)



PokerStars Hand #225056305211:  Hold'em No Limit ($0.01/$0.02 USD) - 2021/03/21 14:54:19 PT [2021/03/21 17:54:19 ET]
Table 'Beljawskya IV' 9-max Seat #9 is the button
Seat 1: DenyLi ($2.47 in chips) 
Seat 3: AlexJaPe ($2.57 in chips) 
Seat 4: Boomerang973 ($3.59 in chips) 
Seat 5: mr_expert1 ($3.84 in chips) 
Seat 6: Dorex2007 ($1.23 in chips) 
Seat 7: nagaElf ($2.86 in chips) 
Seat 8: yankin ($0.27 in chips) 
Seat 9: TraderGepardik ($1.11 in chips) 
DenyLi: posts small blind $0.01
AlexJaPe: posts big blind $0.02
*** HOLE CARDS ***
Dealt to Dorex2007 [Kh 6h]
Boomerang973: calls $0.02
mr_expert1: calls $0.02
Dorex2007: folds 
nagaElf: folds 
yankin: raises $0.04 to $0.06
TraderGepardik: folds 
DenyLi: folds 
AlexJaPe: folds 
Boomerang973: calls $0.04
mr_expert1: calls $0.04
*** FLOP *** [5s Tc 5c]
Boomerang973: checks 
mr_expert1: checks 
yankin: checks 
*** TURN *** [5s Tc 5c] [9s]
Boomerang973: checks 
mr_expert1: checks 
yankin: checks 
*** RIVER *** [5s Tc 5c 9s] [Kc]
Boomerang973: checks 
mr_expert1: bets $0.10
yankin: folds 
Boomerang973: folds 
Uncalled bet ($0.10) returned to mr_expert1
mr_expert1 collected $0.20 from pot
*** SUMMARY ***
Total pot $0.21 | Rake $0.01 
Board [5s Tc 5c 9s Kc]
Seat 1: DenyLi (small blind) folded before Flop
Seat 3: AlexJaPe (big blind) folded before Flop
Seat 4: Boomerang973 folded on the River
Seat 5: mr_expert1 collected ($0.20)
Seat 6: Dorex2007 folded before Flop (didn't bet)
Seat 7: nagaElf folded before Flop (didn't bet)
Seat 8: yankin folded on the River
Seat 9: TraderGepardik (button) folded before Flop (didn't bet)



PokerStars Hand #225056347053:  Hold'em No Limit ($0.01/$0.02 USD) - 2021/03/21 14:55:23 PT [2021/03/21 17:55:23 ET]
Table 'Beljawskya IV' 9-max Seat #1 is the button
Seat 1: DenyLi ($2.46 in chips) 
Seat 3: AlexJaPe ($2.55 in chips) 
Seat 4: Boomerang973 ($3.53 in chips) 
Seat 5: mr_expert1 ($3.98 in chips) 
Seat 6: Dorex2007 ($1.23 in chips) 
Seat 7: nagaElf ($2.86 in chips) 
Seat 8: yankin ($0.21 in chips) 
Seat 9: TraderGepardik ($1.11 in chips) 
AlexJaPe: posts small blind $0.01
Boomerang973: posts big blind $0.02
*** HOLE CARDS ***
Dealt to Dorex2007 [2h 3c]
Chris Meyer77 joins the table at seat #2 
mr_expert1: folds 
Dorex2007: folds 
nagaElf: folds 
yankin: calls $0.02
TraderGepardik: folds 
DenyLi: folds 
AlexJaPe: folds 
Boomerang973: checks 
*** FLOP *** [As Th Kh]
Boomerang973: bets $0.02
yankin: raises $0.09 to $0.11
Boomerang973: folds 
Uncalled bet ($0.09) returned to yankin
yankin collected $0.09 from pot
*** SUMMARY ***
Total pot $0.09 | Rake $0 
Board [As Th Kh]
Seat 1: DenyLi (button) folded before Flop (didn't bet)
Seat 3: AlexJaPe (small blind) folded before Flop
Seat 4: Boomerang973 (big blind) folded on the Flop
Seat 5: mr_expert1 folded before Flop (didn't bet)
Seat 6: Dorex2007 folded before Flop (didn't bet)
Seat 7: nagaElf folded before Flop (didn't bet)
Seat 8: yankin collected ($0.09)
Seat 9: TraderGepardik folded before Flop (didn't bet)



PokerStars Hand #225056362582:  Hold'em No Limit ($0.01/$0.02 USD) - 2021/03/21 14:55:59 PT [2021/03/21 17:55:59 ET]
Table 'Beljawskya IV' 9-max Seat #3 is the button
Seat 1: DenyLi ($2.46 in chips) 
Seat 2: Chris Meyer77 ($1.60 in chips) 
Seat 3: AlexJaPe ($2.54 in chips) 
Seat 4: Boomerang973 ($3.49 in chips) 
Seat 5: mr_expert1 ($3.98 in chips) 
Seat 6: Dorex2007 ($1.23 in chips) 
Seat 7: nagaElf ($2.86 in chips) 
Seat 8: yankin ($0.26 in chips) 
Seat 9: TraderGepardik ($1.11 in chips) 
Boomerang973: posts small blind $0.01
mr_expert1: posts big blind $0.02
Chris Meyer77: posts big blind $0.02
*** HOLE CARDS ***
Dealt to Dorex2007 [7s Th]
Dorex2007 has timed out
Dorex2007: folds 
nagaElf: folds 
yankin: folds 
TraderGepardik: folds 
DenyLi: raises $0.04 to $0.06
Chris Meyer77: calls $0.04
AlexJaPe: folds 
Boomerang973: calls $0.05
mr_expert1: calls $0.04
*** FLOP *** [8s 3d Ah]
Boomerang973: checks 
mr_expert1: bets $0.12
DenyLi: folds 
Chris Meyer77: folds 
Boomerang973: folds 
Uncalled bet ($0.12) returned to mr_expert1
mr_expert1 collected $0.23 from pot
*** SUMMARY ***
Total pot $0.24 | Rake $0.01 
Board [8s 3d Ah]
Seat 1: DenyLi folded on the Flop
Seat 2: Chris Meyer77 folded on the Flop
Seat 3: AlexJaPe (button) folded before Flop (didn't bet)
Seat 4: Boomerang973 (small blind) folded on the Flop
Seat 5: mr_expert1 (big blind) collected ($0.23)
Seat 6: Dorex2007 folded before Flop (didn't bet)
Seat 7: nagaElf folded before Flop (didn't bet)
Seat 8: yankin folded before Flop (didn't bet)
Seat 9: TraderGepardik folded before Flop (didn't bet)



PokerStars Hand #225056384322:  Hold'em No Limit ($0.01/$0.02 USD) - 2021/03/21 14:56:48 PT [2021/03/21 17:56:48 ET]
Table 'Beljawskya IV' 9-max Seat #4 is the button
Seat 1: DenyLi ($2.40 in chips) 
Seat 2: Chris Meyer77 ($1.54 in chips) 
Seat 3: AlexJaPe ($2.54 in chips) 
Seat 4: Boomerang973 ($3.43 in chips) 
Seat 5: mr_expert1 ($4.15 in chips) 
Seat 6: Dorex2007 ($1.23 in chips) 
Seat 7: nagaElf ($2.86 in chips) 
Seat 8: yankin ($0.26 in chips) 
Seat 9: TraderGepardik ($1.11 in chips) 
mr_expert1: posts small blind $0.01
Dorex2007: posts big blind $0.02
*** HOLE CARDS ***
Dealt to Dorex2007 [3h 3d]
nagaElf: folds 
yankin: calls $0.02
TraderGepardik: calls $0.02
DenyLi: calls $0.02
Chris Meyer77: folds 
AlexJaPe: calls $0.02
Boomerang973: folds 
mr_expert1: folds 
Dorex2007: checks 
*** FLOP *** [Ts Kc Qd]
Dorex2007: checks 
yankin: bets $0.11
TraderGepardik: folds 
DenyLi: raises $0.17 to $0.28
AlexJaPe: folds 
Dorex2007: folds 
yankin: calls $0.13 and is all-in
Uncalled bet ($0.04) returned to DenyLi
*** TURN *** [Ts Kc Qd] [3c]
*** RIVER *** [Ts Kc Qd 3c] [4c]
*** SHOW DOWN ***
yankin: shows [Qs 8c] (a pair of Queens)
DenyLi: shows [Jh Ad] (a straight, Ten to Ace)
DenyLi collected $0.57 from pot
yankin cashed out the hand for $0.02
*** SUMMARY ***
Total pot $0.59 | Rake $0.02 
Board [Ts Kc Qd 3c 4c]
Seat 1: DenyLi showed [Jh Ad] and won ($0.57) with a straight, Ten to Ace
Seat 2: Chris Meyer77 folded before Flop (didn't bet)
Seat 3: AlexJaPe folded on the Flop
Seat 4: Boomerang973 (button) folded before Flop (didn't bet)
Seat 5: mr_expert1 (small blind) folded before Flop
Seat 6: Dorex2007 (big blind) folded on the Flop
Seat 7: nagaElf folded before Flop (didn't bet)
Seat 8: yankin showed [Qs 8c] and lost with a pair of Queens (cashed out).
Seat 9: TraderGepardik folded on the Flop



PokerStars Hand #225056422509:  Hold'em No Limit ($0.01/$0.02 USD) - 2021/03/21 14:58:15 PT [2021/03/21 17:58:15 ET]
Table 'Beljawskya IV' 9-max Seat #5 is the button
Seat 1: DenyLi ($2.71 in chips) 
Seat 2: Chris Meyer77 ($1.54 in chips) 
Seat 3: AlexJaPe ($2.52 in chips) 
Seat 4: Boomerang973 ($3.43 in chips) 
Seat 5: mr_expert1 ($4.14 in chips) 
Seat 6: Dorex2007 ($1.21 in chips) 
Seat 7: nagaElf ($2.86 in chips) 
Seat 8: yankin ($0.02 in chips) 
Seat 9: TraderGepardik ($1.09 in chips) 
Dorex2007: posts small blind $0.01
nagaElf: posts big blind $0.02
*** HOLE CARDS ***
Dealt to Dorex2007 [9s 3h]
yankin: calls $0.02 and is all-in
TraderGepardik: folds 
DenyLi: folds 
Chris Meyer77: folds 
AlexJaPe: folds 
Boomerang973: calls $0.02
mr_expert1: folds 
Dorex2007: folds 
nagaElf: checks 
*** FLOP *** [5c 4d Ac]
nagaElf: checks 
Boomerang973: bets $0.04
nagaElf: folds 
Uncalled bet ($0.04) returned to Boomerang973
*** TURN *** [5c 4d Ac] [Td]
*** RIVER *** [5c 4d Ac Td] [6s]
*** SHOW DOWN ***
yankin: shows [8c Jd] (high card Ace)
Boomerang973: shows [7c 4c] (a pair of Fours)
Boomerang973 collected $0.07 from pot
yankin cashed out the hand for $0.02
*** SUMMARY ***
Total pot $0.07 | Rake $0 
Board [5c 4d Ac Td 6s]
Seat 1: DenyLi folded before Flop (didn't bet)
Seat 2: Chris Meyer77 folded before Flop (didn't bet)
Seat 3: AlexJaPe folded before Flop (didn't bet)
Seat 4: Boomerang973 showed [7c 4c] and won ($0.07) with a pair of Fours
Seat 5: mr_expert1 (button) folded before Flop (didn't bet)
Seat 6: Dorex2007 (small blind) folded before Flop
Seat 7: nagaElf (big blind) folded on the Flop
Seat 8: yankin showed [8c Jd] and lost with high card Ace (cashed out).
Seat 9: TraderGepardik folded before Flop (didn't bet)



PokerStars Hand #225056437172:  Hold'em No Limit ($0.01/$0.02 USD) - 2021/03/21 14:58:48 PT [2021/03/21 17:58:48 ET]
Table 'Beljawskya IV' 9-max Seat #6 is the button
Seat 1: DenyLi ($2.71 in chips) 
Seat 2: Chris Meyer77 ($1.54 in chips) 
Seat 3: AlexJaPe ($2.52 in chips) 
Seat 4: Boomerang973 ($3.48 in chips) 
Seat 5: mr_expert1 ($4.14 in chips) 
Seat 6: Dorex2007 ($1.20 in chips) 
Seat 7: nagaElf ($2.84 in chips) 
Seat 8: yankin ($0.02 in chips) 
Seat 9: TraderGepardik ($1.09 in chips) 
nagaElf: posts small blind $0.01
yankin: posts big blind $0.02 and is all-in
*** HOLE CARDS ***
Dealt to Dorex2007 [6d 6c]
TraderGepardik: folds 
DenyLi: folds 
Chris Meyer77 has timed out
Chris Meyer77: folds 
AlexJaPe: folds 
Boomerang973: folds 
Boomerang973 leaves the table
mr_expert1: folds 
Dorex2007: calls $0.02
nagaElf: calls $0.01
*** FLOP *** [Ts 7c Jc]
nagaElf: bets $0.06
Dorex2007: folds 
Uncalled bet ($0.06) returned to nagaElf
*** TURN *** [Ts 7c Jc] [4c]
*** RIVER *** [Ts 7c Jc 4c] [8h]
*** SHOW DOWN ***
nagaElf: shows [8d Th] (two pair, Tens and Eights)
yankin: shows [6h 5s] (a straight, Four to Eight)
yankin collected $0.06 from pot
nagaElf cashed out the hand for $0.06
*** SUMMARY ***
Total pot $0.06 | Rake $0 
Board [Ts 7c Jc 4c 8h]
Seat 1: DenyLi folded before Flop (didn't bet)
Seat 2: Chris Meyer77 folded before Flop (didn't bet)
Seat 3: AlexJaPe folded before Flop (didn't bet)
Seat 4: Boomerang973 folded before Flop (didn't bet)
Seat 5: mr_expert1 folded before Flop (didn't bet)
Seat 6: Dorex2007 (button) folded on the Flop
Seat 7: nagaElf (small blind) showed [8d Th] and lost with two pair, Tens and Eights (cashed out).
Seat 8: yankin (big blind) showed [6h 5s] and won ($0.06) with a straight, Four to Eight
Seat 9: TraderGepardik folded before Flop (didn't bet)



PokerStars Hand #225056457371:  Hold'em No Limit ($0.01/$0.02 USD) - 2021/03/21 14:59:34 PT [2021/03/21 17:59:34 ET]
Table 'Beljawskya IV' 9-max Seat #7 is the button
Seat 1: DenyLi ($2.71 in chips) 
Seat 3: AlexJaPe ($2.52 in chips) 
Seat 5: mr_expert1 ($4.14 in chips) 
Seat 6: Dorex2007 ($1.18 in chips) 
Seat 7: nagaElf ($2.88 in chips) 
Seat 8: yankin ($0.06 in chips) 
Seat 9: TraderGepardik ($1.09 in chips) 
yankin: posts small blind $0.01
TraderGepardik: posts big blind $0.02
*** HOLE CARDS ***
Dealt to Dorex2007 [6d 3d]
DenyLi: folds 
AlexJaPe: raises $0.04 to $0.06
mr_expert1: raises $0.04 to $0.10
Dorex2007 has timed out
Dorex2007: folds 
nagaElf: folds 
yankin: folds 
TraderGepardik: folds 
AlexJaPe: calls $0.04
*** FLOP *** [Td 4h 7c]
AlexJaPe: checks 
mr_expert1: bets $0.11
AlexJaPe: calls $0.11
*** TURN *** [Td 4h 7c] [6h]
AlexJaPe: checks 
mr_expert1: checks 
*** RIVER *** [Td 4h 7c 6h] [8c]
AlexJaPe: checks 
mr_expert1: checks 
*** SHOW DOWN ***
AlexJaPe: shows [Js As] (high card Ace)
mr_expert1: shows [Qd Ad] (high card Ace - Queen kicker)
mr_expert1 collected $0.43 from pot
*** SUMMARY ***
Total pot $0.45 | Rake $0.02 
Board [Td 4h 7c 6h 8c]
Seat 1: DenyLi folded before Flop (didn't bet)
Seat 3: AlexJaPe showed [Js As] and lost with high card Ace
Seat 5: mr_expert1 showed [Qd Ad] and won ($0.43) with high card Ace
Seat 6: Dorex2007 folded before Flop (didn't bet)
Seat 7: nagaElf (button) folded before Flop (didn't bet)
Seat 8: yankin (small blind) folded before Flop
Seat 9: TraderGepardik (big blind) folded before Flop



PokerStars Hand #225056489281:  Hold'em No Limit ($0.01/$0.02 USD) - 2021/03/21 15:00:38 PT [2021/03/21 18:00:38 ET]
Table 'Beljawskya IV' 9-max Seat #8 is the button
Seat 1: DenyLi ($2.71 in chips) 
Seat 2: Chris Meyer77 ($1.54 in chips) 
Seat 3: AlexJaPe ($2.31 in chips) 
Seat 5: mr_expert1 ($4.36 in chips) 
Seat 6: Dorex2007 ($1.18 in chips) 
Seat 7: nagaElf ($2.88 in chips) 
Seat 8: yankin ($0.05 in chips) 
Seat 9: TraderGepardik ($1.07 in chips) 
TraderGepardik: posts small blind $0.01
DenyLi: posts big blind $0.02
*** HOLE CARDS ***
Dealt to Dorex2007 [8c Th]
Chris Meyer77: folds 
AlexJaPe: folds 
mr_expert1: folds 
AlexJaPe leaves the table
Dorex2007: folds 
nagaElf: raises $0.04 to $0.06
yankin: folds 
TraderGepardik: calls $0.05
DenyLi: calls $0.04
*** FLOP *** [9s Ac Qc]
TraderGepardik: checks 
DenyLi: checks 
nagaElf: bets $0.08
TraderGepardik: calls $0.08
DenyLi: folds 
*** TURN *** [9s Ac Qc] [3h]
TraderGepardik: checks 
nagaElf: bets $0.08
TraderGepardik: calls $0.08
*** RIVER *** [9s Ac Qc 3h] [9c]
TraderGepardik: checks 
nagaElf: checks 
*** SHOW DOWN ***
TraderGepardik: shows [Ah 5h] (two pair, Aces and Nines)
nagaElf: mucks hand 
TraderGepardik collected $0.48 from pot
*** SUMMARY ***
Total pot $0.50 | Rake $0.02 
Board [9s Ac Qc 3h 9c]
Seat 1: DenyLi (big blind) folded on the Flop
Seat 2: Chris Meyer77 folded before Flop (didn't bet)
Seat 3: AlexJaPe folded before Flop (didn't bet)
Seat 5: mr_expert1 folded before Flop (didn't bet)
Seat 6: Dorex2007 folded before Flop (didn't bet)
Seat 7: nagaElf mucked [Kc Qh]
Seat 8: yankin (button) folded before Flop (didn't bet)
Seat 9: TraderGepardik (small blind) showed [Ah 5h] and won ($0.48) with two pair, Aces and Nines



PokerStars Hand #225056518908:  Hold'em No Limit ($0.01/$0.02 USD) - 2021/03/21 15:01:34 PT [2021/03/21 18:01:34 ET]
Table 'Beljawskya IV' 9-max Seat #9 is the button
Seat 1: DenyLi ($2.65 in chips) 
Seat 2: Chris Meyer77 ($1.54 in chips) 
Seat 5: mr_expert1 ($4.36 in chips) 
Seat 6: Dorex2007 ($1.18 in chips) 
Seat 7: nagaElf ($2.66 in chips) 
Seat 8: yankin ($0.05 in chips) 
Seat 9: TraderGepardik ($1.33 in chips) 
DenyLi: posts small blind $0.01
Chris Meyer77: posts big blind $0.02
*** HOLE CARDS ***
Dealt to Dorex2007 [8c 8h]
avalon_11111 joins the table at seat #3 
mr_expert1: folds 
Dorex2007: calls $0.02
nagaElf: raises $0.02 to $0.04
yankin: calls $0.04
TraderGepardik: folds 
DenyLi: folds 
Chris Meyer77: folds 
adlabam joins the table at seat #4 
Dorex2007: calls $0.02
*** FLOP *** [4h 3c 6s]
Dorex2007: checks 
nagaElf: checks 
yankin: bets $0.01 and is all-in
Dorex2007: raises $0.03 to $0.04
nagaElf: folds 
Uncalled bet ($0.03) returned to Dorex2007
*** TURN *** [4h 3c 6s] [Qd]
*** RIVER *** [4h 3c 6s Qd] [Ah]
*** SHOW DOWN ***
Dorex2007: shows [8c 8h] (a pair of Eights)
yankin: shows [7h Qh] (a pair of Queens)
yankin cashed out the hand for $0.04
*** SUMMARY ***
Total pot $0.17 | Rake $0.01 
Board [4h 3c 6s Qd Ah]
Seat 1: DenyLi (small blind) folded before Flop
Seat 2: Chris Meyer77 (big blind) folded before Flop
Seat 5: mr_expert1 folded before Flop (didn't bet)
Seat 6: Dorex2007 showed [8c 8h] and lost with a pair of Eights
Seat 7: nagaElf folded on the Flop
Seat 8: yankin showed [7h Qh] and won ($0.16) with a pair of Queens (pot not awarded as player cashed out)
Seat 9: TraderGepardik (button) folded before Flop (didn't bet)



PokerStars Hand #225056551135:  Hold'em No Limit ($0.01/$0.02 USD) - 2021/03/21 15:02:27 PT [2021/03/21 18:02:27 ET]
Table 'Beljawskya IV' 9-max Seat #1 is the button
Seat 1: DenyLi ($2.64 in chips) 
Seat 2: Chris Meyer77 ($1.52 in chips) 
Seat 3: avalon_11111 ($2 in chips) 
Seat 5: mr_expert1 ($4.36 in chips) 
Seat 6: Dorex2007 ($1.13 in chips) 
Seat 7: nagaElf ($2.62 in chips) 
Seat 8: yankin ($0.04 in chips) 
Seat 9: TraderGepardik ($1.33 in chips) 
Chris Meyer77: posts small blind $0.01
avalon_11111: posts big blind $0.02
adlabam: sits out 
*** HOLE CARDS ***
Dealt to Dorex2007 [8d Ad]
mr_expert1: folds 
Dorex2007 has timed out
Dorex2007: folds 
nagaElf: folds 
yankin: folds 
TraderGepardik: folds 
DenyLi: folds 
Chris Meyer77: folds 
Uncalled bet ($0.01) returned to avalon_11111
avalon_11111 collected $0.02 from pot
avalon_11111: doesn't show hand 
*** SUMMARY ***
Total pot $0.02 | Rake $0 
Seat 1: DenyLi (button) folded before Flop (didn't bet)
Seat 2: Chris Meyer77 (small blind) folded before Flop
Seat 3: avalon_11111 (big blind) collected ($0.02)
Seat 5: mr_expert1 folded before Flop (didn't bet)
Seat 6: Dorex2007 folded before Flop (didn't bet)
Seat 7: nagaElf folded before Flop (didn't bet)
Seat 8: yankin folded before Flop (didn't bet)
Seat 9: TraderGepardik folded before Flop (didn't bet)



PokerStars Hand #225056590392:  Hold'em No Limit ($0.01/$0.02 USD) - 2021/03/21 15:03:27 PT [2021/03/21 18:03:27 ET]
Table 'Beljawskya IV' 9-max Seat #3 is the button
Seat 1: DenyLi ($2.64 in chips) 
Seat 2: Chris Meyer77 ($1.51 in chips) 
Seat 3: avalon_11111 ($2.03 in chips) 
Seat 4: adlabam ($1.98 in chips) 
Seat 5: mr_expert1 ($4.36 in chips) 
Seat 6: Dorex2007 ($1.13 in chips) 
Seat 7: nagaElf ($2.62 in chips) 
Seat 8: yankin ($0.04 in chips) 
Seat 9: TraderGepardik ($1.33 in chips) 
adlabam: posts small blind $0.01
mr_expert1: posts big blind $0.02
*** HOLE CARDS ***
Dealt to Dorex2007 [6c 3d]
Dorex2007: folds 
nagaElf: folds 
yankin: folds 
TraderGepardik: folds 
DenyLi: folds 
Chris Meyer77: raises $0.05 to $0.07
avalon_11111: calls $0.07
adlabam: folds 
mr_expert1: calls $0.05
*** FLOP *** [6s 2d 5s]
mr_expert1: checks 
Chris Meyer77: bets $0.21
avalon_11111: calls $0.21
mr_expert1: folds 
*** TURN *** [6s 2d 5s] [5c]
Chris Meyer77: bets $0.31
avalon_11111: calls $0.31
*** RIVER *** [6s 2d 5s 5c] [Js]
Chris Meyer77: bets $0.92 and is all-in
avalon_11111: folds 
Uncalled bet ($0.92) returned to Chris Meyer77
Chris Meyer77 collected $1.22 from pot
Chris Meyer77: doesn't show hand 
*** SUMMARY ***
Total pot $1.26 | Rake $0.04 
Board [6s 2d 5s 5c Js]
Seat 1: DenyLi folded before Flop (didn't bet)
Seat 2: Chris Meyer77 collected ($1.22)
Seat 3: avalon_11111 (button) folded on the River
Seat 4: adlabam (small blind) folded before Flop
Seat 5: mr_expert1 (big blind) folded on the Flop
Seat 6: Dorex2007 folded before Flop (didn't bet)
Seat 7: nagaElf folded before Flop (didn't bet)
Seat 8: yankin folded before Flop (didn't bet)
Seat 9: TraderGepardik folded before Flop (didn't bet)



PokerStars Hand #225056643311:  Hold'em No Limit ($0.01/$0.02 USD) - 2021/03/21 15:04:31 PT [2021/03/21 18:04:31 ET]
Table 'Beljawskya IV' 9-max Seat #4 is the button
Seat 1: DenyLi ($2.64 in chips) 
Seat 2: Chris Meyer77 ($2.14 in chips) 
Seat 3: avalon_11111 ($1.44 in chips) 
Seat 4: adlabam ($1.97 in chips) 
Seat 5: mr_expert1 ($4.29 in chips) 
Seat 6: Dorex2007 ($1.13 in chips) 
Seat 7: nagaElf ($2.62 in chips) 
Seat 8: yankin ($0.04 in chips) 
Seat 9: TraderGepardik ($1.33 in chips) 
mr_expert1: posts small blind $0.01
Dorex2007: posts big blind $0.02
*** HOLE CARDS ***
Dealt to Dorex2007 [4h Kh]
nagaElf: folds 
yankin: raises $0.02 to $0.04 and is all-in
TraderGepardik: calls $0.04
DenyLi: folds 
Chris Meyer77: folds 
avalon_11111: folds 
adlabam: folds 
mr_expert1: folds 
Dorex2007: folds 
*** FLOP *** [9c Qh 8d]
*** TURN *** [9c Qh 8d] [Td]
*** RIVER *** [9c Qh 8d Td] [Ac]
*** SHOW DOWN ***
yankin: shows [Qd Jc] (a straight, Eight to Queen)
TraderGepardik: shows [Ad 2d] (a pair of Aces)
yankin cashed out the hand for $0.05
*** SUMMARY ***
Total pot $0.11 | Rake $0 
Board [9c Qh 8d Td Ac]
Seat 1: DenyLi folded before Flop (didn't bet)
Seat 2: Chris Meyer77 folded before Flop (didn't bet)
Seat 3: avalon_11111 folded before Flop (didn't bet)
Seat 4: adlabam (button) folded before Flop (didn't bet)
Seat 5: mr_expert1 (small blind) folded before Flop
Seat 6: Dorex2007 (big blind) folded before Flop
Seat 7: nagaElf folded before Flop (didn't bet)
Seat 8: yankin showed [Qd Jc] and won ($0.11) with a straight, Eight to Queen (pot not awarded as player cashed out)
Seat 9: TraderGepardik showed [Ad 2d] and lost with a pair of Aces



PokerStars Hand #225056675345:  Hold'em No Limit ($0.01/$0.02 USD) - 2021/03/21 15:05:07 PT [2021/03/21 18:05:07 ET]
Table 'Beljawskya IV' 9-max Seat #5 is the button
Seat 1: DenyLi ($2.64 in chips) 
Seat 2: Chris Meyer77 ($2.14 in chips) 
Seat 3: avalon_11111 ($1.44 in chips) 
Seat 4: adlabam ($1.97 in chips) 
Seat 5: mr_expert1 ($4.28 in chips) 
Seat 6: Dorex2007 ($1.11 in chips) 
Seat 7: nagaElf ($2.62 in chips) 
Seat 8: yankin ($0.05 in chips) 
Seat 9: TraderGepardik ($1.29 in chips) 
Dorex2007: posts small blind $0.01
nagaElf: posts big blind $0.02
*** HOLE CARDS ***
Dealt to Dorex2007 [Ts 7d]
yankin: folds 
TraderGepardik: folds 
DenyLi: folds 
Chris Meyer77: raises $0.04 to $0.06
avalon_11111: calls $0.06
adlabam: calls $0.06
mr_expert1: folds 
Dorex2007: folds 
nagaElf: folds 
*** FLOP *** [Js 3s Kh]
Chris Meyer77: checks 
avalon_11111: checks 
adlabam: checks 
*** TURN *** [Js 3s Kh] [Qh]
Chris Meyer77: checks 
avalon_11111: checks 
adlabam: checks 
*** RIVER *** [Js 3s Kh Qh] [5c]
Chris Meyer77: bets $0.10
avalon_11111: folds 
adlabam: folds 
Uncalled bet ($0.10) returned to Chris Meyer77
Chris Meyer77 collected $0.20 from pot
Chris Meyer77: doesn't show hand 
*** SUMMARY ***
Total pot $0.21 | Rake $0.01 
Board [Js 3s Kh Qh 5c]
Seat 1: DenyLi folded before Flop (didn't bet)
Seat 2: Chris Meyer77 collected ($0.20)
Seat 3: avalon_11111 folded on the River
Seat 4: adlabam folded on the River
Seat 5: mr_expert1 (button) folded before Flop (didn't bet)
Seat 6: Dorex2007 (small blind) folded before Flop
Seat 7: nagaElf (big blind) folded before Flop
Seat 8: yankin folded before Flop (didn't bet)
Seat 9: TraderGepardik folded before Flop (didn't bet)



PokerStars Hand #225056719387:  Hold'em No Limit ($0.01/$0.02 USD) - 2021/03/21 15:06:11 PT [2021/03/21 18:06:11 ET]
Table 'Beljawskya IV' 9-max Seat #6 is the button
Seat 1: DenyLi ($2.64 in chips) 
Seat 2: Chris Meyer77 ($2.28 in chips) 
Seat 3: avalon_11111 ($1.38 in chips) 
Seat 4: adlabam ($1.91 in chips) 
Seat 5: mr_expert1 ($4.28 in chips) 
Seat 6: Dorex2007 ($1.10 in chips) 
Seat 7: nagaElf ($2.60 in chips) 
Seat 8: yankin ($0.05 in chips) 
Seat 9: TraderGepardik ($1.29 in chips) 
nagaElf: posts small blind $0.01
yankin: posts big blind $0.02
*** HOLE CARDS ***
Dealt to Dorex2007 [3c 4d]
TraderGepardik has timed out
TraderGepardik: folds 
DenyLi: folds 
Chris Meyer77: calls $0.02
avalon_11111: calls $0.02
adlabam: folds 
mr_expert1: folds 
Dorex2007: folds 
nagaElf: calls $0.01
yankin: checks 
*** FLOP *** [Ad 2s Qh]
nagaElf: checks 
yankin: checks 
Chris Meyer77: bets $0.04
avalon_11111: calls $0.04
nagaElf: folds 
yankin: folds 
*** TURN *** [Ad 2s Qh] [Th]
Chris Meyer77: bets $0.15
avalon_11111: calls $0.15
*** RIVER *** [Ad 2s Qh Th] [Td]
Chris Meyer77: bets $2.07 and is all-in
avalon_11111: calls $1.17 and is all-in
Uncalled bet ($0.90) returned to Chris Meyer77
*** SHOW DOWN ***
Chris Meyer77: shows [2d 2c] (a full house, Deuces full of Tens)
avalon_11111: shows [Ks Qs] (two pair, Queens and Tens)
Chris Meyer77 collected $2.70 from pot
*** SUMMARY ***
Total pot $2.80 | Rake $0.10 
Board [Ad 2s Qh Th Td]
Seat 1: DenyLi folded before Flop (didn't bet)
Seat 2: Chris Meyer77 showed [2d 2c] and won ($2.70) with a full house, Deuces full of Tens
Seat 3: avalon_11111 showed [Ks Qs] and lost with two pair, Queens and Tens
Seat 4: adlabam folded before Flop (didn't bet)
Seat 5: mr_expert1 folded before Flop (didn't bet)
Seat 6: Dorex2007 (button) folded before Flop (didn't bet)
Seat 7: nagaElf (small blind) folded on the Flop
Seat 8: yankin (big blind) folded on the Flop
Seat 9: TraderGepardik folded before Flop (didn't bet)



PokerStars Hand #225056771777:  Hold'em No Limit ($0.01/$0.02 USD) - 2021/03/21 15:07:26 PT [2021/03/21 18:07:26 ET]
Table 'Beljawskya IV' 9-max Seat #7 is the button
Seat 1: DenyLi ($2.64 in chips) 
Seat 2: Chris Meyer77 ($3.60 in chips) 
Seat 4: adlabam ($1.91 in chips) 
Seat 5: mr_expert1 ($4.28 in chips) 
Seat 6: Dorex2007 ($1.10 in chips) 
Seat 7: nagaElf ($2.58 in chips) 
Seat 8: yankin ($0.03 in chips) 
Seat 9: TraderGepardik ($1.29 in chips) 
yankin: posts small blind $0.01
TraderGepardik: posts big blind $0.02
*** HOLE CARDS ***
Dealt to Dorex2007 [Kh Js]
DenyLi: folds 
Chris Meyer77: folds 
adlabam: raises $0.04 to $0.06
mr_expert1: folds 
Dorex2007: calls $0.06
nagaElf: folds 
yankin: calls $0.02 and is all-in
TraderGepardik: folds 
*** FLOP *** [6h 3h 2d]
adlabam: bets $0.16
Dorex2007: folds 
Uncalled bet ($0.16) returned to adlabam
*** TURN *** [6h 3h 2d] [Tc]
*** RIVER *** [6h 3h 2d Tc] [6c]
*** SHOW DOWN ***
adlabam: shows [Jh 9h] (a pair of Sixes)
adlabam collected $0.05 from side pot
yankin: shows [Qd Qs] (two pair, Queens and Sixes)
yankin collected $0.11 from main pot
*** SUMMARY ***
Total pot $0.17 Main pot $0.11. Side pot $0.05. | Rake $0.01 
Board [6h 3h 2d Tc 6c]
Seat 1: DenyLi folded before Flop (didn't bet)
Seat 2: Chris Meyer77 folded before Flop (didn't bet)
Seat 4: adlabam showed [Jh 9h] and won ($0.05) with a pair of Sixes
Seat 5: mr_expert1 folded before Flop (didn't bet)
Seat 6: Dorex2007 folded on the Flop
Seat 7: nagaElf (button) folded before Flop (didn't bet)
Seat 8: yankin (small blind) showed [Qd Qs] and won ($0.11) with two pair, Queens and Sixes
Seat 9: TraderGepardik (big blind) folded before Flop



PokerStars Hand #225056801553:  Hold'em No Limit ($0.01/$0.02 USD) - 2021/03/21 15:08:09 PT [2021/03/21 18:08:09 ET]
Table 'Beljawskya IV' 9-max Seat #8 is the button
Seat 1: DenyLi ($2.64 in chips) 
Seat 2: Chris Meyer77 ($3.60 in chips) 
Seat 3: avalon_11111 ($2 in chips) 
Seat 4: adlabam ($1.90 in chips) 
Seat 5: mr_expert1 ($4.28 in chips) 
Seat 6: Dorex2007 ($1.04 in chips) 
Seat 7: nagaElf ($2.58 in chips) 
Seat 8: yankin ($0.11 in chips) 
Seat 9: TraderGepardik ($1.27 in chips) 
TraderGepardik: posts small blind $0.01
DenyLi: posts big blind $0.02
*** HOLE CARDS ***
Dealt to Dorex2007 [Jh 9s]
Chris Meyer77: folds 
avalon_11111: calls $0.02
adlabam: folds 
mr_expert1: raises $0.07 to $0.09
Dorex2007: folds 
nagaElf: folds 
yankin: folds 
TraderGepardik: folds 
DenyLi: folds 
avalon_11111: folds 
Uncalled bet ($0.07) returned to mr_expert1
mr_expert1 collected $0.07 from pot
*** SUMMARY ***
Total pot $0.07 | Rake $0 
Seat 1: DenyLi (big blind) folded before Flop
Seat 2: Chris Meyer77 folded before Flop (didn't bet)
Seat 3: avalon_11111 folded before Flop
Seat 4: adlabam folded before Flop (didn't bet)
Seat 5: mr_expert1 collected ($0.07)
Seat 6: Dorex2007 folded before Flop (didn't bet)
Seat 7: nagaElf folded before Flop (didn't bet)
Seat 8: yankin (button) folded before Flop (didn't bet)
Seat 9: TraderGepardik (small blind) folded before Flop



PokerStars Hand #225056818901:  Hold'em No Limit ($0.01/$0.02 USD) - 2021/03/21 15:08:34 PT [2021/03/21 18:08:34 ET]
Table 'Beljawskya IV' 9-max Seat #9 is the button
Seat 1: DenyLi ($2.62 in chips) 
Seat 2: Chris Meyer77 ($3.60 in chips) 
Seat 3: avalon_11111 ($1.98 in chips) 
Seat 4: adlabam ($1.90 in chips) 
Seat 5: mr_expert1 ($4.33 in chips) 
Seat 6: Dorex2007 ($1.04 in chips) 
Seat 7: nagaElf ($2.58 in chips) 
Seat 8: yankin ($0.11 in chips) 
Seat 9: TraderGepardik ($1.26 in chips) 
DenyLi: posts small blind $0.01
Chris Meyer77: posts big blind $0.02
*** HOLE CARDS ***
Dealt to Dorex2007 [8c 4d]
avalon_11111: calls $0.02
adlabam: folds 
mr_expert1: folds 
Dorex2007: folds 
nagaElf: raises $0.02 to $0.04
yankin: raises $0.07 to $0.11 and is all-in
TraderGepardik: folds 
DenyLi: folds 
Chris Meyer77: folds 
avalon_11111: calls $0.09
nagaElf: calls $0.07
*** FLOP *** [Ts 8h 9h]
avalon_11111: checks 
nagaElf: bets $0.12
avalon_11111: folds 
Uncalled bet ($0.12) returned to nagaElf
*** TURN *** [Ts 8h 9h] [2s]
*** RIVER *** [Ts 8h 9h 2s] [Kd]
*** SHOW DOWN ***
nagaElf: shows [Th Ad] (a pair of Tens)
yankin: shows [As Qh] (high card Ace)
nagaElf cashed out the hand for $0.25
*** SUMMARY ***
Total pot $0.36 | Rake $0.01 
Board [Ts 8h 9h 2s Kd]
Seat 1: DenyLi (small blind) folded before Flop
Seat 2: Chris Meyer77 (big blind) folded before Flop
Seat 3: avalon_11111 folded on the Flop
Seat 4: adlabam folded before Flop (didn't bet)
Seat 5: mr_expert1 folded before Flop (didn't bet)
Seat 6: Dorex2007 folded before Flop (didn't bet)
Seat 7: nagaElf showed [Th Ad] and won ($0.35) with a pair of Tens (pot not awarded as player cashed out)
Seat 8: yankin showed [As Qh] and lost with high card Ace
Seat 9: TraderGepardik (button) folded before Flop (didn't bet)



PokerStars Hand #225056871852:  Hold'em No Limit ($0.01/$0.02 USD) - 2021/03/21 15:09:42 PT [2021/03/21 18:09:42 ET]
Table 'Beljawskya IV' 9-max Seat #1 is the button
Seat 1: DenyLi ($2.61 in chips) 
Seat 2: Chris Meyer77 ($3.58 in chips) 
Seat 3: avalon_11111 ($1.87 in chips) 
Seat 4: adlabam ($1.90 in chips) 
Seat 5: mr_expert1 ($4.33 in chips) 
Seat 6: Dorex2007 ($1.04 in chips) 
Seat 7: nagaElf ($2.72 in chips) 
Seat 9: TraderGepardik ($1.26 in chips) 
Chris Meyer77: posts small blind $0.01
avalon_11111: posts big blind $0.02
*** HOLE CARDS ***
Dealt to Dorex2007 [3c 9d]
yankin leaves the table
adlabam: folds 
mr_expert1: folds 
Dorex2007: folds 
nagaElf: folds 
TraderGepardik: folds 
DenyLi: raises $0.04 to $0.06
kaira55 joins the table at seat #8 
Chris Meyer77: folds 
avalon_11111: raises $0.34 to $0.40
DenyLi: folds 
Uncalled bet ($0.34) returned to avalon_11111
avalon_11111 collected $0.13 from pot
*** SUMMARY ***
Total pot $0.13 | Rake $0 
Seat 1: DenyLi (button) folded before Flop
Seat 2: Chris Meyer77 (small blind) folded before Flop
Seat 3: avalon_11111 (big blind) collected ($0.13)
Seat 4: adlabam folded before Flop (didn't bet)
Seat 5: mr_expert1 folded before Flop (didn't bet)
Seat 6: Dorex2007 folded before Flop (didn't bet)
Seat 7: nagaElf folded before Flop (didn't bet)
Seat 9: TraderGepardik folded before Flop (didn't bet)



PokerStars Hand #225056910508:  Hold'em No Limit ($0.01/$0.02 USD) - 2021/03/21 15:10:38 PT [2021/03/21 18:10:38 ET]
Table 'Beljawskya IV' 9-max Seat #2 is the button
Seat 1: DenyLi ($2.55 in chips) 
Seat 2: Chris Meyer77 ($3.57 in chips) 
Seat 3: avalon_11111 ($1.94 in chips) 
Seat 4: adlabam ($1.90 in chips) 
Seat 5: mr_expert1 ($4.33 in chips) 
Seat 6: Dorex2007 ($1.04 in chips) 
Seat 7: nagaElf ($2.72 in chips) 
Seat 9: TraderGepardik ($1.26 in chips) 
avalon_11111: posts small blind $0.01
adlabam: posts big blind $0.02
kaira55: sits out 
*** HOLE CARDS ***
Dealt to Dorex2007 [2c Jc]
mr_expert1: calls $0.02
Dorex2007: folds 
nagaElf: folds 
TraderGepardik: folds 
DenyLi: folds 
Chris Meyer77: folds 
avalon_11111: calls $0.01
adlabam: raises $0.06 to $0.08
mr_expert1: folds 
avalon_11111: folds 
Uncalled bet ($0.06) returned to adlabam
adlabam collected $0.06 from pot
adlabam: doesn't show hand 
*** SUMMARY ***
Total pot $0.06 | Rake $0 
Seat 1: DenyLi folded before Flop (didn't bet)
Seat 2: Chris Meyer77 (button) folded before Flop (didn't bet)
Seat 3: avalon_11111 (small blind) folded before Flop
Seat 4: adlabam (big blind) collected ($0.06)
Seat 5: mr_expert1 folded before Flop
Seat 6: Dorex2007 folded before Flop (didn't bet)
Seat 7: nagaElf folded before Flop (didn't bet)
Seat 9: TraderGepardik folded before Flop (didn't bet)



PokerStars Hand #225056937885:  Hold'em No Limit ($0.01/$0.02 USD) - 2021/03/21 15:11:17 PT [2021/03/21 18:11:17 ET]
Table 'Beljawskya IV' 9-max Seat #3 is the button
Seat 1: DenyLi ($2.55 in chips) 
Seat 2: Chris Meyer77 ($3.57 in chips) 
Seat 3: avalon_11111 ($1.92 in chips) 
Seat 4: adlabam ($1.94 in chips) 
Seat 5: mr_expert1 ($4.31 in chips) 
Seat 6: Dorex2007 ($1.04 in chips) 
Seat 7: nagaElf ($2.72 in chips) 
Seat 9: TraderGepardik ($1.26 in chips) 
adlabam: posts small blind $0.01
mr_expert1: posts big blind $0.02
kaira55: sits out 
*** HOLE CARDS ***
Dealt to Dorex2007 [6s 3h]
Dorex2007: folds 
nagaElf: raises $0.04 to $0.06
TraderGepardik: folds 
DenyLi: folds 
Chris Meyer77: folds 
avalon_11111: calls $0.06
adlabam: calls $0.05
mr_expert1: folds 
*** FLOP *** [3c Ac 6h]
adlabam: checks 
nagaElf: checks 
avalon_11111: checks 
*** TURN *** [3c Ac 6h] [9h]
adlabam: bets $0.12
nagaElf: folds 
avalon_11111: calls $0.12
*** RIVER *** [3c Ac 6h 9h] [Kd]
adlabam: bets $0.08
avalon_11111: calls $0.08
*** SHOW DOWN ***
adlabam: shows [Th Ad] (a pair of Aces)
avalon_11111: mucks hand 
adlabam collected $0.58 from pot
*** SUMMARY ***
Total pot $0.60 | Rake $0.02 
Board [3c Ac 6h 9h Kd]
Seat 1: DenyLi folded before Flop (didn't bet)
Seat 2: Chris Meyer77 folded before Flop (didn't bet)
Seat 3: avalon_11111 (button) mucked [Ah 5s]
Seat 4: adlabam (small blind) showed [Th Ad] and won ($0.58) with a pair of Aces
Seat 5: mr_expert1 (big blind) folded before Flop
Seat 6: Dorex2007 folded before Flop (didn't bet)
Seat 7: nagaElf folded on the Turn
Seat 9: TraderGepardik folded before Flop (didn't bet)



PokerStars Hand #225056981692:  Hold'em No Limit ($0.01/$0.02 USD) - 2021/03/21 15:12:21 PT [2021/03/21 18:12:21 ET]
Table 'Beljawskya IV' 9-max Seat #4 is the button
Seat 1: DenyLi ($2.55 in chips) 
Seat 2: Chris Meyer77 ($3.57 in chips) 
Seat 3: avalon_11111 ($1.66 in chips) 
Seat 4: adlabam ($2.26 in chips) 
Seat 5: mr_expert1 ($4.29 in chips) 
Seat 6: Dorex2007 ($1.04 in chips) 
Seat 7: nagaElf ($2.66 in chips) 
Seat 9: TraderGepardik ($1.26 in chips) 
mr_expert1: posts small blind $0.01
Dorex2007: posts big blind $0.02
kaira55: sits out 
*** HOLE CARDS ***
Dealt to Dorex2007 [Ad 8s]
nagaElf: raises $0.02 to $0.04
TraderGepardik: raises $0.06 to $0.10
DenyLi: folds 
Chris Meyer77: folds 
avalon_11111: calls $0.10
adlabam: folds 
mr_expert1: folds 
Dorex2007: folds 
nagaElf: folds 
*** FLOP *** [9h 2s 8d]
TraderGepardik: bets $0.10
avalon_11111: calls $0.10
*** TURN *** [9h 2s 8d] [6s]
TraderGepardik: bets $0.15
avalon_11111: calls $0.15
*** RIVER *** [9h 2s 8d 6s] [Ac]
TraderGepardik: checks 
avalon_11111: checks 
*** SHOW DOWN ***
TraderGepardik: shows [Qd Ah] (a pair of Aces)
avalon_11111: mucks hand 
TraderGepardik collected $0.74 from pot
*** SUMMARY ***
Total pot $0.77 | Rake $0.03 
Board [9h 2s 8d 6s Ac]
Seat 1: DenyLi folded before Flop (didn't bet)
Seat 2: Chris Meyer77 folded before Flop (didn't bet)
Seat 3: avalon_11111 mucked [Qh 6h]
Seat 4: adlabam (button) folded before Flop (didn't bet)
Seat 5: mr_expert1 (small blind) folded before Flop
Seat 6: Dorex2007 (big blind) folded before Flop
Seat 7: nagaElf folded before Flop
Seat 9: TraderGepardik showed [Qd Ah] and won ($0.74) with a pair of Aces



PokerStars Hand #225057031466:  Hold'em No Limit ($0.01/$0.02 USD) - 2021/03/21 15:13:32 PT [2021/03/21 18:13:32 ET]
Table 'Beljawskya IV' 9-max Seat #5 is the button
Seat 1: DenyLi ($2.55 in chips) 
Seat 2: Chris Meyer77 ($3.57 in chips) 
Seat 3: avalon_11111 ($1.31 in chips) 
Seat 4: adlabam ($2.26 in chips) 
Seat 5: mr_expert1 ($4.28 in chips) 
Seat 6: Dorex2007 ($1.02 in chips) 
Seat 7: nagaElf ($2.62 in chips) 
Seat 9: TraderGepardik ($1.65 in chips) 
Dorex2007: posts small blind $0.01
nagaElf: posts big blind $0.02
kaira55: sits out 
*** HOLE CARDS ***
Dealt to Dorex2007 [Kh 2h]
TraderGepardik: raises $0.02 to $0.04
DenyLi: folds 
Chris Meyer77: folds 
avalon_11111: calls $0.04
adlabam: folds 
mr_expert1: folds 
Dorex2007: folds 
nagaElf: folds 
*** FLOP *** [8h Td 9d]
TraderGepardik: checks 
avalon_11111: checks 
*** TURN *** [8h Td 9d] [7h]
TraderGepardik: checks 
avalon_11111: checks 
*** RIVER *** [8h Td 9d 7h] [6d]
TraderGepardik: bets $0.05
avalon_11111: calls $0.05
*** SHOW DOWN ***
TraderGepardik: shows [9c Kc] (a straight, Six to Ten)
avalon_11111: shows [4s 5s] (a straight, Six to Ten)
TraderGepardik collected $0.10 from pot
avalon_11111 collected $0.10 from pot
*** SUMMARY ***
Total pot $0.21 | Rake $0.01 
Board [8h Td 9d 7h 6d]
Seat 1: DenyLi folded before Flop (didn't bet)
Seat 2: Chris Meyer77 folded before Flop (didn't bet)
Seat 3: avalon_11111 showed [4s 5s] and won ($0.10) with a straight, Six to Ten
Seat 4: adlabam folded before Flop (didn't bet)
Seat 5: mr_expert1 (button) folded before Flop (didn't bet)
Seat 6: Dorex2007 (small blind) folded before Flop
Seat 7: nagaElf (big blind) folded before Flop
Seat 9: TraderGepardik showed [9c Kc] and won ($0.10) with a straight, Six to Ten



PokerStars Hand #225057063321:  Hold'em No Limit ($0.01/$0.02 USD) - 2021/03/21 15:14:19 PT [2021/03/21 18:14:19 ET]
Table 'Beljawskya IV' 9-max Seat #6 is the button
Seat 1: DenyLi ($2.55 in chips) 
Seat 2: Chris Meyer77 ($3.57 in chips) 
Seat 3: avalon_11111 ($1.32 in chips) 
Seat 4: adlabam ($2.26 in chips) 
Seat 5: mr_expert1 ($4.28 in chips) 
Seat 6: Dorex2007 ($1.01 in chips) 
Seat 7: nagaElf ($2.60 in chips) 
Seat 8: kaira55 ($1.60 in chips) 
Seat 9: TraderGepardik ($1.66 in chips) 
nagaElf: posts small blind $0.01
kaira55: posts big blind $0.02
*** HOLE CARDS ***
Dealt to Dorex2007 [7d 3c]
TraderGepardik: folds 
DenyLi: folds 
Chris Meyer77: folds 
avalon_11111: calls $0.02
adlabam: folds 
mr_expert1: folds 
Dorex2007: folds 
nagaElf: calls $0.01
kaira55: checks 
*** FLOP *** [9d Ks 5s]
nagaElf: checks 
kaira55: checks 
avalon_11111: checks 
*** TURN *** [9d Ks 5s] [4d]
nagaElf: bets $0.06
kaira55: calls $0.06
avalon_11111: folds 
*** RIVER *** [9d Ks 5s 4d] [Jc]
nagaElf: bets $0.08
kaira55: calls $0.08
*** SHOW DOWN ***
nagaElf: shows [5h 4s] (two pair, Fives and Fours)
kaira55: shows [5c 4c] (two pair, Fives and Fours)
nagaElf collected $0.17 from pot
kaira55 collected $0.16 from pot
*** SUMMARY ***
Total pot $0.34 | Rake $0.01 
Board [9d Ks 5s 4d Jc]
Seat 1: DenyLi folded before Flop (didn't bet)
Seat 2: Chris Meyer77 folded before Flop (didn't bet)
Seat 3: avalon_11111 folded on the Turn
Seat 4: adlabam folded before Flop (didn't bet)
Seat 5: mr_expert1 folded before Flop (didn't bet)
Seat 6: Dorex2007 (button) folded before Flop (didn't bet)
Seat 7: nagaElf (small blind) showed [5h 4s] and won ($0.17) with two pair, Fives and Fours
Seat 8: kaira55 (big blind) showed [5c 4c] and won ($0.16) with two pair, Fives and Fours
Seat 9: TraderGepardik folded before Flop (didn't bet)



PokerStars Hand #225057095133:  Hold'em No Limit ($0.01/$0.02 USD) - 2021/03/21 15:15:05 PT [2021/03/21 18:15:05 ET]
Table 'Beljawskya IV' 9-max Seat #7 is the button
Seat 1: DenyLi ($2.55 in chips) 
Seat 2: Chris Meyer77 ($3.57 in chips) 
Seat 3: avalon_11111 ($1.30 in chips) 
Seat 4: adlabam ($2.26 in chips) 
Seat 5: mr_expert1 ($4.28 in chips) 
Seat 6: Dorex2007 ($1.01 in chips) 
Seat 7: nagaElf ($2.61 in chips) 
Seat 8: kaira55 ($1.60 in chips) 
Seat 9: TraderGepardik ($1.66 in chips) 
kaira55: posts small blind $0.01
TraderGepardik: posts big blind $0.02
*** HOLE CARDS ***
Dealt to Dorex2007 [3h Qh]
DenyLi: raises $0.04 to $0.06
Chris Meyer77: folds 
avalon_11111: folds 
adlabam: folds 
mr_expert1: folds 
Dorex2007: folds 
nagaElf: folds 
kaira55: folds 
TraderGepardik: folds 
Uncalled bet ($0.04) returned to DenyLi
DenyLi collected $0.05 from pot
DenyLi: doesn't show hand 
*** SUMMARY ***
Total pot $0.05 | Rake $0 
Seat 1: DenyLi collected ($0.05)
Seat 2: Chris Meyer77 folded before Flop (didn't bet)
Seat 3: avalon_11111 folded before Flop (didn't bet)
Seat 4: adlabam folded before Flop (didn't bet)
Seat 5: mr_expert1 folded before Flop (didn't bet)
Seat 6: Dorex2007 folded before Flop (didn't bet)
Seat 7: nagaElf (button) folded before Flop (didn't bet)
Seat 8: kaira55 (small blind) folded before Flop
Seat 9: TraderGepardik (big blind) folded before Flop



PokerStars Hand #225057121749:  Hold'em No Limit ($0.01/$0.02 USD) - 2021/03/21 15:15:44 PT [2021/03/21 18:15:44 ET]
Table 'Beljawskya IV' 9-max Seat #8 is the button
Seat 2: Chris Meyer77 ($3.57 in chips) 
Seat 3: avalon_11111 ($1.30 in chips) 
Seat 4: adlabam ($2.26 in chips) 
Seat 5: mr_expert1 ($4.28 in chips) 
Seat 6: Dorex2007 ($1.01 in chips) 
Seat 7: nagaElf ($2.61 in chips) 
Seat 8: kaira55 ($1.59 in chips) 
Seat 9: TraderGepardik ($1.64 in chips) 
TraderGepardik: posts small blind $0.01
DenyLi: is sitting out 
Chris Meyer77: posts big blind $0.02
*** HOLE CARDS ***
Dealt to Dorex2007 [5h 7c]
DenyLi leaves the table
avalon_11111: calls $0.02
adlabam: folds 
mr_expert1: raises $0.07 to $0.09
Dorex2007: folds 
nagaElf: folds 
kaira55: folds 
TraderGepardik: folds 
Ferdl111 joins the table at seat #1 
Chris Meyer77: calls $0.07
avalon_11111: calls $0.07
*** FLOP *** [Jh 2d Kh]
Chris Meyer77: bets $0.14
avalon_11111: folds 
mr_expert1: raises $0.22 to $0.36
Chris Meyer77: folds 
Uncalled bet ($0.22) returned to mr_expert1
mr_expert1 collected $0.54 from pot
*** SUMMARY ***
Total pot $0.56 | Rake $0.02 
Board [Jh 2d Kh]
Seat 2: Chris Meyer77 (big blind) folded on the Flop
Seat 3: avalon_11111 folded on the Flop
Seat 4: adlabam folded before Flop (didn't bet)
Seat 5: mr_expert1 collected ($0.54)
Seat 6: Dorex2007 folded before Flop (didn't bet)
Seat 7: nagaElf folded before Flop (didn't bet)
Seat 8: kaira55 (button) folded before Flop (didn't bet)
Seat 9: TraderGepardik (small blind) folded before Flop



PokerStars Hand #225057164132:  Hold'em No Limit ($0.01/$0.02 USD) - 2021/03/21 15:16:46 PT [2021/03/21 18:16:46 ET]
Table 'Beljawskya IV' 9-max Seat #9 is the button
Seat 2: Chris Meyer77 ($3.34 in chips) 
Seat 3: avalon_11111 ($1.21 in chips) 
Seat 4: adlabam ($2.26 in chips) 
Seat 5: mr_expert1 ($4.59 in chips) 
Seat 6: Dorex2007 ($1.01 in chips) 
Seat 7: nagaElf ($2.61 in chips) 
Seat 8: kaira55 ($1.59 in chips) 
Seat 9: TraderGepardik ($1.63 in chips) 
Chris Meyer77: posts small blind $0.01
avalon_11111: posts big blind $0.02
*** HOLE CARDS ***
Dealt to Dorex2007 [7h Jd]
adlabam: folds 
mr_expert1: folds 
Dorex2007: folds 
nagaElf: folds 
kaira55: folds 
TraderGepardik: folds 
Chris Meyer77: folds 
Uncalled bet ($0.01) returned to avalon_11111
avalon_11111 collected $0.02 from pot
avalon_11111: doesn't show hand 
*** SUMMARY ***
Total pot $0.02 | Rake $0 
Seat 2: Chris Meyer77 (small blind) folded before Flop
Seat 3: avalon_11111 (big blind) collected ($0.02)
Seat 4: adlabam folded before Flop (didn't bet)
Seat 5: mr_expert1 folded before Flop (didn't bet)
Seat 6: Dorex2007 folded before Flop (didn't bet)
Seat 7: nagaElf folded before Flop (didn't bet)
Seat 8: kaira55 folded before Flop (didn't bet)
Seat 9: TraderGepardik (button) folded before Flop (didn't bet)



PokerStars Hand #225057181612:  Hold'em No Limit ($0.01/$0.02 USD) - 2021/03/21 15:17:12 PT [2021/03/21 18:17:12 ET]
Table 'Beljawskya IV' 9-max Seat #2 is the button
Seat 2: Chris Meyer77 ($3.33 in chips) 
Seat 3: avalon_11111 ($1.22 in chips) 
Seat 4: adlabam ($2.26 in chips) 
Seat 5: mr_expert1 ($4.59 in chips) 
Seat 6: Dorex2007 ($1.01 in chips) 
Seat 7: nagaElf ($2.61 in chips) 
Seat 8: kaira55 ($1.59 in chips) 
Seat 9: TraderGepardik ($1.63 in chips) 
avalon_11111: posts small blind $0.01
adlabam: posts big blind $0.02
Ferdl111: sits out 
*** HOLE CARDS ***
Dealt to Dorex2007 [5c 9h]
mr_expert1: folds 
Dorex2007: folds 
nagaElf: folds 
kaira55: folds 
TraderGepardik: raises $0.03 to $0.05
Chris Meyer77: calls $0.05
avalon_11111: calls $0.04
adlabam: calls $0.03
*** FLOP *** [Tc 8d Kh]
avalon_11111: checks 
adlabam: checks 
TraderGepardik: bets $0.06
Chris Meyer77: folds 
avalon_11111: folds 
adlabam: calls $0.06
*** TURN *** [Tc 8d Kh] [Th]
adlabam: checks 
TraderGepardik: bets $0.16
adlabam: calls $0.16
*** RIVER *** [Tc 8d Kh Th] [5d]
adlabam: checks 
TraderGepardik: bets $0.32
adlabam: raises $1.26 to $1.58
TraderGepardik: folds 
Uncalled bet ($1.26) returned to adlabam
adlabam collected $1.24 from pot
adlabam: doesn't show hand 
*** SUMMARY ***
Total pot $1.28 | Rake $0.04 
Board [Tc 8d Kh Th 5d]
Seat 2: Chris Meyer77 (button) folded on the Flop
Seat 3: avalon_11111 (small blind) folded on the Flop
Seat 4: adlabam (big blind) collected ($1.24)
Seat 5: mr_expert1 folded before Flop (didn't bet)
Seat 6: Dorex2007 folded before Flop (didn't bet)
Seat 7: nagaElf folded before Flop (didn't bet)
Seat 8: kaira55 folded before Flop (didn't bet)
Seat 9: TraderGepardik folded on the River



PokerStars Hand #225057258076:  Hold'em No Limit ($0.01/$0.02 USD) - 2021/03/21 15:18:53 PT [2021/03/21 18:18:53 ET]
Table 'Beljawskya IV' 9-max Seat #3 is the button
Seat 2: Chris Meyer77 ($3.28 in chips) 
Seat 3: avalon_11111 ($1.17 in chips) 
Seat 4: adlabam ($2.91 in chips) 
Seat 5: mr_expert1 ($4.59 in chips) 
Seat 6: Dorex2007 ($1.01 in chips) 
Seat 7: nagaElf ($2.61 in chips) 
Seat 8: kaira55 ($1.59 in chips) 
Seat 9: TraderGepardik ($1.04 in chips) 
adlabam: posts small blind $0.01
mr_expert1: posts big blind $0.02
Ferdl111: sits out 
*** HOLE CARDS ***
Dealt to Dorex2007 [5d 9d]
Dorex2007: folds 
nagaElf: raises $0.02 to $0.04
kaira55: folds 
TraderGepardik: calls $0.04
Chris Meyer77: folds 
avalon_11111: calls $0.04
adlabam: calls $0.03
mr_expert1: folds 
*** FLOP *** [8h Qs 3c]
adlabam: checks 
nagaElf: checks 
TraderGepardik: bets $0.06
avalon_11111: raises $0.22 to $0.28
adlabam: folds 
nagaElf: folds 
TraderGepardik: calls $0.22
*** TURN *** [8h Qs 3c] [Js]
TraderGepardik: checks 
avalon_11111: bets $0.58
TraderGepardik: raises $0.14 to $0.72 and is all-in
avalon_11111: calls $0.14
*** RIVER *** [8h Qs 3c Js] [2d]
*** SHOW DOWN ***
TraderGepardik: shows [Qd Kh] (a pair of Queens)
avalon_11111: shows [Tc Qh] (a pair of Queens - lower kicker)
TraderGepardik cashed out the hand for $1.75 | Cash Out Fee $0.02
*** SUMMARY ***
Total pot $2.18 | Rake $0.08 
Board [8h Qs 3c Js 2d]
Seat 2: Chris Meyer77 folded before Flop (didn't bet)
Seat 3: avalon_11111 (button) showed [Tc Qh] and lost with a pair of Queens
Seat 4: adlabam (small blind) folded on the Flop
Seat 5: mr_expert1 (big blind) folded before Flop
Seat 6: Dorex2007 folded before Flop (didn't bet)
Seat 7: nagaElf folded on the Flop
Seat 8: kaira55 folded before Flop (didn't bet)
Seat 9: TraderGepardik showed [Qd Kh] and won ($2.10) with a pair of Queens (pot not awarded as player cashed out)



PokerStars Hand #225057309014:  Hold'em No Limit ($0.01/$0.02 USD) - 2021/03/21 15:20:08 PT [2021/03/21 18:20:08 ET]
Table 'Beljawskya IV' 9-max Seat #4 is the button
Seat 2: Chris Meyer77 ($3.28 in chips) 
Seat 3: avalon_11111 ($0.13 in chips) 
Seat 4: adlabam ($2.87 in chips) 
Seat 5: mr_expert1 ($4.57 in chips) 
Seat 6: Dorex2007 ($1.01 in chips) 
Seat 7: nagaElf ($2.57 in chips) 
Seat 8: kaira55 ($1.59 in chips) 
Seat 9: TraderGepardik ($1.75 in chips) 
mr_expert1: posts small blind $0.01
Dorex2007: posts big blind $0.02
Ferdl111: sits out 
*** HOLE CARDS ***
Dealt to Dorex2007 [6c Js]
nagaElf: folds 
kaira55: folds 
TraderGepardik: folds 
Chris Meyer77: folds 
avalon_11111: calls $0.02
adlabam: calls $0.02
mr_expert1: folds 
Dorex2007: checks 
*** FLOP *** [7h Jh 7c]
Dorex2007: checks 
avalon_11111: checks 
adlabam: bets $0.12
Dorex2007: folds 
avalon_11111: folds 
Uncalled bet ($0.12) returned to adlabam
adlabam collected $0.07 from pot
adlabam: doesn't show hand 
*** SUMMARY ***
Total pot $0.07 | Rake $0 
Board [7h Jh 7c]
Seat 2: Chris Meyer77 folded before Flop (didn't bet)
Seat 3: avalon_11111 folded on the Flop
Seat 4: adlabam (button) collected ($0.07)
Seat 5: mr_expert1 (small blind) folded before Flop
Seat 6: Dorex2007 (big blind) folded on the Flop
Seat 7: nagaElf folded before Flop (didn't bet)
Seat 8: kaira55 folded before Flop (didn't bet)
Seat 9: TraderGepardik folded before Flop (didn't bet)



PokerStars Hand #225057341690:  Hold'em No Limit ($0.01/$0.02 USD) - 2021/03/21 15:20:47 PT [2021/03/21 18:20:47 ET]
Table 'Beljawskya IV' 9-max Seat #5 is the button
Seat 2: Chris Meyer77 ($3.28 in chips) 
Seat 3: avalon_11111 ($0.11 in chips) 
Seat 4: adlabam ($2.92 in chips) 
Seat 5: mr_expert1 ($4.56 in chips) 
Seat 6: Dorex2007 ($0.99 in chips) 
Seat 7: nagaElf ($2.57 in chips) 
Seat 8: kaira55 ($1.59 in chips) 
Seat 9: TraderGepardik ($1.75 in chips) 
Dorex2007: posts small blind $0.01
nagaElf: posts big blind $0.02
Ferdl111: sits out 
*** HOLE CARDS ***
Dealt to Dorex2007 [3h Kh]
kaira55: folds 
TraderGepardik: folds 
Chris Meyer77: folds 
avalon_11111: raises $0.09 to $0.11 and is all-in
adlabam: folds 
mr_expert1: folds 
Dorex2007: folds 
nagaElf: calls $0.09
*** FLOP *** [9c 4d Ks]
*** TURN *** [9c 4d Ks] [Ad]
*** RIVER *** [9c 4d Ks Ad] [As]
*** SHOW DOWN ***
nagaElf: shows [8h 8c] (two pair, Aces and Eights)
avalon_11111: shows [6s Jc] (a pair of Aces)
nagaElf cashed out the hand for $0.16
*** SUMMARY ***
Total pot $0.23 | Rake $0.01 
Board [9c 4d Ks Ad As]
Seat 2: Chris Meyer77 folded before Flop (didn't bet)
Seat 3: avalon_11111 showed [6s Jc] and lost with a pair of Aces
Seat 4: adlabam folded before Flop (didn't bet)
Seat 5: mr_expert1 (button) folded before Flop (didn't bet)
Seat 6: Dorex2007 (small blind) folded before Flop
Seat 7: nagaElf (big blind) showed [8h 8c] and won ($0.22) with two pair, Aces and Eights (pot not awarded as player cashed out)
Seat 8: kaira55 folded before Flop (didn't bet)
Seat 9: TraderGepardik folded before Flop (didn't bet)



PokerStars Hand #225057365360:  Hold'em No Limit ($0.01/$0.02 USD) - 2021/03/21 15:21:22 PT [2021/03/21 18:21:22 ET]
Table 'Beljawskya IV' 9-max Seat #6 is the button
Seat 2: Chris Meyer77 ($3.28 in chips) 
Seat 4: adlabam ($2.92 in chips) 
Seat 5: mr_expert1 ($4.56 in chips) 
Seat 6: Dorex2007 ($0.98 in chips) 
Seat 7: nagaElf ($2.62 in chips) 
Seat 8: kaira55 ($1.59 in chips) 
Seat 9: TraderGepardik ($1.75 in chips) 
nagaElf: posts small blind $0.01
kaira55: posts big blind $0.02
Ferdl111: sits out 
*** HOLE CARDS ***
Dealt to Dorex2007 [5c 4h]
TraderGepardik: folds 
Chris Meyer77 has timed out
Chris Meyer77: folds 
adlabam: folds 
adlabam leaves the table
mr_expert1: raises $0.04 to $0.06
Dorex2007: folds 
nagaElf: folds 
kaira55: folds 
Uncalled bet ($0.04) returned to mr_expert1
mr_expert1 collected $0.05 from pot
*** SUMMARY ***
Total pot $0.05 | Rake $0 
Seat 2: Chris Meyer77 folded before Flop (didn't bet)
Seat 4: adlabam folded before Flop (didn't bet)
Seat 5: mr_expert1 collected ($0.05)
Seat 6: Dorex2007 (button) folded before Flop (didn't bet)
Seat 7: nagaElf (small blind) folded before Flop
Seat 8: kaira55 (big blind) folded before Flop
Seat 9: TraderGepardik folded before Flop (didn't bet)



PokerStars Hand #225057386792:  Hold'em No Limit ($0.01/$0.02 USD) - 2021/03/21 15:21:54 PT [2021/03/21 18:21:54 ET]
Table 'Beljawskya IV' 9-max Seat #7 is the button
Seat 3: avalon_11111 ($2 in chips) 
Seat 5: mr_expert1 ($4.59 in chips) 
Seat 6: Dorex2007 ($0.98 in chips) 
Seat 7: nagaElf ($2.61 in chips) 
Seat 8: kaira55 ($1.57 in chips) 
Seat 9: TraderGepardik ($1.75 in chips) 
kaira55: posts small blind $0.01
TraderGepardik: posts big blind $0.02
Ferdl111: sits out 
*** HOLE CARDS ***
Dealt to Dorex2007 [7h 6h]
avalon_11111: calls $0.02
mr_expert1: folds 
Dorex2007 has timed out
Dorex2007: folds 
nagaElf: folds 
kaira55: folds 
TraderGepardik: checks 
*** FLOP *** [As 8s Jc]
TraderGepardik: bets $0.02
avalon_11111: folds 
Uncalled bet ($0.02) returned to TraderGepardik
TraderGepardik collected $0.05 from pot
*** SUMMARY ***
Total pot $0.05 | Rake $0 
Board [As 8s Jc]
Seat 3: avalon_11111 folded on the Flop
Seat 5: mr_expert1 folded before Flop (didn't bet)
Seat 6: Dorex2007 folded before Flop (didn't bet)
Seat 7: nagaElf (button) folded before Flop (didn't bet)
Seat 8: kaira55 (small blind) folded before Flop
Seat 9: TraderGepardik (big blind) collected ($0.05)



PokerStars Hand #225057414633:  Hold'em No Limit ($0.01/$0.02 USD) - 2021/03/21 15:22:35 PT [2021/03/21 18:22:35 ET]
Table 'Beljawskya IV' 9-max Seat #8 is the button
Seat 1: Ferdl111 ($0.80 in chips) 
Seat 2: Chris Meyer77 ($3.28 in chips) 
Seat 3: avalon_11111 ($1.98 in chips) 
Seat 5: mr_expert1 ($4.59 in chips) 
Seat 6: Dorex2007 ($0.98 in chips) 
Seat 7: nagaElf ($2.61 in chips) 
Seat 8: kaira55 ($1.56 in chips) 
Seat 9: TraderGepardik ($1.78 in chips) 
TraderGepardik: posts small blind $0.01
Ferdl111: posts big blind $0.02
*** HOLE CARDS ***
Dealt to Dorex2007 [Kd 7h]
ItalianCaru joins the table at seat #4 
Chris Meyer77: folds 
avalon_11111: folds 
mr_expert1: folds 
Dorex2007: folds 
nagaElf: folds 
kaira55: folds 
TraderGepardik: raises $0.03 to $0.05
Ferdl111: folds 
Uncalled bet ($0.03) returned to TraderGepardik
TraderGepardik collected $0.04 from pot
TraderGepardik: doesn't show hand 
*** SUMMARY ***
Total pot $0.04 | Rake $0 
Seat 1: Ferdl111 (big blind) folded before Flop
Seat 2: Chris Meyer77 folded before Flop (didn't bet)
Seat 3: avalon_11111 folded before Flop (didn't bet)
Seat 5: mr_expert1 folded before Flop (didn't bet)
Seat 6: Dorex2007 folded before Flop (didn't bet)
Seat 7: nagaElf folded before Flop (didn't bet)
Seat 8: kaira55 (button) folded before Flop (didn't bet)
Seat 9: TraderGepardik (small blind) collected ($0.04)



PokerStars Hand #225057431645:  Hold'em No Limit ($0.01/$0.02 USD) - 2021/03/21 15:23:01 PT [2021/03/21 18:23:01 ET]
Table 'Beljawskya IV' 9-max Seat #9 is the button
Seat 1: Ferdl111 ($0.78 in chips) 
Seat 2: Chris Meyer77 ($3.28 in chips) 
Seat 3: avalon_11111 ($1.98 in chips) 
Seat 5: mr_expert1 ($4.59 in chips) 
Seat 6: Dorex2007 ($0.98 in chips) 
Seat 7: nagaElf ($2.61 in chips) 
Seat 8: kaira55 ($1.56 in chips) 
Seat 9: TraderGepardik ($1.80 in chips) 
Ferdl111: posts small blind $0.01
Chris Meyer77: posts big blind $0.02
ItalianCaru: sits out 
*** HOLE CARDS ***
Dealt to Dorex2007 [Jc 9s]
avalon_11111: folds 
mr_expert1: calls $0.02
Dorex2007: folds 
nagaElf: raises $0.02 to $0.04
kaira55: calls $0.04
TraderGepardik: calls $0.04
Ferdl111: folds 
Chris Meyer77: folds 
mr_expert1: calls $0.02
*** FLOP *** [7s 5s 3h]
mr_expert1: checks 
nagaElf: bets $0.06
kaira55: calls $0.06
TraderGepardik: calls $0.06
mr_expert1: folds 
*** TURN *** [7s 5s 3h] [3c]
nagaElf: checks 
kaira55: bets $0.18
TraderGepardik: calls $0.18
nagaElf: folds 
*** RIVER *** [7s 5s 3h 3c] [Ts]
kaira55: checks 
TraderGepardik: bets $0.68
kaira55: folds 
Uncalled bet ($0.68) returned to TraderGepardik
TraderGepardik collected $0.70 from pot
*** SUMMARY ***
Total pot $0.73 | Rake $0.03 
Board [7s 5s 3h 3c Ts]
Seat 1: Ferdl111 (small blind) folded before Flop
Seat 2: Chris Meyer77 (big blind) folded before Flop
Seat 3: avalon_11111 folded before Flop (didn't bet)
Seat 5: mr_expert1 folded on the Flop
Seat 6: Dorex2007 folded before Flop (didn't bet)
Seat 7: nagaElf folded on the Turn
Seat 8: kaira55 folded on the River
Seat 9: TraderGepardik (button) collected ($0.70)



PokerStars Hand #225057491119:  Hold'em No Limit ($0.01/$0.02 USD) - 2021/03/21 15:24:29 PT [2021/03/21 18:24:29 ET]
Table 'Beljawskya IV' 9-max Seat #1 is the button
Seat 1: Ferdl111 ($0.77 in chips) 
Seat 2: Chris Meyer77 ($3.26 in chips) 
Seat 3: avalon_11111 ($1.98 in chips) 
Seat 5: mr_expert1 ($4.55 in chips) 
Seat 6: Dorex2007 ($0.98 in chips) 
Seat 7: nagaElf ($2.51 in chips) 
Seat 8: kaira55 ($1.28 in chips) 
Seat 9: TraderGepardik ($2.22 in chips) 
Chris Meyer77: posts small blind $0.01
avalon_11111: posts big blind $0.02
ItalianCaru: sits out 
*** HOLE CARDS ***
Dealt to Dorex2007 [Kc 8s]
mr_expert1: folds 
Dorex2007: folds 
nagaElf: folds 
kaira55: raises $0.05 to $0.07
TraderGepardik: folds 
Ferdl111: folds 
Chris Meyer77: folds 
avalon_11111: calls $0.05
*** FLOP *** [Ks Qh 7c]
avalon_11111: checks 
kaira55: checks 
*** TURN *** [Ks Qh 7c] [6d]
avalon_11111: checks 
kaira55: bets $0.07
avalon_11111: calls $0.07
*** RIVER *** [Ks Qh 7c 6d] [Qc]
avalon_11111: checks 
kaira55: checks 
*** SHOW DOWN ***
avalon_11111: shows [9c 9s] (two pair, Queens and Nines)
kaira55: mucks hand 
avalon_11111 collected $0.28 from pot
*** SUMMARY ***
Total pot $0.29 | Rake $0.01 
Board [Ks Qh 7c 6d Qc]
Seat 1: Ferdl111 (button) folded before Flop (didn't bet)
Seat 2: Chris Meyer77 (small blind) folded before Flop
Seat 3: avalon_11111 (big blind) showed [9c 9s] and won ($0.28) with two pair, Queens and Nines
Seat 5: mr_expert1 folded before Flop (didn't bet)
Seat 6: Dorex2007 folded before Flop (didn't bet)
Seat 7: nagaElf folded before Flop (didn't bet)
Seat 8: kaira55 mucked [7d Ad]
Seat 9: TraderGepardik folded before Flop (didn't bet)



PokerStars Hand #225057519270:  Hold'em No Limit ($0.01/$0.02 USD) - 2021/03/21 15:25:12 PT [2021/03/21 18:25:12 ET]
Table 'Beljawskya IV' 9-max Seat #2 is the button
Seat 1: Ferdl111 ($0.77 in chips) 
Seat 2: Chris Meyer77 ($3.25 in chips) 
Seat 3: avalon_11111 ($2.12 in chips) 
Seat 4: ItalianCaru ($1.39 in chips) 
Seat 5: mr_expert1 ($4.55 in chips) 
Seat 6: Dorex2007 ($0.98 in chips) 
Seat 7: nagaElf ($2.51 in chips) 
Seat 8: kaira55 ($1.14 in chips) 
Seat 9: TraderGepardik ($2.22 in chips) 
avalon_11111: posts small blind $0.01
ItalianCaru: posts big blind $0.02
*** HOLE CARDS ***
Dealt to Dorex2007 [4s 7h]
mr_expert1: folds 
Dorex2007: folds 
nagaElf: folds 
kaira55: raises $0.04 to $0.06
TraderGepardik: folds 
Ferdl111: calls $0.06
Chris Meyer77: folds 
avalon_11111: calls $0.05
ItalianCaru: calls $0.04
*** FLOP *** [Ks 8c 2c]
avalon_11111: bets $0.12
ItalianCaru: calls $0.12
kaira55: calls $0.12
Ferdl111: folds 
*** TURN *** [Ks 8c 2c] [8s]
avalon_11111: checks 
ItalianCaru: bets $0.29
kaira55: calls $0.29
avalon_11111: folds 
*** RIVER *** [Ks 8c 2c 8s] [5c]
ItalianCaru: bets $0.92 and is all-in
kaira55: folds 
Uncalled bet ($0.92) returned to ItalianCaru
ItalianCaru collected $1.14 from pot
*** SUMMARY ***
Total pot $1.18 | Rake $0.04 
Board [Ks 8c 2c 8s 5c]
Seat 1: Ferdl111 folded on the Flop
Seat 2: Chris Meyer77 (button) folded before Flop (didn't bet)
Seat 3: avalon_11111 (small blind) folded on the Turn
Seat 4: ItalianCaru (big blind) collected ($1.14)
Seat 5: mr_expert1 folded before Flop (didn't bet)
Seat 6: Dorex2007 folded before Flop (didn't bet)
Seat 7: nagaElf folded before Flop (didn't bet)
Seat 8: kaira55 folded on the River
Seat 9: TraderGepardik folded before Flop (didn't bet)



PokerStars Hand #225057577018:  Hold'em No Limit ($0.01/$0.02 USD) - 2021/03/21 15:26:39 PT [2021/03/21 18:26:39 ET]
Table 'Beljawskya IV' 9-max Seat #3 is the button
Seat 1: Ferdl111 ($0.71 in chips) 
Seat 2: Chris Meyer77 ($3.25 in chips) 
Seat 3: avalon_11111 ($1.94 in chips) 
Seat 4: ItalianCaru ($2.06 in chips) 
Seat 5: mr_expert1 ($4.55 in chips) 
Seat 6: Dorex2007 ($0.98 in chips) 
Seat 7: nagaElf ($2.51 in chips) 
Seat 8: kaira55 ($0.67 in chips) 
Seat 9: TraderGepardik ($2.22 in chips) 
ItalianCaru: posts small blind $0.01
mr_expert1: posts big blind $0.02
*** HOLE CARDS ***
Dealt to Dorex2007 [7h 3h]
Dorex2007: folds 
nagaElf: raises $0.02 to $0.04
kaira55: folds 
TraderGepardik: folds 
Ferdl111: calls $0.04
kaira55 leaves the table
Chris Meyer77: folds 
avalon_11111: calls $0.04
JEH1997 joins the table at seat #8 
ItalianCaru: calls $0.03
mr_expert1: folds 
*** FLOP *** [Qd 3d 3s]
ItalianCaru: checks 
nagaElf: checks 
Ferdl111: checks 
avalon_11111: checks 
*** TURN *** [Qd 3d 3s] [4s]
ItalianCaru: checks 
nagaElf: checks 
Ferdl111: bets $0.09
avalon_11111: folds 
ItalianCaru: folds 
nagaElf: folds 
Uncalled bet ($0.09) returned to Ferdl111
Ferdl111 collected $0.17 from pot
Ferdl111: doesn't show hand 
*** SUMMARY ***
Total pot $0.18 | Rake $0.01 
Board [Qd 3d 3s 4s]
Seat 1: Ferdl111 collected ($0.17)
Seat 2: Chris Meyer77 folded before Flop (didn't bet)
Seat 3: avalon_11111 (button) folded on the Turn
Seat 4: ItalianCaru (small blind) folded on the Turn
Seat 5: mr_expert1 (big blind) folded before Flop
Seat 6: Dorex2007 folded before Flop (didn't bet)
Seat 7: nagaElf folded on the Turn
Seat 8: kaira55 folded before Flop (didn't bet)
Seat 9: TraderGepardik folded before Flop (didn't bet)



PokerStars Hand #225057625040:  Hold'em No Limit ($0.01/$0.02 USD) - 2021/03/21 15:27:52 PT [2021/03/21 18:27:52 ET]
Table 'Beljawskya IV' 9-max Seat #4 is the button
Seat 1: Ferdl111 ($0.84 in chips) 
Seat 2: Chris Meyer77 ($3.25 in chips) 
Seat 3: avalon_11111 ($1.90 in chips) 
Seat 4: ItalianCaru ($2.02 in chips) 
Seat 5: mr_expert1 ($4.53 in chips) 
Seat 6: Dorex2007 ($0.98 in chips) 
Seat 7: nagaElf ($2.47 in chips) 
Seat 9: TraderGepardik ($2.22 in chips) 
mr_expert1: posts small blind $0.01
Dorex2007: posts big blind $0.02
JEH1997: sits out 
*** HOLE CARDS ***
Dealt to Dorex2007 [Td Tc]
nagaElf: folds 
TraderGepardik: folds 
Ferdl111: folds 
Chris Meyer77 has timed out
Chris Meyer77: folds 
avalon_11111: raises $0.04 to $0.06
ItalianCaru: calls $0.06
mr_expert1: folds 
Dorex2007: raises $0.12 to $0.18
avalon_11111: folds 
ItalianCaru: calls $0.12
*** FLOP *** [Jc 6c Ks]
Dorex2007: bets $0.41
ItalianCaru: folds 
Uncalled bet ($0.41) returned to Dorex2007
Dorex2007 collected $0.41 from pot
Dorex2007: doesn't show hand 
*** SUMMARY ***
Total pot $0.43 | Rake $0.02 
Board [Jc 6c Ks]
Seat 1: Ferdl111 folded before Flop (didn't bet)
Seat 2: Chris Meyer77 folded before Flop (didn't bet)
Seat 3: avalon_11111 folded before Flop
Seat 4: ItalianCaru (button) folded on the Flop
Seat 5: mr_expert1 (small blind) folded before Flop
Seat 6: Dorex2007 (big blind) collected ($0.41)
Seat 7: nagaElf folded before Flop (didn't bet)
Seat 9: TraderGepardik folded before Flop (didn't bet)



PokerStars Hand #225057667174:  Hold'em No Limit ($0.01/$0.02 USD) - 2021/03/21 15:28:56 PT [2021/03/21 18:28:56 ET]
Table 'Beljawskya IV' 9-max Seat #5 is the button
Seat 1: Ferdl111 ($0.84 in chips) 
Seat 2: Chris Meyer77 ($3.25 in chips) 
Seat 3: avalon_11111 ($1.84 in chips) 
Seat 4: ItalianCaru ($1.84 in chips) 
Seat 5: mr_expert1 ($4.52 in chips) 
Seat 6: Dorex2007 ($1.21 in chips) 
Seat 7: nagaElf ($2.47 in chips) 
Seat 8: JEH1997 ($2 in chips) 
Seat 9: TraderGepardik ($2.22 in chips) 
Dorex2007: posts small blind $0.01
nagaElf: posts big blind $0.02
JEH1997: posts big blind $0.02
*** HOLE CARDS ***
Dealt to Dorex2007 [Kd 7d]
JEH1997: checks 
TraderGepardik: raises $0.03 to $0.05
Ferdl111: folds 
Chris Meyer77: raises $0.15 to $0.20
Ferdl111 leaves the table
avalon_11111: calls $0.20
ItalianCaru: folds 
mr_expert1: folds 
Dorex2007: folds 
nagaElf: folds 
riverking225 joins the table at seat #1 
JEH1997: folds 
TraderGepardik: folds 
*** FLOP *** [5d 9h Ac]
TraderGepardik leaves the table
Chris Meyer77: bets $0.24
avalon_11111: calls $0.24
*** TURN *** [5d 9h Ac] [Kh]
Chris Meyer77: bets $0.48
avalon_11111: calls $0.48
*** RIVER *** [5d 9h Ac Kh] [Td]
Chris Meyer77: bets $2.33 and is all-in
avalon_11111: calls $0.92 and is all-in
Uncalled bet ($1.41) returned to Chris Meyer77
*** SHOW DOWN ***
Chris Meyer77: shows [Ks Ad] (two pair, Aces and Kings)
avalon_11111: shows [As 9c] (two pair, Aces and Nines)
Chris Meyer77 collected $3.65 from pot
*** SUMMARY ***
Total pot $3.78 | Rake $0.13 
Board [5d 9h Ac Kh Td]
Seat 1: Ferdl111 folded before Flop (didn't bet)
Seat 2: Chris Meyer77 showed [Ks Ad] and won ($3.65) with two pair, Aces and Kings
Seat 3: avalon_11111 showed [As 9c] and lost with two pair, Aces and Nines
Seat 4: ItalianCaru folded before Flop (didn't bet)
Seat 5: mr_expert1 (button) folded before Flop (didn't bet)
Seat 6: Dorex2007 (small blind) folded before Flop
Seat 7: nagaElf (big blind) folded before Flop
Seat 8: JEH1997 folded before Flop (didn't bet)
Seat 9: TraderGepardik folded before Flop



PokerStars Hand #225057726166:  Hold'em No Limit ($0.01/$0.02 USD) - 2021/03/21 15:30:25 PT [2021/03/21 18:30:25 ET]
Table 'Beljawskya IV' 9-max Seat #6 is the button
Seat 1: riverking225 ($1.60 in chips) 
Seat 2: Chris Meyer77 ($5.06 in chips) 
Seat 4: ItalianCaru ($1.84 in chips) 
Seat 5: mr_expert1 ($4.52 in chips) 
Seat 6: Dorex2007 ($1.20 in chips) 
Seat 7: nagaElf ($2.45 in chips) 
Seat 8: JEH1997 ($2 in chips) 
nagaElf: posts small blind $0.01
JEH1997: posts big blind $0.02
riverking225: posts big blind $0.02
*** HOLE CARDS ***
Dealt to Dorex2007 [Ah Qh]
riverking225: raises $0.02 to $0.04
Chris Meyer77: calls $0.04
Jezebota joins the table at seat #9 
ItalianCaru: folds 
mr_expert1: folds 
Dorex2007: raises $0.10 to $0.14
nagaElf: folds 
avalon_11111 leaves the table
JEH1997: folds 
riverking225: calls $0.10
Chris Meyer77: calls $0.10
*** FLOP *** [5h 4d 3h]
riverking225: bets $0.10
Patriotmp joins the table at seat #3 
Chris Meyer77: raises $4.82 to $4.92 and is all-in
Dorex2007: calls $1.06 and is all-in
riverking225: calls $1.36 and is all-in
Uncalled bet ($3.46) returned to Chris Meyer77
*** TURN *** [5h 4d 3h] [8c]
*** RIVER *** [5h 4d 3h 8c] [7d]
*** SHOW DOWN ***
riverking225: shows [Kh 2d] (high card King)
Chris Meyer77: shows [Ac 2c] (a straight, Ace to Five)
Chris Meyer77 collected $0.77 from side pot
Dorex2007: shows [Ah Qh] (high card Ace)
Chris Meyer77 collected $3.50 from main pot
*** SUMMARY ***
Total pot $4.43 Main pot $3.50. Side pot $0.77. | Rake $0.16 
Board [5h 4d 3h 8c 7d]
Seat 1: riverking225 showed [Kh 2d] and lost with high card King
Seat 2: Chris Meyer77 showed [Ac 2c] and won ($4.27) with a straight, Ace to Five
Seat 4: ItalianCaru folded before Flop (didn't bet)
Seat 5: mr_expert1 folded before Flop (didn't bet)
Seat 6: Dorex2007 (button) showed [Ah Qh] and lost with high card Ace
Seat 7: nagaElf (small blind) folded before Flop
Seat 8: JEH1997 (big blind) folded before Flop



PokerStars Hand #225057801509:  Hold'em No Limit ($0.01/$0.02 USD) - 2021/03/21 15:32:18 PT [2021/03/21 18:32:18 ET]
Table 'Beljawskya IV' 9-max Seat #8 is the button
Seat 3: Patriotmp ($0.80 in chips) 
Seat 5: mr_expert1 ($4.52 in chips) 
Seat 6: Dorex2007 ($2 in chips) 
Seat 7: nagaElf ($2.47 in chips) 
Seat 8: JEH1997 ($2 in chips) 
Seat 9: Jezebota ($1.98 in chips) 
Jezebota: posts small blind $0.01
Patriotmp: posts big blind $0.02
*** HOLE CARDS ***
Dealt to Dorex2007 [8d Qs]
mr_expert1: folds 
Dorex2007: folds 
nagaElf: folds 
JEH1997: folds 
Jezebota: folds 
Uncalled bet ($0.01) returned to Patriotmp
Patriotmp collected $0.02 from pot
Patriotmp: doesn't show hand 
*** SUMMARY ***
Total pot $0.02 | Rake $0 
Seat 3: Patriotmp (big blind) collected ($0.02)
Seat 5: mr_expert1 folded before Flop (didn't bet)
Seat 6: Dorex2007 folded before Flop (didn't bet)
Seat 7: nagaElf folded before Flop (didn't bet)
Seat 8: JEH1997 (button) folded before Flop (didn't bet)
Seat 9: Jezebota (small blind) folded before Flop



PokerStars Hand #225057811936:  Hold'em No Limit ($0.01/$0.02 USD) - 2021/03/21 15:32:34 PT [2021/03/21 18:32:34 ET]
Table 'Beljawskya IV' 9-max Seat #9 is the button
Seat 3: Patriotmp ($0.81 in chips) 
Seat 4: ItalianCaru ($1.84 in chips) 
Seat 5: mr_expert1 ($4.52 in chips) 
Seat 6: Dorex2007 ($2 in chips) 
Seat 7: nagaElf ($2.47 in chips) 
Seat 8: JEH1997 ($2 in chips) 
Seat 9: Jezebota ($1.97 in chips) 
Patriotmp: posts small blind $0.01
ItalianCaru: posts big blind $0.02
*** HOLE CARDS ***
Dealt to Dorex2007 [Ad 6c]
mr_expert1: folds 
Dorex2007: folds 
nagaElf: folds 
JEH1997: folds 
Jezebota: folds 
Patriotmp: calls $0.01
ItalianCaru: checks 
*** FLOP *** [5h 7s Qh]
BenjaminSock joins the table at seat #1 
Patriotmp: checks 
ItalianCaru: checks 
*** TURN *** [5h 7s Qh] [3s]
strghttlkng joins the table at seat #2 
Patriotmp: checks 
ItalianCaru: bets $0.02
Patriotmp: calls $0.02
*** RIVER *** [5h 7s Qh 3s] [4s]
Patriotmp: checks 
ItalianCaru: bets $0.08
Patriotmp: folds 
Uncalled bet ($0.08) returned to ItalianCaru
ItalianCaru collected $0.08 from pot
*** SUMMARY ***
Total pot $0.08 | Rake $0 
Board [5h 7s Qh 3s 4s]
Seat 3: Patriotmp (small blind) folded on the River
Seat 4: ItalianCaru (big blind) collected ($0.08)
Seat 5: mr_expert1 folded before Flop (didn't bet)
Seat 6: Dorex2007 folded before Flop (didn't bet)
Seat 7: nagaElf folded before Flop (didn't bet)
Seat 8: JEH1997 folded before Flop (didn't bet)
Seat 9: Jezebota (button) folded before Flop (didn't bet)



PokerStars Hand #225057857279:  Hold'em No Limit ($0.01/$0.02 USD) - 2021/03/21 15:33:41 PT [2021/03/21 18:33:41 ET]
Table 'Beljawskya IV' 9-max Seat #3 is the button
Seat 1: BenjaminSock ($1.60 in chips) 
Seat 3: Patriotmp ($0.77 in chips) 
Seat 4: ItalianCaru ($1.88 in chips) 
Seat 5: mr_expert1 ($4.52 in chips) 
Seat 6: Dorex2007 ($2 in chips) 
Seat 7: nagaElf ($2.47 in chips) 
Seat 8: JEH1997 ($2 in chips) 
Seat 9: Jezebota ($1.97 in chips) 
ItalianCaru: posts small blind $0.01
mr_expert1: posts big blind $0.02
BenjaminSock: posts big blind $0.02
strghttlkng: sits out 
*** HOLE CARDS ***
Dealt to Dorex2007 [7d As]
Dorex2007 has timed out
Dorex2007: folds 
nagaElf: folds 
JEH1997: raises $0.02 to $0.04
Jezebota: folds 
BenjaminSock: folds 
Patriotmp: folds 
ItalianCaru: calls $0.03
mr_expert1: folds 
*** FLOP *** [5h 4c 7c]
ItalianCaru: bets $0.02
JEH1997: raises $0.06 to $0.08
ItalianCaru: calls $0.06
*** TURN *** [5h 4c 7c] [5c]
ItalianCaru: bets $0.27
JEH1997: folds 
Uncalled bet ($0.27) returned to ItalianCaru
ItalianCaru collected $0.27 from pot
*** SUMMARY ***
Total pot $0.28 | Rake $0.01 
Board [5h 4c 7c 5c]
Seat 1: BenjaminSock folded before Flop (didn't bet)
Seat 3: Patriotmp (button) folded before Flop (didn't bet)
Seat 4: ItalianCaru (small blind) collected ($0.27)
Seat 5: mr_expert1 (big blind) folded before Flop
Seat 6: Dorex2007 folded before Flop (didn't bet)
Seat 7: nagaElf folded before Flop (didn't bet)
Seat 8: JEH1997 folded on the Turn
Seat 9: Jezebota folded before Flop (didn't bet)



PokerStars Hand #225057903864:  Hold'em No Limit ($0.01/$0.02 USD) - 2021/03/21 15:34:51 PT [2021/03/21 18:34:51 ET]
Table 'Beljawskya IV' 9-max Seat #4 is the button
Seat 1: BenjaminSock ($1.58 in chips) 
Seat 3: Patriotmp ($0.77 in chips) 
Seat 4: ItalianCaru ($2.03 in chips) 
Seat 5: mr_expert1 ($4.50 in chips) 
Seat 6: Dorex2007 ($2 in chips) 
Seat 7: nagaElf ($2.47 in chips) 
Seat 8: JEH1997 ($2 in chips) 
Seat 9: Jezebota ($1.97 in chips) 
mr_expert1: posts small blind $0.01
Dorex2007: posts big blind $0.02
strghttlkng: sits out 
*** HOLE CARDS ***
Dealt to Dorex2007 [Kd Qs]
nagaElf: folds 
JEH1997: folds 
Jezebota: folds 
BenjaminSock: folds 
Patriotmp: calls $0.02
ItalianCaru has timed out
ItalianCaru: folds 
mr_expert1: folds 
Dorex2007: checks 
*** FLOP *** [9s 6d 7d]
Dorex2007: checks 
Patriotmp: bets $0.02
Dorex2007: calls $0.02
*** TURN *** [9s 6d 7d] [4s]
Dorex2007: checks 
Patriotmp: bets $0.02
Dorex2007: calls $0.02
*** RIVER *** [9s 6d 7d 4s] [8s]
Dorex2007: checks 
Patriotmp: bets $0.02
Dorex2007: folds 
Uncalled bet ($0.02) returned to Patriotmp
Patriotmp collected $0.13 from pot
Patriotmp: doesn't show hand 
*** SUMMARY ***
Total pot $0.13 | Rake $0 
Board [9s 6d 7d 4s 8s]
Seat 1: BenjaminSock folded before Flop (didn't bet)
Seat 3: Patriotmp collected ($0.13)
Seat 4: ItalianCaru (button) folded before Flop (didn't bet)
Seat 5: mr_expert1 (small blind) folded before Flop
Seat 6: Dorex2007 (big blind) folded on the River
Seat 7: nagaElf folded before Flop (didn't bet)
Seat 8: JEH1997 folded before Flop (didn't bet)
Seat 9: Jezebota folded before Flop (didn't bet)



PokerStars Hand #225057954189:  Hold'em No Limit ($0.01/$0.02 USD) - 2021/03/21 15:35:53 PT [2021/03/21 18:35:53 ET]
Table 'Beljawskya IV' 9-max Seat #5 is the button
Seat 1: BenjaminSock ($1.58 in chips) 
Seat 3: Patriotmp ($0.84 in chips) 
Seat 4: ItalianCaru ($2.03 in chips) 
Seat 5: mr_expert1 ($4.49 in chips) 
Seat 6: Dorex2007 ($1.94 in chips) 
Seat 7: nagaElf ($2.47 in chips) 
Seat 8: JEH1997 ($2 in chips) 
Seat 9: Jezebota ($1.97 in chips) 
Dorex2007: posts small blind $0.01
nagaElf: posts big blind $0.02
strghttlkng: sits out 
*** HOLE CARDS ***
Dealt to Dorex2007 [Jc 2s]
JEH1997: folds 
Jezebota: raises $0.04 to $0.06
BenjaminSock: folds 
Patriotmp: calls $0.06
ItalianCaru: calls $0.06
mr_expert1: folds 
Dorex2007: folds 
nagaElf: folds 
*** FLOP *** [Ah 8c Kd]
Jezebota: checks 
Patriotmp: checks 
ItalianCaru: checks 
*** TURN *** [Ah 8c Kd] [Td]
Jezebota: checks 
Patriotmp: checks 
ItalianCaru: checks 
*** RIVER *** [Ah 8c Kd Td] [Kh]
Jezebota: checks 
Patriotmp: checks 
ItalianCaru: checks 
*** SHOW DOWN ***
Jezebota: shows [7s 7c] (two pair, Kings and Sevens)
Patriotmp: mucks hand 
ItalianCaru: shows [3s 8s] (two pair, Kings and Eights)
ItalianCaru collected $0.20 from pot
*** SUMMARY ***
Total pot $0.21 | Rake $0.01 
Board [Ah 8c Kd Td Kh]
Seat 1: BenjaminSock folded before Flop (didn't bet)
Seat 3: Patriotmp mucked [Jd 5d]
Seat 4: ItalianCaru showed [3s 8s] and won ($0.20) with two pair, Kings and Eights
Seat 5: mr_expert1 (button) folded before Flop (didn't bet)
Seat 6: Dorex2007 (small blind) folded before Flop
Seat 7: nagaElf (big blind) folded before Flop
Seat 8: JEH1997 folded before Flop (didn't bet)
Seat 9: Jezebota showed [7s 7c] and lost with two pair, Kings and Sevens



PokerStars Hand #225057994932:  Hold'em No Limit ($0.01/$0.02 USD) - 2021/03/21 15:36:48 PT [2021/03/21 18:36:48 ET]
Table 'Beljawskya IV' 9-max Seat #6 is the button
Seat 1: BenjaminSock ($1.58 in chips) 
Seat 3: Patriotmp ($0.78 in chips) 
Seat 4: ItalianCaru ($2.17 in chips) 
Seat 5: mr_expert1 ($4.49 in chips) 
Seat 6: Dorex2007 ($1.93 in chips) 
Seat 7: nagaElf ($2.45 in chips) 
Seat 8: JEH1997 ($2 in chips) 
Seat 9: Jezebota ($1.91 in chips) 
nagaElf: posts small blind $0.01
JEH1997: posts big blind $0.02
strghttlkng: sits out 
*** HOLE CARDS ***
Dealt to Dorex2007 [9s Jd]
Jezebota: folds 
BenjaminSock: calls $0.02
Patriotmp: calls $0.02
ItalianCaru: calls $0.02
mr_expert1: folds 
Dorex2007: folds 
nagaElf: calls $0.01
JEH1997: checks 
*** FLOP *** [9d Qh 9h]
nagaElf: bets $0.06
JEH1997: folds 
BenjaminSock: calls $0.06
Patriotmp: calls $0.06
ItalianCaru: folds 
*** TURN *** [9d Qh 9h] [Kh]
nagaElf: checks 
BenjaminSock: checks 
Patriotmp: checks 
*** RIVER *** [9d Qh 9h Kh] [Ts]
nagaElf: bets $0.06
BenjaminSock: raises $0.06 to $0.12
Patriotmp: folds 
nagaElf: calls $0.06
*** SHOW DOWN ***
BenjaminSock: shows [Qd Qc] (a full house, Queens full of Nines)
nagaElf: mucks hand 
BenjaminSock collected $0.50 from pot
*** SUMMARY ***
Total pot $0.52 | Rake $0.02 
Board [9d Qh 9h Kh Ts]
Seat 1: BenjaminSock showed [Qd Qc] and won ($0.50) with a full house, Queens full of Nines
Seat 3: Patriotmp folded on the River
Seat 4: ItalianCaru folded on the Flop
Seat 5: mr_expert1 folded before Flop (didn't bet)
Seat 6: Dorex2007 (button) folded before Flop (didn't bet)
Seat 7: nagaElf (small blind) mucked [Qs Td]
Seat 8: JEH1997 (big blind) folded on the Flop
Seat 9: Jezebota folded before Flop (didn't bet)



PokerStars Hand #225058043793:  Hold'em No Limit ($0.01/$0.02 USD) - 2021/03/21 15:38:02 PT [2021/03/21 18:38:02 ET]
Table 'Beljawskya IV' 9-max Seat #7 is the button
Seat 1: BenjaminSock ($1.88 in chips) 
Seat 3: Patriotmp ($0.70 in chips) 
Seat 4: ItalianCaru ($2.15 in chips) 
Seat 5: mr_expert1 ($4.49 in chips) 
Seat 6: Dorex2007 ($1.93 in chips) 
Seat 7: nagaElf ($2.25 in chips) 
Seat 8: JEH1997 ($2 in chips) 
Seat 9: Jezebota ($1.91 in chips) 
JEH1997: posts small blind $0.01
Jezebota: posts big blind $0.02
strghttlkng: sits out 
*** HOLE CARDS ***
Dealt to Dorex2007 [7s Th]
BenjaminSock: calls $0.02
Patriotmp: calls $0.02
ItalianCaru: calls $0.02
mr_expert1: folds 
Dorex2007: folds 
nagaElf: raises $0.02 to $0.04
JEH1997: folds 
Jezebota: calls $0.02
BenjaminSock: calls $0.02
Patriotmp: calls $0.02
ItalianCaru: calls $0.02
*** FLOP *** [5s Tc 2s]
Jezebota: checks 
BenjaminSock: checks 
Patriotmp: checks 
ItalianCaru: checks 
nagaElf: bets $0.10
Jezebota: folds 
BenjaminSock: calls $0.10
Patriotmp: calls $0.10
ItalianCaru: calls $0.10
*** TURN *** [5s Tc 2s] [Kh]
BenjaminSock: checks 
Patriotmp: checks 
ItalianCaru: checks 
nagaElf: checks 
*** RIVER *** [5s Tc 2s Kh] [Ac]
BenjaminSock: bets $0.30
Patriotmp: calls $0.30
ItalianCaru: folds 
nagaElf: folds 
*** SHOW DOWN ***
BenjaminSock: shows [Ah 5c] (two pair, Aces and Fives)
Patriotmp: mucks hand 
BenjaminSock collected $1.17 from pot
*** SUMMARY ***
Total pot $1.21 | Rake $0.04 
Board [5s Tc 2s Kh Ac]
Seat 1: BenjaminSock showed [Ah 5c] and won ($1.17) with two pair, Aces and Fives
Seat 3: Patriotmp mucked [4s Ts]
Seat 4: ItalianCaru folded on the River
Seat 5: mr_expert1 folded before Flop (didn't bet)
Seat 6: Dorex2007 folded before Flop (didn't bet)
Seat 7: nagaElf (button) folded on the River
Seat 8: JEH1997 (small blind) folded before Flop
Seat 9: Jezebota (big blind) folded on the Flop



PokerStars Hand #225058103291:  Hold'em No Limit ($0.01/$0.02 USD) - 2021/03/21 15:39:33 PT [2021/03/21 18:39:33 ET]
Table 'Beljawskya IV' 9-max Seat #8 is the button
Seat 1: BenjaminSock ($2.61 in chips) 
Seat 3: Patriotmp ($0.26 in chips) 
Seat 4: ItalianCaru ($2.01 in chips) 
Seat 5: mr_expert1 ($4.49 in chips) 
Seat 6: Dorex2007 ($1.93 in chips) 
Seat 7: nagaElf ($2.11 in chips) 
Seat 8: JEH1997 ($2 in chips) 
Seat 9: Jezebota ($1.87 in chips) 
Jezebota: posts small blind $0.01
BenjaminSock: posts big blind $0.02
strghttlkng: sits out 
*** HOLE CARDS ***
Dealt to Dorex2007 [3d 3s]
Patriotmp: calls $0.02
ItalianCaru: calls $0.02
mr_expert1: folds 
Dorex2007: folds 
nagaElf: folds 
JEH1997: folds 
Jezebota: calls $0.01
BenjaminSock: checks 
*** FLOP *** [9c 6h Jc]
Jezebota: checks 
BenjaminSock: bets $0.04
Patriotmp: calls $0.04
ItalianCaru: calls $0.04
Jezebota: calls $0.04
*** TURN *** [9c 6h Jc] [2h]
Jezebota: checks 
BenjaminSock: bets $0.12
Patriotmp: calls $0.12
ItalianCaru: calls $0.12
Jezebota: folds 
*** RIVER *** [9c 6h Jc 2h] [Ks]
BenjaminSock: checks 
Patriotmp: checks 
ItalianCaru: bets $0.29
BenjaminSock: folds 
Patriotmp: calls $0.08 and is all-in
Uncalled bet ($0.21) returned to ItalianCaru
*** SHOW DOWN ***
ItalianCaru: shows [Kh Td] (a pair of Kings)
Patriotmp: shows [Qh Kc] (a pair of Kings - Queen kicker)
Patriotmp collected $0.73 from pot
*** SUMMARY ***
Total pot $0.76 | Rake $0.03 
Board [9c 6h Jc 2h Ks]
Seat 1: BenjaminSock (big blind) folded on the River
Seat 3: Patriotmp showed [Qh Kc] and won ($0.73) with a pair of Kings
Seat 4: ItalianCaru showed [Kh Td] and lost with a pair of Kings
Seat 5: mr_expert1 folded before Flop (didn't bet)
Seat 6: Dorex2007 folded before Flop (didn't bet)
Seat 7: nagaElf folded before Flop (didn't bet)
Seat 8: JEH1997 (button) folded before Flop (didn't bet)
Seat 9: Jezebota (small blind) folded on the Turn



PokerStars Hand #225058183640:  Hold'em No Limit ($0.01/$0.02 USD) - 2021/03/21 15:41:31 PT [2021/03/21 18:41:31 ET]
Table 'Beljawskya IV' 9-max Seat #9 is the button
Seat 1: BenjaminSock ($2.43 in chips) 
Seat 2: strghttlkng ($2 in chips) 
Seat 3: Patriotmp ($0.73 in chips) 
Seat 4: ItalianCaru ($1.75 in chips) 
Seat 5: mr_expert1 ($4.49 in chips) 
Seat 6: Dorex2007 ($1.93 in chips) 
Seat 7: nagaElf ($2.11 in chips) 
Seat 8: JEH1997 ($2 in chips) 
Seat 9: Jezebota ($1.81 in chips) 
BenjaminSock: posts small blind $0.01
strghttlkng: posts big blind $0.02
*** HOLE CARDS ***
Dealt to Dorex2007 [8d 5c]
Patriotmp: calls $0.02
ItalianCaru: folds 
mr_expert1: folds 
Dorex2007: folds 
nagaElf: folds 
nagaElf leaves the table
JEH1997: folds 
Jezebota: folds 
BenjaminSock: calls $0.01
strghttlkng has timed out
strghttlkng: checks 
*** FLOP *** [Th Ts 9c]
BenjaminSock: checks 
strghttlkng: checks 
23bezdred23 joins the table at seat #7 
Patriotmp: checks 
*** TURN *** [Th Ts 9c] [2d]
BenjaminSock: checks 
strghttlkng: bets $0.04
Patriotmp: calls $0.04
BenjaminSock: folds 
*** RIVER *** [Th Ts 9c 2d] [8c]
strghttlkng: bets $0.10
Patriotmp: calls $0.10
*** SHOW DOWN ***
strghttlkng: shows [4s 3s] (a pair of Tens)
Patriotmp: shows [8h 9s] (two pair, Tens and Nines)
Patriotmp collected $0.33 from pot
*** SUMMARY ***
Total pot $0.34 | Rake $0.01 
Board [Th Ts 9c 2d 8c]
Seat 1: BenjaminSock (small blind) folded on the Turn
Seat 2: strghttlkng (big blind) showed [4s 3s] and lost with a pair of Tens
Seat 3: Patriotmp showed [8h 9s] and won ($0.33) with two pair, Tens and Nines
Seat 4: ItalianCaru folded before Flop (didn't bet)
Seat 5: mr_expert1 folded before Flop (didn't bet)
Seat 6: Dorex2007 folded before Flop (didn't bet)
Seat 7: nagaElf folded before Flop (didn't bet)
Seat 8: JEH1997 folded before Flop (didn't bet)
Seat 9: Jezebota (button) folded before Flop (didn't bet)



PokerStars Hand #225058249420:  Hold'em No Limit ($0.01/$0.02 USD) - 2021/03/21 15:43:14 PT [2021/03/21 18:43:14 ET]
Table 'Beljawskya IV' 9-max Seat #1 is the button
Seat 1: BenjaminSock ($2.41 in chips) 
Seat 2: strghttlkng ($1.84 in chips) 
Seat 3: Patriotmp ($0.90 in chips) 
Seat 4: ItalianCaru ($1.75 in chips) 
Seat 5: mr_expert1 ($4.49 in chips) 
Seat 6: Dorex2007 ($1.93 in chips) 
Seat 8: JEH1997 ($2 in chips) 
Seat 9: Jezebota ($1.81 in chips) 
strghttlkng: posts small blind $0.01
Patriotmp: posts big blind $0.02
23bezdred23: sits out 
*** HOLE CARDS ***
Dealt to Dorex2007 [Qd 6h]
ItalianCaru has timed out
ItalianCaru: folds 
23bezdred23 leaves the table
mr_expert1: folds 
Dorex2007: folds 
JEH1997 has timed out
JEH1997: folds 
Jezebota: folds 
BenjaminSock: calls $0.02
strghttlkng: folds 
Patriotmp: checks 
*** FLOP *** [3c 4h 7h]
Patriotmp: checks 
BenjaminSock: checks 
*** TURN *** [3c 4h 7h] [2c]
Patriotmp: checks 
BenjaminSock: checks 
*** RIVER *** [3c 4h 7h 2c] [5d]
Patriotmp: checks 
BenjaminSock: checks 
*** SHOW DOWN ***
Patriotmp: shows [8c Qc] (high card Queen)
BenjaminSock: shows [Ks 7c] (a pair of Sevens)
BenjaminSock collected $0.05 from pot
*** SUMMARY ***
Total pot $0.05 | Rake $0 
Board [3c 4h 7h 2c 5d]
Seat 1: BenjaminSock (button) showed [Ks 7c] and won ($0.05) with a pair of Sevens
Seat 2: strghttlkng (small blind) folded before Flop
Seat 3: Patriotmp (big blind) showed [8c Qc] and lost with high card Queen
Seat 4: ItalianCaru folded before Flop (didn't bet)
Seat 5: mr_expert1 folded before Flop (didn't bet)
Seat 6: Dorex2007 folded before Flop (didn't bet)
Seat 8: JEH1997 folded before Flop (didn't bet)
Seat 9: Jezebota folded before Flop (didn't bet)



PokerStars Hand #225058284074:  Hold'em No Limit ($0.01/$0.02 USD) - 2021/03/21 15:44:08 PT [2021/03/21 18:44:08 ET]
Table 'Beljawskya IV' 9-max Seat #2 is the button
Seat 1: BenjaminSock ($2.44 in chips) 
Seat 2: strghttlkng ($1.83 in chips) 
Seat 3: Patriotmp ($0.88 in chips) 
Seat 4: ItalianCaru ($1.75 in chips) 
Seat 5: mr_expert1 ($4.49 in chips) 
Seat 6: Dorex2007 ($1.93 in chips) 
Seat 8: JEH1997 ($2 in chips) 
Seat 9: Jezebota ($1.81 in chips) 
Patriotmp: posts small blind $0.01
ItalianCaru: posts big blind $0.02
*** HOLE CARDS ***
Dealt to Dorex2007 [5d 6h]
mr_expert1: calls $0.02
Dorex2007: folds 
JEH1997: folds 
Jezebota: folds 
Redmag666 joins the table at seat #7 
BenjaminSock: calls $0.02
strghttlkng: folds 
Patriotmp: calls $0.01
ItalianCaru: checks 
*** FLOP *** [9h Qs 8s]
Patriotmp: checks 
ItalianCaru: bets $0.04
mr_expert1: folds 
BenjaminSock: calls $0.04
Patriotmp: calls $0.04
*** TURN *** [9h Qs 8s] [Qd]
Patriotmp: checks 
ItalianCaru: bets $0.10
BenjaminSock: calls $0.10
Patriotmp: calls $0.10
*** RIVER *** [9h Qs 8s Qd] [9s]
Patriotmp: checks 
ItalianCaru: bets $0.24
BenjaminSock: calls $0.24
Patriotmp: folds 
*** SHOW DOWN ***
ItalianCaru: shows [7c Jd] (two pair, Queens and Nines)
BenjaminSock: shows [9c Kc] (a full house, Nines full of Queens)
BenjaminSock collected $0.95 from pot
*** SUMMARY ***
Total pot $0.98 | Rake $0.03 
Board [9h Qs 8s Qd 9s]
Seat 1: BenjaminSock showed [9c Kc] and won ($0.95) with a full house, Nines full of Queens
Seat 2: strghttlkng (button) folded before Flop (didn't bet)
Seat 3: Patriotmp (small blind) folded on the River
Seat 4: ItalianCaru (big blind) showed [7c Jd] and lost with two pair, Queens and Nines
Seat 5: mr_expert1 folded on the Flop
Seat 6: Dorex2007 folded before Flop (didn't bet)
Seat 8: JEH1997 folded before Flop (didn't bet)
Seat 9: Jezebota folded before Flop (didn't bet)



PokerStars Hand #225058330535:  Hold'em No Limit ($0.01/$0.02 USD) - 2021/03/21 15:45:21 PT [2021/03/21 18:45:21 ET]
Table 'Beljawskya IV' 9-max Seat #3 is the button
Seat 1: BenjaminSock ($2.99 in chips) 
Seat 2: strghttlkng ($1.83 in chips) 
Seat 3: Patriotmp ($0.72 in chips) 
Seat 4: ItalianCaru ($1.35 in chips) 
Seat 5: mr_expert1 ($4.47 in chips) 
Seat 6: Dorex2007 ($1.93 in chips) 
Seat 8: JEH1997 ($2 in chips) 
Seat 9: Jezebota ($1.81 in chips) 
ItalianCaru: posts small blind $0.01
mr_expert1: posts big blind $0.02
Redmag666: sits out 
*** HOLE CARDS ***
Dealt to Dorex2007 [Qc 6d]
Dorex2007 has timed out
Dorex2007: folds 
JEH1997: folds 
Jezebota: raises $0.04 to $0.06
BenjaminSock: folds 
strghttlkng: raises $0.08 to $0.14
Patriotmp: folds 
ItalianCaru: folds 
mr_expert1: folds 
Jezebota: calls $0.08
*** FLOP *** [8s Th Ac]
Jezebota: checks 
strghttlkng: bets $0.10
Jezebota: calls $0.10
*** TURN *** [8s Th Ac] [Jh]
Jezebota: checks 
strghttlkng: bets $0.20
Jezebota: raises $0.67 to $0.87
strghttlkng: calls $0.67
*** RIVER *** [8s Th Ac Jh] [7d]
Jezebota: bets $0.70 and is all-in
strghttlkng: calls $0.70
*** SHOW DOWN ***
Jezebota: shows [As Qd] (a pair of Aces)
strghttlkng: shows [Kh Ad] (a pair of Aces - King kicker)
strghttlkng collected $3.52 from pot
*** SUMMARY ***
Total pot $3.65 | Rake $0.13 
Board [8s Th Ac Jh 7d]
Seat 1: BenjaminSock folded before Flop (didn't bet)
Seat 2: strghttlkng showed [Kh Ad] and won ($3.52) with a pair of Aces
Seat 3: Patriotmp (button) folded before Flop (didn't bet)
Seat 4: ItalianCaru (small blind) folded before Flop
Seat 5: mr_expert1 (big blind) folded before Flop
Seat 6: Dorex2007 folded before Flop (didn't bet)
Seat 8: JEH1997 folded before Flop (didn't bet)
Seat 9: Jezebota showed [As Qd] and lost with a pair of Aces



PokerStars Hand #225058389881:  Hold'em No Limit ($0.01/$0.02 USD) - 2021/03/21 15:46:46 PT [2021/03/21 18:46:46 ET]
Table 'Beljawskya IV' 9-max Seat #4 is the button
Seat 1: BenjaminSock ($2.99 in chips) 
Seat 2: strghttlkng ($3.54 in chips) 
Seat 3: Patriotmp ($0.72 in chips) 
Seat 4: ItalianCaru ($1.34 in chips) 
Seat 5: mr_expert1 ($4.45 in chips) 
Seat 6: Dorex2007 ($1.93 in chips) 
Seat 8: JEH1997 ($2 in chips) 
mr_expert1: posts small blind $0.01
Dorex2007: posts big blind $0.02
Redmag666: sits out 
*** HOLE CARDS ***
Dealt to Dorex2007 [Qc 6h]
JEH1997: folds 
BenjaminSock: folds 
Jezebota leaves the table
strghttlkng: raises $0.04 to $0.06
Cnopic666 joins the table at seat #9 
Patriotmp: calls $0.06
ItalianCaru has timed out
ItalianCaru: folds 
mr_expert1: calls $0.05
Dorex2007: calls $0.04
*** FLOP *** [8h Qh 3d]
mr_expert1: checks 
Dorex2007: checks 
strghttlkng: checks 
Patriotmp: checks 
*** TURN *** [8h Qh 3d] [Th]
mr_expert1: checks 
Dorex2007: checks 
strghttlkng: checks 
Patriotmp: checks 
*** RIVER *** [8h Qh 3d Th] [2h]
mr_expert1: checks 
Dorex2007: checks 
strghttlkng: checks 
Patriotmp: bets $0.11
mr_expert1: folds 
Dorex2007: calls $0.11
strghttlkng: folds 
*** SHOW DOWN ***
Patriotmp: shows [Ad Kh] (a flush, King high)
Dorex2007: mucks hand 
Patriotmp collected $0.44 from pot
*** SUMMARY ***
Total pot $0.46 | Rake $0.02 
Board [8h Qh 3d Th 2h]
Seat 1: BenjaminSock folded before Flop (didn't bet)
Seat 2: strghttlkng folded on the River
Seat 3: Patriotmp showed [Ad Kh] and won ($0.44) with a flush, King high
Seat 4: ItalianCaru (button) folded before Flop (didn't bet)
Seat 5: mr_expert1 (small blind) folded on the River
Seat 6: Dorex2007 (big blind) mucked [Qc 6h]
Seat 8: JEH1997 folded before Flop (didn't bet)



PokerStars Hand #225058455012:  Hold'em No Limit ($0.01/$0.02 USD) - 2021/03/21 15:48:29 PT [2021/03/21 18:48:29 ET]
Table 'Beljawskya IV' 9-max Seat #5 is the button
Seat 1: BenjaminSock ($2.99 in chips) 
Seat 2: strghttlkng ($3.48 in chips) 
Seat 3: Patriotmp ($0.99 in chips) 
Seat 4: ItalianCaru ($1.34 in chips) 
Seat 5: mr_expert1 ($4.39 in chips) 
Seat 6: Dorex2007 ($1.76 in chips) 
Seat 7: Redmag666 ($2 in chips) 
Seat 8: JEH1997 ($2 in chips) 
Dorex2007: posts small blind $0.01
Redmag666: posts big blind $0.02
Cnopic666: sits out 
*** HOLE CARDS ***
Dealt to Dorex2007 [6h Qs]
JEH1997: folds 
BenjaminSock: calls $0.02
strghttlkng: folds 
Patriotmp: calls $0.02
ItalianCaru has timed out
ItalianCaru: folds 
mr_expert1: folds 
Dorex2007: folds 
Redmag666: checks 
*** FLOP *** [6c 4d 2d]
Redmag666: checks 
BenjaminSock: checks 
Patriotmp: checks 
*** TURN *** [6c 4d 2d] [8c]
Redmag666: bets $0.06
BenjaminSock: folds 
Patriotmp: calls $0.06
*** RIVER *** [6c 4d 2d 8c] [Ah]
Redmag666: bets $0.14
Patriotmp: folds 
Uncalled bet ($0.14) returned to Redmag666
Redmag666 collected $0.18 from pot
Redmag666: doesn't show hand 
*** SUMMARY ***
Total pot $0.19 | Rake $0.01 
Board [6c 4d 2d 8c Ah]
Seat 1: BenjaminSock folded on the Turn
Seat 2: strghttlkng folded before Flop (didn't bet)
Seat 3: Patriotmp folded on the River
Seat 4: ItalianCaru folded before Flop (didn't bet)
Seat 5: mr_expert1 (button) folded before Flop (didn't bet)
Seat 6: Dorex2007 (small blind) folded before Flop
Seat 7: Redmag666 (big blind) collected ($0.18)
Seat 8: JEH1997 folded before Flop (didn't bet)



PokerStars Hand #225058648177:  Hold'em No Limit ($0.01/$0.02 USD) - 2021/03/21 15:53:47 PT [2021/03/21 18:53:47 ET]
Table 'Beljawskya IV' 9-max Seat #2 is the button
Seat 1: BenjaminSock ($2.90 in chips) 
Seat 2: strghttlkng ($3.16 in chips) 
Seat 3: Patriotmp ($0.19 in chips) 
Seat 4: ItalianCaru ($1.34 in chips) 
Seat 5: mr_expert1 ($4.70 in chips) 
Seat 6: Dorex2007 ($1.75 in chips) 
Seat 7: Redmag666 ($2.32 in chips) 
Seat 8: troyano422 ($2.05 in chips) 
Seat 9: Cnopic666 ($1.92 in chips) 
Patriotmp: posts small blind $0.01
ItalianCaru: posts big blind $0.02
*** HOLE CARDS ***
Dealt to Dorex2007 [2h 7h]
mr_expert1: raises $0.02 to $0.04
Dorex2007: folds 
Redmag666: folds 
troyano422: folds 
Cnopic666: folds 
BenjaminSock: calls $0.04
strghttlkng: calls $0.04
Patriotmp: raises $0.02 to $0.06
ItalianCaru: folds 
mr_expert1: calls $0.02
BenjaminSock: calls $0.02
strghttlkng: calls $0.02
*** FLOP *** [5h Js Qs]
Patriotmp: bets $0.13 and is all-in
mr_expert1: calls $0.13
BenjaminSock: calls $0.13
strghttlkng: folds 
*** TURN *** [5h Js Qs] [Qd]
mr_expert1: checks 
BenjaminSock: checks 
*** RIVER *** [5h Js Qs Qd] [5c]
mr_expert1: checks 
BenjaminSock: checks 
*** SHOW DOWN ***
Patriotmp: shows [Ac Kc] (two pair, Queens and Fives)
mr_expert1: shows [Td As] (two pair, Queens and Fives)
BenjaminSock: shows [Jh Tc] (two pair, Queens and Jacks)
BenjaminSock collected $0.63 from pot
*** SUMMARY ***
Total pot $0.65 | Rake $0.02 
Board [5h Js Qs Qd 5c]
Seat 1: BenjaminSock showed [Jh Tc] and won ($0.63) with two pair, Queens and Jacks
Seat 2: strghttlkng (button) folded on the Flop
Seat 3: Patriotmp (small blind) showed [Ac Kc] and lost with two pair, Queens and Fives
Seat 4: ItalianCaru (big blind) folded before Flop
Seat 5: mr_expert1 showed [Td As] and lost with two pair, Queens and Fives
Seat 6: Dorex2007 folded before Flop (didn't bet)
Seat 7: Redmag666 folded before Flop (didn't bet)
Seat 8: troyano422 folded before Flop (didn't bet)
Seat 9: Cnopic666 folded before Flop (didn't bet)



PokerStars Hand #225058712677:  Hold'em No Limit ($0.01/$0.02 USD) - 2021/03/21 15:55:49 PT [2021/03/21 18:55:49 ET]
Table 'Beljawskya IV' 9-max Seat #4 is the button
Seat 1: BenjaminSock ($3.34 in chips) 
Seat 2: strghttlkng ($3.10 in chips) 
Seat 4: ItalianCaru ($1.32 in chips) 
Seat 5: mr_expert1 ($4.51 in chips) 
Seat 6: Dorex2007 ($1.75 in chips) 
Seat 7: Redmag666 ($2.32 in chips) 
Seat 8: troyano422 ($2.05 in chips) 
Seat 9: Cnopic666 ($1.92 in chips) 
mr_expert1: posts small blind $0.01
Dorex2007: posts big blind $0.02
*** HOLE CARDS ***
Dealt to Dorex2007 [Tc Qs]
Redmag666: folds 
troyano422: folds 
Cnopic666: calls $0.02
BenjaminSock: calls $0.02
strghttlkng: folds 
ItalianCaru: calls $0.02
mr_expert1: folds 
Dorex2007: checks 
*** FLOP *** [7s Kh 5c]
Dorex2007: checks 
Cnopic666: checks 
Patriotmp leaves the table
BenjaminSock: bets $0.05
ItalianCaru: folds 
Dorex2007: folds 
Cnopic666: calls $0.05
*** TURN *** [7s Kh 5c] [Jh]
kingmets joins the table at seat #3 
Cnopic666: checks 
BenjaminSock: bets $0.09
Cnopic666: calls $0.09
*** RIVER *** [7s Kh 5c Jh] [9d]
Cnopic666: checks 
BenjaminSock: checks 
*** SHOW DOWN ***
Cnopic666: shows [3s 4s] (high card King)
BenjaminSock: shows [7c 8c] (a pair of Sevens)
BenjaminSock collected $0.36 from pot
*** SUMMARY ***
Total pot $0.37 | Rake $0.01 
Board [7s Kh 5c Jh 9d]
Seat 1: BenjaminSock showed [7c 8c] and won ($0.36) with a pair of Sevens
Seat 2: strghttlkng folded before Flop (didn't bet)
Seat 4: ItalianCaru (button) folded on the Flop
Seat 5: mr_expert1 (small blind) folded before Flop
Seat 6: Dorex2007 (big blind) folded on the Flop
Seat 7: Redmag666 folded before Flop (didn't bet)
Seat 8: troyano422 folded before Flop (didn't bet)
Seat 9: Cnopic666 showed [3s 4s] and lost with high card King



PokerStars Hand #225058745229:  Hold'em No Limit ($0.01/$0.02 USD) - 2021/03/21 15:57:03 PT [2021/03/21 18:57:03 ET]
Table 'Beljawskya IV' 9-max Seat #5 is the button
Seat 1: BenjaminSock ($3.54 in chips) 
Seat 2: strghttlkng ($3.10 in chips) 
Seat 3: kingmets ($0.80 in chips) 
Seat 4: ItalianCaru ($1.30 in chips) 
Seat 5: mr_expert1 ($4.50 in chips) 
Seat 6: Dorex2007 ($1.73 in chips) 
Seat 7: Redmag666 ($2.32 in chips) 
Seat 8: troyano422 ($2.05 in chips) 
Seat 9: Cnopic666 ($1.76 in chips) 
Dorex2007: posts small blind $0.01
Redmag666: posts big blind $0.02
kingmets: posts big blind $0.02
*** HOLE CARDS ***
Dealt to Dorex2007 [5d 7h]
troyano422: calls $0.02
Cnopic666: folds 
BenjaminSock: folds 
strghttlkng: folds 
kingmets: checks 
ItalianCaru: calls $0.02
mr_expert1: calls $0.02
Dorex2007: calls $0.01
Redmag666: checks 
*** FLOP *** [5s 2c Th]
Dorex2007: checks 
Redmag666: checks 
troyano422: bets $0.06
kingmets: folds 
ItalianCaru: calls $0.06
mr_expert1: folds 
Dorex2007: folds 
Redmag666: folds 
*** TURN *** [5s 2c Th] [Jd]
troyano422: bets $0.06
ItalianCaru: calls $0.06
*** RIVER *** [5s 2c Th Jd] [3c]
troyano422: checks 
ItalianCaru: bets $0.18
troyano422: folds 
Uncalled bet ($0.18) returned to ItalianCaru
ItalianCaru collected $0.35 from pot
*** SUMMARY ***
Total pot $0.36 | Rake $0.01 
Board [5s 2c Th Jd 3c]
Seat 1: BenjaminSock folded before Flop (didn't bet)
Seat 2: strghttlkng folded before Flop (didn't bet)
Seat 3: kingmets folded on the Flop (didn't bet)
Seat 4: ItalianCaru collected ($0.35)
Seat 5: mr_expert1 (button) folded on the Flop
Seat 6: Dorex2007 (small blind) folded on the Flop
Seat 7: Redmag666 (big blind) folded on the Flop
Seat 8: troyano422 folded on the River
Seat 9: Cnopic666 folded before Flop (didn't bet)



PokerStars Hand #225058777615:  Hold'em No Limit ($0.01/$0.02 USD) - 2021/03/21 15:58:25 PT [2021/03/21 18:58:25 ET]
Table 'Beljawskya IV' 9-max Seat #6 is the button
Seat 1: BenjaminSock ($3.54 in chips) 
Seat 2: strghttlkng ($3.10 in chips) 
Seat 3: kingmets ($0.78 in chips) 
Seat 4: ItalianCaru ($1.51 in chips) 
Seat 5: mr_expert1 ($4.48 in chips) 
Seat 6: Dorex2007 ($1.71 in chips) 
Seat 7: Redmag666 ($2.30 in chips) 
Seat 8: troyano422 ($1.91 in chips) 
Redmag666: posts small blind $0.01
troyano422: posts big blind $0.02
*** HOLE CARDS ***
Dealt to Dorex2007 [5c Tc]
BenjaminSock: calls $0.02
strghttlkng: folds 
kingmets: folds 
ItalianCaru: calls $0.02
mr_expert1: folds 
Dorex2007: calls $0.02
Redmag666: folds 
troyano422: checks 
*** FLOP *** [5s 4h Kd]
troyano422: checks 
BenjaminSock: checks 
ItalianCaru: checks 
Dorex2007: checks 
*** TURN *** [5s 4h Kd] [Td]
troyano422: bets $0.05
BenjaminSock: calls $0.05
ItalianCaru: calls $0.05
Dorex2007: raises $0.11 to $0.16
troyano422: folds 
BenjaminSock: calls $0.11
ItalianCaru: folds 
*** RIVER *** [5s 4h Kd Td] [3c]
BenjaminSock: checks 
Dorex2007: checks 
*** SHOW DOWN ***
BenjaminSock: shows [Ah Jd] (high card Ace)
Dorex2007: shows [5c Tc] (two pair, Tens and Fives)
Dorex2007 collected $0.49 from pot
*** SUMMARY ***
Total pot $0.51 | Rake $0.02 
Board [5s 4h Kd Td 3c]
Seat 1: BenjaminSock showed [Ah Jd] and lost with high card Ace
Seat 2: strghttlkng folded before Flop (didn't bet)
Seat 3: kingmets folded before Flop (didn't bet)
Seat 4: ItalianCaru folded on the Turn
Seat 5: mr_expert1 folded before Flop (didn't bet)
Seat 6: Dorex2007 (button) showed [5c Tc] and won ($0.49) with two pair, Tens and Fives
Seat 7: Redmag666 (small blind) folded before Flop
Seat 8: troyano422 (big blind) folded on the Turn



PokerStars Hand #225058819777:  Hold'em No Limit ($0.01/$0.02 USD) - 2021/03/21 16:00:13 PT [2021/03/21 19:00:13 ET]
Table 'Beljawskya IV' 9-max Seat #7 is the button
Seat 1: BenjaminSock ($3.36 in chips) 
Seat 2: strghttlkng ($3.10 in chips) 
Seat 3: kingmets ($0.78 in chips) 
Seat 4: ItalianCaru ($1.44 in chips) 
Seat 5: mr_expert1 ($4.48 in chips) 
Seat 6: Dorex2007 ($2.02 in chips) 
Seat 7: Redmag666 ($2.29 in chips) 
Seat 8: troyano422 ($1.84 in chips) 
Seat 9: Cnopic666 ($1.76 in chips) 
troyano422: posts small blind $0.01
Cnopic666: posts big blind $0.02
*** HOLE CARDS ***
Dealt to Dorex2007 [9d 2h]
BenjaminSock: folds 
strghttlkng: folds 
kingmets: raises $0.02 to $0.04
ItalianCaru: calls $0.04
mr_expert1: folds 
Dorex2007 has timed out
Dorex2007: folds 
Redmag666: folds 
troyano422: folds 
Cnopic666: folds 
*** FLOP *** [6c Jh 6h]
kingmets: bets $0.10
ItalianCaru: calls $0.10
*** TURN *** [6c Jh 6h] [9s]
kingmets: bets $0.02
ItalianCaru: raises $0.02 to $0.04
kingmets: raises $0.02 to $0.06
ItalianCaru: calls $0.02
*** RIVER *** [6c Jh 6h 9s] [Ad]
kingmets: bets $0.58 and is all-in
ItalianCaru: folds 
Uncalled bet ($0.58) returned to kingmets
kingmets collected $0.41 from pot
kingmets: doesn't show hand 
*** SUMMARY ***
Total pot $0.43 | Rake $0.02 
Board [6c Jh 6h 9s Ad]
Seat 1: BenjaminSock folded before Flop (didn't bet)
Seat 2: strghttlkng folded before Flop (didn't bet)
Seat 3: kingmets collected ($0.41)
Seat 4: ItalianCaru folded on the River
Seat 5: mr_expert1 folded before Flop (didn't bet)
Seat 6: Dorex2007 folded before Flop (didn't bet)
Seat 7: Redmag666 (button) folded before Flop (didn't bet)
Seat 8: troyano422 (small blind) folded before Flop
Seat 9: Cnopic666 (big blind) folded before Flop



PokerStars Hand #225058878263:  Hold'em No Limit ($0.01/$0.02 USD) - 2021/03/21 16:01:42 PT [2021/03/21 19:01:42 ET]
Table 'Beljawskya IV' 9-max Seat #8 is the button
Seat 1: BenjaminSock ($3.36 in chips) 
Seat 2: strghttlkng ($3.10 in chips) 
Seat 3: kingmets ($0.99 in chips) 
Seat 4: ItalianCaru ($1.24 in chips) 
Seat 5: mr_expert1 ($4.48 in chips) 
Seat 6: Dorex2007 ($2.02 in chips) 
Seat 7: Redmag666 ($2.29 in chips) 
Seat 8: troyano422 ($1.83 in chips) 
Seat 9: Cnopic666 ($1.74 in chips) 
Cnopic666: posts small blind $0.01
BenjaminSock: posts big blind $0.02
*** HOLE CARDS ***
Dealt to Dorex2007 [3d Js]
strghttlkng: folds 
kingmets: folds 
ItalianCaru: folds 
mr_expert1: folds 
Dorex2007: folds 
Redmag666: raises $0.04 to $0.06
troyano422: folds 
Cnopic666: raises $0.12 to $0.18
BenjaminSock: folds 
Redmag666: folds 
Uncalled bet ($0.12) returned to Cnopic666
Cnopic666 collected $0.14 from pot
Cnopic666: doesn't show hand 
*** SUMMARY ***
Total pot $0.14 | Rake $0 
Seat 1: BenjaminSock (big blind) folded before Flop
Seat 2: strghttlkng folded before Flop (didn't bet)
Seat 3: kingmets folded before Flop (didn't bet)
Seat 4: ItalianCaru folded before Flop (didn't bet)
Seat 5: mr_expert1 folded before Flop (didn't bet)
Seat 6: Dorex2007 folded before Flop (didn't bet)
Seat 7: Redmag666 folded before Flop
Seat 8: troyano422 (button) folded before Flop (didn't bet)
Seat 9: Cnopic666 (small blind) collected ($0.14)



PokerStars Hand #225058893257:  Hold'em No Limit ($0.01/$0.02 USD) - 2021/03/21 16:02:10 PT [2021/03/21 19:02:10 ET]
Table 'Beljawskya IV' 9-max Seat #9 is the button
Seat 1: BenjaminSock ($3.34 in chips) 
Seat 2: strghttlkng ($3.10 in chips) 
Seat 3: kingmets ($0.99 in chips) 
Seat 4: ItalianCaru ($1.24 in chips) 
Seat 5: mr_expert1 ($4.48 in chips) 
Seat 6: Dorex2007 ($2.02 in chips) 
Seat 7: Redmag666 ($2.23 in chips) 
Seat 8: troyano422 ($1.83 in chips) 
Seat 9: Cnopic666 ($1.82 in chips) 
BenjaminSock: posts small blind $0.01
strghttlkng: posts big blind $0.02
*** HOLE CARDS ***
Dealt to Dorex2007 [Ah 3d]
kingmets: folds 
ItalianCaru has timed out
ItalianCaru: folds 
mr_expert1: folds 
Dorex2007: folds 
Redmag666: folds 
troyano422: folds 
Cnopic666: folds 
BenjaminSock: calls $0.01
strghttlkng: raises $0.06 to $0.08
BenjaminSock: calls $0.06
*** FLOP *** [3h 7s 8h]
BenjaminSock: checks 
strghttlkng: bets $0.10
BenjaminSock: folds 
Uncalled bet ($0.10) returned to strghttlkng
strghttlkng collected $0.15 from pot
*** SUMMARY ***
Total pot $0.16 | Rake $0.01 
Board [3h 7s 8h]
Seat 1: BenjaminSock (small blind) folded on the Flop
Seat 2: strghttlkng (big blind) collected ($0.15)
Seat 3: kingmets folded before Flop (didn't bet)
Seat 4: ItalianCaru folded before Flop (didn't bet)
Seat 5: mr_expert1 folded before Flop (didn't bet)
Seat 6: Dorex2007 folded before Flop (didn't bet)
Seat 7: Redmag666 folded before Flop (didn't bet)
Seat 8: troyano422 folded before Flop (didn't bet)
Seat 9: Cnopic666 (button) folded before Flop (didn't bet)



PokerStars Hand #225058917741:  Hold'em No Limit ($0.01/$0.02 USD) - 2021/03/21 16:02:56 PT [2021/03/21 19:02:56 ET]
Table 'Beljawskya IV' 9-max Seat #1 is the button
Seat 1: BenjaminSock ($3.26 in chips) 
Seat 2: strghttlkng ($3.17 in chips) 
Seat 3: kingmets ($0.99 in chips) 
Seat 5: mr_expert1 ($4.48 in chips) 
Seat 6: Dorex2007 ($2.02 in chips) 
Seat 7: Redmag666 ($2.23 in chips) 
Seat 8: troyano422 ($1.83 in chips) 
Seat 9: Cnopic666 ($1.82 in chips) 
strghttlkng: posts small blind $0.01
kingmets: posts big blind $0.02
*** HOLE CARDS ***
Dealt to Dorex2007 [9c Qs]
mr_expert1: folds 
Dorex2007: folds 
Redmag666: folds 
troyano422: folds 
Cnopic666: folds 
BenjaminSock: folds 
strghttlkng: raises $0.04 to $0.06
kingmets: calls $0.04
*** FLOP *** [Kc 5c 4c]
strghttlkng: checks 
kingmets: checks 
*** TURN *** [Kc 5c 4c] [2s]
strghttlkng: checks 
kingmets: bets $0.02
strghttlkng: calls $0.02
*** RIVER *** [Kc 5c 4c 2s] [2h]
strghttlkng: checks 
kingmets: bets $0.26
strghttlkng: folds 
Uncalled bet ($0.26) returned to kingmets
kingmets collected $0.15 from pot
kingmets: doesn't show hand 
*** SUMMARY ***
Total pot $0.16 | Rake $0.01 
Board [Kc 5c 4c 2s 2h]
Seat 1: BenjaminSock (button) folded before Flop (didn't bet)
Seat 2: strghttlkng (small blind) folded on the River
Seat 3: kingmets (big blind) collected ($0.15)
Seat 5: mr_expert1 folded before Flop (didn't bet)
Seat 6: Dorex2007 folded before Flop (didn't bet)
Seat 7: Redmag666 folded before Flop (didn't bet)
Seat 8: troyano422 folded before Flop (didn't bet)
Seat 9: Cnopic666 folded before Flop (didn't bet)



PokerStars Hand #225058939678:  Hold'em No Limit ($0.01/$0.02 USD) - 2021/03/21 16:03:33 PT [2021/03/21 19:03:33 ET]
Table 'Beljawskya IV' 9-max Seat #2 is the button
Seat 1: BenjaminSock ($3.26 in chips) 
Seat 2: strghttlkng ($3.09 in chips) 
Seat 3: kingmets ($1.06 in chips) 
Seat 5: mr_expert1 ($4.48 in chips) 
Seat 6: Dorex2007 ($2.02 in chips) 
Seat 7: Redmag666 ($2.23 in chips) 
Seat 8: troyano422 ($1.83 in chips) 
Seat 9: Cnopic666 ($1.82 in chips) 
kingmets: posts small blind $0.01
mr_expert1: posts big blind $0.02
*** HOLE CARDS ***
Dealt to Dorex2007 [Ks 6h]
Dorex2007: folds 
Redmag666: folds 
troyano422: folds 
Cnopic666: folds 
BenjaminSock: folds 
strghttlkng: folds 
kingmets: calls $0.01
mr_expert1: checks 
*** FLOP *** [2c 4s 8d]
kingmets: checks 
mr_expert1: checks 
*** TURN *** [2c 4s 8d] [2s]
kingmets: checks 
mr_expert1: checks 
*** RIVER *** [2c 4s 8d 2s] [5d]
kingmets: bets $0.36
mr_expert1: folds 
Uncalled bet ($0.36) returned to kingmets
kingmets collected $0.04 from pot
kingmets: doesn't show hand 
*** SUMMARY ***
Total pot $0.04 | Rake $0 
Board [2c 4s 8d 2s 5d]
Seat 1: BenjaminSock folded before Flop (didn't bet)
Seat 2: strghttlkng (button) folded before Flop (didn't bet)
Seat 3: kingmets (small blind) collected ($0.04)
Seat 5: mr_expert1 (big blind) folded on the River
Seat 6: Dorex2007 folded before Flop (didn't bet)
Seat 7: Redmag666 folded before Flop (didn't bet)
Seat 8: troyano422 folded before Flop (didn't bet)
Seat 9: Cnopic666 folded before Flop (didn't bet)



PokerStars Hand #225058955466:  Hold'em No Limit ($0.01/$0.02 USD) - 2021/03/21 16:04:01 PT [2021/03/21 19:04:01 ET]
Table 'Beljawskya IV' 9-max Seat #3 is the button
Seat 1: BenjaminSock ($3.26 in chips) 
Seat 2: strghttlkng ($3.09 in chips) 
Seat 3: kingmets ($1.08 in chips) 
Seat 5: mr_expert1 ($4.46 in chips) 
Seat 6: Dorex2007 ($2.02 in chips) 
Seat 7: Redmag666 ($2.23 in chips) 
Seat 8: troyano422 ($1.83 in chips) 
Seat 9: Cnopic666 ($1.82 in chips) 
mr_expert1: posts small blind $0.01
Dorex2007: posts big blind $0.02
*** HOLE CARDS ***
Dealt to Dorex2007 [8c 5c]
Redmag666: folds 
troyano422: folds 
Cnopic666: folds 
BenjaminSock: folds 
strghttlkng: folds 
kingmets: calls $0.02
mr_expert1: raises $0.06 to $0.08
Dorex2007: folds 
kingmets: calls $0.06
*** FLOP *** [5h 4c 2c]
mr_expert1: bets $1
kingmets: folds 
Uncalled bet ($1) returned to mr_expert1
mr_expert1 collected $0.17 from pot
*** SUMMARY ***
Total pot $0.18 | Rake $0.01 
Board [5h 4c 2c]
Seat 1: BenjaminSock folded before Flop (didn't bet)
Seat 2: strghttlkng folded before Flop (didn't bet)
Seat 3: kingmets (button) folded on the Flop
Seat 5: mr_expert1 (small blind) collected ($0.17)
Seat 6: Dorex2007 (big blind) folded before Flop
Seat 7: Redmag666 folded before Flop (didn't bet)
Seat 8: troyano422 folded before Flop (didn't bet)
Seat 9: Cnopic666 folded before Flop (didn't bet)



PokerStars Hand #225058977537:  Hold'em No Limit ($0.01/$0.02 USD) - 2021/03/21 16:04:39 PT [2021/03/21 19:04:39 ET]
Table 'Beljawskya IV' 9-max Seat #5 is the button
Seat 1: BenjaminSock ($3.26 in chips) 
Seat 2: strghttlkng ($3.09 in chips) 
Seat 3: kingmets ($1 in chips) 
Seat 5: mr_expert1 ($4.55 in chips) 
Seat 6: Dorex2007 ($2 in chips) 
Seat 7: Redmag666 ($2.23 in chips) 
Seat 8: troyano422 ($1.83 in chips) 
Seat 9: Cnopic666 ($1.82 in chips) 
Dorex2007: posts small blind $0.01
Redmag666: posts big blind $0.02
*** HOLE CARDS ***
Dealt to Dorex2007 [Ts Jh]
troyano422: folds 
Cnopic666: folds 
BenjaminSock: calls $0.02
strghttlkng has timed out
strghttlkng: folds 
kingmets: folds 
mr_expert1: folds 
Dorex2007: calls $0.01
Redmag666: checks 
*** FLOP *** [9s 9h 2s]
Dorex2007: checks 
Redmag666: checks 
BenjaminSock: bets $0.06
Dorex2007: folds 
Redmag666: folds 
Uncalled bet ($0.06) returned to BenjaminSock
BenjaminSock collected $0.06 from pot
BenjaminSock: doesn't show hand 
*** SUMMARY ***
Total pot $0.06 | Rake $0 
Board [9s 9h 2s]
Seat 1: BenjaminSock collected ($0.06)
Seat 2: strghttlkng folded before Flop (didn't bet)
Seat 3: kingmets folded before Flop (didn't bet)
Seat 5: mr_expert1 (button) folded before Flop (didn't bet)
Seat 6: Dorex2007 (small blind) folded on the Flop
Seat 7: Redmag666 (big blind) folded on the Flop
Seat 8: troyano422 folded before Flop (didn't bet)
Seat 9: Cnopic666 folded before Flop (didn't bet)



PokerStars Hand #225059018685:  Hold'em No Limit ($0.01/$0.02 USD) - 2021/03/21 16:05:42 PT [2021/03/21 19:05:42 ET]
Table 'Beljawskya IV' 9-max Seat #6 is the button
Seat 1: BenjaminSock ($3.30 in chips) 
Seat 2: strghttlkng ($3.09 in chips) 
Seat 3: kingmets ($1 in chips) 
Seat 5: mr_expert1 ($4.55 in chips) 
Seat 6: Dorex2007 ($1.98 in chips) 
Seat 7: Redmag666 ($2.21 in chips) 
Seat 8: troyano422 ($1.83 in chips) 
Seat 9: Cnopic666 ($1.82 in chips) 
Redmag666: posts small blind $0.01
troyano422: posts big blind $0.02
*** HOLE CARDS ***
Dealt to Dorex2007 [Ac 4h]
Cnopic666: folds 
BenjaminSock: folds 
strghttlkng: folds 
kingmets: folds 
mr_expert1: folds 
Dorex2007: calls $0.02
Redmag666: folds 
troyano422: checks 
*** FLOP *** [5h As 4d]
troyano422: checks 
Dorex2007: checks 
*** TURN *** [5h As 4d] [Th]
troyano422: checks 
Dorex2007: bets $0.05
troyano422: folds 
Uncalled bet ($0.05) returned to Dorex2007
Dorex2007 collected $0.05 from pot
Dorex2007: doesn't show hand 
*** SUMMARY ***
Total pot $0.05 | Rake $0 
Board [5h As 4d Th]
Seat 1: BenjaminSock folded before Flop (didn't bet)
Seat 2: strghttlkng folded before Flop (didn't bet)
Seat 3: kingmets folded before Flop (didn't bet)
Seat 5: mr_expert1 folded before Flop (didn't bet)
Seat 6: Dorex2007 (button) collected ($0.05)
Seat 7: Redmag666 (small blind) folded before Flop
Seat 8: troyano422 (big blind) folded on the Turn
Seat 9: Cnopic666 folded before Flop (didn't bet)



PokerStars Hand #225059055482:  Hold'em No Limit ($0.01/$0.02 USD) - 2021/03/21 16:06:46 PT [2021/03/21 19:06:46 ET]
Table 'Beljawskya IV' 9-max Seat #7 is the button
Seat 1: BenjaminSock ($3.30 in chips) 
Seat 2: strghttlkng ($3.09 in chips) 
Seat 3: kingmets ($1 in chips) 
Seat 5: mr_expert1 ($4.55 in chips) 
Seat 6: Dorex2007 ($2.01 in chips) 
Seat 7: Redmag666 ($2.20 in chips) 
Seat 8: troyano422 ($1.81 in chips) 
troyano422: posts small blind $0.01
Cnopic666: is sitting out 
BenjaminSock: posts big blind $0.02
*** HOLE CARDS ***
Dealt to Dorex2007 [Jd 5s]
strghttlkng: raises $0.06 to $0.08
kingmets: folds 
mr_expert1: folds 
Dorex2007: folds 
Redmag666: calls $0.08
troyano422: folds 
BenjaminSock: calls $0.06
*** FLOP *** [3d Jh 5c]
BenjaminSock: checks 
strghttlkng: bets $0.12
Redmag666: folds 
BenjaminSock: folds 
Uncalled bet ($0.12) returned to strghttlkng
strghttlkng collected $0.24 from pot
*** SUMMARY ***
Total pot $0.25 | Rake $0.01 
Board [3d Jh 5c]
Seat 1: BenjaminSock (big blind) folded on the Flop
Seat 2: strghttlkng collected ($0.24)
Seat 3: kingmets folded before Flop (didn't bet)
Seat 5: mr_expert1 folded before Flop (didn't bet)
Seat 6: Dorex2007 folded before Flop (didn't bet)
Seat 7: Redmag666 (button) folded on the Flop
Seat 8: troyano422 (small blind) folded before Flop



PokerStars Hand #225059077934:  Hold'em No Limit ($0.01/$0.02 USD) - 2021/03/21 16:07:25 PT [2021/03/21 19:07:25 ET]
Table 'Beljawskya IV' 9-max Seat #8 is the button
Seat 1: BenjaminSock ($3.22 in chips) 
Seat 2: strghttlkng ($3.25 in chips) 
Seat 3: kingmets ($1 in chips) 
Seat 5: mr_expert1 ($4.55 in chips) 
Seat 6: Dorex2007 ($2.01 in chips) 
Seat 7: Redmag666 ($2.12 in chips) 
Seat 8: troyano422 ($1.80 in chips) 
BenjaminSock: posts small blind $0.01
strghttlkng: posts big blind $0.02
*** HOLE CARDS ***
Dealt to Dorex2007 [Tc Jh]
kingmets: calls $0.02
mr_expert1: folds 
Dorex2007: calls $0.02
Redmag666: folds 
troyano422: folds 
BenjaminSock: calls $0.01
strghttlkng: checks 
*** FLOP *** [9h 4s 5s]
BenjaminSock: bets $0.04
strghttlkng: calls $0.04
kingmets: raises $0.46 to $0.50
Dorex2007: folds 
BenjaminSock: folds 
strghttlkng: folds 
Uncalled bet ($0.46) returned to kingmets
kingmets collected $0.19 from pot
kingmets: doesn't show hand 
*** SUMMARY ***
Total pot $0.20 | Rake $0.01 
Board [9h 4s 5s]
Seat 1: BenjaminSock (small blind) folded on the Flop
Seat 2: strghttlkng (big blind) folded on the Flop
Seat 3: kingmets collected ($0.19)
Seat 5: mr_expert1 folded before Flop (didn't bet)
Seat 6: Dorex2007 folded on the Flop
Seat 7: Redmag666 folded before Flop (didn't bet)
Seat 8: troyano422 (button) folded before Flop (didn't bet)



PokerStars Hand #225059113341:  Hold'em No Limit ($0.01/$0.02 USD) - 2021/03/21 16:08:26 PT [2021/03/21 19:08:26 ET]
Table 'Beljawskya IV' 9-max Seat #1 is the button
Seat 1: BenjaminSock ($3.16 in chips) 
Seat 2: strghttlkng ($3.19 in chips) 
Seat 3: kingmets ($1.13 in chips) 
Seat 5: mr_expert1 ($4.55 in chips) 
Seat 6: Dorex2007 ($1.99 in chips) 
Seat 7: Redmag666 ($2.12 in chips) 
Seat 8: troyano422 ($1.80 in chips) 
strghttlkng: posts small blind $0.01
kingmets: posts big blind $0.02
*** HOLE CARDS ***
Dealt to Dorex2007 [Qh 9c]
mr_expert1: folds 
Dorex2007: folds 
Redmag666: folds 
troyano422: folds 
troyano422 leaves the table
BenjaminSock: calls $0.02
asterizk joins the table at seat #8 
strghttlkng: calls $0.01
kingmets: checks 
*** FLOP *** [2h Js Tc]
strghttlkng: checks 
kingmets: bets $0.02
BenjaminSock: raises $0.06 to $0.08
strghttlkng: folds 
kingmets: calls $0.06
*** TURN *** [2h Js Tc] [Jc]
kingmets: bets $0.56
BenjaminSock: raises $0.56 to $1.12
kingmets: calls $0.47 and is all-in
Uncalled bet ($0.09) returned to BenjaminSock
*** RIVER *** [2h Js Tc Jc] [9h]
*** SHOW DOWN ***
kingmets: shows [Ks Th] (two pair, Jacks and Tens)
BenjaminSock: shows [Td Jd] (a full house, Jacks full of Tens)
BenjaminSock collected $2.20 from pot
*** SUMMARY ***
Total pot $2.28 | Rake $0.08 
Board [2h Js Tc Jc 9h]
Seat 1: BenjaminSock (button) showed [Td Jd] and won ($2.20) with a full house, Jacks full of Tens
Seat 2: strghttlkng (small blind) folded on the Flop
Seat 3: kingmets (big blind) showed [Ks Th] and lost with two pair, Jacks and Tens
Seat 5: mr_expert1 folded before Flop (didn't bet)
Seat 6: Dorex2007 folded before Flop (didn't bet)
Seat 7: Redmag666 folded before Flop (didn't bet)
Seat 8: troyano422 folded before Flop (didn't bet)



PokerStars Hand #225059141352:  Hold'em No Limit ($0.01/$0.02 USD) - 2021/03/21 16:09:15 PT [2021/03/21 19:09:15 ET]
Table 'Beljawskya IV' 9-max Seat #2 is the button
Seat 1: BenjaminSock ($4.23 in chips) 
Seat 2: strghttlkng ($3.17 in chips) 
Seat 5: mr_expert1 ($4.55 in chips) 
Seat 6: Dorex2007 ($1.99 in chips) 
Seat 7: Redmag666 ($2.12 in chips) 
mr_expert1: posts small blind $0.01
Dorex2007: posts big blind $0.02
asterizk: sits out 
*** HOLE CARDS ***
Dealt to Dorex2007 [Kd 2c]
Redmag666: folds 
BenjaminSock: folds 
BenjaminSock leaves the table
strghttlkng: folds 
SMUTJAN72 joins the table at seat #1 
mr_expert1: folds 
Uncalled bet ($0.01) returned to Dorex2007
Dorex2007 collected $0.02 from pot
Dorex2007: doesn't show hand 
*** SUMMARY ***
Total pot $0.02 | Rake $0 
Seat 1: BenjaminSock folded before Flop (didn't bet)
Seat 2: strghttlkng (button) folded before Flop (didn't bet)
Seat 5: mr_expert1 (small blind) folded before Flop
Seat 6: Dorex2007 (big blind) collected ($0.02)
Seat 7: Redmag666 folded before Flop (didn't bet)



PokerStars Hand #225059152133:  Hold'em No Limit ($0.01/$0.02 USD) - 2021/03/21 16:09:34 PT [2021/03/21 19:09:34 ET]
Table 'Beljawskya IV' 9-max Seat #5 is the button
Seat 2: strghttlkng ($3.17 in chips) 
Seat 5: mr_expert1 ($4.54 in chips) 
Seat 6: Dorex2007 ($2 in chips) 
Seat 7: Redmag666 ($2.12 in chips) 
Dorex2007: posts small blind $0.01
Redmag666: posts big blind $0.02
asterizk: sits out 
SMUTJAN72: sits out 
*** HOLE CARDS ***
Dealt to Dorex2007 [5d Tc]
strghttlkng: folds 
mr_expert1: folds 
Dorex2007: folds 
Uncalled bet ($0.01) returned to Redmag666
Redmag666 collected $0.02 from pot
Redmag666: doesn't show hand 
*** SUMMARY ***
Total pot $0.02 | Rake $0 
Seat 2: strghttlkng folded before Flop (didn't bet)
Seat 5: mr_expert1 (button) folded before Flop (didn't bet)
Seat 6: Dorex2007 (small blind) folded before Flop
Seat 7: Redmag666 (big blind) collected ($0.02)



PokerStars Hand #225059158492:  Hold'em No Limit ($0.01/$0.02 USD) - 2021/03/21 16:09:45 PT [2021/03/21 19:09:45 ET]
Table 'Beljawskya IV' 9-max Seat #6 is the button
Seat 2: strghttlkng ($3.17 in chips) 
Seat 5: mr_expert1 ($4.54 in chips) 
Seat 6: Dorex2007 ($1.99 in chips) 
Seat 7: Redmag666 ($2.13 in chips) 
Seat 8: asterizk ($2 in chips) 
Redmag666: posts small blind $0.01
asterizk: posts big blind $0.02
SMUTJAN72: sits out 
*** HOLE CARDS ***
Dealt to Dorex2007 [Qc Kc]
strghttlkng has timed out
strghttlkng: folds 
mr_expert1: calls $0.02
Dorex2007: raises $0.06 to $0.08
Redmag666: raises $0.16 to $0.24
asterizk: folds 
mr_expert1: folds 
Dorex2007: calls $0.16
*** FLOP *** [Js 8s 9d]
Redmag666: bets $0.24
Dorex2007: folds 
Uncalled bet ($0.24) returned to Redmag666
Redmag666 collected $0.50 from pot
Redmag666: doesn't show hand 
*** SUMMARY ***
Total pot $0.52 | Rake $0.02 
Board [Js 8s 9d]
Seat 2: strghttlkng folded before Flop (didn't bet)
Seat 5: mr_expert1 folded before Flop
Seat 6: Dorex2007 (button) folded on the Flop
Seat 7: Redmag666 (small blind) collected ($0.50)
Seat 8: asterizk (big blind) folded before Flop



PokerStars Hand #225059199279:  Hold'em No Limit ($0.01/$0.02 USD) - 2021/03/21 16:10:57 PT [2021/03/21 19:10:57 ET]
Table 'Beljawskya IV' 9-max Seat #7 is the button
Seat 1: SMUTJAN72 ($1.60 in chips) 
Seat 2: strghttlkng ($3.17 in chips) 
Seat 5: mr_expert1 ($4.52 in chips) 
Seat 6: Dorex2007 ($1.75 in chips) 
Seat 7: Redmag666 ($2.39 in chips) 
Seat 8: asterizk ($2 in chips) 
asterizk: posts small blind $0.01
SMUTJAN72: posts big blind $0.02
*** HOLE CARDS ***
Dealt to Dorex2007 [8d 5d]
strghttlkng: raises $0.04 to $0.06
mr_expert1: folds 
Dorex2007: folds 
Redmag666: folds 
asterizk: folds 
SMUTJAN72: folds 
Uncalled bet ($0.04) returned to strghttlkng
strghttlkng collected $0.05 from pot
*** SUMMARY ***
Total pot $0.05 | Rake $0 
Seat 1: SMUTJAN72 (big blind) folded before Flop
Seat 2: strghttlkng collected ($0.05)
Seat 5: mr_expert1 folded before Flop (didn't bet)
Seat 6: Dorex2007 folded before Flop (didn't bet)
Seat 7: Redmag666 (button) folded before Flop (didn't bet)
Seat 8: asterizk (small blind) folded before Flop



PokerStars Hand #225059210322:  Hold'em No Limit ($0.01/$0.02 USD) - 2021/03/21 16:11:16 PT [2021/03/21 19:11:16 ET]
Table 'Beljawskya IV' 9-max Seat #8 is the button
Seat 1: SMUTJAN72 ($1.58 in chips) 
Seat 2: strghttlkng ($3.20 in chips) 
Seat 5: mr_expert1 ($4.52 in chips) 
Seat 6: Dorex2007 ($1.75 in chips) 
Seat 7: Redmag666 ($2.39 in chips) 
Seat 8: asterizk ($2 in chips) 
SMUTJAN72: posts small blind $0.01
strghttlkng: posts big blind $0.02
*** HOLE CARDS ***
Dealt to Dorex2007 [Qh 7s]
mr_expert1: calls $0.02
Dorex2007: folds 
Redmag666: folds 
asterizk: folds 
SMUTJAN72: calls $0.01
strghttlkng: raises $0.04 to $0.06
mr_expert1: calls $0.04
SMUTJAN72: folds 
*** FLOP *** [8h Js 5s]
strghttlkng: checks 
mr_expert1: bets $0.06
strghttlkng: calls $0.06
*** TURN *** [8h Js 5s] [3h]
strghttlkng: checks 
mr_expert1: checks 
*** RIVER *** [8h Js 5s 3h] [3s]
strghttlkng: bets $0.10
mr_expert1: folds 
Uncalled bet ($0.10) returned to strghttlkng
strghttlkng collected $0.25 from pot
*** SUMMARY ***
Total pot $0.26 | Rake $0.01 
Board [8h Js 5s 3h 3s]
Seat 1: SMUTJAN72 (small blind) folded before Flop
Seat 2: strghttlkng (big blind) collected ($0.25)
Seat 5: mr_expert1 folded on the River
Seat 6: Dorex2007 folded before Flop (didn't bet)
Seat 7: Redmag666 folded before Flop (didn't bet)
Seat 8: asterizk (button) folded before Flop (didn't bet)



PokerStars Hand #225059235589:  Hold'em No Limit ($0.01/$0.02 USD) - 2021/03/21 16:12:01 PT [2021/03/21 19:12:01 ET]
Table 'Beljawskya IV' 9-max Seat #1 is the button
Seat 1: SMUTJAN72 ($1.56 in chips) 
Seat 2: strghttlkng ($3.33 in chips) 
Seat 5: mr_expert1 ($4.40 in chips) 
Seat 6: Dorex2007 ($1.75 in chips) 
Seat 7: Redmag666 ($2.39 in chips) 
Seat 8: asterizk ($2 in chips) 
strghttlkng: posts small blind $0.01
mr_expert1: posts big blind $0.02
*** HOLE CARDS ***
Dealt to Dorex2007 [4c 2d]
Dorex2007: folds 
Redmag666: folds 
asterizk: folds 
SMUTJAN72: folds 
strghttlkng: folds 
Uncalled bet ($0.01) returned to mr_expert1
mr_expert1 collected $0.02 from pot
*** SUMMARY ***
Total pot $0.02 | Rake $0 
Seat 1: SMUTJAN72 (button) folded before Flop (didn't bet)
Seat 2: strghttlkng (small blind) folded before Flop
Seat 5: mr_expert1 (big blind) collected ($0.02)
Seat 6: Dorex2007 folded before Flop (didn't bet)
Seat 7: Redmag666 folded before Flop (didn't bet)
Seat 8: asterizk folded before Flop (didn't bet)



PokerStars Hand #225059241388:  Hold'em No Limit ($0.01/$0.02 USD) - 2021/03/21 16:12:11 PT [2021/03/21 19:12:11 ET]
Table 'Beljawskya IV' 9-max Seat #2 is the button
Seat 1: SMUTJAN72 ($1.56 in chips) 
Seat 2: strghttlkng ($3.32 in chips) 
Seat 5: mr_expert1 ($4.41 in chips) 
Seat 6: Dorex2007 ($1.75 in chips) 
Seat 7: Redmag666 ($2.39 in chips) 
Seat 8: asterizk ($2 in chips) 
mr_expert1: posts small blind $0.01
Dorex2007: posts big blind $0.02
*** HOLE CARDS ***
Dealt to Dorex2007 [7h 5c]
Redmag666: folds 
asterizk: folds 
SMUTJAN72: folds 
strghttlkng: folds 
mr_expert1: folds 
Uncalled bet ($0.01) returned to Dorex2007
Dorex2007 collected $0.02 from pot
Dorex2007: doesn't show hand 
*** SUMMARY ***
Total pot $0.02 | Rake $0 
Seat 1: SMUTJAN72 folded before Flop (didn't bet)
Seat 2: strghttlkng (button) folded before Flop (didn't bet)
Seat 5: mr_expert1 (small blind) folded before Flop
Seat 6: Dorex2007 (big blind) collected ($0.02)
Seat 7: Redmag666 folded before Flop (didn't bet)
Seat 8: asterizk folded before Flop (didn't bet)



PokerStars Hand #225059258021:  Hold'em No Limit ($0.01/$0.02 USD) - 2021/03/21 16:12:41 PT [2021/03/21 19:12:41 ET]
Table 'Beljawskya IV' 9-max Seat #5 is the button
Seat 1: SMUTJAN72 ($1.56 in chips) 
Seat 2: strghttlkng ($3.32 in chips) 
Seat 5: mr_expert1 ($4.40 in chips) 
Seat 6: Dorex2007 ($1.76 in chips) 
Seat 7: Redmag666 ($2.39 in chips) 
Seat 8: asterizk ($2 in chips) 
Dorex2007: posts small blind $0.01
Redmag666: posts big blind $0.02
*** HOLE CARDS ***
Dealt to Dorex2007 [Ts 5s]
asterizk: folds 
SMUTJAN72: folds 
strghttlkng: folds 
mr_expert1: folds 
Dorex2007: calls $0.01
Redmag666: checks 
*** FLOP *** [8h 2c 8d]
Dorex2007: checks 
Redmag666: checks 
*** TURN *** [8h 2c 8d] [3c]
Dorex2007: checks 
Redmag666: checks 
*** RIVER *** [8h 2c 8d 3c] [As]
Dorex2007: bets $0.03
Redmag666: folds 
Uncalled bet ($0.03) returned to Dorex2007
Dorex2007 collected $0.04 from pot
Dorex2007: doesn't show hand 
*** SUMMARY ***
Total pot $0.04 | Rake $0 
Board [8h 2c 8d 3c As]
Seat 1: SMUTJAN72 folded before Flop (didn't bet)
Seat 2: strghttlkng folded before Flop (didn't bet)
Seat 5: mr_expert1 (button) folded before Flop (didn't bet)
Seat 6: Dorex2007 (small blind) collected ($0.04)
Seat 7: Redmag666 (big blind) folded on the River
Seat 8: asterizk folded before Flop (didn't bet)



PokerStars Hand #225059284717:  Hold'em No Limit ($0.01/$0.02 USD) - 2021/03/21 16:13:28 PT [2021/03/21 19:13:28 ET]
Table 'Beljawskya IV' 9-max Seat #6 is the button
Seat 1: SMUTJAN72 ($1.56 in chips) 
Seat 2: strghttlkng ($3.32 in chips) 
Seat 5: mr_expert1 ($4.40 in chips) 
Seat 6: Dorex2007 ($1.78 in chips) 
Seat 7: Redmag666 ($2.37 in chips) 
Seat 8: asterizk ($2 in chips) 
Redmag666: posts small blind $0.01
asterizk: posts big blind $0.02
*** HOLE CARDS ***
Dealt to Dorex2007 [3d 5h]
SMUTJAN72: folds 
strghttlkng: folds 
mr_expert1: folds 
Dorex2007: folds 
Redmag666: raises $0.02 to $0.04
asterizk: folds 
Uncalled bet ($0.02) returned to Redmag666
Redmag666 collected $0.04 from pot
Redmag666: doesn't show hand 
*** SUMMARY ***
Total pot $0.04 | Rake $0 
Seat 1: SMUTJAN72 folded before Flop (didn't bet)
Seat 2: strghttlkng folded before Flop (didn't bet)
Seat 5: mr_expert1 folded before Flop (didn't bet)
Seat 6: Dorex2007 (button) folded before Flop (didn't bet)
Seat 7: Redmag666 (small blind) collected ($0.04)
Seat 8: asterizk (big blind) folded before Flop



PokerStars Hand #225059299356:  Hold'em No Limit ($0.01/$0.02 USD) - 2021/03/21 16:13:54 PT [2021/03/21 19:13:54 ET]
Table 'Beljawskya IV' 9-max Seat #7 is the button
Seat 1: SMUTJAN72 ($1.56 in chips) 
Seat 2: strghttlkng ($3.32 in chips) 
Seat 5: mr_expert1 ($4.40 in chips) 
Seat 6: Dorex2007 ($1.78 in chips) 
Seat 7: Redmag666 ($2.39 in chips) 
Seat 8: asterizk ($2 in chips) 
asterizk: posts small blind $0.01
SMUTJAN72: posts big blind $0.02
*** HOLE CARDS ***
Dealt to Dorex2007 [6c 4s]
strghttlkng: folds 
mr_expert1: folds 
Dorex2007: folds 
Redmag666: folds 
asterizk: folds 
Uncalled bet ($0.01) returned to SMUTJAN72
SMUTJAN72 collected $0.02 from pot
*** SUMMARY ***
Total pot $0.02 | Rake $0 
Seat 1: SMUTJAN72 (big blind) collected ($0.02)
Seat 2: strghttlkng folded before Flop (didn't bet)
Seat 5: mr_expert1 folded before Flop (didn't bet)
Seat 6: Dorex2007 folded before Flop (didn't bet)
Seat 7: Redmag666 (button) folded before Flop (didn't bet)
Seat 8: asterizk (small blind) folded before Flop



PokerStars Hand #225059305939:  Hold'em No Limit ($0.01/$0.02 USD) - 2021/03/21 16:14:06 PT [2021/03/21 19:14:06 ET]
Table 'Beljawskya IV' 9-max Seat #8 is the button
Seat 1: SMUTJAN72 ($1.57 in chips) 
Seat 2: strghttlkng ($3.32 in chips) 
Seat 5: mr_expert1 ($4.40 in chips) 
Seat 6: Dorex2007 ($1.78 in chips) 
Seat 7: Redmag666 ($2.39 in chips) 
Seat 8: asterizk ($2 in chips) 
SMUTJAN72: posts small blind $0.01
strghttlkng: posts big blind $0.02
*** HOLE CARDS ***
Dealt to Dorex2007 [5c Js]
mr_expert1: folds 
Dorex2007: folds 
Redmag666: folds 
asterizk: folds 
SMUTJAN72: folds 
Uncalled bet ($0.01) returned to strghttlkng
strghttlkng collected $0.02 from pot
*** SUMMARY ***
Total pot $0.02 | Rake $0 
Seat 1: SMUTJAN72 (small blind) folded before Flop
Seat 2: strghttlkng (big blind) collected ($0.02)
Seat 5: mr_expert1 folded before Flop (didn't bet)
Seat 6: Dorex2007 folded before Flop (didn't bet)
Seat 7: Redmag666 folded before Flop (didn't bet)
Seat 8: asterizk (button) folded before Flop (didn't bet)



PokerStars Hand #225059311776:  Hold'em No Limit ($0.01/$0.02 USD) - 2021/03/21 16:14:16 PT [2021/03/21 19:14:16 ET]
Table 'Beljawskya IV' 9-max Seat #1 is the button
Seat 1: SMUTJAN72 ($1.56 in chips) 
Seat 2: strghttlkng ($3.33 in chips) 
Seat 5: mr_expert1 ($4.40 in chips) 
Seat 6: Dorex2007 ($1.78 in chips) 
Seat 7: Redmag666 ($2.39 in chips) 
Seat 8: asterizk ($2 in chips) 
strghttlkng: posts small blind $0.01
mr_expert1: posts big blind $0.02
*** HOLE CARDS ***
Dealt to Dorex2007 [5h Th]
Dorex2007: folds 
Redmag666: folds 
asterizk: folds 
SMUTJAN72: raises $0.04 to $0.06
strghttlkng: calls $0.05
mr_expert1: folds 
*** FLOP *** [Ts 4d 3h]
strghttlkng: checks 
SMUTJAN72: checks 
*** TURN *** [Ts 4d 3h] [2d]
strghttlkng: checks 
SMUTJAN72: checks 
*** RIVER *** [Ts 4d 3h 2d] [8s]
strghttlkng: checks 
asterizk leaves the table
SMUTJAN72: checks 
*** SHOW DOWN ***
strghttlkng: shows [9s Kh] (high card King)
SMUTJAN72: mucks hand 
strghttlkng collected $0.14 from pot
ItalianCaru leaves the table
*** SUMMARY ***
Total pot $0.14 | Rake $0 
Board [Ts 4d 3h 2d 8s]
Seat 1: SMUTJAN72 (button) mucked [9d 7d]
Seat 2: strghttlkng (small blind) showed [9s Kh] and won ($0.14) with high card King
Seat 5: mr_expert1 (big blind) folded before Flop
Seat 6: Dorex2007 folded before Flop (didn't bet)
Seat 7: Redmag666 folded before Flop (didn't bet)
Seat 8: asterizk folded before Flop (didn't bet)



PokerStars Hand #225059340761:  Hold'em No Limit ($0.01/$0.02 USD) - 2021/03/21 16:15:06 PT [2021/03/21 19:15:06 ET]
Table 'Beljawskya IV' 9-max Seat #2 is the button
Seat 1: SMUTJAN72 ($1.50 in chips) 
Seat 2: strghttlkng ($3.41 in chips) 
Seat 5: mr_expert1 ($4.38 in chips) 
Seat 6: Dorex2007 ($1.78 in chips) 
Seat 7: Redmag666 ($2.39 in chips) 
mr_expert1: posts small blind $0.01
Dorex2007: posts big blind $0.02
*** HOLE CARDS ***
Dealt to Dorex2007 [8c 8d]
Redmag666: folds 
Redmag666 leaves the table
SMUTJAN72: raises $0.04 to $0.06
strghttlkng: folds 
mr_expert1: folds 
Dorex2007: calls $0.04
*** FLOP *** [4c 2c Ts]
mr_expert1 leaves the table
Dorex2007: bets $0.13
SMUTJAN72: calls $0.13
*** TURN *** [4c 2c Ts] [2d]
Dorex2007: checks 
SMUTJAN72: bets $0.19
Cnopic666 leaves the table
Dorex2007: calls $0.19
*** RIVER *** [4c 2c Ts 2d] [Tc]
Dorex2007: bets $0.74
SMUTJAN72: folds 
Uncalled bet ($0.74) returned to Dorex2007
Dorex2007 collected $0.74 from pot
Dorex2007: doesn't show hand 
*** SUMMARY ***
Total pot $0.77 | Rake $0.03 
Board [4c 2c Ts 2d Tc]
Seat 1: SMUTJAN72 folded on the River
Seat 2: strghttlkng (button) folded before Flop (didn't bet)
Seat 5: mr_expert1 (small blind) folded before Flop
Seat 6: Dorex2007 (big blind) collected ($0.74)
Seat 7: Redmag666 folded before Flop (didn't bet)



PokerStars Hand #225059383138:  Hold'em No Limit ($0.01/$0.02 USD) - 2021/03/21 16:16:17 PT [2021/03/21 19:16:17 ET]
Table 'Beljawskya IV' 9-max Seat #6 is the button
Seat 1: SMUTJAN72 ($1.12 in chips) 
Seat 2: strghttlkng ($3.41 in chips) 
Seat 6: Dorex2007 ($2.14 in chips) 
SMUTJAN72: posts small blind $0.01
strghttlkng: posts big blind $0.02
*** HOLE CARDS ***
Dealt to Dorex2007 [3c Tc]
Dorex2007: folds 
SMUTJAN72: folds 
Uncalled bet ($0.01) returned to strghttlkng
strghttlkng collected $0.02 from pot
*** SUMMARY ***
Total pot $0.02 | Rake $0 
Seat 1: SMUTJAN72 (small blind) folded before Flop
Seat 2: strghttlkng (big blind) collected ($0.02)
Seat 6: Dorex2007 (button) folded before Flop (didn't bet)



PokerStars Hand #225059390730:  Hold'em No Limit ($0.01/$0.02 USD) - 2021/03/21 16:16:31 PT [2021/03/21 19:16:31 ET]
Table 'Beljawskya IV' 9-max Seat #1 is the button
Seat 1: SMUTJAN72 ($1.11 in chips) 
Seat 2: strghttlkng ($3.42 in chips) 
Seat 6: Dorex2007 ($2.14 in chips) 
strghttlkng: posts small blind $0.01
Dorex2007: posts big blind $0.02
*** HOLE CARDS ***
Dealt to Dorex2007 [6s Qc]
SMUTJAN72: raises $0.04 to $0.06
kingmets leaves the table
strghttlkng: folds 
Dorex2007: folds 
Uncalled bet ($0.04) returned to SMUTJAN72
SMUTJAN72 collected $0.05 from pot
*** SUMMARY ***
Total pot $0.05 | Rake $0 
Seat 1: SMUTJAN72 (button) collected ($0.05)
Seat 2: strghttlkng (small blind) folded before Flop
Seat 6: Dorex2007 (big blind) folded before Flop



