PokerStars Hand #230018807441:  Hold'em No Limit ($0.01/$0.02 USD) - 2021/09/21 0:01:27 PT [2021/09/21 3:01:27 ET]
Table 'Naema III' 9-max Seat #6 is the button
Seat 1: kostya163173 ($3.50 in chips) 
Seat 3: Dorex2007 ($2 in chips) 
Seat 4: leo_leo_me ($1.13 in chips) 
Seat 5: acad2011 ($2.62 in chips) 
Seat 6: Andrey AnBesV ($0.80 in chips) 
Seat 7: BumBumLauer ($2.77 in chips) 
Seat 8: koreangorila ($1.17 in chips) 
Seat 9: ValeraBLR ($2.09 in chips) 
BumBumLauer: posts small blind $0.01
koreangorila: posts big blind $0.02
nanaconda: sits out 
Dorex2007: posts big blind $0.02
*** HOLE CARDS ***
Dealt to Dorex2007 [Jh 5d]
ValeraBLR: folds 
kostya163173: folds 
Dorex2007: checks 
leo_leo_me: folds 
acad2011: calls $0.02
Andrey AnBesV: calls $0.02
BumBumLauer: folds 
koreangorila: checks 
*** FLOP *** [2c 9s Ts]
koreangorila: checks 
Dorex2007: checks 
acad2011: bets $0.05
Andrey AnBesV: folds 
koreangorila: calls $0.05
Dorex2007: folds 
*** TURN *** [2c 9s Ts] [6d]
koreangorila: checks 
acad2011: bets $0.06
koreangorila: calls $0.06
*** RIVER *** [2c 9s Ts 6d] [7c]
koreangorila: checks 
acad2011: checks 
*** SHOW DOWN ***
koreangorila: shows [7h Jc] (a pair of Sevens)
acad2011: shows [7s Td] (two pair, Tens and Sevens)
acad2011 collected $0.30 from pot
*** SUMMARY ***
Total pot $0.31 | Rake $0.01 
Board [2c 9s Ts 6d 7c]
Seat 1: kostya163173 folded before Flop (didn't bet)
Seat 3: Dorex2007 folded on the Flop (didn't bet)
Seat 4: leo_leo_me folded before Flop (didn't bet)
Seat 5: acad2011 showed [7s Td] and won ($0.30) with two pair, Tens and Sevens
Seat 6: Andrey AnBesV (button) folded on the Flop
Seat 7: BumBumLauer (small blind) folded before Flop
Seat 8: koreangorila (big blind) showed [7h Jc] and lost with a pair of Sevens
Seat 9: ValeraBLR folded before Flop (didn't bet)



PokerStars Hand #230018817097:  Hold'em No Limit ($0.01/$0.02 USD) - 2021/09/21 0:02:37 PT [2021/09/21 3:02:37 ET]
Table 'Naema III' 9-max Seat #7 is the button
Seat 1: kostya163173 ($3.50 in chips) 
Seat 3: Dorex2007 ($1.98 in chips) 
Seat 4: leo_leo_me ($1.13 in chips) 
Seat 5: acad2011 ($2.79 in chips) 
Seat 6: Andrey AnBesV ($0.78 in chips) 
Seat 7: BumBumLauer ($2.76 in chips) 
Seat 8: koreangorila ($1.04 in chips) 
Seat 9: ValeraBLR ($2.09 in chips) 
koreangorila: posts small blind $0.01
ValeraBLR: posts big blind $0.02
nanaconda: sits out 
*** HOLE CARDS ***
Dealt to Dorex2007 [3c 8c]
kostya163173: folds 
Dorex2007: folds 
leo_leo_me: folds 
acad2011: folds 
Andrey AnBesV: folds 
BumBumLauer: raises $0.04 to $0.06
koreangorila: calls $0.05
ValeraBLR: folds 
*** FLOP *** [2s 4c 3d]
koreangorila: checks 
BumBumLauer: checks 
*** TURN *** [2s 4c 3d] [Qd]
koreangorila: checks 
BumBumLauer: bets $0.07
koreangorila: raises $0.14 to $0.21
BumBumLauer: folds 
Uncalled bet ($0.14) returned to koreangorila
koreangorila collected $0.27 from pot
*** SUMMARY ***
Total pot $0.28 | Rake $0.01 
Board [2s 4c 3d Qd]
Seat 1: kostya163173 folded before Flop (didn't bet)
Seat 3: Dorex2007 folded before Flop (didn't bet)
Seat 4: leo_leo_me folded before Flop (didn't bet)
Seat 5: acad2011 folded before Flop (didn't bet)
Seat 6: Andrey AnBesV folded before Flop (didn't bet)
Seat 7: BumBumLauer (button) folded on the Turn
Seat 8: koreangorila (small blind) collected ($0.27)
Seat 9: ValeraBLR (big blind) folded before Flop



PokerStars Hand #230018823357:  Hold'em No Limit ($0.01/$0.02 USD) - 2021/09/21 0:03:22 PT [2021/09/21 3:03:22 ET]
Table 'Naema III' 9-max Seat #8 is the button
Seat 1: kostya163173 ($3.50 in chips) 
Seat 3: Dorex2007 ($1.98 in chips) 
Seat 4: leo_leo_me ($1.13 in chips) 
Seat 5: acad2011 ($2.79 in chips) 
Seat 6: Andrey AnBesV ($0.78 in chips) 
Seat 7: BumBumLauer ($2.63 in chips) 
Seat 8: koreangorila ($1.18 in chips) 
Seat 9: ValeraBLR ($2.07 in chips) 
ValeraBLR: posts small blind $0.01
kostya163173: posts big blind $0.02
nanaconda: sits out 
*** HOLE CARDS ***
Dealt to Dorex2007 [8h 3d]
Dorex2007: folds 
leo_leo_me: folds 
acad2011: folds 
Andrey AnBesV: calls $0.02
BumBumLauer: folds 
koreangorila: calls $0.02
ValeraBLR: folds 
kostya163173: checks 
*** FLOP *** [Jc Js 9c]
kostya163173: checks 
Andrey AnBesV: checks 
koreangorila: bets $0.07
kostya163173: folds 
Andrey AnBesV: folds 
Uncalled bet ($0.07) returned to koreangorila
koreangorila collected $0.07 from pot
*** SUMMARY ***
Total pot $0.07 | Rake $0 
Board [Jc Js 9c]
Seat 1: kostya163173 (big blind) folded on the Flop
Seat 3: Dorex2007 folded before Flop (didn't bet)
Seat 4: leo_leo_me folded before Flop (didn't bet)
Seat 5: acad2011 folded before Flop (didn't bet)
Seat 6: Andrey AnBesV folded on the Flop
Seat 7: BumBumLauer folded before Flop (didn't bet)
Seat 8: koreangorila (button) collected ($0.07)
Seat 9: ValeraBLR (small blind) folded before Flop



PokerStars Hand #230018827540:  Hold'em No Limit ($0.01/$0.02 USD) - 2021/09/21 0:03:52 PT [2021/09/21 3:03:52 ET]
Table 'Naema III' 9-max Seat #9 is the button
Seat 1: kostya163173 ($3.48 in chips) 
Seat 2: nanaconda ($2 in chips) 
Seat 3: Dorex2007 ($1.98 in chips) 
Seat 4: leo_leo_me ($1.13 in chips) 
Seat 5: acad2011 ($2.79 in chips) 
Seat 6: Andrey AnBesV ($0.76 in chips) 
Seat 7: BumBumLauer ($2.63 in chips) 
Seat 8: koreangorila ($1.23 in chips) 
Seat 9: ValeraBLR ($2.06 in chips) 
kostya163173: posts small blind $0.01
nanaconda: posts big blind $0.02
*** HOLE CARDS ***
Dealt to Dorex2007 [3d 9d]
Dorex2007: folds 
leo_leo_me: folds 
acad2011: calls $0.02
Andrey AnBesV: calls $0.02
BumBumLauer: folds 
koreangorila: calls $0.02
ValeraBLR: calls $0.02
kostya163173: calls $0.01
nanaconda: checks 
*** FLOP *** [6c 6s Ah]
kostya163173: checks 
nanaconda: checks 
acad2011: bets $0.04
Andrey AnBesV: folds 
koreangorila: folds 
ValeraBLR: raises $0.06 to $0.10
kostya163173: folds 
nanaconda: folds 
acad2011: calls $0.06
*** TURN *** [6c 6s Ah] [6h]
acad2011: checks 
ValeraBLR: checks 
*** RIVER *** [6c 6s Ah 6h] [Th]
acad2011: checks 
ValeraBLR: bets $0.16
acad2011: calls $0.16
*** SHOW DOWN ***
ValeraBLR: shows [4d 6d] (four of a kind, Sixes)
acad2011: mucks hand 
ValeraBLR collected $0.62 from pot
*** SUMMARY ***
Total pot $0.64 | Rake $0.02 
Board [6c 6s Ah 6h Th]
Seat 1: kostya163173 (small blind) folded on the Flop
Seat 2: nanaconda (big blind) folded on the Flop
Seat 3: Dorex2007 folded before Flop (didn't bet)
Seat 4: leo_leo_me folded before Flop (didn't bet)
Seat 5: acad2011 mucked [8s Ac]
Seat 6: Andrey AnBesV folded on the Flop
Seat 7: BumBumLauer folded before Flop (didn't bet)
Seat 8: koreangorila folded on the Flop
Seat 9: ValeraBLR (button) showed [4d 6d] and won ($0.62) with four of a kind, Sixes



PokerStars Hand #230018837687:  Hold'em No Limit ($0.01/$0.02 USD) - 2021/09/21 0:05:04 PT [2021/09/21 3:05:04 ET]
Table 'Naema III' 9-max Seat #1 is the button
Seat 1: kostya163173 ($3.46 in chips) 
Seat 2: nanaconda ($2 in chips) 
Seat 3: Dorex2007 ($1.98 in chips) 
Seat 4: leo_leo_me ($1.13 in chips) 
Seat 5: acad2011 ($2.51 in chips) 
Seat 6: Andrey AnBesV ($0.74 in chips) 
Seat 7: BumBumLauer ($2.63 in chips) 
Seat 8: koreangorila ($1.21 in chips) 
Seat 9: ValeraBLR ($2.40 in chips) 
nanaconda: posts small blind $0.01
Dorex2007: posts big blind $0.02
*** HOLE CARDS ***
Dealt to Dorex2007 [6h Ad]
leo_leo_me: folds 
acad2011: folds 
Andrey AnBesV: calls $0.02
BumBumLauer: folds 
koreangorila: calls $0.02
ValeraBLR: folds 
kostya163173: folds 
nanaconda: calls $0.01
Dorex2007: checks 
*** FLOP *** [Th Jd 5d]
nanaconda: checks 
Dorex2007: checks 
Andrey AnBesV: bets $0.02
koreangorila: raises $0.06 to $0.08
nanaconda: folds 
Dorex2007: folds 
Andrey AnBesV: calls $0.06
*** TURN *** [Th Jd 5d] [Tc]
Andrey AnBesV: bets $0.02
koreangorila: calls $0.02
*** RIVER *** [Th Jd 5d Tc] [Kc]
Andrey AnBesV: bets $0.02
koreangorila: calls $0.02
*** SHOW DOWN ***
Andrey AnBesV: shows [Jc 8d] (two pair, Jacks and Tens)
koreangorila: shows [Jh 9d] (two pair, Jacks and Tens)
Andrey AnBesV collected $0.16 from pot
koreangorila collected $0.15 from pot
*** SUMMARY ***
Total pot $0.32 | Rake $0.01 
Board [Th Jd 5d Tc Kc]
Seat 1: kostya163173 (button) folded before Flop (didn't bet)
Seat 2: nanaconda (small blind) folded on the Flop
Seat 3: Dorex2007 (big blind) folded on the Flop
Seat 4: leo_leo_me folded before Flop (didn't bet)
Seat 5: acad2011 folded before Flop (didn't bet)
Seat 6: Andrey AnBesV showed [Jc 8d] and won ($0.16) with two pair, Jacks and Tens
Seat 7: BumBumLauer folded before Flop (didn't bet)
Seat 8: koreangorila showed [Jh 9d] and won ($0.15) with two pair, Jacks and Tens
Seat 9: ValeraBLR folded before Flop (didn't bet)



PokerStars Hand #230018844328:  Hold'em No Limit ($0.01/$0.02 USD) - 2021/09/21 0:05:51 PT [2021/09/21 3:05:51 ET]
Table 'Naema III' 9-max Seat #2 is the button
Seat 1: kostya163173 ($3.46 in chips) 
Seat 2: nanaconda ($2 in chips) 
Seat 3: Dorex2007 ($1.96 in chips) 
Seat 4: leo_leo_me ($1.13 in chips) 
Seat 5: acad2011 ($2.51 in chips) 
Seat 6: Andrey AnBesV ($0.76 in chips) 
Seat 7: BumBumLauer ($2.63 in chips) 
Seat 8: koreangorila ($1.22 in chips) 
Seat 9: ValeraBLR ($2.40 in chips) 
Dorex2007: posts small blind $0.01
leo_leo_me: posts big blind $0.02
*** HOLE CARDS ***
Dealt to Dorex2007 [3h 8h]
acad2011: folds 
Andrey AnBesV: calls $0.02
BumBumLauer: folds 
koreangorila: calls $0.02
ValeraBLR: folds 
kostya163173: folds 
nanaconda: calls $0.02
Dorex2007: folds 
leo_leo_me: checks 
*** FLOP *** [8d Jh 9h]
leo_leo_me: checks 
Andrey AnBesV: bets $0.02
koreangorila: calls $0.02
nanaconda: calls $0.02
leo_leo_me: calls $0.02
*** TURN *** [8d Jh 9h] [6d]
leo_leo_me: checks 
Andrey AnBesV: bets $0.02
koreangorila: calls $0.02
nanaconda: calls $0.02
leo_leo_me: calls $0.02
*** RIVER *** [8d Jh 9h 6d] [3d]
leo_leo_me: checks 
Andrey AnBesV: bets $0.02
koreangorila: calls $0.02
nanaconda: calls $0.02
leo_leo_me: folds 
*** SHOW DOWN ***
Andrey AnBesV: shows [Th Js] (a pair of Jacks)
koreangorila: mucks hand 
nanaconda: mucks hand 
Andrey AnBesV collected $0.30 from pot
*** SUMMARY ***
Total pot $0.31 | Rake $0.01 
Board [8d Jh 9h 6d 3d]
Seat 1: kostya163173 folded before Flop (didn't bet)
Seat 2: nanaconda (button) mucked [7s 6c]
Seat 3: Dorex2007 (small blind) folded before Flop
Seat 4: leo_leo_me (big blind) folded on the River
Seat 5: acad2011 folded before Flop (didn't bet)
Seat 6: Andrey AnBesV showed [Th Js] and won ($0.30) with a pair of Jacks
Seat 7: BumBumLauer folded before Flop (didn't bet)
Seat 8: koreangorila mucked [9s Kc]
Seat 9: ValeraBLR folded before Flop (didn't bet)



PokerStars Hand #230018854558:  Hold'em No Limit ($0.01/$0.02 USD) - 2021/09/21 0:07:04 PT [2021/09/21 3:07:04 ET]
Table 'Naema III' 9-max Seat #3 is the button
Seat 1: kostya163173 ($3.46 in chips) 
Seat 2: nanaconda ($2 in chips) 
Seat 3: Dorex2007 ($1.95 in chips) 
Seat 4: leo_leo_me ($1.07 in chips) 
Seat 5: acad2011 ($2.51 in chips) 
Seat 6: Andrey AnBesV ($0.98 in chips) 
Seat 7: BumBumLauer ($2.63 in chips) 
Seat 8: koreangorila ($1.14 in chips) 
Seat 9: ValeraBLR ($2.40 in chips) 
leo_leo_me: posts small blind $0.01
acad2011: posts big blind $0.02
*** HOLE CARDS ***
Dealt to Dorex2007 [5d 2d]
Andrey AnBesV: calls $0.02
BumBumLauer: folds 
koreangorila: folds 
koreangorila leaves the table
ValeraBLR: folds 
kostya163173: raises $0.04 to $0.06
ex0rcist666 joins the table at seat #8 
nanaconda: folds 
Dorex2007: folds 
leo_leo_me: folds 
acad2011: folds 
Andrey AnBesV: calls $0.04
*** FLOP *** [6d 9d Ks]
Andrey AnBesV: bets $0.02
kostya163173: calls $0.02
*** TURN *** [6d 9d Ks] [5s]
Andrey AnBesV: checks 
kostya163173: checks 
*** RIVER *** [6d 9d Ks 5s] [Ah]
Andrey AnBesV: checks 
kostya163173: checks 
*** SHOW DOWN ***
Andrey AnBesV: shows [4c Tc] (high card Ace)
kostya163173: shows [Qs Qc] (a pair of Queens)
kostya163173 collected $0.18 from pot
*** SUMMARY ***
Total pot $0.19 | Rake $0.01 
Board [6d 9d Ks 5s Ah]
Seat 1: kostya163173 showed [Qs Qc] and won ($0.18) with a pair of Queens
Seat 2: nanaconda folded before Flop (didn't bet)
Seat 3: Dorex2007 (button) folded before Flop (didn't bet)
Seat 4: leo_leo_me (small blind) folded before Flop
Seat 5: acad2011 (big blind) folded before Flop
Seat 6: Andrey AnBesV showed [4c Tc] and lost with high card Ace
Seat 7: BumBumLauer folded before Flop (didn't bet)
Seat 8: koreangorila folded before Flop (didn't bet)
Seat 9: ValeraBLR folded before Flop (didn't bet)



PokerStars Hand #230018861904:  Hold'em No Limit ($0.01/$0.02 USD) - 2021/09/21 0:07:55 PT [2021/09/21 3:07:55 ET]
Table 'Naema III' 9-max Seat #4 is the button
Seat 1: kostya163173 ($3.56 in chips) 
Seat 2: nanaconda ($2 in chips) 
Seat 3: Dorex2007 ($1.95 in chips) 
Seat 4: leo_leo_me ($1.06 in chips) 
Seat 5: acad2011 ($2.49 in chips) 
Seat 6: Andrey AnBesV ($0.90 in chips) 
Seat 7: BumBumLauer ($2.63 in chips) 
Seat 9: ValeraBLR ($2.40 in chips) 
acad2011: posts small blind $0.01
Andrey AnBesV: posts big blind $0.02
ex0rcist666: sits out 
*** HOLE CARDS ***
Dealt to Dorex2007 [5h 3h]
BumBumLauer: folds 
ValeraBLR: folds 
kostya163173: folds 
nanaconda: raises $0.05 to $0.07
Dorex2007: folds 
leo_leo_me: folds 
acad2011: folds 
Andrey AnBesV: folds 
Uncalled bet ($0.05) returned to nanaconda
nanaconda collected $0.05 from pot
nanaconda: doesn't show hand 
*** SUMMARY ***
Total pot $0.05 | Rake $0 
Seat 1: kostya163173 folded before Flop (didn't bet)
Seat 2: nanaconda collected ($0.05)
Seat 3: Dorex2007 folded before Flop (didn't bet)
Seat 4: leo_leo_me (button) folded before Flop (didn't bet)
Seat 5: acad2011 (small blind) folded before Flop
Seat 6: Andrey AnBesV (big blind) folded before Flop
Seat 7: BumBumLauer folded before Flop (didn't bet)
Seat 9: ValeraBLR folded before Flop (didn't bet)



PokerStars Hand #230018864677:  Hold'em No Limit ($0.01/$0.02 USD) - 2021/09/21 0:08:15 PT [2021/09/21 3:08:15 ET]
Table 'Naema III' 9-max Seat #5 is the button
Seat 1: kostya163173 ($3.56 in chips) 
Seat 2: nanaconda ($2.03 in chips) 
Seat 3: Dorex2007 ($1.95 in chips) 
Seat 4: leo_leo_me ($1.06 in chips) 
Seat 5: acad2011 ($2.48 in chips) 
Seat 6: Andrey AnBesV ($0.88 in chips) 
Seat 7: BumBumLauer ($2.63 in chips) 
Seat 9: ValeraBLR ($2.40 in chips) 
Andrey AnBesV: posts small blind $0.01
BumBumLauer: posts big blind $0.02
ex0rcist666: sits out 
*** HOLE CARDS ***
Dealt to Dorex2007 [5h 6d]
ValeraBLR: folds 
kostya163173: folds 
nanaconda: folds 
Dorex2007: folds 
leo_leo_me: calls $0.02
acad2011: folds 
Andrey AnBesV: calls $0.01
BumBumLauer: checks 
*** FLOP *** [4c 8h 4h]
Andrey AnBesV: bets $0.02
BumBumLauer: calls $0.02
leo_leo_me: calls $0.02
*** TURN *** [4c 8h 4h] [9s]
Andrey AnBesV: bets $0.02
BumBumLauer: calls $0.02
leo_leo_me: calls $0.02
*** RIVER *** [4c 8h 4h 9s] [Jh]
Andrey AnBesV: bets $0.02
BumBumLauer: raises $0.12 to $0.14
leo_leo_me: folds 
Andrey AnBesV: folds 
Uncalled bet ($0.12) returned to BumBumLauer
BumBumLauer collected $0.21 from pot
BumBumLauer: doesn't show hand 
*** SUMMARY ***
Total pot $0.22 | Rake $0.01 
Board [4c 8h 4h 9s Jh]
Seat 1: kostya163173 folded before Flop (didn't bet)
Seat 2: nanaconda folded before Flop (didn't bet)
Seat 3: Dorex2007 folded before Flop (didn't bet)
Seat 4: leo_leo_me folded on the River
Seat 5: acad2011 (button) folded before Flop (didn't bet)
Seat 6: Andrey AnBesV (small blind) folded on the River
Seat 7: BumBumLauer (big blind) collected ($0.21)
Seat 9: ValeraBLR folded before Flop (didn't bet)



PokerStars Hand #230018870441:  Hold'em No Limit ($0.01/$0.02 USD) - 2021/09/21 0:08:56 PT [2021/09/21 3:08:56 ET]
Table 'Naema III' 9-max Seat #6 is the button
Seat 1: kostya163173 ($3.56 in chips) 
Seat 2: nanaconda ($2.03 in chips) 
Seat 3: Dorex2007 ($1.95 in chips) 
Seat 4: leo_leo_me ($1 in chips) 
Seat 5: acad2011 ($2.48 in chips) 
Seat 6: Andrey AnBesV ($0.80 in chips) 
Seat 7: BumBumLauer ($2.76 in chips) 
Seat 8: ex0rcist666 ($2 in chips) 
Seat 9: ValeraBLR ($2.40 in chips) 
BumBumLauer: posts small blind $0.01
ex0rcist666: posts big blind $0.02
*** HOLE CARDS ***
Dealt to Dorex2007 [8s 7h]
ValeraBLR: folds 
kostya163173: folds 
nanaconda: folds 
Dorex2007: folds 
leo_leo_me: folds 
acad2011: folds 
Andrey AnBesV: calls $0.02
BumBumLauer: folds 
ex0rcist666: checks 
*** FLOP *** [Jc 5c Qh]
ex0rcist666: checks 
Andrey AnBesV: bets $0.02
ex0rcist666: folds 
Uncalled bet ($0.02) returned to Andrey AnBesV
Andrey AnBesV collected $0.05 from pot
*** SUMMARY ***
Total pot $0.05 | Rake $0 
Board [Jc 5c Qh]
Seat 1: kostya163173 folded before Flop (didn't bet)
Seat 2: nanaconda folded before Flop (didn't bet)
Seat 3: Dorex2007 folded before Flop (didn't bet)
Seat 4: leo_leo_me folded before Flop (didn't bet)
Seat 5: acad2011 folded before Flop (didn't bet)
Seat 6: Andrey AnBesV (button) collected ($0.05)
Seat 7: BumBumLauer (small blind) folded before Flop
Seat 8: ex0rcist666 (big blind) folded on the Flop
Seat 9: ValeraBLR folded before Flop (didn't bet)



PokerStars Hand #230018874094:  Hold'em No Limit ($0.01/$0.02 USD) - 2021/09/21 0:09:22 PT [2021/09/21 3:09:22 ET]
Table 'Naema III' 9-max Seat #7 is the button
Seat 1: kostya163173 ($3.56 in chips) 
Seat 2: nanaconda ($2.03 in chips) 
Seat 3: Dorex2007 ($1.95 in chips) 
Seat 4: leo_leo_me ($1 in chips) 
Seat 5: acad2011 ($2.48 in chips) 
Seat 6: Andrey AnBesV ($0.83 in chips) 
Seat 7: BumBumLauer ($2.75 in chips) 
Seat 8: ex0rcist666 ($1.98 in chips) 
Seat 9: ValeraBLR ($2.40 in chips) 
ex0rcist666: posts small blind $0.01
ValeraBLR: posts big blind $0.02
*** HOLE CARDS ***
Dealt to Dorex2007 [Qs 5h]
kostya163173: folds 
nanaconda: folds 
nanaconda leaves the table
Dorex2007: folds 
leo_leo_me: calls $0.02
acad2011: calls $0.02
Andrey AnBesV: calls $0.02
BumBumLauer: folds 
ex0rcist666: calls $0.01
ValeraBLR: checks 
*** FLOP *** [4c 2s 2d]
ex0rcist666: checks 
ValeraBLR: checks 
leo_leo_me: checks 
acad2011: checks 
Andrey AnBesV: bets $0.02
evi110 joins the table at seat #2 
ex0rcist666: folds 
ValeraBLR: folds 
leo_leo_me: folds 
acad2011: calls $0.02
*** TURN *** [4c 2s 2d] [Jc]
acad2011: checks 
Andrey AnBesV: bets $0.02
acad2011: calls $0.02
*** RIVER *** [4c 2s 2d Jc] [Js]
acad2011: checks 
Andrey AnBesV: bets $0.10
acad2011: folds 
Uncalled bet ($0.10) returned to Andrey AnBesV
Andrey AnBesV collected $0.17 from pot
*** SUMMARY ***
Total pot $0.18 | Rake $0.01 
Board [4c 2s 2d Jc Js]
Seat 1: kostya163173 folded before Flop (didn't bet)
Seat 2: nanaconda folded before Flop (didn't bet)
Seat 3: Dorex2007 folded before Flop (didn't bet)
Seat 4: leo_leo_me folded on the Flop
Seat 5: acad2011 folded on the River
Seat 6: Andrey AnBesV collected ($0.17)
Seat 7: BumBumLauer (button) folded before Flop (didn't bet)
Seat 8: ex0rcist666 (small blind) folded on the Flop
Seat 9: ValeraBLR (big blind) folded on the Flop



PokerStars Hand #230018884266:  Hold'em No Limit ($0.01/$0.02 USD) - 2021/09/21 0:10:35 PT [2021/09/21 3:10:35 ET]
Table 'Naema III' 9-max Seat #8 is the button
Seat 1: kostya163173 ($3.56 in chips) 
Seat 2: evi110 ($0.80 in chips) 
Seat 3: Dorex2007 ($1.95 in chips) 
Seat 4: leo_leo_me ($0.98 in chips) 
Seat 5: acad2011 ($2.42 in chips) 
Seat 6: Andrey AnBesV ($0.94 in chips) 
Seat 7: BumBumLauer ($2.75 in chips) 
Seat 8: ex0rcist666 ($1.96 in chips) 
Seat 9: ValeraBLR ($2.38 in chips) 
ValeraBLR: posts small blind $0.01
kostya163173: posts big blind $0.02
evi110: posts big blind $0.02
*** HOLE CARDS ***
Dealt to Dorex2007 [Kc 3h]
evi110: checks 
Dorex2007: folds 
leo_leo_me: folds 
acad2011: calls $0.02
Andrey AnBesV: calls $0.02
BumBumLauer: folds 
ex0rcist666: folds 
ValeraBLR: folds 
kostya163173: checks 
*** FLOP *** [Ks 8h Kh]
kostya163173: checks 
evi110: checks 
acad2011: checks 
Andrey AnBesV: checks 
*** TURN *** [Ks 8h Kh] [4d]
kostya163173: checks 
evi110: checks 
acad2011: checks 
Andrey AnBesV: checks 
*** RIVER *** [Ks 8h Kh 4d] [2d]
kostya163173: checks 
evi110: checks 
acad2011: checks 
Andrey AnBesV: checks 
*** SHOW DOWN ***
kostya163173: shows [5d Jd] (a pair of Kings)
evi110: shows [Tc 4h] (two pair, Kings and Fours)
acad2011: mucks hand 
Andrey AnBesV: mucks hand 
evi110 collected $0.09 from pot
*** SUMMARY ***
Total pot $0.09 | Rake $0 
Board [Ks 8h Kh 4d 2d]
Seat 1: kostya163173 (big blind) showed [5d Jd] and lost with a pair of Kings
Seat 2: evi110 showed [Tc 4h] and won ($0.09) with two pair, Kings and Fours
Seat 3: Dorex2007 folded before Flop (didn't bet)
Seat 4: leo_leo_me folded before Flop (didn't bet)
Seat 5: acad2011 mucked [Qh Td]
Seat 6: Andrey AnBesV mucked [9s Ah]
Seat 7: BumBumLauer folded before Flop (didn't bet)
Seat 8: ex0rcist666 (button) folded before Flop (didn't bet)
Seat 9: ValeraBLR (small blind) folded before Flop



PokerStars Hand #230018891397:  Hold'em No Limit ($0.01/$0.02 USD) - 2021/09/21 0:11:26 PT [2021/09/21 3:11:26 ET]
Table 'Naema III' 9-max Seat #9 is the button
Seat 1: kostya163173 ($3.54 in chips) 
Seat 2: evi110 ($0.87 in chips) 
Seat 3: Dorex2007 ($1.95 in chips) 
Seat 4: leo_leo_me ($0.98 in chips) 
Seat 5: acad2011 ($2.40 in chips) 
Seat 6: Andrey AnBesV ($0.92 in chips) 
Seat 7: BumBumLauer ($2.75 in chips) 
Seat 8: ex0rcist666 ($2 in chips) 
Seat 9: ValeraBLR ($2.37 in chips) 
kostya163173: posts small blind $0.01
evi110: posts big blind $0.02
*** HOLE CARDS ***
Dealt to Dorex2007 [3h Jd]
Dorex2007: folds 
leo_leo_me: calls $0.02
acad2011: folds 
Andrey AnBesV: calls $0.02
BumBumLauer: folds 
ex0rcist666: folds 
ValeraBLR: folds 
kostya163173: folds 
evi110: checks 
*** FLOP *** [6h 9d 8h]
evi110: checks 
leo_leo_me: bets $0.02
Andrey AnBesV: folds 
evi110: folds 
Uncalled bet ($0.02) returned to leo_leo_me
leo_leo_me collected $0.07 from pot
leo_leo_me: doesn't show hand 
*** SUMMARY ***
Total pot $0.07 | Rake $0 
Board [6h 9d 8h]
Seat 1: kostya163173 (small blind) folded before Flop
Seat 2: evi110 (big blind) folded on the Flop
Seat 3: Dorex2007 folded before Flop (didn't bet)
Seat 4: leo_leo_me collected ($0.07)
Seat 5: acad2011 folded before Flop (didn't bet)
Seat 6: Andrey AnBesV folded on the Flop
Seat 7: BumBumLauer folded before Flop (didn't bet)
Seat 8: ex0rcist666 folded before Flop (didn't bet)
Seat 9: ValeraBLR (button) folded before Flop (didn't bet)



PokerStars Hand #230018896062:  Hold'em No Limit ($0.01/$0.02 USD) - 2021/09/21 0:12:00 PT [2021/09/21 3:12:00 ET]
Table 'Naema III' 9-max Seat #1 is the button
Seat 1: kostya163173 ($3.53 in chips) 
Seat 2: evi110 ($0.85 in chips) 
Seat 3: Dorex2007 ($1.95 in chips) 
Seat 4: leo_leo_me ($1.03 in chips) 
Seat 5: acad2011 ($2.40 in chips) 
Seat 6: Andrey AnBesV ($0.90 in chips) 
Seat 7: BumBumLauer ($2.75 in chips) 
Seat 8: ex0rcist666 ($2 in chips) 
Seat 9: ValeraBLR ($2.37 in chips) 
evi110: posts small blind $0.01
Dorex2007: posts big blind $0.02
*** HOLE CARDS ***
Dealt to Dorex2007 [9d 9s]
leo_leo_me: folds 
acad2011: folds 
Andrey AnBesV: folds 
BumBumLauer: folds 
ex0rcist666: folds 
ValeraBLR: folds 
kostya163173: raises $0.02 to $0.04
evi110: calls $0.03
Dorex2007: calls $0.02
*** FLOP *** [3h Qh Td]
evi110: bets $0.12
Dorex2007: folds 
kostya163173: raises $0.18 to $0.30
evi110: calls $0.18
*** TURN *** [3h Qh Td] [As]
evi110: checks 
kostya163173: bets $0.69
evi110: calls $0.51 and is all-in
Uncalled bet ($0.18) returned to kostya163173
*** RIVER *** [3h Qh Td As] [8c]
*** SHOW DOWN ***
evi110: shows [3c 5c] (a pair of Threes)
kostya163173: shows [Qd Th] (two pair, Queens and Tens)
kostya163173 cashed out the hand for $1.58 | Cash Out Fee $0.02
*** SUMMARY ***
Total pot $1.74 | Rake $0.06 
Board [3h Qh Td As 8c]
Seat 1: kostya163173 (button) showed [Qd Th] and won ($1.68) with two pair, Queens and Tens (pot not awarded as player cashed out)
Seat 2: evi110 (small blind) showed [3c 5c] and lost with a pair of Threes
Seat 3: Dorex2007 (big blind) folded on the Flop
Seat 4: leo_leo_me folded before Flop (didn't bet)
Seat 5: acad2011 folded before Flop (didn't bet)
Seat 6: Andrey AnBesV folded before Flop (didn't bet)
Seat 7: BumBumLauer folded before Flop (didn't bet)
Seat 8: ex0rcist666 folded before Flop (didn't bet)
Seat 9: ValeraBLR folded before Flop (didn't bet)



PokerStars Hand #230018903975:  Hold'em No Limit ($0.01/$0.02 USD) - 2021/09/21 0:12:56 PT [2021/09/21 3:12:56 ET]
Table 'Naema III' 9-max Seat #3 is the button
Seat 1: kostya163173 ($4.26 in chips) 
Seat 3: Dorex2007 ($2 in chips) 
Seat 4: leo_leo_me ($1.03 in chips) 
Seat 5: acad2011 ($2.40 in chips) 
Seat 6: Andrey AnBesV ($0.90 in chips) 
Seat 7: BumBumLauer ($2.75 in chips) 
Seat 8: ex0rcist666 ($2 in chips) 
Seat 9: ValeraBLR ($2.37 in chips) 
leo_leo_me: posts small blind $0.01
acad2011: posts big blind $0.02
*** HOLE CARDS ***
Dealt to Dorex2007 [8h Ah]
Andrey AnBesV: folds 
BumBumLauer: folds 
ex0rcist666: raises $0.05 to $0.07
ValeraBLR: folds 
kostya163173: folds 
Dorex2007: calls $0.07
leo_leo_me: folds 
acad2011: folds 
*** FLOP *** [7d 8d 6d]
ex0rcist666: bets $0.12
Dorex2007: calls $0.12
*** TURN *** [7d 8d 6d] [6s]
ex0rcist666: checks 
Dorex2007: bets $0.20
ex0rcist666: calls $0.20
*** RIVER *** [7d 8d 6d 6s] [2h]
ex0rcist666: checks 
Dorex2007: checks 
*** SHOW DOWN ***
ex0rcist666: shows [Td Kd] (a flush, King high)
Dorex2007: mucks hand 
ex0rcist666 collected $0.78 from pot
*** SUMMARY ***
Total pot $0.81 | Rake $0.03 
Board [7d 8d 6d 6s 2h]
Seat 1: kostya163173 folded before Flop (didn't bet)
Seat 3: Dorex2007 (button) mucked [8h Ah]
Seat 4: leo_leo_me (small blind) folded before Flop
Seat 5: acad2011 (big blind) folded before Flop
Seat 6: Andrey AnBesV folded before Flop (didn't bet)
Seat 7: BumBumLauer folded before Flop (didn't bet)
Seat 8: ex0rcist666 showed [Td Kd] and won ($0.78) with a flush, King high
Seat 9: ValeraBLR folded before Flop (didn't bet)



PokerStars Hand #230018921705:  Hold'em No Limit ($0.01/$0.02 USD) - 2021/09/21 0:13:53 PT [2021/09/21 3:13:53 ET]
Table 'Naema III' 9-max Seat #4 is the button
Seat 1: kostya163173 ($4.26 in chips) 
Seat 2: evi110 ($0.80 in chips) 
Seat 3: Dorex2007 ($1.61 in chips) 
Seat 4: leo_leo_me ($1.02 in chips) 
Seat 5: acad2011 ($2.38 in chips) 
Seat 6: Andrey AnBesV ($0.90 in chips) 
Seat 7: BumBumLauer ($2.75 in chips) 
Seat 8: ex0rcist666 ($2.39 in chips) 
Seat 9: ValeraBLR ($2.37 in chips) 
acad2011: posts small blind $0.01
Andrey AnBesV: posts big blind $0.02
*** HOLE CARDS ***
Dealt to Dorex2007 [5d Qh]
BumBumLauer: folds 
ex0rcist666: raises $0.05 to $0.07
ValeraBLR: folds 
kostya163173: calls $0.07
evi110: folds 
Dorex2007: folds 
leo_leo_me: folds 
acad2011: calls $0.06
Andrey AnBesV: folds 
*** FLOP *** [7d Js 4s]
acad2011: checks 
ex0rcist666: checks 
kostya163173: checks 
*** TURN *** [7d Js 4s] [Qd]
acad2011: checks 
ex0rcist666: bets $0.14
kostya163173: folds 
acad2011: folds 
Uncalled bet ($0.14) returned to ex0rcist666
ex0rcist666 collected $0.22 from pot
ex0rcist666: doesn't show hand 
*** SUMMARY ***
Total pot $0.23 | Rake $0.01 
Board [7d Js 4s Qd]
Seat 1: kostya163173 folded on the Turn
Seat 2: evi110 folded before Flop (didn't bet)
Seat 3: Dorex2007 folded before Flop (didn't bet)
Seat 4: leo_leo_me (button) folded before Flop (didn't bet)
Seat 5: acad2011 (small blind) folded on the Turn
Seat 6: Andrey AnBesV (big blind) folded before Flop
Seat 7: BumBumLauer folded before Flop (didn't bet)
Seat 8: ex0rcist666 collected ($0.22)
Seat 9: ValeraBLR folded before Flop (didn't bet)



PokerStars Hand #230018929718:  Hold'em No Limit ($0.01/$0.02 USD) - 2021/09/21 0:14:48 PT [2021/09/21 3:14:48 ET]
Table 'Naema III' 9-max Seat #5 is the button
Seat 1: kostya163173 ($4.19 in chips) 
Seat 2: evi110 ($0.80 in chips) 
Seat 3: Dorex2007 ($1.61 in chips) 
Seat 4: leo_leo_me ($1.02 in chips) 
Seat 5: acad2011 ($2.31 in chips) 
Seat 6: Andrey AnBesV ($0.88 in chips) 
Seat 7: BumBumLauer ($2.75 in chips) 
Seat 8: ex0rcist666 ($2.54 in chips) 
Seat 9: ValeraBLR ($2.37 in chips) 
Andrey AnBesV: posts small blind $0.01
BumBumLauer: posts big blind $0.02
*** HOLE CARDS ***
Dealt to Dorex2007 [6h Jd]
ex0rcist666: raises $0.05 to $0.07
ValeraBLR: folds 
kostya163173: folds 
evi110: folds 
Dorex2007: folds 
leo_leo_me: folds 
acad2011: folds 
Andrey AnBesV: calls $0.06
BumBumLauer: folds 
*** FLOP *** [2h Td Ts]
Andrey AnBesV: bets $0.02
ex0rcist666: calls $0.02
*** TURN *** [2h Td Ts] [5d]
Andrey AnBesV: bets $0.04
ex0rcist666: calls $0.04
*** RIVER *** [2h Td Ts 5d] [Kc]
Andrey AnBesV: bets $0.16
ex0rcist666: folds 
Uncalled bet ($0.16) returned to Andrey AnBesV
Andrey AnBesV collected $0.27 from pot
*** SUMMARY ***
Total pot $0.28 | Rake $0.01 
Board [2h Td Ts 5d Kc]
Seat 1: kostya163173 folded before Flop (didn't bet)
Seat 2: evi110 folded before Flop (didn't bet)
Seat 3: Dorex2007 folded before Flop (didn't bet)
Seat 4: leo_leo_me folded before Flop (didn't bet)
Seat 5: acad2011 (button) folded before Flop (didn't bet)
Seat 6: Andrey AnBesV (small blind) collected ($0.27)
Seat 7: BumBumLauer (big blind) folded before Flop
Seat 8: ex0rcist666 folded on the River
Seat 9: ValeraBLR folded before Flop (didn't bet)



PokerStars Hand #230018939545:  Hold'em No Limit ($0.01/$0.02 USD) - 2021/09/21 0:15:57 PT [2021/09/21 3:15:57 ET]
Table 'Naema III' 9-max Seat #6 is the button
Seat 1: kostya163173 ($4.19 in chips) 
Seat 2: evi110 ($0.80 in chips) 
Seat 3: Dorex2007 ($1.61 in chips) 
Seat 4: leo_leo_me ($1.02 in chips) 
Seat 5: acad2011 ($2.31 in chips) 
Seat 6: Andrey AnBesV ($1.02 in chips) 
Seat 7: BumBumLauer ($2.73 in chips) 
Seat 8: ex0rcist666 ($2.41 in chips) 
Seat 9: ValeraBLR ($2.37 in chips) 
BumBumLauer: posts small blind $0.01
ex0rcist666: posts big blind $0.02
*** HOLE CARDS ***
Dealt to Dorex2007 [Kh 8c]
ValeraBLR: folds 
kostya163173: folds 
evi110: raises $0.78 to $0.80 and is all-in
Dorex2007: folds 
leo_leo_me: folds 
acad2011: folds 
Andrey AnBesV: folds 
BumBumLauer: folds 
ex0rcist666: folds 
Uncalled bet ($0.78) returned to evi110
evi110 collected $0.05 from pot
evi110: doesn't show hand 
*** SUMMARY ***
Total pot $0.05 | Rake $0 
Seat 1: kostya163173 folded before Flop (didn't bet)
Seat 2: evi110 collected ($0.05)
Seat 3: Dorex2007 folded before Flop (didn't bet)
Seat 4: leo_leo_me folded before Flop (didn't bet)
Seat 5: acad2011 folded before Flop (didn't bet)
Seat 6: Andrey AnBesV (button) folded before Flop (didn't bet)
Seat 7: BumBumLauer (small blind) folded before Flop
Seat 8: ex0rcist666 (big blind) folded before Flop
Seat 9: ValeraBLR folded before Flop (didn't bet)



PokerStars Hand #230018943124:  Hold'em No Limit ($0.01/$0.02 USD) - 2021/09/21 0:16:22 PT [2021/09/21 3:16:22 ET]
Table 'Naema III' 9-max Seat #7 is the button
Seat 1: kostya163173 ($4.19 in chips) 
Seat 2: evi110 ($0.83 in chips) 
Seat 3: Dorex2007 ($1.61 in chips) 
Seat 4: leo_leo_me ($1.02 in chips) 
Seat 5: acad2011 ($2.31 in chips) 
Seat 6: Andrey AnBesV ($1.02 in chips) 
Seat 7: BumBumLauer ($2.72 in chips) 
Seat 8: ex0rcist666 ($2.39 in chips) 
Seat 9: ValeraBLR ($2.37 in chips) 
ex0rcist666: posts small blind $0.01
ValeraBLR: posts big blind $0.02
*** HOLE CARDS ***
Dealt to Dorex2007 [5d 8h]
kostya163173: folds 
evi110: calls $0.02
Dorex2007: folds 
leo_leo_me: folds 
acad2011: calls $0.02
Andrey AnBesV: calls $0.02
BumBumLauer: calls $0.02
ex0rcist666: calls $0.01
ValeraBLR: checks 
*** FLOP *** [6d Qd 9s]
ex0rcist666: checks 
ValeraBLR: checks 
evi110: bets $0.81 and is all-in
acad2011: folds 
Andrey AnBesV: folds 
BumBumLauer: folds 
ex0rcist666: folds 
ValeraBLR: folds 
Uncalled bet ($0.81) returned to evi110
evi110 collected $0.12 from pot
evi110: doesn't show hand 
*** SUMMARY ***
Total pot $0.12 | Rake $0 
Board [6d Qd 9s]
Seat 1: kostya163173 folded before Flop (didn't bet)
Seat 2: evi110 collected ($0.12)
Seat 3: Dorex2007 folded before Flop (didn't bet)
Seat 4: leo_leo_me folded before Flop (didn't bet)
Seat 5: acad2011 folded on the Flop
Seat 6: Andrey AnBesV folded on the Flop
Seat 7: BumBumLauer (button) folded on the Flop
Seat 8: ex0rcist666 (small blind) folded on the Flop
Seat 9: ValeraBLR (big blind) folded on the Flop



PokerStars Hand #230018949846:  Hold'em No Limit ($0.01/$0.02 USD) - 2021/09/21 0:17:09 PT [2021/09/21 3:17:09 ET]
Table 'Naema III' 9-max Seat #8 is the button
Seat 1: kostya163173 ($4.19 in chips) 
Seat 2: evi110 ($0.93 in chips) 
Seat 3: Dorex2007 ($1.61 in chips) 
Seat 4: leo_leo_me ($1.02 in chips) 
Seat 5: acad2011 ($2.29 in chips) 
Seat 6: Andrey AnBesV ($1 in chips) 
Seat 7: BumBumLauer ($2.70 in chips) 
Seat 8: ex0rcist666 ($2.37 in chips) 
Seat 9: ValeraBLR ($2.35 in chips) 
ValeraBLR: posts small blind $0.01
kostya163173: posts big blind $0.02
*** HOLE CARDS ***
Dealt to Dorex2007 [2c 3h]
evi110: folds 
Dorex2007: folds 
leo_leo_me: folds 
acad2011: calls $0.02
Andrey AnBesV: folds 
BumBumLauer: folds 
ex0rcist666: folds 
ValeraBLR: folds 
kostya163173: checks 
*** FLOP *** [Js 2d 5s]
kostya163173: checks 
acad2011: bets $0.05
kostya163173: calls $0.05
*** TURN *** [Js 2d 5s] [Ad]
kostya163173: checks 
acad2011: checks 
*** RIVER *** [Js 2d 5s Ad] [Tc]
kostya163173: bets $0.02
acad2011: calls $0.02
*** SHOW DOWN ***
kostya163173: shows [Jc 8s] (a pair of Jacks)
acad2011: shows [Ts Jd] (two pair, Jacks and Tens)
acad2011 collected $0.18 from pot
*** SUMMARY ***
Total pot $0.19 | Rake $0.01 
Board [Js 2d 5s Ad Tc]
Seat 1: kostya163173 (big blind) showed [Jc 8s] and lost with a pair of Jacks
Seat 2: evi110 folded before Flop (didn't bet)
Seat 3: Dorex2007 folded before Flop (didn't bet)
Seat 4: leo_leo_me folded before Flop (didn't bet)
Seat 5: acad2011 showed [Ts Jd] and won ($0.18) with two pair, Jacks and Tens
Seat 6: Andrey AnBesV folded before Flop (didn't bet)
Seat 7: BumBumLauer folded before Flop (didn't bet)
Seat 8: ex0rcist666 (button) folded before Flop (didn't bet)
Seat 9: ValeraBLR (small blind) folded before Flop



PokerStars Hand #230018957313:  Hold'em No Limit ($0.01/$0.02 USD) - 2021/09/21 0:18:01 PT [2021/09/21 3:18:01 ET]
Table 'Naema III' 9-max Seat #9 is the button
Seat 1: kostya163173 ($4.10 in chips) 
Seat 2: evi110 ($0.93 in chips) 
Seat 3: Dorex2007 ($1.61 in chips) 
Seat 4: leo_leo_me ($1.02 in chips) 
Seat 5: acad2011 ($2.38 in chips) 
Seat 6: Andrey AnBesV ($1 in chips) 
Seat 7: BumBumLauer ($2.70 in chips) 
Seat 8: ex0rcist666 ($2.37 in chips) 
Seat 9: ValeraBLR ($2.34 in chips) 
kostya163173: posts small blind $0.01
evi110: posts big blind $0.02
*** HOLE CARDS ***
Dealt to Dorex2007 [Ts 4d]
Dorex2007: folds 
leo_leo_me: folds 
acad2011: calls $0.02
Andrey AnBesV: calls $0.02
BumBumLauer: folds 
ex0rcist666: folds 
ValeraBLR: folds 
kostya163173: folds 
evi110: checks 
*** FLOP *** [6s Ks 6c]
evi110: checks 
acad2011: checks 
Andrey AnBesV: checks 
*** TURN *** [6s Ks 6c] [Qc]
evi110: checks 
acad2011: checks 
Andrey AnBesV: checks 
*** RIVER *** [6s Ks 6c Qc] [Jh]
evi110: checks 
acad2011: checks 
Andrey AnBesV: checks 
*** SHOW DOWN ***
evi110: shows [7d 5d] (a pair of Sixes)
acad2011: shows [Jd 8c] (two pair, Jacks and Sixes)
Andrey AnBesV: mucks hand 
acad2011 collected $0.07 from pot
*** SUMMARY ***
Total pot $0.07 | Rake $0 
Board [6s Ks 6c Qc Jh]
Seat 1: kostya163173 (small blind) folded before Flop
Seat 2: evi110 (big blind) showed [7d 5d] and lost with a pair of Sixes
Seat 3: Dorex2007 folded before Flop (didn't bet)
Seat 4: leo_leo_me folded before Flop (didn't bet)
Seat 5: acad2011 showed [Jd 8c] and won ($0.07) with two pair, Jacks and Sixes
Seat 6: Andrey AnBesV mucked [Tc 8s]
Seat 7: BumBumLauer folded before Flop (didn't bet)
Seat 8: ex0rcist666 folded before Flop (didn't bet)
Seat 9: ValeraBLR (button) folded before Flop (didn't bet)



PokerStars Hand #230018964782:  Hold'em No Limit ($0.01/$0.02 USD) - 2021/09/21 0:18:53 PT [2021/09/21 3:18:53 ET]
Table 'Naema III' 9-max Seat #1 is the button
Seat 1: kostya163173 ($4.09 in chips) 
Seat 2: evi110 ($0.91 in chips) 
Seat 3: Dorex2007 ($1.61 in chips) 
Seat 4: leo_leo_me ($1.02 in chips) 
Seat 5: acad2011 ($2.43 in chips) 
Seat 6: Andrey AnBesV ($0.98 in chips) 
Seat 7: BumBumLauer ($2.70 in chips) 
Seat 8: ex0rcist666 ($2.37 in chips) 
Seat 9: ValeraBLR ($2.34 in chips) 
evi110: posts small blind $0.01
Dorex2007: posts big blind $0.02
*** HOLE CARDS ***
Dealt to Dorex2007 [4d 9h]
leo_leo_me: folds 
acad2011: folds 
Andrey AnBesV: calls $0.02
BumBumLauer: folds 
ex0rcist666: folds 
ValeraBLR: folds 
kostya163173: folds 
evi110: raises $0.89 to $0.91 and is all-in
Dorex2007: folds 
Andrey AnBesV: folds 
Uncalled bet ($0.89) returned to evi110
evi110 collected $0.06 from pot
evi110: doesn't show hand 
*** SUMMARY ***
Total pot $0.06 | Rake $0 
Seat 1: kostya163173 (button) folded before Flop (didn't bet)
Seat 2: evi110 (small blind) collected ($0.06)
Seat 3: Dorex2007 (big blind) folded before Flop
Seat 4: leo_leo_me folded before Flop (didn't bet)
Seat 5: acad2011 folded before Flop (didn't bet)
Seat 6: Andrey AnBesV folded before Flop
Seat 7: BumBumLauer folded before Flop (didn't bet)
Seat 8: ex0rcist666 folded before Flop (didn't bet)
Seat 9: ValeraBLR folded before Flop (didn't bet)



PokerStars Hand #230018967813:  Hold'em No Limit ($0.01/$0.02 USD) - 2021/09/21 0:19:14 PT [2021/09/21 3:19:14 ET]
Table 'Naema III' 9-max Seat #2 is the button
Seat 1: kostya163173 ($4.09 in chips) 
Seat 2: evi110 ($0.95 in chips) 
Seat 3: Dorex2007 ($1.59 in chips) 
Seat 4: leo_leo_me ($1.02 in chips) 
Seat 5: acad2011 ($2.43 in chips) 
Seat 6: Andrey AnBesV ($0.96 in chips) 
Seat 7: BumBumLauer ($2.70 in chips) 
Seat 8: ex0rcist666 ($2.37 in chips) 
Seat 9: ValeraBLR ($2.34 in chips) 
Dorex2007: posts small blind $0.01
leo_leo_me: posts big blind $0.02
*** HOLE CARDS ***
Dealt to Dorex2007 [7c Jc]
acad2011: calls $0.02
Andrey AnBesV: folds 
BumBumLauer: folds 
ex0rcist666: raises $0.07 to $0.09
ValeraBLR: folds 
kostya163173: folds 
evi110: folds 
Dorex2007: folds 
leo_leo_me: folds 
acad2011: folds 
Uncalled bet ($0.07) returned to ex0rcist666
ex0rcist666 collected $0.07 from pot
ex0rcist666: doesn't show hand 
*** SUMMARY ***
Total pot $0.07 | Rake $0 
Seat 1: kostya163173 folded before Flop (didn't bet)
Seat 2: evi110 (button) folded before Flop (didn't bet)
Seat 3: Dorex2007 (small blind) folded before Flop
Seat 4: leo_leo_me (big blind) folded before Flop
Seat 5: acad2011 folded before Flop
Seat 6: Andrey AnBesV folded before Flop (didn't bet)
Seat 7: BumBumLauer folded before Flop (didn't bet)
Seat 8: ex0rcist666 collected ($0.07)
Seat 9: ValeraBLR folded before Flop (didn't bet)



PokerStars Hand #230018971107:  Hold'em No Limit ($0.01/$0.02 USD) - 2021/09/21 0:19:37 PT [2021/09/21 3:19:37 ET]
Table 'Naema III' 9-max Seat #3 is the button
Seat 1: kostya163173 ($4.09 in chips) 
Seat 2: evi110 ($0.95 in chips) 
Seat 3: Dorex2007 ($2 in chips) 
Seat 4: leo_leo_me ($1 in chips) 
Seat 5: acad2011 ($2.41 in chips) 
Seat 6: Andrey AnBesV ($0.96 in chips) 
Seat 7: BumBumLauer ($2.70 in chips) 
Seat 8: ex0rcist666 ($2.42 in chips) 
Seat 9: ValeraBLR ($2.34 in chips) 
leo_leo_me: posts small blind $0.01
acad2011: posts big blind $0.02
*** HOLE CARDS ***
Dealt to Dorex2007 [7d Qs]
Andrey AnBesV: calls $0.02
BumBumLauer: folds 
ex0rcist666: folds 
ValeraBLR: folds 
kostya163173: raises $0.02 to $0.04
evi110: calls $0.04
Dorex2007: folds 
leo_leo_me: folds 
acad2011: calls $0.02
Andrey AnBesV: calls $0.02
*** FLOP *** [5c 7h 4d]
acad2011: bets $0.16
Andrey AnBesV: folds 
kostya163173: folds 
evi110: calls $0.16
*** TURN *** [5c 7h 4d] [8h]
acad2011: bets $0.47
evi110: calls $0.47
*** RIVER *** [5c 7h 4d 8h] [9s]
acad2011: checks 
evi110: bets $0.28 and is all-in
acad2011: calls $0.28
*** SHOW DOWN ***
evi110: shows [8s 9d] (two pair, Nines and Eights)
acad2011: shows [8d 6d] (a straight, Five to Nine)
acad2011 collected $1.92 from pot
*** SUMMARY ***
Total pot $1.99 | Rake $0.07 
Board [5c 7h 4d 8h 9s]
Seat 1: kostya163173 folded on the Flop
Seat 2: evi110 showed [8s 9d] and lost with two pair, Nines and Eights
Seat 3: Dorex2007 (button) folded before Flop (didn't bet)
Seat 4: leo_leo_me (small blind) folded before Flop
Seat 5: acad2011 (big blind) showed [8d 6d] and won ($1.92) with a straight, Five to Nine
Seat 6: Andrey AnBesV folded on the Flop
Seat 7: BumBumLauer folded before Flop (didn't bet)
Seat 8: ex0rcist666 folded before Flop (didn't bet)
Seat 9: ValeraBLR folded before Flop (didn't bet)



PokerStars Hand #230018979481:  Hold'em No Limit ($0.01/$0.02 USD) - 2021/09/21 0:20:35 PT [2021/09/21 3:20:35 ET]
Table 'Naema III' 9-max Seat #4 is the button
Seat 1: kostya163173 ($4.05 in chips) 
Seat 3: Dorex2007 ($2 in chips) 
Seat 4: leo_leo_me ($0.99 in chips) 
Seat 5: acad2011 ($3.38 in chips) 
Seat 6: Andrey AnBesV ($0.92 in chips) 
Seat 7: BumBumLauer ($2.70 in chips) 
Seat 8: ex0rcist666 ($2.42 in chips) 
Seat 9: ValeraBLR ($2.34 in chips) 
acad2011: posts small blind $0.01
Andrey AnBesV: posts big blind $0.02
*** HOLE CARDS ***
Dealt to Dorex2007 [7d 8c]
BumBumLauer: raises $0.06 to $0.08
ex0rcist666: folds 
ValeraBLR: folds 
kostya163173: folds 
Dorex2007: folds 
leo_leo_me: folds 
acad2011: folds 
Andrey AnBesV: folds 
Uncalled bet ($0.06) returned to BumBumLauer
BumBumLauer collected $0.05 from pot
BumBumLauer: doesn't show hand 
*** SUMMARY ***
Total pot $0.05 | Rake $0 
Seat 1: kostya163173 folded before Flop (didn't bet)
Seat 3: Dorex2007 folded before Flop (didn't bet)
Seat 4: leo_leo_me (button) folded before Flop (didn't bet)
Seat 5: acad2011 (small blind) folded before Flop
Seat 6: Andrey AnBesV (big blind) folded before Flop
Seat 7: BumBumLauer collected ($0.05)
Seat 8: ex0rcist666 folded before Flop (didn't bet)
Seat 9: ValeraBLR folded before Flop (didn't bet)



PokerStars Hand #230018982609:  Hold'em No Limit ($0.01/$0.02 USD) - 2021/09/21 0:20:56 PT [2021/09/21 3:20:56 ET]
Table 'Naema III' 9-max Seat #5 is the button
Seat 1: kostya163173 ($4.05 in chips) 
Seat 2: evi110 ($0.80 in chips) 
Seat 3: Dorex2007 ($2 in chips) 
Seat 4: leo_leo_me ($0.99 in chips) 
Seat 5: acad2011 ($3.37 in chips) 
Seat 6: Andrey AnBesV ($0.90 in chips) 
Seat 7: BumBumLauer ($2.73 in chips) 
Seat 8: ex0rcist666 ($2.42 in chips) 
Seat 9: ValeraBLR ($2.34 in chips) 
Andrey AnBesV: posts small blind $0.01
BumBumLauer: posts big blind $0.02
*** HOLE CARDS ***
Dealt to Dorex2007 [9s Tc]
ex0rcist666: folds 
ValeraBLR: folds 
kostya163173: folds 
evi110: folds 
Dorex2007: folds 
leo_leo_me: folds 
acad2011: calls $0.02
Andrey AnBesV: calls $0.01
BumBumLauer: checks 
*** FLOP *** [Kc 2d 5s]
Andrey AnBesV: checks 
BumBumLauer: checks 
acad2011: checks 
*** TURN *** [Kc 2d 5s] [Kh]
Andrey AnBesV: checks 
BumBumLauer: checks 
acad2011: checks 
*** RIVER *** [Kc 2d 5s Kh] [Td]
Andrey AnBesV: checks 
BumBumLauer: checks 
acad2011: checks 
*** SHOW DOWN ***
Andrey AnBesV: shows [Jh Ah] (a pair of Kings)
BumBumLauer: mucks hand 
acad2011: mucks hand 
Andrey AnBesV collected $0.06 from pot
*** SUMMARY ***
Total pot $0.06 | Rake $0 
Board [Kc 2d 5s Kh Td]
Seat 1: kostya163173 folded before Flop (didn't bet)
Seat 2: evi110 folded before Flop (didn't bet)
Seat 3: Dorex2007 folded before Flop (didn't bet)
Seat 4: leo_leo_me folded before Flop (didn't bet)
Seat 5: acad2011 (button) mucked [6s As]
Seat 6: Andrey AnBesV (small blind) showed [Jh Ah] and won ($0.06) with a pair of Kings
Seat 7: BumBumLauer (big blind) mucked [9c 7s]
Seat 8: ex0rcist666 folded before Flop (didn't bet)
Seat 9: ValeraBLR folded before Flop (didn't bet)



PokerStars Hand #230018989591:  Hold'em No Limit ($0.01/$0.02 USD) - 2021/09/21 0:21:45 PT [2021/09/21 3:21:45 ET]
Table 'Naema III' 9-max Seat #6 is the button
Seat 1: kostya163173 ($4.05 in chips) 
Seat 2: evi110 ($0.80 in chips) 
Seat 3: Dorex2007 ($2 in chips) 
Seat 4: leo_leo_me ($0.99 in chips) 
Seat 5: acad2011 ($3.35 in chips) 
Seat 6: Andrey AnBesV ($0.94 in chips) 
Seat 7: BumBumLauer ($2.71 in chips) 
Seat 8: ex0rcist666 ($2.42 in chips) 
Seat 9: ValeraBLR ($2.34 in chips) 
BumBumLauer: posts small blind $0.01
ex0rcist666: posts big blind $0.02
*** HOLE CARDS ***
Dealt to Dorex2007 [Kc Jc]
ValeraBLR: raises $0.02 to $0.04
kostya163173: folds 
evi110: folds 
Dorex2007: calls $0.04
leo_leo_me: folds 
acad2011: folds 
Andrey AnBesV: calls $0.04
BumBumLauer: folds 
ex0rcist666: calls $0.02
*** FLOP *** [Js 8h 5s]
ex0rcist666: checks 
ValeraBLR: bets $0.08
Dorex2007: calls $0.08
Andrey AnBesV: calls $0.08
ex0rcist666: folds 
*** TURN *** [Js 8h 5s] [8s]
ValeraBLR: bets $0.08
Dorex2007: folds 
Andrey AnBesV: raises $0.08 to $0.16
ValeraBLR: calls $0.08
*** RIVER *** [Js 8h 5s 8s] [3h]
ValeraBLR: checks 
leo_leo_me leaves the table
Andrey AnBesV: bets $0.26
ValeraBLR: folds 
Uncalled bet ($0.26) returned to Andrey AnBesV
Andrey AnBesV collected $0.70 from pot
*** SUMMARY ***
Total pot $0.73 | Rake $0.03 
Board [Js 8h 5s 8s 3h]
Seat 1: kostya163173 folded before Flop (didn't bet)
Seat 2: evi110 folded before Flop (didn't bet)
Seat 3: Dorex2007 folded on the Turn
Seat 4: leo_leo_me folded before Flop (didn't bet)
Seat 5: acad2011 folded before Flop (didn't bet)
Seat 6: Andrey AnBesV (button) collected ($0.70)
Seat 7: BumBumLauer (small blind) folded before Flop
Seat 8: ex0rcist666 (big blind) folded on the Flop
Seat 9: ValeraBLR folded on the River



PokerStars Hand #230018996866:  Hold'em No Limit ($0.01/$0.02 USD) - 2021/09/21 0:22:36 PT [2021/09/21 3:22:36 ET]
Table 'Naema III' 9-max Seat #7 is the button
Seat 1: kostya163173 ($4.05 in chips) 
Seat 2: evi110 ($0.80 in chips) 
Seat 3: Dorex2007 ($1.88 in chips) 
Seat 5: acad2011 ($3.35 in chips) 
Seat 6: Andrey AnBesV ($1.36 in chips) 
Seat 7: BumBumLauer ($2.70 in chips) 
Seat 8: ex0rcist666 ($2.38 in chips) 
Seat 9: ValeraBLR ($2.06 in chips) 
ex0rcist666: posts small blind $0.01
ValeraBLR: posts big blind $0.02
*** HOLE CARDS ***
Dealt to Dorex2007 [7h 4s]
kostya163173: folds 
John Antoni7 joins the table at seat #4 
evi110: calls $0.02
Dorex2007: folds 
acad2011: folds 
Andrey AnBesV: calls $0.02
BumBumLauer: folds 
ex0rcist666: raises $0.08 to $0.10
ValeraBLR: folds 
evi110: calls $0.08
Andrey AnBesV: folds 
*** FLOP *** [Th 8s 4c]
ex0rcist666: bets $0.14
evi110: folds 
Uncalled bet ($0.14) returned to ex0rcist666
ex0rcist666 collected $0.23 from pot
ex0rcist666: doesn't show hand 
*** SUMMARY ***
Total pot $0.24 | Rake $0.01 
Board [Th 8s 4c]
Seat 1: kostya163173 folded before Flop (didn't bet)
Seat 2: evi110 folded on the Flop
Seat 3: Dorex2007 folded before Flop (didn't bet)
Seat 5: acad2011 folded before Flop (didn't bet)
Seat 6: Andrey AnBesV folded before Flop
Seat 7: BumBumLauer (button) folded before Flop (didn't bet)
Seat 8: ex0rcist666 (small blind) collected ($0.23)
Seat 9: ValeraBLR (big blind) folded before Flop



PokerStars Hand #230019001419:  Hold'em No Limit ($0.01/$0.02 USD) - 2021/09/21 0:23:07 PT [2021/09/21 3:23:07 ET]
Table 'Naema III' 9-max Seat #8 is the button
Seat 1: kostya163173 ($4.05 in chips) 
Seat 2: evi110 ($0.70 in chips) 
Seat 3: Dorex2007 ($1.88 in chips) 
Seat 5: acad2011 ($3.35 in chips) 
Seat 6: Andrey AnBesV ($1.34 in chips) 
Seat 7: BumBumLauer ($2.70 in chips) 
Seat 8: ex0rcist666 ($2.51 in chips) 
Seat 9: ValeraBLR ($2.04 in chips) 
ValeraBLR: posts small blind $0.01
kostya163173: posts big blind $0.02
John Antoni7: sits out 
*** HOLE CARDS ***
Dealt to Dorex2007 [9d 7c]
evi110: calls $0.02
Dorex2007: folds 
acad2011: calls $0.02
Andrey AnBesV: calls $0.02
BumBumLauer: folds 
ex0rcist666: folds 
ValeraBLR: folds 
kostya163173: checks 
*** FLOP *** [Jc Tc 9h]
kostya163173: checks 
evi110: checks 
acad2011: checks 
Andrey AnBesV: checks 
*** TURN *** [Jc Tc 9h] [3d]
kostya163173: checks 
evi110: checks 
acad2011: checks 
Andrey AnBesV: checks 
*** RIVER *** [Jc Tc 9h 3d] [Kc]
kostya163173: checks 
evi110: checks 
acad2011: checks 
Andrey AnBesV: checks 
*** SHOW DOWN ***
kostya163173: shows [7d 3h] (a pair of Threes)
evi110: shows [5s 9s] (a pair of Nines)
acad2011: mucks hand 
Andrey AnBesV: mucks hand 
evi110 collected $0.09 from pot
*** SUMMARY ***
Total pot $0.09 | Rake $0 
Board [Jc Tc 9h 3d Kc]
Seat 1: kostya163173 (big blind) showed [7d 3h] and lost with a pair of Threes
Seat 2: evi110 showed [5s 9s] and won ($0.09) with a pair of Nines
Seat 3: Dorex2007 folded before Flop (didn't bet)
Seat 5: acad2011 mucked [5h As]
Seat 6: Andrey AnBesV mucked [6s Ac]
Seat 7: BumBumLauer folded before Flop (didn't bet)
Seat 8: ex0rcist666 (button) folded before Flop (didn't bet)
Seat 9: ValeraBLR (small blind) folded before Flop



PokerStars Hand #230019008967:  Hold'em No Limit ($0.01/$0.02 USD) - 2021/09/21 0:23:59 PT [2021/09/21 3:23:59 ET]
Table 'Naema III' 9-max Seat #9 is the button
Seat 1: kostya163173 ($4.03 in chips) 
Seat 2: evi110 ($0.77 in chips) 
Seat 3: Dorex2007 ($1.88 in chips) 
Seat 5: acad2011 ($3.33 in chips) 
Seat 6: Andrey AnBesV ($1.32 in chips) 
Seat 7: BumBumLauer ($2.70 in chips) 
Seat 8: ex0rcist666 ($2.51 in chips) 
Seat 9: ValeraBLR ($2.03 in chips) 
kostya163173: posts small blind $0.01
evi110: posts big blind $0.02
John Antoni7: sits out 
*** HOLE CARDS ***
Dealt to Dorex2007 [6d Ah]
Dorex2007: calls $0.02
acad2011 said, "nh"
acad2011: calls $0.02
Andrey AnBesV: calls $0.02
BumBumLauer: folds 
ex0rcist666: folds 
ValeraBLR: folds 
kostya163173: folds 
evi110: raises $0.75 to $0.77 and is all-in
Dorex2007: folds 
acad2011: folds 
Andrey AnBesV: folds 
Uncalled bet ($0.75) returned to evi110
evi110 collected $0.09 from pot
evi110: doesn't show hand 
*** SUMMARY ***
Total pot $0.09 | Rake $0 
Seat 1: kostya163173 (small blind) folded before Flop
Seat 2: evi110 (big blind) collected ($0.09)
Seat 3: Dorex2007 folded before Flop
Seat 5: acad2011 folded before Flop
Seat 6: Andrey AnBesV folded before Flop
Seat 7: BumBumLauer folded before Flop (didn't bet)
Seat 8: ex0rcist666 folded before Flop (didn't bet)
Seat 9: ValeraBLR (button) folded before Flop (didn't bet)



PokerStars Hand #230019014310:  Hold'em No Limit ($0.01/$0.02 USD) - 2021/09/21 0:24:36 PT [2021/09/21 3:24:36 ET]
Table 'Naema III' 9-max Seat #1 is the button
Seat 1: kostya163173 ($4.02 in chips) 
Seat 2: evi110 ($0.84 in chips) 
Seat 3: Dorex2007 ($1.86 in chips) 
Seat 5: acad2011 ($3.31 in chips) 
Seat 6: Andrey AnBesV ($1.30 in chips) 
Seat 7: BumBumLauer ($2.70 in chips) 
Seat 8: ex0rcist666 ($2.51 in chips) 
Seat 9: ValeraBLR ($2.03 in chips) 
evi110: posts small blind $0.01
Dorex2007: posts big blind $0.02
John Antoni7: sits out 
*** HOLE CARDS ***
Dealt to Dorex2007 [Tc Ts]
acad2011: folds 
Andrey AnBesV: folds 
BumBumLauer: folds 
ex0rcist666: folds 
ValeraBLR: folds 
kostya163173: folds 
evi110: raises $0.82 to $0.84 and is all-in
Dorex2007: folds 
Uncalled bet ($0.82) returned to evi110
evi110 collected $0.04 from pot
evi110: doesn't show hand 
*** SUMMARY ***
Total pot $0.04 | Rake $0 
Seat 1: kostya163173 (button) folded before Flop (didn't bet)
Seat 2: evi110 (small blind) collected ($0.04)
Seat 3: Dorex2007 (big blind) folded before Flop
Seat 5: acad2011 folded before Flop (didn't bet)
Seat 6: Andrey AnBesV folded before Flop (didn't bet)
Seat 7: BumBumLauer folded before Flop (didn't bet)
Seat 8: ex0rcist666 folded before Flop (didn't bet)
Seat 9: ValeraBLR folded before Flop (didn't bet)



PokerStars Hand #230019016403:  Hold'em No Limit ($0.01/$0.02 USD) - 2021/09/21 0:24:50 PT [2021/09/21 3:24:50 ET]
Table 'Naema III' 9-max Seat #2 is the button
Seat 1: kostya163173 ($4.02 in chips) 
Seat 2: evi110 ($0.86 in chips) 
Seat 3: Dorex2007 ($1.84 in chips) 
Seat 4: John Antoni7 ($2 in chips) 
Seat 5: acad2011 ($3.31 in chips) 
Seat 6: Andrey AnBesV ($1.30 in chips) 
Seat 7: BumBumLauer ($2.70 in chips) 
Seat 8: ex0rcist666 ($2.51 in chips) 
Seat 9: ValeraBLR ($2.03 in chips) 
Dorex2007: posts small blind $0.01
John Antoni7: posts big blind $0.02
*** HOLE CARDS ***
Dealt to Dorex2007 [Qh Ad]
acad2011: folds 
Andrey AnBesV: folds 
BumBumLauer: folds 
ex0rcist666: folds 
ValeraBLR: folds 
acad2011 said, "relax evit"
kostya163173: calls $0.02
evi110: calls $0.02
Dorex2007: calls $0.01
John Antoni7: checks 
*** FLOP *** [5d 4h Tc]
Dorex2007: checks 
John Antoni7: checks 
kostya163173: checks 
evi110: checks 
*** TURN *** [5d 4h Tc] [Kh]
Dorex2007: checks 
John Antoni7: checks 
kostya163173: checks 
evi110: checks 
*** RIVER *** [5d 4h Tc Kh] [6s]
Dorex2007: checks 
John Antoni7: checks 
kostya163173: bets $0.02
evi110: folds 
Dorex2007: folds 
John Antoni7: calls $0.02
*** SHOW DOWN ***
kostya163173: shows [Jc Ks] (a pair of Kings)
John Antoni7: shows [6d 5s] (two pair, Sixes and Fives)
John Antoni7 collected $0.12 from pot
*** SUMMARY ***
Total pot $0.12 | Rake $0 
Board [5d 4h Tc Kh 6s]
Seat 1: kostya163173 showed [Jc Ks] and lost with a pair of Kings
Seat 2: evi110 (button) folded on the River
Seat 3: Dorex2007 (small blind) folded on the River
Seat 4: John Antoni7 (big blind) showed [6d 5s] and won ($0.12) with two pair, Sixes and Fives
Seat 5: acad2011 folded before Flop (didn't bet)
Seat 6: Andrey AnBesV folded before Flop (didn't bet)
Seat 7: BumBumLauer folded before Flop (didn't bet)
Seat 8: ex0rcist666 folded before Flop (didn't bet)
Seat 9: ValeraBLR folded before Flop (didn't bet)



PokerStars Hand #230019025326:  Hold'em No Limit ($0.01/$0.02 USD) - 2021/09/21 0:25:52 PT [2021/09/21 3:25:52 ET]
Table 'Naema III' 9-max Seat #3 is the button
Seat 1: kostya163173 ($3.98 in chips) 
Seat 2: evi110 ($0.84 in chips) 
Seat 3: Dorex2007 ($1.82 in chips) 
Seat 4: John Antoni7 ($2.08 in chips) 
Seat 5: acad2011 ($3.31 in chips) 
Seat 6: Andrey AnBesV ($1.30 in chips) 
Seat 7: BumBumLauer ($2.70 in chips) 
Seat 8: ex0rcist666 ($2.51 in chips) 
Seat 9: ValeraBLR ($2.03 in chips) 
John Antoni7: posts small blind $0.01
acad2011: posts big blind $0.02
*** HOLE CARDS ***
Dealt to Dorex2007 [Ts 5h]
Andrey AnBesV: calls $0.02
BumBumLauer: folds 
ex0rcist666: folds 
ValeraBLR: folds 
kostya163173: folds 
evi110: calls $0.02
Dorex2007: folds 
John Antoni7: calls $0.01
acad2011: checks 
*** FLOP *** [5d Qh 6c]
John Antoni7: checks 
acad2011: checks 
Andrey AnBesV: bets $0.02
evi110: raises $0.12 to $0.14
John Antoni7: folds 
acad2011: folds 
Andrey AnBesV: folds 
Uncalled bet ($0.12) returned to evi110
evi110 collected $0.12 from pot
evi110: doesn't show hand 
*** SUMMARY ***
Total pot $0.12 | Rake $0 
Board [5d Qh 6c]
Seat 1: kostya163173 folded before Flop (didn't bet)
Seat 2: evi110 collected ($0.12)
Seat 3: Dorex2007 (button) folded before Flop (didn't bet)
Seat 4: John Antoni7 (small blind) folded on the Flop
Seat 5: acad2011 (big blind) folded on the Flop
Seat 6: Andrey AnBesV folded on the Flop
Seat 7: BumBumLauer folded before Flop (didn't bet)
Seat 8: ex0rcist666 folded before Flop (didn't bet)
Seat 9: ValeraBLR folded before Flop (didn't bet)



PokerStars Hand #230019032975:  Hold'em No Limit ($0.01/$0.02 USD) - 2021/09/21 0:26:44 PT [2021/09/21 3:26:44 ET]
Table 'Naema III' 9-max Seat #4 is the button
Seat 1: kostya163173 ($3.98 in chips) 
Seat 2: evi110 ($0.92 in chips) 
Seat 3: Dorex2007 ($1.82 in chips) 
Seat 4: John Antoni7 ($2.06 in chips) 
Seat 5: acad2011 ($3.29 in chips) 
Seat 6: Andrey AnBesV ($1.26 in chips) 
Seat 7: BumBumLauer ($2.70 in chips) 
Seat 8: ex0rcist666 ($2.51 in chips) 
Seat 9: ValeraBLR ($2.03 in chips) 
acad2011: posts small blind $0.01
Andrey AnBesV: posts big blind $0.02
*** HOLE CARDS ***
Dealt to Dorex2007 [7c 3s]
BumBumLauer: folds 
ex0rcist666: folds 
ValeraBLR: folds 
kostya163173: folds 
evi110: folds 
Dorex2007: folds 
John Antoni7 has timed out
John Antoni7: folds 
acad2011: calls $0.01
Andrey AnBesV: checks 
*** FLOP *** [5s Ks 7h]
acad2011: checks 
Andrey AnBesV: bets $0.02
acad2011: calls $0.02
*** TURN *** [5s Ks 7h] [Jd]
acad2011: checks 
Andrey AnBesV: bets $0.02
acad2011: folds 
Uncalled bet ($0.02) returned to Andrey AnBesV
Andrey AnBesV collected $0.08 from pot
*** SUMMARY ***
Total pot $0.08 | Rake $0 
Board [5s Ks 7h Jd]
Seat 1: kostya163173 folded before Flop (didn't bet)
Seat 2: evi110 folded before Flop (didn't bet)
Seat 3: Dorex2007 folded before Flop (didn't bet)
Seat 4: John Antoni7 (button) folded before Flop (didn't bet)
Seat 5: acad2011 (small blind) folded on the Turn
Seat 6: Andrey AnBesV (big blind) collected ($0.08)
Seat 7: BumBumLauer folded before Flop (didn't bet)
Seat 8: ex0rcist666 folded before Flop (didn't bet)
Seat 9: ValeraBLR folded before Flop (didn't bet)



PokerStars Hand #230019040502:  Hold'em No Limit ($0.01/$0.02 USD) - 2021/09/21 0:27:35 PT [2021/09/21 3:27:35 ET]
Table 'Naema III' 9-max Seat #5 is the button
Seat 1: kostya163173 ($3.98 in chips) 
Seat 2: evi110 ($0.92 in chips) 
Seat 3: Dorex2007 ($1.82 in chips) 
Seat 5: acad2011 ($3.25 in chips) 
Seat 6: Andrey AnBesV ($1.30 in chips) 
Seat 7: BumBumLauer ($2.70 in chips) 
Seat 8: ex0rcist666 ($2.51 in chips) 
Seat 9: ValeraBLR ($2.03 in chips) 
Andrey AnBesV: posts small blind $0.01
BumBumLauer: posts big blind $0.02
*** HOLE CARDS ***
Dealt to Dorex2007 [5h 8d]
ex0rcist666: folds 
ValeraBLR: folds 
kostya163173: folds 
evi110: folds 
Dorex2007: folds 
acad2011: folds 
Andrey AnBesV: calls $0.01
BumBumLauer: checks 
*** FLOP *** [Kd 9d Jd]
Andrey AnBesV: bets $0.02
BumBumLauer: folds 
Uncalled bet ($0.02) returned to Andrey AnBesV
Andrey AnBesV collected $0.04 from pot
*** SUMMARY ***
Total pot $0.04 | Rake $0 
Board [Kd 9d Jd]
Seat 1: kostya163173 folded before Flop (didn't bet)
Seat 2: evi110 folded before Flop (didn't bet)
Seat 3: Dorex2007 folded before Flop (didn't bet)
Seat 5: acad2011 (button) folded before Flop (didn't bet)
Seat 6: Andrey AnBesV (small blind) collected ($0.04)
Seat 7: BumBumLauer (big blind) folded on the Flop
Seat 8: ex0rcist666 folded before Flop (didn't bet)
Seat 9: ValeraBLR folded before Flop (didn't bet)



