PokerStars Hand #238057010724:  Hold'em No Limit ($0.02/$0.05 USD) - 2022/08/17 18:23:07 PT [2022/08/17 21:23:07 ET]
Table 'Cupido III' 9-max Seat #7 is the button
Seat 1: leon 2124 ($4 in chips) 
Seat 2: 0RB BR0 ($8.15 in chips) 
Seat 3: Tiagoo$ZF ($4.25 in chips) 
Seat 4: AverageJo247 ($5.11 in chips) 
Seat 5: cups00013 ($5.14 in chips) 
Seat 6: Dorex2007 ($5 in chips) 
Seat 7: MOONSP3LL ($4.93 in chips) 
Seat 8: AGVsmarT ($4.80 in chips) 
Seat 9: PirateN@81 ($3.89 in chips) 
AGVsmarT: posts small blind $0.02
PirateN@81: posts big blind $0.05
Dorex2007: posts big blind $0.05
*** HOLE CARDS ***
Dealt to Dorex2007 [Ad 4h]
leon 2124: raises $0.10 to $0.15
0RB BR0: calls $0.15
Tiagoo$ZF: folds 
AverageJo247: folds 
cups00013: folds 
Dorex2007: folds 
MOONSP3LL: calls $0.15
AGVsmarT: folds 
PirateN@81: folds 
*** FLOP *** [2s Ah 6c]
leon 2124: checks 
0RB BR0: bets $0.27
MOONSP3LL: folds 
leon 2124: folds 
Uncalled bet ($0.27) returned to 0RB BR0
0RB BR0 collected $0.55 from pot
*** SUMMARY ***
Total pot $0.57 | Rake $0.02 
Board [2s Ah 6c]
Seat 1: leon 2124 folded on the Flop
Seat 2: 0RB BR0 collected ($0.55)
Seat 3: Tiagoo$ZF folded before Flop (didn't bet)
Seat 4: AverageJo247 folded before Flop (didn't bet)
Seat 5: cups00013 folded before Flop (didn't bet)
Seat 6: Dorex2007 folded before Flop (didn't bet)
Seat 7: MOONSP3LL (button) folded on the Flop
Seat 8: AGVsmarT (small blind) folded before Flop
Seat 9: PirateN@81 (big blind) folded before Flop



PokerStars Hand #238057022527:  Hold'em No Limit ($0.02/$0.05 USD) - 2022/08/17 18:24:07 PT [2022/08/17 21:24:07 ET]
Table 'Cupido III' 9-max Seat #8 is the button
Seat 1: leon 2124 ($4 in chips) 
Seat 2: 0RB BR0 ($8.55 in chips) 
Seat 3: Tiagoo$ZF ($4.25 in chips) 
Seat 4: AverageJo247 ($5.11 in chips) 
Seat 5: cups00013 ($5.14 in chips) 
Seat 6: Dorex2007 ($5 in chips) 
Seat 7: MOONSP3LL ($4.78 in chips) 
Seat 8: AGVsmarT ($4.78 in chips) 
Seat 9: PirateN@81 ($3.84 in chips) 
PirateN@81: posts small blind $0.02
leon 2124: posts big blind $0.05
*** HOLE CARDS ***
Dealt to Dorex2007 [6d Qs]
0RB BR0: folds 
Tiagoo$ZF: folds 
AverageJo247: folds 
cups00013: folds 
Dorex2007: folds 
MOONSP3LL: folds 
AGVsmarT: calls $0.05
PirateN@81: raises $0.17 to $0.22
leon 2124: folds 
AGVsmarT: folds 
Uncalled bet ($0.17) returned to PirateN@81
PirateN@81 collected $0.15 from pot
PirateN@81: doesn't show hand 
*** SUMMARY ***
Total pot $0.15 | Rake $0 
Seat 1: leon 2124 (big blind) folded before Flop
Seat 2: 0RB BR0 folded before Flop (didn't bet)
Seat 3: Tiagoo$ZF folded before Flop (didn't bet)
Seat 4: AverageJo247 folded before Flop (didn't bet)
Seat 5: cups00013 folded before Flop (didn't bet)
Seat 6: Dorex2007 folded before Flop (didn't bet)
Seat 7: MOONSP3LL folded before Flop (didn't bet)
Seat 8: AGVsmarT (button) folded before Flop
Seat 9: PirateN@81 (small blind) collected ($0.15)



PokerStars Hand #238057030229:  Hold'em No Limit ($0.02/$0.05 USD) - 2022/08/17 18:24:46 PT [2022/08/17 21:24:46 ET]
Table 'Cupido III' 9-max Seat #9 is the button
Seat 1: leon 2124 ($4 in chips) 
Seat 2: 0RB BR0 ($8.55 in chips) 
Seat 3: Tiagoo$ZF ($4.25 in chips) 
Seat 4: AverageJo247 ($5.11 in chips) 
Seat 5: cups00013 ($5.14 in chips) 
Seat 6: Dorex2007 ($5 in chips) 
Seat 7: MOONSP3LL ($4.78 in chips) 
Seat 8: AGVsmarT ($4.73 in chips) 
Seat 9: PirateN@81 ($3.94 in chips) 
leon 2124: posts small blind $0.02
0RB BR0: posts big blind $0.05
*** HOLE CARDS ***
Dealt to Dorex2007 [5h 4s]
Tiagoo$ZF: folds 
AverageJo247: folds 
cups00013: folds 
Dorex2007: folds 
MOONSP3LL: folds 
AGVsmarT: calls $0.05
PirateN@81: folds 
leon 2124: folds 
0RB BR0: checks 
*** FLOP *** [7h 6s 8d]
0RB BR0: checks 
AGVsmarT: bets $0.05
0RB BR0: calls $0.05
*** TURN *** [7h 6s 8d] [Ah]
0RB BR0: checks 
AGVsmarT: checks 
*** RIVER *** [7h 6s 8d Ah] [3h]
0RB BR0: checks 
AGVsmarT: checks 
*** SHOW DOWN ***
0RB BR0: shows [Kh Jc] (high card Ace)
AGVsmarT: shows [4d 7d] (a pair of Sevens)
AGVsmarT collected $0.21 from pot
*** SUMMARY ***
Total pot $0.22 | Rake $0.01 
Board [7h 6s 8d Ah 3h]
Seat 1: leon 2124 (small blind) folded before Flop
Seat 2: 0RB BR0 (big blind) showed [Kh Jc] and lost with high card Ace
Seat 3: Tiagoo$ZF folded before Flop (didn't bet)
Seat 4: AverageJo247 folded before Flop (didn't bet)
Seat 5: cups00013 folded before Flop (didn't bet)
Seat 6: Dorex2007 folded before Flop (didn't bet)
Seat 7: MOONSP3LL folded before Flop (didn't bet)
Seat 8: AGVsmarT showed [4d 7d] and won ($0.21) with a pair of Sevens
Seat 9: PirateN@81 (button) folded before Flop (didn't bet)



PokerStars Hand #238057045955:  Hold'em No Limit ($0.02/$0.05 USD) - 2022/08/17 18:25:31 PT [2022/08/17 21:25:31 ET]
Table 'Cupido III' 9-max Seat #1 is the button
Seat 1: leon 2124 ($4 in chips) 
Seat 2: 0RB BR0 ($8.45 in chips) 
Seat 3: Tiagoo$ZF ($4.25 in chips) 
Seat 4: AverageJo247 ($5.11 in chips) 
Seat 5: cups00013 ($5.14 in chips) 
Seat 6: Dorex2007 ($5 in chips) 
Seat 7: MOONSP3LL ($4.78 in chips) 
Seat 8: AGVsmarT ($4.84 in chips) 
Seat 9: PirateN@81 ($3.94 in chips) 
0RB BR0: posts small blind $0.02
Tiagoo$ZF: posts big blind $0.05
*** HOLE CARDS ***
Dealt to Dorex2007 [3c Jd]
AverageJo247: folds 
cups00013: folds 
Dorex2007: folds 
MOONSP3LL: raises $0.07 to $0.12
AGVsmarT: folds 
PirateN@81: calls $0.12
leon 2124: calls $0.12
0RB BR0: folds 
Tiagoo$ZF: calls $0.07
*** FLOP *** [5h 3h 6c]
Tiagoo$ZF: checks 
MOONSP3LL: checks 
PirateN@81: bets $0.20
leon 2124: calls $0.20
Tiagoo$ZF: folds 
MOONSP3LL: calls $0.20
*** TURN *** [5h 3h 6c] [Ah]
MOONSP3LL: checks 
PirateN@81: checks 
leon 2124: checks 
*** RIVER *** [5h 3h 6c Ah] [Qc]
MOONSP3LL: bets $0.55
PirateN@81: folds 
leon 2124: folds 
Uncalled bet ($0.55) returned to MOONSP3LL
MOONSP3LL collected $1.04 from pot
MOONSP3LL: doesn't show hand 
*** SUMMARY ***
Total pot $1.10 | Rake $0.06 
Board [5h 3h 6c Ah Qc]
Seat 1: leon 2124 (button) folded on the River
Seat 2: 0RB BR0 (small blind) folded before Flop
Seat 3: Tiagoo$ZF (big blind) folded on the Flop
Seat 4: AverageJo247 folded before Flop (didn't bet)
Seat 5: cups00013 folded before Flop (didn't bet)
Seat 6: Dorex2007 folded before Flop (didn't bet)
Seat 7: MOONSP3LL collected ($1.04)
Seat 8: AGVsmarT folded before Flop (didn't bet)
Seat 9: PirateN@81 folded on the River



PokerStars Hand #238057072062:  Hold'em No Limit ($0.02/$0.05 USD) - 2022/08/17 18:27:44 PT [2022/08/17 21:27:44 ET]
Table 'Cupido III' 9-max Seat #2 is the button
Seat 1: leon 2124 ($4 in chips) 
Seat 2: 0RB BR0 ($8.43 in chips) 
Seat 3: Tiagoo$ZF ($4.13 in chips) 
Seat 4: AverageJo247 ($5.11 in chips) 
Seat 5: cups00013 ($5.14 in chips) 
Seat 6: Dorex2007 ($5 in chips) 
Seat 7: MOONSP3LL ($5.50 in chips) 
Seat 8: AGVsmarT ($4.84 in chips) 
Seat 9: PirateN@81 ($3.62 in chips) 
Tiagoo$ZF: posts small blind $0.02
AverageJo247: posts big blind $0.05
*** HOLE CARDS ***
Dealt to Dorex2007 [5d Jh]
cups00013: folds 
Dorex2007: folds 
MOONSP3LL: folds 
AGVsmarT: folds 
PirateN@81: folds 
leon 2124: raises $0.10 to $0.15
0RB BR0: folds 
Tiagoo$ZF: folds 
AverageJo247: folds 
Uncalled bet ($0.10) returned to leon 2124
leon 2124 collected $0.12 from pot
leon 2124: doesn't show hand 
*** SUMMARY ***
Total pot $0.12 | Rake $0 
Seat 1: leon 2124 collected ($0.12)
Seat 2: 0RB BR0 (button) folded before Flop (didn't bet)
Seat 3: Tiagoo$ZF (small blind) folded before Flop
Seat 4: AverageJo247 (big blind) folded before Flop
Seat 5: cups00013 folded before Flop (didn't bet)
Seat 6: Dorex2007 folded before Flop (didn't bet)
Seat 7: MOONSP3LL folded before Flop (didn't bet)
Seat 8: AGVsmarT folded before Flop (didn't bet)
Seat 9: PirateN@81 folded before Flop (didn't bet)



PokerStars Hand #238057079886:  Hold'em No Limit ($0.02/$0.05 USD) - 2022/08/17 18:28:24 PT [2022/08/17 21:28:24 ET]
Table 'Cupido III' 9-max Seat #3 is the button
Seat 1: leon 2124 ($4.07 in chips) 
Seat 2: 0RB BR0 ($8.43 in chips) 
Seat 3: Tiagoo$ZF ($4.11 in chips) 
Seat 4: AverageJo247 ($5.06 in chips) 
Seat 5: cups00013 ($5.14 in chips) 
Seat 6: Dorex2007 ($5 in chips) 
Seat 7: MOONSP3LL ($5.50 in chips) 
Seat 8: AGVsmarT ($4.84 in chips) 
Seat 9: PirateN@81 ($3.62 in chips) 
AverageJo247: posts small blind $0.02
cups00013: posts big blind $0.05
*** HOLE CARDS ***
Dealt to Dorex2007 [Jd 2s]
Dorex2007: folds 
MOONSP3LL: folds 
AGVsmarT: folds 
PirateN@81: raises $0.07 to $0.12
leon 2124: folds 
0RB BR0: folds 
Tiagoo$ZF: folds 
AverageJo247: raises $0.13 to $0.25
cups00013: folds 
PirateN@81: calls $0.13
*** FLOP *** [Qc Ah 8s]
AverageJo247: bets $0.25
PirateN@81: calls $0.25
*** TURN *** [Qc Ah 8s] [5d]
AverageJo247: bets $0.75
PirateN@81: folds 
Uncalled bet ($0.75) returned to AverageJo247
AverageJo247 collected $1.01 from pot
*** SUMMARY ***
Total pot $1.05 | Rake $0.04 
Board [Qc Ah 8s 5d]
Seat 1: leon 2124 folded before Flop (didn't bet)
Seat 2: 0RB BR0 folded before Flop (didn't bet)
Seat 3: Tiagoo$ZF (button) folded before Flop (didn't bet)
Seat 4: AverageJo247 (small blind) collected ($1.01)
Seat 5: cups00013 (big blind) folded before Flop
Seat 6: Dorex2007 folded before Flop (didn't bet)
Seat 7: MOONSP3LL folded before Flop (didn't bet)
Seat 8: AGVsmarT folded before Flop (didn't bet)
Seat 9: PirateN@81 folded on the Turn



PokerStars Hand #238057102400:  Hold'em No Limit ($0.02/$0.05 USD) - 2022/08/17 18:29:57 PT [2022/08/17 21:29:57 ET]
Table 'Cupido III' 9-max Seat #4 is the button
Seat 1: leon 2124 ($4.07 in chips) 
Seat 2: 0RB BR0 ($8.43 in chips) 
Seat 3: Tiagoo$ZF ($4.11 in chips) 
Seat 4: AverageJo247 ($5.57 in chips) 
Seat 5: cups00013 ($5.09 in chips) 
Seat 6: Dorex2007 ($5 in chips) 
Seat 7: MOONSP3LL ($5.50 in chips) 
Seat 8: AGVsmarT ($4.84 in chips) 
Seat 9: PirateN@81 ($3.12 in chips) 
cups00013: posts small blind $0.02
Dorex2007: posts big blind $0.05
*** HOLE CARDS ***
Dealt to Dorex2007 [9d Ts]
MOONSP3LL: raises $0.05 to $0.10
AGVsmarT: folds 
PirateN@81: calls $0.10
leon 2124: calls $0.10
0RB BR0: folds 
Tiagoo$ZF: calls $0.10
AverageJo247: folds 
cups00013: folds 
Dorex2007: folds 
*** FLOP *** [8c 6c Tc]
MOONSP3LL: checks 
PirateN@81: bets $0.15
leon 2124: calls $0.15
Tiagoo$ZF: raises $0.22 to $0.37
MOONSP3LL: folds 
PirateN@81: folds 
leon 2124: calls $0.22
*** TURN *** [8c 6c Tc] [Kc]
leon 2124: checks 
Tiagoo$ZF: bets $0.42
leon 2124: calls $0.42
*** RIVER *** [8c 6c Tc Kc] [3h]
leon 2124: checks 
Tiagoo$ZF: checks 
*** SHOW DOWN ***
leon 2124: shows [As Jh] (high card Ace)
Tiagoo$ZF: shows [9c 8s] (a flush, King high)
Tiagoo$ZF collected $2.11 from pot
*** SUMMARY ***
Total pot $2.20 | Rake $0.09 
Board [8c 6c Tc Kc 3h]
Seat 1: leon 2124 showed [As Jh] and lost with high card Ace
Seat 2: 0RB BR0 folded before Flop (didn't bet)
Seat 3: Tiagoo$ZF showed [9c 8s] and won ($2.11) with a flush, King high
Seat 4: AverageJo247 (button) folded before Flop (didn't bet)
Seat 5: cups00013 (small blind) folded before Flop
Seat 6: Dorex2007 (big blind) folded before Flop
Seat 7: MOONSP3LL folded on the Flop
Seat 8: AGVsmarT folded before Flop (didn't bet)
Seat 9: PirateN@81 folded on the Flop



PokerStars Hand #238057128130:  Hold'em No Limit ($0.02/$0.05 USD) - 2022/08/17 18:32:09 PT [2022/08/17 21:32:09 ET]
Table 'Cupido III' 9-max Seat #5 is the button
Seat 1: leon 2124 ($4 in chips) 
Seat 2: 0RB BR0 ($8.43 in chips) 
Seat 3: Tiagoo$ZF ($5.33 in chips) 
Seat 4: AverageJo247 ($5.57 in chips) 
Seat 5: cups00013 ($5.07 in chips) 
Seat 6: Dorex2007 ($5 in chips) 
Seat 7: MOONSP3LL ($5.40 in chips) 
Seat 8: AGVsmarT ($4.84 in chips) 
Seat 9: PirateN@81 ($2.87 in chips) 
Dorex2007: posts small blind $0.02
MOONSP3LL: posts big blind $0.05
*** HOLE CARDS ***
Dealt to Dorex2007 [7c 6s]
AGVsmarT: folds 
PirateN@81 has timed out
PirateN@81: folds 
leon 2124: folds 
0RB BR0: folds 
Tiagoo$ZF: folds 
AverageJo247: folds 
cups00013: folds 
Dorex2007: folds 
Uncalled bet ($0.03) returned to MOONSP3LL
MOONSP3LL collected $0.04 from pot
MOONSP3LL: doesn't show hand 
*** SUMMARY ***
Total pot $0.04 | Rake $0 
Seat 1: leon 2124 folded before Flop (didn't bet)
Seat 2: 0RB BR0 folded before Flop (didn't bet)
Seat 3: Tiagoo$ZF folded before Flop (didn't bet)
Seat 4: AverageJo247 folded before Flop (didn't bet)
Seat 5: cups00013 (button) folded before Flop (didn't bet)
Seat 6: Dorex2007 (small blind) folded before Flop
Seat 7: MOONSP3LL (big blind) collected ($0.04)
Seat 8: AGVsmarT folded before Flop (didn't bet)
Seat 9: PirateN@81 folded before Flop (didn't bet)



PokerStars Hand #238057132896:  Hold'em No Limit ($0.02/$0.05 USD) - 2022/08/17 18:32:33 PT [2022/08/17 21:32:33 ET]
Table 'Cupido III' 9-max Seat #6 is the button
Seat 1: leon 2124 ($4 in chips) 
Seat 2: 0RB BR0 ($8.43 in chips) 
Seat 3: Tiagoo$ZF ($5.33 in chips) 
Seat 4: AverageJo247 ($5.57 in chips) 
Seat 5: cups00013 ($5.07 in chips) 
Seat 6: Dorex2007 ($5 in chips) 
Seat 7: MOONSP3LL ($5.42 in chips) 
Seat 8: AGVsmarT ($4.84 in chips) 
MOONSP3LL: posts small blind $0.02
AGVsmarT: posts big blind $0.05
*** HOLE CARDS ***
Dealt to Dorex2007 [Ts Ad]
leon 2124: calls $0.05
0RB BR0: folds 
Tiagoo$ZF: folds 
AverageJo247: folds 
cups00013: folds 
Dorex2007: folds 
MOONSP3LL: calls $0.03
AGVsmarT: checks 
*** FLOP *** [8d 6h Ks]
MOONSP3LL: checks 
AGVsmarT: checks 
leon 2124: checks 
*** TURN *** [8d 6h Ks] [5s]
MOONSP3LL: bets $0.10
AGVsmarT: calls $0.10
leon 2124: folds 
*** RIVER *** [8d 6h Ks 5s] [6d]
MOONSP3LL: bets $0.18
AGVsmarT: folds 
Uncalled bet ($0.18) returned to MOONSP3LL
MOONSP3LL collected $0.34 from pot
MOONSP3LL: doesn't show hand 
*** SUMMARY ***
Total pot $0.35 | Rake $0.01 
Board [8d 6h Ks 5s 6d]
Seat 1: leon 2124 folded on the Turn
Seat 2: 0RB BR0 folded before Flop (didn't bet)
Seat 3: Tiagoo$ZF folded before Flop (didn't bet)
Seat 4: AverageJo247 folded before Flop (didn't bet)
Seat 5: cups00013 folded before Flop (didn't bet)
Seat 6: Dorex2007 (button) folded before Flop (didn't bet)
Seat 7: MOONSP3LL (small blind) collected ($0.34)
Seat 8: AGVsmarT (big blind) folded on the River



PokerStars Hand #238057145434:  Hold'em No Limit ($0.02/$0.05 USD) - 2022/08/17 18:33:36 PT [2022/08/17 21:33:36 ET]
Table 'Cupido III' 9-max Seat #7 is the button
Seat 1: leon 2124 ($4 in chips) 
Seat 2: 0RB BR0 ($8.43 in chips) 
Seat 3: Tiagoo$ZF ($5.33 in chips) 
Seat 4: AverageJo247 ($5.57 in chips) 
Seat 5: cups00013 ($5.07 in chips) 
Seat 6: Dorex2007 ($5 in chips) 
Seat 7: MOONSP3LL ($5.61 in chips) 
Seat 8: AGVsmarT ($4.69 in chips) 
Seat 9: PirateN@81 ($2.87 in chips) 
AGVsmarT: posts small blind $0.02
PirateN@81: posts big blind $0.05
*** HOLE CARDS ***
Dealt to Dorex2007 [5d Td]
leon 2124: folds 
0RB BR0: folds 
Tiagoo$ZF: folds 
AverageJo247: folds 
cups00013: raises $0.10 to $0.15
Dorex2007: folds 
MOONSP3LL: raises $0.25 to $0.40
AGVsmarT: folds 
PirateN@81: folds 
leon 2124 leaves the table
cups00013: calls $0.25
*** FLOP *** [2c Ac Tc]
PirateN@81 leaves the table
cups00013: checks 
MOONSP3LL: checks 
*** TURN *** [2c Ac Tc] [Kc]
cups00013: bets $0.41
MOONSP3LL: calls $0.41
*** RIVER *** [2c Ac Tc Kc] [7c]
Jota322322 joins the table at seat #1 
The_Reiver joins the table at seat #9 
cups00013: bets $0.81
MOONSP3LL: raises $1.44 to $2.25
cups00013: folds 
Uncalled bet ($1.44) returned to MOONSP3LL
MOONSP3LL collected $3.13 from pot
MOONSP3LL: doesn't show hand 
*** SUMMARY ***
Total pot $3.31 | Rake $0.18 
Board [2c Ac Tc Kc 7c]
Seat 1: leon 2124 folded before Flop (didn't bet)
Seat 2: 0RB BR0 folded before Flop (didn't bet)
Seat 3: Tiagoo$ZF folded before Flop (didn't bet)
Seat 4: AverageJo247 folded before Flop (didn't bet)
Seat 5: cups00013 folded on the River
Seat 6: Dorex2007 folded before Flop (didn't bet)
Seat 7: MOONSP3LL (button) collected ($3.13)
Seat 8: AGVsmarT (small blind) folded before Flop
Seat 9: PirateN@81 (big blind) folded before Flop



PokerStars Hand #238057163151:  Hold'em No Limit ($0.02/$0.05 USD) - 2022/08/17 18:35:08 PT [2022/08/17 21:35:08 ET]
Table 'Cupido III' 9-max Seat #8 is the button
Seat 2: 0RB BR0 ($8.43 in chips) 
Seat 3: Tiagoo$ZF ($5.33 in chips) 
Seat 4: AverageJo247 ($5.57 in chips) 
Seat 5: cups00013 ($5 in chips) 
Seat 6: Dorex2007 ($5 in chips) 
Seat 7: MOONSP3LL ($7.12 in chips) 
Seat 8: AGVsmarT ($4.67 in chips) 
0RB BR0: posts small blind $0.02
Tiagoo$ZF: posts big blind $0.05
*** HOLE CARDS ***
Dealt to Dorex2007 [Ad 3d]
AverageJo247: folds 
cups00013: folds 
Dorex2007: folds 
MOONSP3LL: raises $0.10 to $0.15
AGVsmarT: calls $0.15
0RB BR0: folds 
Tiagoo$ZF: folds 
*** FLOP *** [Kc 6s Jd]
MOONSP3LL: bets $0.12
AGVsmarT: calls $0.12
*** TURN *** [Kc 6s Jd] [4c]
MOONSP3LL: bets $0.35
AGVsmarT: calls $0.35
*** RIVER *** [Kc 6s Jd 4c] [8c]
MOONSP3LL: checks 
AGVsmarT: bets $0.63
MOONSP3LL: folds 
Uncalled bet ($0.63) returned to AGVsmarT
AGVsmarT collected $1.26 from pot
*** SUMMARY ***
Total pot $1.31 | Rake $0.05 
Board [Kc 6s Jd 4c 8c]
Seat 2: 0RB BR0 (small blind) folded before Flop
Seat 3: Tiagoo$ZF (big blind) folded before Flop
Seat 4: AverageJo247 folded before Flop (didn't bet)
Seat 5: cups00013 folded before Flop (didn't bet)
Seat 6: Dorex2007 folded before Flop (didn't bet)
Seat 7: MOONSP3LL folded on the River
Seat 8: AGVsmarT (button) collected ($1.26)



PokerStars Hand #238057177009:  Hold'em No Limit ($0.02/$0.05 USD) - 2022/08/17 18:36:18 PT [2022/08/17 21:36:18 ET]
Table 'Cupido III' 9-max Seat #2 is the button
Seat 2: 0RB BR0 ($8.41 in chips) 
Seat 3: Tiagoo$ZF ($5.28 in chips) 
Seat 4: AverageJo247 ($5.57 in chips) 
Seat 5: cups00013 ($5 in chips) 
Seat 6: Dorex2007 ($5 in chips) 
Seat 7: MOONSP3LL ($6.50 in chips) 
Seat 8: AGVsmarT ($5.31 in chips) 
Seat 9: The_Reiver ($5 in chips) 
Tiagoo$ZF: posts small blind $0.02
AverageJo247: posts big blind $0.05
The_Reiver: posts big blind $0.05
Jota322322: sits out 
*** HOLE CARDS ***
Dealt to Dorex2007 [7h 8d]
cups00013: folds 
Dorex2007: folds 
MOONSP3LL: raises $0.15 to $0.20
AGVsmarT: folds 
The_Reiver: folds 
0RB BR0: folds 
Tiagoo$ZF: folds 
AverageJo247: folds 
Uncalled bet ($0.15) returned to MOONSP3LL
MOONSP3LL collected $0.17 from pot
MOONSP3LL: doesn't show hand 
*** SUMMARY ***
Total pot $0.17 | Rake $0 
Seat 2: 0RB BR0 (button) folded before Flop (didn't bet)
Seat 3: Tiagoo$ZF (small blind) folded before Flop
Seat 4: AverageJo247 (big blind) folded before Flop
Seat 5: cups00013 folded before Flop (didn't bet)
Seat 6: Dorex2007 folded before Flop (didn't bet)
Seat 7: MOONSP3LL collected ($0.17)
Seat 8: AGVsmarT folded before Flop (didn't bet)
Seat 9: The_Reiver folded before Flop (didn't bet)



PokerStars Hand #238057185102:  Hold'em No Limit ($0.02/$0.05 USD) - 2022/08/17 18:36:57 PT [2022/08/17 21:36:57 ET]
Table 'Cupido III' 9-max Seat #3 is the button
Seat 2: 0RB BR0 ($8.41 in chips) 
Seat 3: Tiagoo$ZF ($5.26 in chips) 
Seat 4: AverageJo247 ($5.52 in chips) 
Seat 5: cups00013 ($5 in chips) 
Seat 6: Dorex2007 ($5 in chips) 
Seat 7: MOONSP3LL ($6.62 in chips) 
Seat 8: AGVsmarT ($5.31 in chips) 
Seat 9: The_Reiver ($5 in chips) 
AverageJo247: posts small blind $0.02
cups00013: posts big blind $0.05
Jota322322: sits out 
*** HOLE CARDS ***
Dealt to Dorex2007 [7c 4s]
Dorex2007: folds 
MOONSP3LL: folds 
AGVsmarT: folds 
The_Reiver: folds 
0RB BR0: folds 
Tiagoo$ZF: folds 
AverageJo247: folds 
Uncalled bet ($0.03) returned to cups00013
cups00013 collected $0.04 from pot
cups00013: doesn't show hand 
*** SUMMARY ***
Total pot $0.04 | Rake $0 
Seat 2: 0RB BR0 folded before Flop (didn't bet)
Seat 3: Tiagoo$ZF (button) folded before Flop (didn't bet)
Seat 4: AverageJo247 (small blind) folded before Flop
Seat 5: cups00013 (big blind) collected ($0.04)
Seat 6: Dorex2007 folded before Flop (didn't bet)
Seat 7: MOONSP3LL folded before Flop (didn't bet)
Seat 8: AGVsmarT folded before Flop (didn't bet)
Seat 9: The_Reiver folded before Flop (didn't bet)



PokerStars Hand #238057188535:  Hold'em No Limit ($0.02/$0.05 USD) - 2022/08/17 18:37:15 PT [2022/08/17 21:37:15 ET]
Table 'Cupido III' 9-max Seat #4 is the button
Seat 2: 0RB BR0 ($8.41 in chips) 
Seat 3: Tiagoo$ZF ($5.26 in chips) 
Seat 4: AverageJo247 ($5.50 in chips) 
Seat 5: cups00013 ($5.02 in chips) 
Seat 6: Dorex2007 ($5 in chips) 
Seat 7: MOONSP3LL ($6.62 in chips) 
Seat 8: AGVsmarT ($5.31 in chips) 
Seat 9: The_Reiver ($5 in chips) 
cups00013: posts small blind $0.02
Dorex2007: posts big blind $0.05
Jota322322: sits out 
*** HOLE CARDS ***
Dealt to Dorex2007 [Jd Qc]
MOONSP3LL: folds 
AGVsmarT: raises $0.12 to $0.17
The_Reiver: folds 
0RB BR0: folds 
Tiagoo$ZF: folds 
AverageJo247: folds 
cups00013: folds 
Dorex2007: folds 
Uncalled bet ($0.12) returned to AGVsmarT
AGVsmarT collected $0.12 from pot
*** SUMMARY ***
Total pot $0.12 | Rake $0 
Seat 2: 0RB BR0 folded before Flop (didn't bet)
Seat 3: Tiagoo$ZF folded before Flop (didn't bet)
Seat 4: AverageJo247 (button) folded before Flop (didn't bet)
Seat 5: cups00013 (small blind) folded before Flop
Seat 6: Dorex2007 (big blind) folded before Flop
Seat 7: MOONSP3LL folded before Flop (didn't bet)
Seat 8: AGVsmarT collected ($0.12)
Seat 9: The_Reiver folded before Flop (didn't bet)



PokerStars Hand #238057193843:  Hold'em No Limit ($0.02/$0.05 USD) - 2022/08/17 18:37:42 PT [2022/08/17 21:37:42 ET]
Table 'Cupido III' 9-max Seat #5 is the button
Seat 2: 0RB BR0 ($8.41 in chips) 
Seat 3: Tiagoo$ZF ($5.26 in chips) 
Seat 4: AverageJo247 ($5.50 in chips) 
Seat 5: cups00013 ($5 in chips) 
Seat 6: Dorex2007 ($5 in chips) 
Seat 7: MOONSP3LL ($6.62 in chips) 
Seat 8: AGVsmarT ($5.38 in chips) 
Seat 9: The_Reiver ($5 in chips) 
Dorex2007: posts small blind $0.02
MOONSP3LL: posts big blind $0.05
Jota322322: sits out 
*** HOLE CARDS ***
Dealt to Dorex2007 [Ac Qh]
AGVsmarT: calls $0.05
The_Reiver: folds 
0RB BR0: folds 
Tiagoo$ZF: folds 
AverageJo247: raises $0.10 to $0.15
cups00013: folds 
Dorex2007: calls $0.13
MOONSP3LL: folds 
AGVsmarT: calls $0.10
*** FLOP *** [8c Jd 8d]
Dorex2007: checks 
AGVsmarT: checks 
AverageJo247: bets $0.20
Dorex2007: folds 
AGVsmarT: folds 
Uncalled bet ($0.20) returned to AverageJo247
AverageJo247 collected $0.48 from pot
*** SUMMARY ***
Total pot $0.50 | Rake $0.02 
Board [8c Jd 8d]
Seat 2: 0RB BR0 folded before Flop (didn't bet)
Seat 3: Tiagoo$ZF folded before Flop (didn't bet)
Seat 4: AverageJo247 collected ($0.48)
Seat 5: cups00013 (button) folded before Flop (didn't bet)
Seat 6: Dorex2007 (small blind) folded on the Flop
Seat 7: MOONSP3LL (big blind) folded before Flop
Seat 8: AGVsmarT folded on the Flop
Seat 9: The_Reiver folded before Flop (didn't bet)



PokerStars Hand #238057207326:  Hold'em No Limit ($0.02/$0.05 USD) - 2022/08/17 18:38:36 PT [2022/08/17 21:38:36 ET]
Table 'Cupido III' 9-max Seat #6 is the button
Seat 2: 0RB BR0 ($8.41 in chips) 
Seat 3: Tiagoo$ZF ($5.26 in chips) 
Seat 4: AverageJo247 ($5.83 in chips) 
Seat 5: cups00013 ($5 in chips) 
Seat 6: Dorex2007 ($5 in chips) 
Seat 7: MOONSP3LL ($6.57 in chips) 
Seat 8: AGVsmarT ($5.23 in chips) 
Seat 9: The_Reiver ($5 in chips) 
MOONSP3LL: posts small blind $0.02
AGVsmarT: posts big blind $0.05
Jota322322: sits out 
*** HOLE CARDS ***
Dealt to Dorex2007 [3d 4d]
The_Reiver: folds 
0RB BR0: folds 
Tiagoo$ZF: folds 
AverageJo247: folds 
cups00013: folds 
Dorex2007: folds 
MOONSP3LL: raises $0.10 to $0.15
AGVsmarT: folds 
Uncalled bet ($0.10) returned to MOONSP3LL
MOONSP3LL collected $0.10 from pot
MOONSP3LL: doesn't show hand 
*** SUMMARY ***
Total pot $0.10 | Rake $0 
Seat 2: 0RB BR0 folded before Flop (didn't bet)
Seat 3: Tiagoo$ZF folded before Flop (didn't bet)
Seat 4: AverageJo247 folded before Flop (didn't bet)
Seat 5: cups00013 folded before Flop (didn't bet)
Seat 6: Dorex2007 (button) folded before Flop (didn't bet)
Seat 7: MOONSP3LL (small blind) collected ($0.10)
Seat 8: AGVsmarT (big blind) folded before Flop
Seat 9: The_Reiver folded before Flop (didn't bet)



PokerStars Hand #238057211437:  Hold'em No Limit ($0.02/$0.05 USD) - 2022/08/17 18:38:56 PT [2022/08/17 21:38:56 ET]
Table 'Cupido III' 9-max Seat #7 is the button
Seat 2: 0RB BR0 ($8.41 in chips) 
Seat 3: Tiagoo$ZF ($5.26 in chips) 
Seat 4: AverageJo247 ($5.83 in chips) 
Seat 5: cups00013 ($5 in chips) 
Seat 6: Dorex2007 ($5 in chips) 
Seat 7: MOONSP3LL ($6.62 in chips) 
Seat 8: AGVsmarT ($5.18 in chips) 
Seat 9: The_Reiver ($5 in chips) 
AGVsmarT: posts small blind $0.02
The_Reiver: posts big blind $0.05
Jota322322: sits out 
*** HOLE CARDS ***
Dealt to Dorex2007 [2c 2s]
0RB BR0: folds 
Tiagoo$ZF: folds 
AverageJo247: folds 
cups00013: folds 
Dorex2007: raises $0.05 to $0.10
MOONSP3LL: folds 
AGVsmarT: folds 
The_Reiver: folds 
Uncalled bet ($0.05) returned to Dorex2007
Dorex2007 collected $0.12 from pot
Dorex2007: doesn't show hand 
*** SUMMARY ***
Total pot $0.12 | Rake $0 
Seat 2: 0RB BR0 folded before Flop (didn't bet)
Seat 3: Tiagoo$ZF folded before Flop (didn't bet)
Seat 4: AverageJo247 folded before Flop (didn't bet)
Seat 5: cups00013 folded before Flop (didn't bet)
Seat 6: Dorex2007 collected ($0.12)
Seat 7: MOONSP3LL (button) folded before Flop (didn't bet)
Seat 8: AGVsmarT (small blind) folded before Flop
Seat 9: The_Reiver (big blind) folded before Flop



PokerStars Hand #238057215835:  Hold'em No Limit ($0.02/$0.05 USD) - 2022/08/17 18:39:18 PT [2022/08/17 21:39:18 ET]
Table 'Cupido III' 9-max Seat #8 is the button
Seat 1: Jota322322 ($5 in chips) 
Seat 2: 0RB BR0 ($8.41 in chips) 
Seat 3: Tiagoo$ZF ($5.26 in chips) 
Seat 4: AverageJo247 ($5.83 in chips) 
Seat 5: cups00013 ($5 in chips) 
Seat 6: Dorex2007 ($5.07 in chips) 
Seat 7: MOONSP3LL ($6.62 in chips) 
Seat 8: AGVsmarT ($5.16 in chips) 
Seat 9: The_Reiver ($5 in chips) 
The_Reiver: posts small blind $0.02
Jota322322: posts big blind $0.05
*** HOLE CARDS ***
Dealt to Dorex2007 [2s Ad]
0RB BR0: folds 
Tiagoo$ZF: folds 
AverageJo247: raises $0.05 to $0.10
cups00013: folds 
Dorex2007: folds 
MOONSP3LL: folds 
AGVsmarT: folds 
The_Reiver: folds 
Jota322322: calls $0.05
*** FLOP *** [9c 6c 7h]
Jota322322: checks 
AverageJo247: bets $0.10
Jota322322: calls $0.10
*** TURN *** [9c 6c 7h] [2d]
Jota322322: checks 
AverageJo247: checks 
*** RIVER *** [9c 6c 7h 2d] [7d]
Jota322322: checks 
AverageJo247: checks 
*** SHOW DOWN ***
Jota322322: shows [2h 8h] (two pair, Sevens and Deuces)
AverageJo247: mucks hand 
Jota322322 collected $0.40 from pot
*** SUMMARY ***
Total pot $0.42 | Rake $0.02 
Board [9c 6c 7h 2d 7d]
Seat 1: Jota322322 (big blind) showed [2h 8h] and won ($0.40) with two pair, Sevens and Deuces
Seat 2: 0RB BR0 folded before Flop (didn't bet)
Seat 3: Tiagoo$ZF folded before Flop (didn't bet)
Seat 4: AverageJo247 mucked [Qd Jh]
Seat 5: cups00013 folded before Flop (didn't bet)
Seat 6: Dorex2007 folded before Flop (didn't bet)
Seat 7: MOONSP3LL folded before Flop (didn't bet)
Seat 8: AGVsmarT (button) folded before Flop (didn't bet)
Seat 9: The_Reiver (small blind) folded before Flop



PokerStars Hand #238057232923:  Hold'em No Limit ($0.02/$0.05 USD) - 2022/08/17 18:40:44 PT [2022/08/17 21:40:44 ET]
Table 'Cupido III' 9-max Seat #9 is the button
Seat 1: Jota322322 ($5.20 in chips) 
Seat 2: 0RB BR0 ($8.41 in chips) 
Seat 3: Tiagoo$ZF ($5.26 in chips) 
Seat 4: AverageJo247 ($5.63 in chips) 
Seat 5: cups00013 ($5 in chips) 
Seat 6: Dorex2007 ($5.07 in chips) 
Seat 7: MOONSP3LL ($6.62 in chips) 
Seat 8: AGVsmarT ($5.16 in chips) 
Seat 9: The_Reiver ($5 in chips) 
Jota322322: posts small blind $0.02
0RB BR0: posts big blind $0.05
*** HOLE CARDS ***
Dealt to Dorex2007 [Ad Js]
Tiagoo$ZF: folds 
AverageJo247: folds 
cups00013: folds 
Dorex2007: folds 
MOONSP3LL: folds 
AGVsmarT: calls $0.05
The_Reiver: folds 
Jota322322: folds 
0RB BR0: checks 
*** FLOP *** [4h 3h 2d]
0RB BR0: bets $0.05
AGVsmarT: calls $0.05
*** TURN *** [4h 3h 2d] [5h]
0RB BR0: bets $0.10
AGVsmarT: calls $0.10
*** RIVER *** [4h 3h 2d 5h] [Th]
0RB BR0: bets $0.05
AGVsmarT: calls $0.05
*** SHOW DOWN ***
0RB BR0: shows [5s Kd] (a pair of Fives)
AGVsmarT: shows [As Td] (a straight, Ace to Five)
AGVsmarT collected $0.50 from pot
*** SUMMARY ***
Total pot $0.52 | Rake $0.02 
Board [4h 3h 2d 5h Th]
Seat 1: Jota322322 (small blind) folded before Flop
Seat 2: 0RB BR0 (big blind) showed [5s Kd] and lost with a pair of Fives
Seat 3: Tiagoo$ZF folded before Flop (didn't bet)
Seat 4: AverageJo247 folded before Flop (didn't bet)
Seat 5: cups00013 folded before Flop (didn't bet)
Seat 6: Dorex2007 folded before Flop (didn't bet)
Seat 7: MOONSP3LL folded before Flop (didn't bet)
Seat 8: AGVsmarT showed [As Td] and won ($0.50) with a straight, Ace to Five
Seat 9: The_Reiver (button) folded before Flop (didn't bet)



PokerStars Hand #238057241740:  Hold'em No Limit ($0.02/$0.05 USD) - 2022/08/17 18:41:28 PT [2022/08/17 21:41:28 ET]
Table 'Cupido III' 9-max Seat #1 is the button
Seat 1: Jota322322 ($5.18 in chips) 
Seat 2: 0RB BR0 ($8.16 in chips) 
Seat 3: Tiagoo$ZF ($5.26 in chips) 
Seat 4: AverageJo247 ($5.63 in chips) 
Seat 5: cups00013 ($5 in chips) 
Seat 6: Dorex2007 ($5.07 in chips) 
Seat 7: MOONSP3LL ($6.62 in chips) 
Seat 8: AGVsmarT ($5.41 in chips) 
Seat 9: The_Reiver ($5 in chips) 
0RB BR0: posts small blind $0.02
Tiagoo$ZF: posts big blind $0.05
*** HOLE CARDS ***
Dealt to Dorex2007 [2h 7h]
AverageJo247: raises $0.10 to $0.15
cups00013: folds 
Dorex2007: folds 
MOONSP3LL: folds 
AGVsmarT: calls $0.15
The_Reiver: folds 
Jota322322: folds 
0RB BR0: calls $0.13
Tiagoo$ZF: folds 
*** FLOP *** [6s 4h Ac]
0RB BR0: bets $0.05
AverageJo247: folds 
AGVsmarT: calls $0.05
*** TURN *** [6s 4h Ac] [Jc]
0RB BR0: bets $0.10
AGVsmarT: raises $0.15 to $0.25
0RB BR0: calls $0.15
*** RIVER *** [6s 4h Ac Jc] [9c]
0RB BR0: bets $0.10
AGVsmarT: raises $0.63 to $0.73
0RB BR0: folds [Ad]
Uncalled bet ($0.63) returned to AGVsmarT
AGVsmarT collected $1.25 from pot
*** SUMMARY ***
Total pot $1.30 | Rake $0.05 
Board [6s 4h Ac Jc 9c]
Seat 1: Jota322322 (button) folded before Flop (didn't bet)
Seat 2: 0RB BR0 (small blind) folded on the River
Seat 3: Tiagoo$ZF (big blind) folded before Flop
Seat 4: AverageJo247 folded on the Flop
Seat 5: cups00013 folded before Flop (didn't bet)
Seat 6: Dorex2007 folded before Flop (didn't bet)
Seat 7: MOONSP3LL folded before Flop (didn't bet)
Seat 8: AGVsmarT collected ($1.25)
Seat 9: The_Reiver folded before Flop (didn't bet)



PokerStars Hand #238057257276:  Hold'em No Limit ($0.02/$0.05 USD) - 2022/08/17 18:42:46 PT [2022/08/17 21:42:46 ET]
Table 'Cupido III' 9-max Seat #2 is the button
Seat 1: Jota322322 ($5.18 in chips) 
Seat 2: 0RB BR0 ($7.61 in chips) 
Seat 3: Tiagoo$ZF ($5.21 in chips) 
Seat 4: AverageJo247 ($5.48 in chips) 
Seat 5: cups00013 ($5 in chips) 
Seat 6: Dorex2007 ($5.07 in chips) 
Seat 7: MOONSP3LL ($6.62 in chips) 
Seat 8: AGVsmarT ($6.11 in chips) 
Seat 9: The_Reiver ($5 in chips) 
Tiagoo$ZF: posts small blind $0.02
AverageJo247: posts big blind $0.05
*** HOLE CARDS ***
Dealt to Dorex2007 [7s 3d]
cups00013: folds 
Dorex2007: folds 
MOONSP3LL: folds 
AGVsmarT: calls $0.05
The_Reiver: folds 
Jota322322: folds 
0RB BR0: folds 
Tiagoo$ZF: folds 
AverageJo247: checks 
*** FLOP *** [9s Kc 5h]
AverageJo247: checks 
AGVsmarT: bets $0.05
AverageJo247: calls $0.05
*** TURN *** [9s Kc 5h] [Qd]
AverageJo247: checks 
AGVsmarT: checks 
*** RIVER *** [9s Kc 5h Qd] [2s]
AverageJo247: bets $0.10
AGVsmarT: folds 
Uncalled bet ($0.10) returned to AverageJo247
AverageJo247 collected $0.21 from pot
*** SUMMARY ***
Total pot $0.22 | Rake $0.01 
Board [9s Kc 5h Qd 2s]
Seat 1: Jota322322 folded before Flop (didn't bet)
Seat 2: 0RB BR0 (button) folded before Flop (didn't bet)
Seat 3: Tiagoo$ZF (small blind) folded before Flop
Seat 4: AverageJo247 (big blind) collected ($0.21)
Seat 5: cups00013 folded before Flop (didn't bet)
Seat 6: Dorex2007 folded before Flop (didn't bet)
Seat 7: MOONSP3LL folded before Flop (didn't bet)
Seat 8: AGVsmarT folded on the River
Seat 9: The_Reiver folded before Flop (didn't bet)



PokerStars Hand #238057274188:  Hold'em No Limit ($0.02/$0.05 USD) - 2022/08/17 18:43:39 PT [2022/08/17 21:43:39 ET]
Table 'Cupido III' 9-max Seat #3 is the button
Seat 1: Jota322322 ($5.18 in chips) 
Seat 2: 0RB BR0 ($7.61 in chips) 
Seat 3: Tiagoo$ZF ($5.19 in chips) 
Seat 4: AverageJo247 ($5.59 in chips) 
Seat 5: cups00013 ($5 in chips) 
Seat 6: Dorex2007 ($5.07 in chips) 
Seat 7: MOONSP3LL ($6.62 in chips) 
Seat 8: AGVsmarT ($6.01 in chips) 
Seat 9: The_Reiver ($5 in chips) 
AverageJo247: posts small blind $0.02
cups00013: posts big blind $0.05
*** HOLE CARDS ***
Dealt to Dorex2007 [2h Qd]
Dorex2007: folds 
MOONSP3LL: folds 
AGVsmarT: folds 
The_Reiver: folds 
Jota322322: raises $0.05 to $0.10
0RB BR0: calls $0.10
Tiagoo$ZF: folds 
AverageJo247: folds 
cups00013: calls $0.05
*** FLOP *** [Qs 5c 3c]
cups00013: checks 
Jota322322: bets $0.15
0RB BR0: folds 
cups00013: calls $0.15
*** TURN *** [Qs 5c 3c] [8c]
cups00013: checks 
Jota322322: checks 
*** RIVER *** [Qs 5c 3c 8c] [2c]
cups00013: bets $0.40
Jota322322: folds 
Uncalled bet ($0.40) returned to cups00013
cups00013 collected $0.59 from pot
cups00013: doesn't show hand 
*** SUMMARY ***
Total pot $0.62 | Rake $0.03 
Board [Qs 5c 3c 8c 2c]
Seat 1: Jota322322 folded on the River
Seat 2: 0RB BR0 folded on the Flop
Seat 3: Tiagoo$ZF (button) folded before Flop (didn't bet)
Seat 4: AverageJo247 (small blind) folded before Flop
Seat 5: cups00013 (big blind) collected ($0.59)
Seat 6: Dorex2007 folded before Flop (didn't bet)
Seat 7: MOONSP3LL folded before Flop (didn't bet)
Seat 8: AGVsmarT folded before Flop (didn't bet)
Seat 9: The_Reiver folded before Flop (didn't bet)



PokerStars Hand #238057290204:  Hold'em No Limit ($0.02/$0.05 USD) - 2022/08/17 18:44:38 PT [2022/08/17 21:44:38 ET]
Table 'Cupido III' 9-max Seat #4 is the button
Seat 1: Jota322322 ($4.93 in chips) 
Seat 2: 0RB BR0 ($7.51 in chips) 
Seat 3: Tiagoo$ZF ($5.19 in chips) 
Seat 4: AverageJo247 ($5.57 in chips) 
Seat 5: cups00013 ($5.34 in chips) 
Seat 6: Dorex2007 ($5.07 in chips) 
Seat 7: MOONSP3LL ($6.62 in chips) 
Seat 8: AGVsmarT ($6.01 in chips) 
Seat 9: The_Reiver ($5 in chips) 
cups00013: posts small blind $0.02
Dorex2007: posts big blind $0.05
*** HOLE CARDS ***
Dealt to Dorex2007 [2c 4c]
MOONSP3LL: folds 
AGVsmarT: calls $0.05
The_Reiver: folds 
Jota322322: folds 
0RB BR0: folds 
Tiagoo$ZF: folds 
AverageJo247: raises $0.05 to $0.10
cups00013: folds 
Dorex2007: folds 
AGVsmarT: folds 
Uncalled bet ($0.05) returned to AverageJo247
AverageJo247 collected $0.17 from pot
*** SUMMARY ***
Total pot $0.17 | Rake $0 
Seat 1: Jota322322 folded before Flop (didn't bet)
Seat 2: 0RB BR0 folded before Flop (didn't bet)
Seat 3: Tiagoo$ZF folded before Flop (didn't bet)
Seat 4: AverageJo247 (button) collected ($0.17)
Seat 5: cups00013 (small blind) folded before Flop
Seat 6: Dorex2007 (big blind) folded before Flop
Seat 7: MOONSP3LL folded before Flop (didn't bet)
Seat 8: AGVsmarT folded before Flop
Seat 9: The_Reiver folded before Flop (didn't bet)



PokerStars Hand #238057294747:  Hold'em No Limit ($0.02/$0.05 USD) - 2022/08/17 18:45:01 PT [2022/08/17 21:45:01 ET]
Table 'Cupido III' 9-max Seat #5 is the button
Seat 1: Jota322322 ($4.93 in chips) 
Seat 2: 0RB BR0 ($7.51 in chips) 
Seat 3: Tiagoo$ZF ($5.19 in chips) 
Seat 4: AverageJo247 ($5.69 in chips) 
Seat 5: cups00013 ($5.32 in chips) 
Seat 6: Dorex2007 ($5.02 in chips) 
Seat 7: MOONSP3LL ($6.62 in chips) 
Seat 8: AGVsmarT ($5.96 in chips) 
Seat 9: The_Reiver ($5 in chips) 
Dorex2007: posts small blind $0.02
MOONSP3LL: posts big blind $0.05
*** HOLE CARDS ***
Dealt to Dorex2007 [4c Qh]
AGVsmarT: folds 
The_Reiver: calls $0.05
Jota322322: folds 
0RB BR0: folds 
Tiagoo$ZF: folds 
AverageJo247: raises $0.05 to $0.10
cups00013: folds 
Dorex2007: folds 
MOONSP3LL: calls $0.05
The_Reiver: calls $0.05
*** FLOP *** [Kh 7h 3s]
MOONSP3LL: checks 
The_Reiver: checks 
AverageJo247: bets $0.15
MOONSP3LL: calls $0.15
The_Reiver: folds 
*** TURN *** [Kh 7h 3s] [3h]
MOONSP3LL: checks 
AverageJo247: bets $0.59
MOONSP3LL: calls $0.59
*** RIVER *** [Kh 7h 3s 3h] [4d]
MOONSP3LL: checks 
AverageJo247: checks 
*** SHOW DOWN ***
MOONSP3LL: shows [5s Ah] (a pair of Threes)
AverageJo247: shows [8h Ad] (a pair of Threes - Ace+King+Eight kicker)
AverageJo247 collected $1.73 from pot
*** SUMMARY ***
Total pot $1.80 | Rake $0.07 
Board [Kh 7h 3s 3h 4d]
Seat 1: Jota322322 folded before Flop (didn't bet)
Seat 2: 0RB BR0 folded before Flop (didn't bet)
Seat 3: Tiagoo$ZF folded before Flop (didn't bet)
Seat 4: AverageJo247 showed [8h Ad] and won ($1.73) with a pair of Threes
Seat 5: cups00013 (button) folded before Flop (didn't bet)
Seat 6: Dorex2007 (small blind) folded before Flop
Seat 7: MOONSP3LL (big blind) showed [5s Ah] and lost with a pair of Threes
Seat 8: AGVsmarT folded before Flop (didn't bet)
Seat 9: The_Reiver folded on the Flop



PokerStars Hand #238057318629:  Hold'em No Limit ($0.02/$0.05 USD) - 2022/08/17 18:47:02 PT [2022/08/17 21:47:02 ET]
Table 'Cupido III' 9-max Seat #6 is the button
Seat 1: Jota322322 ($4.93 in chips) 
Seat 2: 0RB BR0 ($7.51 in chips) 
Seat 3: Tiagoo$ZF ($5.19 in chips) 
Seat 4: AverageJo247 ($6.58 in chips) 
Seat 5: cups00013 ($5.32 in chips) 
Seat 6: Dorex2007 ($5 in chips) 
Seat 7: MOONSP3LL ($5.78 in chips) 
Seat 8: AGVsmarT ($5.96 in chips) 
Seat 9: The_Reiver ($5 in chips) 
MOONSP3LL: posts small blind $0.02
AGVsmarT: posts big blind $0.05
*** HOLE CARDS ***
Dealt to Dorex2007 [Kd 6d]
The_Reiver: folds 
Jota322322: folds 
0RB BR0: folds 
Tiagoo$ZF: folds 
AverageJo247: calls $0.05
cups00013: folds 
Dorex2007: folds 
MOONSP3LL: calls $0.03
AGVsmarT: checks 
*** FLOP *** [Js 3c 5d]
MOONSP3LL: checks 
AGVsmarT: checks 
AverageJo247: bets $0.05
MOONSP3LL: calls $0.05
AGVsmarT: calls $0.05
*** TURN *** [Js 3c 5d] [3s]
MOONSP3LL: checks 
AGVsmarT: bets $0.29
AverageJo247: calls $0.29
MOONSP3LL: calls $0.29
*** RIVER *** [Js 3c 5d 3s] [7c]
MOONSP3LL: checks 
AGVsmarT: bets $0.20
AverageJo247: raises $0.90 to $1.10
MOONSP3LL: folds 
AGVsmarT: folds 
Uncalled bet ($0.90) returned to AverageJo247
AverageJo247 collected $1.50 from pot
*** SUMMARY ***
Total pot $1.57 | Rake $0.07 
Board [Js 3c 5d 3s 7c]
Seat 1: Jota322322 folded before Flop (didn't bet)
Seat 2: 0RB BR0 folded before Flop (didn't bet)
Seat 3: Tiagoo$ZF folded before Flop (didn't bet)
Seat 4: AverageJo247 collected ($1.50)
Seat 5: cups00013 folded before Flop (didn't bet)
Seat 6: Dorex2007 (button) folded before Flop (didn't bet)
Seat 7: MOONSP3LL (small blind) folded on the River
Seat 8: AGVsmarT (big blind) folded on the River
Seat 9: The_Reiver folded before Flop (didn't bet)



PokerStars Hand #238057341164:  Hold'em No Limit ($0.02/$0.05 USD) - 2022/08/17 18:48:57 PT [2022/08/17 21:48:57 ET]
Table 'Cupido III' 9-max Seat #7 is the button
Seat 1: Jota322322 ($4.93 in chips) 
Seat 2: 0RB BR0 ($7.51 in chips) 
Seat 3: Tiagoo$ZF ($5.19 in chips) 
Seat 4: AverageJo247 ($7.49 in chips) 
Seat 5: cups00013 ($5.32 in chips) 
Seat 6: Dorex2007 ($5 in chips) 
Seat 7: MOONSP3LL ($5.39 in chips) 
Seat 8: AGVsmarT ($5.37 in chips) 
Seat 9: The_Reiver ($5 in chips) 
AGVsmarT: posts small blind $0.02
The_Reiver: posts big blind $0.05
*** HOLE CARDS ***
Dealt to Dorex2007 [3d 5d]
Jota322322: raises $0.05 to $0.10
0RB BR0: folds 
Tiagoo$ZF: folds 
AverageJo247: folds 
cups00013: folds 
Dorex2007: folds 
MOONSP3LL: folds 
AGVsmarT: folds 
The_Reiver: calls $0.05
*** FLOP *** [4c 7s Jd]
The_Reiver: checks 
Jota322322: bets $0.10
The_Reiver: calls $0.10
*** TURN *** [4c 7s Jd] [Ac]
The_Reiver: checks 
Jota322322: bets $0.20
The_Reiver: folds 
Uncalled bet ($0.20) returned to Jota322322
Jota322322 collected $0.40 from pot
Jota322322: doesn't show hand 
*** SUMMARY ***
Total pot $0.42 | Rake $0.02 
Board [4c 7s Jd Ac]
Seat 1: Jota322322 collected ($0.40)
Seat 2: 0RB BR0 folded before Flop (didn't bet)
Seat 3: Tiagoo$ZF folded before Flop (didn't bet)
Seat 4: AverageJo247 folded before Flop (didn't bet)
Seat 5: cups00013 folded before Flop (didn't bet)
Seat 6: Dorex2007 folded before Flop (didn't bet)
Seat 7: MOONSP3LL (button) folded before Flop (didn't bet)
Seat 8: AGVsmarT (small blind) folded before Flop
Seat 9: The_Reiver (big blind) folded on the Turn



PokerStars Hand #238057354196:  Hold'em No Limit ($0.02/$0.05 USD) - 2022/08/17 18:50:04 PT [2022/08/17 21:50:04 ET]
Table 'Cupido III' 9-max Seat #8 is the button
Seat 1: Jota322322 ($5.13 in chips) 
Seat 2: 0RB BR0 ($7.51 in chips) 
Seat 3: Tiagoo$ZF ($5.19 in chips) 
Seat 4: AverageJo247 ($7.49 in chips) 
Seat 5: cups00013 ($5.32 in chips) 
Seat 6: Dorex2007 ($5 in chips) 
Seat 7: MOONSP3LL ($5.39 in chips) 
Seat 8: AGVsmarT ($5.35 in chips) 
Seat 9: The_Reiver ($5 in chips) 
The_Reiver: posts small blind $0.02
Jota322322: posts big blind $0.05
*** HOLE CARDS ***
Dealt to Dorex2007 [Ts Kd]
0RB BR0: folds 
Tiagoo$ZF: folds 
AverageJo247: folds 
cups00013: raises $0.10 to $0.15
Dorex2007: calls $0.15
MOONSP3LL: folds 
AGVsmarT: folds 
The_Reiver: folds 
Jota322322: folds 
*** FLOP *** [Qh Jc 3s]
cups00013: bets $0.17
Dorex2007: calls $0.17
*** TURN *** [Qh Jc 3s] [4c]
cups00013: bets $0.34
Dorex2007: calls $0.34
*** RIVER *** [Qh Jc 3s 4c] [As]
cups00013: bets $0.66
Dorex2007: raises $0.66 to $1.32
cups00013: calls $0.66
*** SHOW DOWN ***
Dorex2007: shows [Ts Kd] (a straight, Ten to Ace)
cups00013: mucks hand 
Dorex2007 collected $3.86 from pot
*** SUMMARY ***
Total pot $4.03 | Rake $0.17 
Board [Qh Jc 3s 4c As]
Seat 1: Jota322322 (big blind) folded before Flop
Seat 2: 0RB BR0 folded before Flop (didn't bet)
Seat 3: Tiagoo$ZF folded before Flop (didn't bet)
Seat 4: AverageJo247 folded before Flop (didn't bet)
Seat 5: cups00013 mucked [Ad Qc]
Seat 6: Dorex2007 showed [Ts Kd] and won ($3.86) with a straight, Ten to Ace
Seat 7: MOONSP3LL folded before Flop (didn't bet)
Seat 8: AGVsmarT (button) folded before Flop (didn't bet)
Seat 9: The_Reiver (small blind) folded before Flop



PokerStars Hand #238057367714:  Hold'em No Limit ($0.02/$0.05 USD) - 2022/08/17 18:51:14 PT [2022/08/17 21:51:14 ET]
Table 'Cupido III' 9-max Seat #9 is the button
Seat 1: Jota322322 ($5.08 in chips) 
Seat 2: 0RB BR0 ($7.51 in chips) 
Seat 3: Tiagoo$ZF ($5.19 in chips) 
Seat 4: AverageJo247 ($7.49 in chips) 
Seat 5: cups00013 ($5 in chips) 
Seat 6: Dorex2007 ($6.88 in chips) 
Seat 7: MOONSP3LL ($5.39 in chips) 
Seat 8: AGVsmarT ($5.35 in chips) 
Seat 9: The_Reiver ($5 in chips) 
Jota322322: posts small blind $0.02
0RB BR0: posts big blind $0.05
*** HOLE CARDS ***
Dealt to Dorex2007 [Ts 8s]
Tiagoo$ZF: folds 
AverageJo247: folds 
cups00013: folds 
Dorex2007: folds 
MOONSP3LL: folds 
AGVsmarT: folds 
The_Reiver: raises $0.05 to $0.10
Jota322322: folds 
0RB BR0: calls $0.05
*** FLOP *** [Js 3d 8c]
0RB BR0: bets $0.05
The_Reiver: calls $0.05
*** TURN *** [Js 3d 8c] [Kh]
0RB BR0: checks 
The_Reiver: bets $0.15
0RB BR0: folds 
Uncalled bet ($0.15) returned to The_Reiver
The_Reiver collected $0.31 from pot
*** SUMMARY ***
Total pot $0.32 | Rake $0.01 
Board [Js 3d 8c Kh]
Seat 1: Jota322322 (small blind) folded before Flop
Seat 2: 0RB BR0 (big blind) folded on the Turn
Seat 3: Tiagoo$ZF folded before Flop (didn't bet)
Seat 4: AverageJo247 folded before Flop (didn't bet)
Seat 5: cups00013 folded before Flop (didn't bet)
Seat 6: Dorex2007 folded before Flop (didn't bet)
Seat 7: MOONSP3LL folded before Flop (didn't bet)
Seat 8: AGVsmarT folded before Flop (didn't bet)
Seat 9: The_Reiver (button) collected ($0.31)



PokerStars Hand #238057377710:  Hold'em No Limit ($0.02/$0.05 USD) - 2022/08/17 18:52:06 PT [2022/08/17 21:52:06 ET]
Table 'Cupido III' 9-max Seat #1 is the button
Seat 1: Jota322322 ($5.06 in chips) 
Seat 2: 0RB BR0 ($7.36 in chips) 
Seat 3: Tiagoo$ZF ($5.19 in chips) 
Seat 4: AverageJo247 ($7.49 in chips) 
Seat 5: cups00013 ($5 in chips) 
Seat 6: Dorex2007 ($6.88 in chips) 
Seat 7: MOONSP3LL ($5.39 in chips) 
Seat 8: AGVsmarT ($5.35 in chips) 
Seat 9: The_Reiver ($5.16 in chips) 
0RB BR0: posts small blind $0.02
Tiagoo$ZF: posts big blind $0.05
*** HOLE CARDS ***
Dealt to Dorex2007 [5d 6s]
AverageJo247: folds 
cups00013: folds 
Dorex2007: folds 
MOONSP3LL: raises $0.07 to $0.12
AGVsmarT: folds 
The_Reiver: folds 
Jota322322: folds 
0RB BR0: calls $0.10
Tiagoo$ZF: folds 
*** FLOP *** [9s Ts 7c]
0RB BR0: checks 
MOONSP3LL: bets $0.09
0RB BR0: raises $0.09 to $0.18
MOONSP3LL: folds 
Uncalled bet ($0.09) returned to 0RB BR0
0RB BR0 collected $0.45 from pot
*** SUMMARY ***
Total pot $0.47 | Rake $0.02 
Board [9s Ts 7c]
Seat 1: Jota322322 (button) folded before Flop (didn't bet)
Seat 2: 0RB BR0 (small blind) collected ($0.45)
Seat 3: Tiagoo$ZF (big blind) folded before Flop
Seat 4: AverageJo247 folded before Flop (didn't bet)
Seat 5: cups00013 folded before Flop (didn't bet)
Seat 6: Dorex2007 folded before Flop (didn't bet)
Seat 7: MOONSP3LL folded on the Flop
Seat 8: AGVsmarT folded before Flop (didn't bet)
Seat 9: The_Reiver folded before Flop (didn't bet)



PokerStars Hand #238057385648:  Hold'em No Limit ($0.02/$0.05 USD) - 2022/08/17 18:52:47 PT [2022/08/17 21:52:47 ET]
Table 'Cupido III' 9-max Seat #2 is the button
Seat 1: Jota322322 ($5.06 in chips) 
Seat 2: 0RB BR0 ($7.60 in chips) 
Seat 3: Tiagoo$ZF ($5.14 in chips) 
Seat 4: AverageJo247 ($7.49 in chips) 
Seat 5: cups00013 ($5 in chips) 
Seat 6: Dorex2007 ($6.88 in chips) 
Seat 7: MOONSP3LL ($5.18 in chips) 
Seat 8: AGVsmarT ($5.35 in chips) 
Seat 9: The_Reiver ($5.16 in chips) 
Tiagoo$ZF: posts small blind $0.02
AverageJo247: posts big blind $0.05
*** HOLE CARDS ***
Dealt to Dorex2007 [2s 2c]
cups00013: folds 
Dorex2007: folds 
MOONSP3LL: folds 
AGVsmarT: folds 
The_Reiver: folds 
Jota322322: folds 
0RB BR0: folds 
Tiagoo$ZF: folds 
Uncalled bet ($0.03) returned to AverageJo247
AverageJo247 collected $0.04 from pot
*** SUMMARY ***
Total pot $0.04 | Rake $0 
Seat 1: Jota322322 folded before Flop (didn't bet)
Seat 2: 0RB BR0 (button) folded before Flop (didn't bet)
Seat 3: Tiagoo$ZF (small blind) folded before Flop
Seat 4: AverageJo247 (big blind) collected ($0.04)
Seat 5: cups00013 folded before Flop (didn't bet)
Seat 6: Dorex2007 folded before Flop (didn't bet)
Seat 7: MOONSP3LL folded before Flop (didn't bet)
Seat 8: AGVsmarT folded before Flop (didn't bet)
Seat 9: The_Reiver folded before Flop (didn't bet)



PokerStars Hand #238057391826:  Hold'em No Limit ($0.02/$0.05 USD) - 2022/08/17 18:53:20 PT [2022/08/17 21:53:20 ET]
Table 'Cupido III' 9-max Seat #3 is the button
Seat 1: Jota322322 ($5.06 in chips) 
Seat 2: 0RB BR0 ($7.60 in chips) 
Seat 3: Tiagoo$ZF ($5.12 in chips) 
Seat 4: AverageJo247 ($7.51 in chips) 
Seat 5: cups00013 ($5 in chips) 
Seat 6: Dorex2007 ($6.88 in chips) 
Seat 7: MOONSP3LL ($5.18 in chips) 
Seat 8: AGVsmarT ($5.35 in chips) 
Seat 9: The_Reiver ($5.16 in chips) 
AverageJo247: posts small blind $0.02
cups00013: posts big blind $0.05
*** HOLE CARDS ***
Dealt to Dorex2007 [7s 4d]
Dorex2007: folds 
MOONSP3LL: raises $0.10 to $0.15
AGVsmarT: calls $0.15
The_Reiver: folds 
Jota322322: folds 
0RB BR0: folds 
Tiagoo$ZF: folds 
AverageJo247: calls $0.13
cups00013: folds 
*** FLOP *** [4c 8c 7h]
AverageJo247: checks 
MOONSP3LL: checks 
AGVsmarT: bets $0.15
AverageJo247: folds 
MOONSP3LL: calls $0.15
*** TURN *** [4c 8c 7h] [9h]
MOONSP3LL: checks 
AGVsmarT: bets $0.45
MOONSP3LL: calls $0.45
*** RIVER *** [4c 8c 7h 9h] [Ad]
MOONSP3LL: bets $1.14
AGVsmarT: raises $3.46 to $4.60 and is all-in
MOONSP3LL: folds 
Uncalled bet ($3.46) returned to AGVsmarT
AGVsmarT collected $3.81 from pot
*** SUMMARY ***
Total pot $3.98 | Rake $0.17 
Board [4c 8c 7h 9h Ad]
Seat 1: Jota322322 folded before Flop (didn't bet)
Seat 2: 0RB BR0 folded before Flop (didn't bet)
Seat 3: Tiagoo$ZF (button) folded before Flop (didn't bet)
Seat 4: AverageJo247 (small blind) folded on the Flop
Seat 5: cups00013 (big blind) folded before Flop
Seat 6: Dorex2007 folded before Flop (didn't bet)
Seat 7: MOONSP3LL folded on the River
Seat 8: AGVsmarT collected ($3.81)
Seat 9: The_Reiver folded before Flop (didn't bet)



PokerStars Hand #238057413060:  Hold'em No Limit ($0.02/$0.05 USD) - 2022/08/17 18:55:12 PT [2022/08/17 21:55:12 ET]
Table 'Cupido III' 9-max Seat #4 is the button
Seat 1: Jota322322 ($5.06 in chips) 
Seat 2: 0RB BR0 ($7.60 in chips) 
Seat 3: Tiagoo$ZF ($5.12 in chips) 
Seat 4: AverageJo247 ($7.36 in chips) 
Seat 5: cups00013 ($5 in chips) 
Seat 6: Dorex2007 ($6.88 in chips) 
Seat 7: MOONSP3LL ($3.29 in chips) 
Seat 8: AGVsmarT ($7.27 in chips) 
Seat 9: The_Reiver ($5.16 in chips) 
cups00013: posts small blind $0.02
Dorex2007: posts big blind $0.05
*** HOLE CARDS ***
Dealt to Dorex2007 [Th Kd]
MOONSP3LL: folds 
AGVsmarT: folds 
The_Reiver: folds 
Jota322322: folds 
MOONSP3LL leaves the table
0RB BR0: calls $0.05
Tiagoo$ZF: folds 
AverageJo247: folds 
cups00013: calls $0.03
Dorex2007: checks 
*** FLOP *** [5s Ad 4d]
BUTAW701 joins the table at seat #7 
cups00013: bets $0.07
Dorex2007: folds 
0RB BR0: calls $0.07
*** TURN *** [5s Ad 4d] [7s]
cups00013: bets $0.14
0RB BR0: calls $0.14
*** RIVER *** [5s Ad 4d 7s] [3s]
cups00013: checks 
0RB BR0: checks 
*** SHOW DOWN ***
cups00013: shows [Td 9d] (high card Ace)
0RB BR0: shows [Ac 9c] (a pair of Aces)
0RB BR0 collected $0.55 from pot
*** SUMMARY ***
Total pot $0.57 | Rake $0.02 
Board [5s Ad 4d 7s 3s]
Seat 1: Jota322322 folded before Flop (didn't bet)
Seat 2: 0RB BR0 showed [Ac 9c] and won ($0.55) with a pair of Aces
Seat 3: Tiagoo$ZF folded before Flop (didn't bet)
Seat 4: AverageJo247 (button) folded before Flop (didn't bet)
Seat 5: cups00013 (small blind) showed [Td 9d] and lost with high card Ace
Seat 6: Dorex2007 (big blind) folded on the Flop
Seat 7: MOONSP3LL folded before Flop (didn't bet)
Seat 8: AGVsmarT folded before Flop (didn't bet)
Seat 9: The_Reiver folded before Flop (didn't bet)



PokerStars Hand #238057425619:  Hold'em No Limit ($0.02/$0.05 USD) - 2022/08/17 18:56:04 PT [2022/08/17 21:56:04 ET]
Table 'Cupido III' 9-max Seat #5 is the button
Seat 1: Jota322322 ($5.06 in chips) 
Seat 2: 0RB BR0 ($7.89 in chips) 
Seat 3: Tiagoo$ZF ($5.12 in chips) 
Seat 4: AverageJo247 ($7.36 in chips) 
Seat 5: cups00013 ($5 in chips) 
Seat 6: Dorex2007 ($6.83 in chips) 
Seat 7: BUTAW701 ($5 in chips) 
Seat 8: AGVsmarT ($7.27 in chips) 
Seat 9: The_Reiver ($5.16 in chips) 
Dorex2007: posts small blind $0.02
BUTAW701: posts big blind $0.05
*** HOLE CARDS ***
Dealt to Dorex2007 [7d 2c]
AGVsmarT: folds 
The_Reiver: folds 
Jota322322: folds 
0RB BR0: folds 
Tiagoo$ZF: folds 
AverageJo247: raises $0.05 to $0.10
cups00013: folds 
Dorex2007: folds 
BUTAW701: folds 
Uncalled bet ($0.05) returned to AverageJo247
AverageJo247 collected $0.12 from pot
*** SUMMARY ***
Total pot $0.12 | Rake $0 
Seat 1: Jota322322 folded before Flop (didn't bet)
Seat 2: 0RB BR0 folded before Flop (didn't bet)
Seat 3: Tiagoo$ZF folded before Flop (didn't bet)
Seat 4: AverageJo247 collected ($0.12)
Seat 5: cups00013 (button) folded before Flop (didn't bet)
Seat 6: Dorex2007 (small blind) folded before Flop
Seat 7: BUTAW701 (big blind) folded before Flop
Seat 8: AGVsmarT folded before Flop (didn't bet)
Seat 9: The_Reiver folded before Flop (didn't bet)



PokerStars Hand #238057429624:  Hold'em No Limit ($0.02/$0.05 USD) - 2022/08/17 18:56:30 PT [2022/08/17 21:56:30 ET]
Table 'Cupido III' 9-max Seat #6 is the button
Seat 1: Jota322322 ($5.06 in chips) 
Seat 2: 0RB BR0 ($7.89 in chips) 
Seat 3: Tiagoo$ZF ($5.12 in chips) 
Seat 4: AverageJo247 ($7.43 in chips) 
Seat 5: cups00013 ($5 in chips) 
Seat 6: Dorex2007 ($6.81 in chips) 
Seat 7: BUTAW701 ($4.95 in chips) 
Seat 8: AGVsmarT ($7.27 in chips) 
Seat 9: The_Reiver ($5.16 in chips) 
BUTAW701: posts small blind $0.02
AGVsmarT: posts big blind $0.05
*** HOLE CARDS ***
Dealt to Dorex2007 [3d 7d]
The_Reiver: folds 
Jota322322: raises $0.10 to $0.15
0RB BR0: folds 
Tiagoo$ZF: folds 
AverageJo247: folds 
cups00013: folds 
Dorex2007: folds 
BUTAW701: folds 
AGVsmarT: folds 
Uncalled bet ($0.10) returned to Jota322322
Jota322322 collected $0.12 from pot
Jota322322: doesn't show hand 
*** SUMMARY ***
Total pot $0.12 | Rake $0 
Seat 1: Jota322322 collected ($0.12)
Seat 2: 0RB BR0 folded before Flop (didn't bet)
Seat 3: Tiagoo$ZF folded before Flop (didn't bet)
Seat 4: AverageJo247 folded before Flop (didn't bet)
Seat 5: cups00013 folded before Flop (didn't bet)
Seat 6: Dorex2007 (button) folded before Flop (didn't bet)
Seat 7: BUTAW701 (small blind) folded before Flop
Seat 8: AGVsmarT (big blind) folded before Flop
Seat 9: The_Reiver folded before Flop (didn't bet)



PokerStars Hand #238057441033:  Hold'em No Limit ($0.02/$0.05 USD) - 2022/08/17 18:56:48 PT [2022/08/17 21:56:48 ET]
Table 'Cupido III' 9-max Seat #7 is the button
Seat 1: Jota322322 ($5.13 in chips) 
Seat 2: 0RB BR0 ($7.89 in chips) 
Seat 3: Tiagoo$ZF ($5.12 in chips) 
Seat 4: AverageJo247 ($7.43 in chips) 
Seat 5: cups00013 ($5 in chips) 
Seat 6: Dorex2007 ($6.81 in chips) 
Seat 7: BUTAW701 ($4.93 in chips) 
Seat 8: AGVsmarT ($7.22 in chips) 
Seat 9: The_Reiver ($5.16 in chips) 
AGVsmarT: posts small blind $0.02
The_Reiver: posts big blind $0.05
*** HOLE CARDS ***
Dealt to Dorex2007 [Ac 7h]
Jota322322: raises $0.10 to $0.15
0RB BR0: folds 
Tiagoo$ZF: folds 
AverageJo247: calls $0.15
cups00013: folds 
Dorex2007: folds 
BUTAW701: calls $0.15
AGVsmarT: folds 
The_Reiver: folds 
*** FLOP *** [8s 3s 3d]
Jota322322: checks 
AverageJo247: checks 
BUTAW701: checks 
*** TURN *** [8s 3s 3d] [9d]
Jota322322: checks 
AverageJo247: bets $0.15
BUTAW701: calls $0.15
Jota322322: calls $0.15
*** RIVER *** [8s 3s 3d 9d] [3c]
Jota322322: checks 
AverageJo247: bets $0.50
BUTAW701: calls $0.50
Jota322322: folds 
*** SHOW DOWN ***
AverageJo247: shows [9s Js] (a full house, Threes full of Nines)
BUTAW701: shows [Qh 9h] (a full house, Threes full of Nines)
AverageJo247 collected $0.95 from pot
BUTAW701 collected $0.94 from pot
*** SUMMARY ***
Total pot $1.97 | Rake $0.08 
Board [8s 3s 3d 9d 3c]
Seat 1: Jota322322 folded on the River
Seat 2: 0RB BR0 folded before Flop (didn't bet)
Seat 3: Tiagoo$ZF folded before Flop (didn't bet)
Seat 4: AverageJo247 showed [9s Js] and won ($0.95) with a full house, Threes full of Nines
Seat 5: cups00013 folded before Flop (didn't bet)
Seat 6: Dorex2007 folded before Flop (didn't bet)
Seat 7: BUTAW701 (button) showed [Qh 9h] and won ($0.94) with a full house, Threes full of Nines
Seat 8: AGVsmarT (small blind) folded before Flop
Seat 9: The_Reiver (big blind) folded before Flop



PokerStars Hand #238057451523:  Hold'em No Limit ($0.02/$0.05 USD) - 2022/08/17 18:57:56 PT [2022/08/17 21:57:56 ET]
Table 'Cupido III' 9-max Seat #8 is the button
Seat 1: Jota322322 ($4.83 in chips) 
Seat 2: 0RB BR0 ($7.89 in chips) 
Seat 3: Tiagoo$ZF ($5.12 in chips) 
Seat 4: AverageJo247 ($7.58 in chips) 
Seat 5: cups00013 ($5 in chips) 
Seat 6: Dorex2007 ($6.81 in chips) 
Seat 7: BUTAW701 ($5.07 in chips) 
Seat 8: AGVsmarT ($7.20 in chips) 
Seat 9: The_Reiver ($5.11 in chips) 
The_Reiver: posts small blind $0.02
Jota322322: posts big blind $0.05
*** HOLE CARDS ***
Dealt to Dorex2007 [2h 6d]
0RB BR0: folds 
Tiagoo$ZF: folds 
AverageJo247: raises $0.05 to $0.10
cups00013: folds 
Dorex2007: folds 
BUTAW701: raises $0.35 to $0.45
AGVsmarT: folds 
The_Reiver: folds 
Jota322322: folds 
AverageJo247: folds 
Uncalled bet ($0.35) returned to BUTAW701
BUTAW701 collected $0.27 from pot
BUTAW701: doesn't show hand 
*** SUMMARY ***
Total pot $0.27 | Rake $0 
Seat 1: Jota322322 (big blind) folded before Flop
Seat 2: 0RB BR0 folded before Flop (didn't bet)
Seat 3: Tiagoo$ZF folded before Flop (didn't bet)
Seat 4: AverageJo247 folded before Flop
Seat 5: cups00013 folded before Flop (didn't bet)
Seat 6: Dorex2007 folded before Flop (didn't bet)
Seat 7: BUTAW701 collected ($0.27)
Seat 8: AGVsmarT (button) folded before Flop (didn't bet)
Seat 9: The_Reiver (small blind) folded before Flop



PokerStars Hand #238057465877:  Hold'em No Limit ($0.02/$0.05 USD) - 2022/08/17 18:58:42 PT [2022/08/17 21:58:42 ET]
Table 'Cupido III' 9-max Seat #9 is the button
Seat 1: Jota322322 ($4.78 in chips) 
Seat 2: 0RB BR0 ($7.89 in chips) 
Seat 3: Tiagoo$ZF ($5.12 in chips) 
Seat 4: AverageJo247 ($7.48 in chips) 
Seat 5: cups00013 ($5 in chips) 
Seat 6: Dorex2007 ($6.81 in chips) 
Seat 7: BUTAW701 ($5.24 in chips) 
Seat 8: AGVsmarT ($7.20 in chips) 
Seat 9: The_Reiver ($5.09 in chips) 
Jota322322: posts small blind $0.02
0RB BR0: posts big blind $0.05
*** HOLE CARDS ***
Dealt to Dorex2007 [5d Th]
Tiagoo$ZF: folds 
AverageJo247: folds 
cups00013: folds 
Dorex2007: folds 
BUTAW701: folds 
AGVsmarT: folds 
The_Reiver: folds 
Jota322322: folds 
Uncalled bet ($0.03) returned to 0RB BR0
0RB BR0 collected $0.04 from pot
*** SUMMARY ***
Total pot $0.04 | Rake $0 
Seat 1: Jota322322 (small blind) folded before Flop
Seat 2: 0RB BR0 (big blind) collected ($0.04)
Seat 3: Tiagoo$ZF folded before Flop (didn't bet)
Seat 4: AverageJo247 folded before Flop (didn't bet)
Seat 5: cups00013 folded before Flop (didn't bet)
Seat 6: Dorex2007 folded before Flop (didn't bet)
Seat 7: BUTAW701 folded before Flop (didn't bet)
Seat 8: AGVsmarT folded before Flop (didn't bet)
Seat 9: The_Reiver (button) folded before Flop (didn't bet)



PokerStars Hand #238057470972:  Hold'em No Limit ($0.02/$0.05 USD) - 2022/08/17 18:59:14 PT [2022/08/17 21:59:14 ET]
Table 'Cupido III' 9-max Seat #1 is the button
Seat 1: Jota322322 ($4.76 in chips) 
Seat 2: 0RB BR0 ($7.91 in chips) 
Seat 3: Tiagoo$ZF ($5.12 in chips) 
Seat 4: AverageJo247 ($7.48 in chips) 
Seat 5: cups00013 ($5 in chips) 
Seat 6: Dorex2007 ($6.81 in chips) 
Seat 7: BUTAW701 ($5.24 in chips) 
Seat 8: AGVsmarT ($7.20 in chips) 
Seat 9: The_Reiver ($5.09 in chips) 
0RB BR0: posts small blind $0.02
Tiagoo$ZF: posts big blind $0.05
*** HOLE CARDS ***
Dealt to Dorex2007 [Ac Qc]
AverageJo247: folds 
cups00013: folds 
Dorex2007: calls $0.05
BUTAW701: folds 
AGVsmarT: calls $0.05
The_Reiver: folds 
Jota322322: raises $0.10 to $0.15
0RB BR0: folds 
Tiagoo$ZF: raises $0.33 to $0.48
Dorex2007: calls $0.43
AGVsmarT: folds 
Jota322322: calls $0.33
*** FLOP *** [4c 5s 4s]
Tiagoo$ZF: checks 
Dorex2007: checks 
Jota322322: bets $0.10
Tiagoo$ZF: raises $1.12 to $1.22
Dorex2007: folds 
Jota322322: folds 
Uncalled bet ($1.12) returned to Tiagoo$ZF
Tiagoo$ZF collected $1.64 from pot
*** SUMMARY ***
Total pot $1.71 | Rake $0.07 
Board [4c 5s 4s]
Seat 1: Jota322322 (button) folded on the Flop
Seat 2: 0RB BR0 (small blind) folded before Flop
Seat 3: Tiagoo$ZF (big blind) collected ($1.64)
Seat 4: AverageJo247 folded before Flop (didn't bet)
Seat 5: cups00013 folded before Flop (didn't bet)
Seat 6: Dorex2007 folded on the Flop
Seat 7: BUTAW701 folded before Flop (didn't bet)
Seat 8: AGVsmarT folded before Flop
Seat 9: The_Reiver folded before Flop (didn't bet)



PokerStars Hand #238057488065:  Hold'em No Limit ($0.02/$0.05 USD) - 2022/08/17 19:00:59 PT [2022/08/17 22:00:59 ET]
Table 'Cupido III' 9-max Seat #2 is the button
Seat 1: Jota322322 ($4.18 in chips) 
Seat 2: 0RB BR0 ($7.89 in chips) 
Seat 3: Tiagoo$ZF ($6.18 in chips) 
Seat 4: AverageJo247 ($7.48 in chips) 
Seat 5: cups00013 ($5 in chips) 
Seat 6: Dorex2007 ($6.33 in chips) 
Seat 7: BUTAW701 ($5.24 in chips) 
Seat 8: AGVsmarT ($7.15 in chips) 
Seat 9: The_Reiver ($5.09 in chips) 
Tiagoo$ZF: posts small blind $0.02
AverageJo247: posts big blind $0.05
*** HOLE CARDS ***
Dealt to Dorex2007 [Ks Tc]
cups00013: raises $0.10 to $0.15
Dorex2007: folds 
BUTAW701: folds 
AGVsmarT: calls $0.15
The_Reiver: folds 
Jota322322: folds 
0RB BR0: folds 
Tiagoo$ZF: folds 
AverageJo247: folds 
*** FLOP *** [Jd 8c 3h]
cups00013: checks 
AGVsmarT: bets $0.10
cups00013: calls $0.10
*** TURN *** [Jd 8c 3h] [8d]
cups00013: checks 
AGVsmarT: checks 
*** RIVER *** [Jd 8c 3h 8d] [Kh]
cups00013: bets $0.27
AGVsmarT: folds 
Uncalled bet ($0.27) returned to cups00013
cups00013 collected $0.55 from pot
cups00013: doesn't show hand 
*** SUMMARY ***
Total pot $0.57 | Rake $0.02 
Board [Jd 8c 3h 8d Kh]
Seat 1: Jota322322 folded before Flop (didn't bet)
Seat 2: 0RB BR0 (button) folded before Flop (didn't bet)
Seat 3: Tiagoo$ZF (small blind) folded before Flop
Seat 4: AverageJo247 (big blind) folded before Flop
Seat 5: cups00013 collected ($0.55)
Seat 6: Dorex2007 folded before Flop (didn't bet)
Seat 7: BUTAW701 folded before Flop (didn't bet)
Seat 8: AGVsmarT folded on the River
Seat 9: The_Reiver folded before Flop (didn't bet)



PokerStars Hand #238057497460:  Hold'em No Limit ($0.02/$0.05 USD) - 2022/08/17 19:01:51 PT [2022/08/17 22:01:51 ET]
Table 'Cupido III' 9-max Seat #3 is the button
Seat 1: Jota322322 ($4.18 in chips) 
Seat 2: 0RB BR0 ($7.89 in chips) 
Seat 3: Tiagoo$ZF ($6.16 in chips) 
Seat 4: AverageJo247 ($7.43 in chips) 
Seat 5: cups00013 ($5.30 in chips) 
Seat 6: Dorex2007 ($6.33 in chips) 
Seat 7: BUTAW701 ($5.24 in chips) 
Seat 8: AGVsmarT ($6.90 in chips) 
Seat 9: The_Reiver ($5.09 in chips) 
AverageJo247: posts small blind $0.02
cups00013: posts big blind $0.05
*** HOLE CARDS ***
Dealt to Dorex2007 [9h Jh]
Dorex2007: folds 
BUTAW701: folds 
AGVsmarT: folds 
The_Reiver: folds 
Jota322322: folds 
0RB BR0: folds 
Tiagoo$ZF: raises $0.07 to $0.12
AverageJo247: calls $0.10
cups00013: calls $0.07
*** FLOP *** [5s 3h 7s]
AverageJo247: checks 
cups00013: checks 
Tiagoo$ZF: bets $0.25
AverageJo247: calls $0.25
cups00013: folds 
*** TURN *** [5s 3h 7s] [Ad]
AverageJo247: checks 
Tiagoo$ZF: checks 
*** RIVER *** [5s 3h 7s Ad] [Kd]
AverageJo247: checks 
Tiagoo$ZF: bets $0.37
AverageJo247: calls $0.37
*** SHOW DOWN ***
Tiagoo$ZF: shows [Kc 7c] (two pair, Kings and Sevens)
AverageJo247: mucks hand 
Tiagoo$ZF collected $1.53 from pot
*** SUMMARY ***
Total pot $1.60 | Rake $0.07 
Board [5s 3h 7s Ad Kd]
Seat 1: Jota322322 folded before Flop (didn't bet)
Seat 2: 0RB BR0 folded before Flop (didn't bet)
Seat 3: Tiagoo$ZF (button) showed [Kc 7c] and won ($1.53) with two pair, Kings and Sevens
Seat 4: AverageJo247 (small blind) mucked [2s As]
Seat 5: cups00013 (big blind) folded on the Flop
Seat 6: Dorex2007 folded before Flop (didn't bet)
Seat 7: BUTAW701 folded before Flop (didn't bet)
Seat 8: AGVsmarT folded before Flop (didn't bet)
Seat 9: The_Reiver folded before Flop (didn't bet)



PokerStars Hand #238057515222:  Hold'em No Limit ($0.02/$0.05 USD) - 2022/08/17 19:03:26 PT [2022/08/17 22:03:26 ET]
Table 'Cupido III' 9-max Seat #4 is the button
Seat 1: Jota322322 ($4.18 in chips) 
Seat 2: 0RB BR0 ($7.89 in chips) 
Seat 3: Tiagoo$ZF ($6.95 in chips) 
Seat 4: AverageJo247 ($6.69 in chips) 
Seat 5: cups00013 ($5.18 in chips) 
Seat 6: Dorex2007 ($6.33 in chips) 
Seat 7: BUTAW701 ($5.24 in chips) 
Seat 8: AGVsmarT ($6.90 in chips) 
Seat 9: The_Reiver ($5.09 in chips) 
cups00013: posts small blind $0.02
Dorex2007: posts big blind $0.05
*** HOLE CARDS ***
Dealt to Dorex2007 [Ac Ts]
BUTAW701: folds 
AGVsmarT: folds 
The_Reiver: folds 
Jota322322: folds 
0RB BR0: folds 
Tiagoo$ZF: raises $0.07 to $0.12
AverageJo247: calls $0.12
cups00013: folds 
Dorex2007: calls $0.07
*** FLOP *** [8h 2s Qs]
Dorex2007: checks 
Tiagoo$ZF: bets $0.22
AverageJo247: calls $0.22
Dorex2007: folds 
*** TURN *** [8h 2s Qs] [5h]
Tiagoo$ZF: checks 
AverageJo247: checks 
*** RIVER *** [8h 2s Qs 5h] [6h]
Tiagoo$ZF: checks 
AverageJo247: checks 
*** SHOW DOWN ***
Tiagoo$ZF: shows [4s 4h] (a pair of Fours)
AverageJo247: mucks hand 
Tiagoo$ZF collected $0.79 from pot
*** SUMMARY ***
Total pot $0.82 | Rake $0.03 
Board [8h 2s Qs 5h 6h]
Seat 1: Jota322322 folded before Flop (didn't bet)
Seat 2: 0RB BR0 folded before Flop (didn't bet)
Seat 3: Tiagoo$ZF showed [4s 4h] and won ($0.79) with a pair of Fours
Seat 4: AverageJo247 (button) mucked [Kc 2c]
Seat 5: cups00013 (small blind) folded before Flop
Seat 6: Dorex2007 (big blind) folded on the Flop
Seat 7: BUTAW701 folded before Flop (didn't bet)
Seat 8: AGVsmarT folded before Flop (didn't bet)
Seat 9: The_Reiver folded before Flop (didn't bet)



PokerStars Hand #238057528487:  Hold'em No Limit ($0.02/$0.05 USD) - 2022/08/17 19:04:35 PT [2022/08/17 22:04:35 ET]
Table 'Cupido III' 9-max Seat #5 is the button
Seat 1: Jota322322 ($4.18 in chips) 
Seat 2: 0RB BR0 ($7.89 in chips) 
Seat 3: Tiagoo$ZF ($7.40 in chips) 
Seat 4: AverageJo247 ($6.35 in chips) 
Seat 5: cups00013 ($5.16 in chips) 
Seat 6: Dorex2007 ($6.21 in chips) 
Seat 7: BUTAW701 ($5.24 in chips) 
Seat 8: AGVsmarT ($6.90 in chips) 
Seat 9: The_Reiver ($5.09 in chips) 
Dorex2007: posts small blind $0.02
BUTAW701: posts big blind $0.05
*** HOLE CARDS ***
Dealt to Dorex2007 [Ah 7d]
AGVsmarT: folds 
The_Reiver: folds 
Jota322322: folds 
0RB BR0: calls $0.05
Tiagoo$ZF: folds 
AverageJo247: folds 
cups00013: folds 
Dorex2007: folds 
BUTAW701: checks 
*** FLOP *** [3d 5c 7h]
BUTAW701: checks 
0RB BR0: bets $0.05
BUTAW701: folds 
Uncalled bet ($0.05) returned to 0RB BR0
0RB BR0 collected $0.12 from pot
*** SUMMARY ***
Total pot $0.12 | Rake $0 
Board [3d 5c 7h]
Seat 1: Jota322322 folded before Flop (didn't bet)
Seat 2: 0RB BR0 collected ($0.12)
Seat 3: Tiagoo$ZF folded before Flop (didn't bet)
Seat 4: AverageJo247 folded before Flop (didn't bet)
Seat 5: cups00013 (button) folded before Flop (didn't bet)
Seat 6: Dorex2007 (small blind) folded before Flop
Seat 7: BUTAW701 (big blind) folded on the Flop
Seat 8: AGVsmarT folded before Flop (didn't bet)
Seat 9: The_Reiver folded before Flop (didn't bet)



PokerStars Hand #238057534692:  Hold'em No Limit ($0.02/$0.05 USD) - 2022/08/17 19:05:08 PT [2022/08/17 22:05:08 ET]
Table 'Cupido III' 9-max Seat #6 is the button
Seat 1: Jota322322 ($4.18 in chips) 
Seat 2: 0RB BR0 ($7.96 in chips) 
Seat 3: Tiagoo$ZF ($7.40 in chips) 
Seat 4: AverageJo247 ($6.35 in chips) 
Seat 5: cups00013 ($5.16 in chips) 
Seat 6: Dorex2007 ($6.19 in chips) 
Seat 7: BUTAW701 ($5.19 in chips) 
Seat 8: AGVsmarT ($6.90 in chips) 
Seat 9: The_Reiver ($5.09 in chips) 
BUTAW701: posts small blind $0.02
AGVsmarT: posts big blind $0.05
*** HOLE CARDS ***
Dealt to Dorex2007 [3d Js]
The_Reiver: folds 
Jota322322: folds 
0RB BR0: folds 
Tiagoo$ZF: folds 
AverageJo247: folds 
cups00013: folds 
Dorex2007: folds 
BUTAW701: folds 
Uncalled bet ($0.03) returned to AGVsmarT
AGVsmarT collected $0.04 from pot
*** SUMMARY ***
Total pot $0.04 | Rake $0 
Seat 1: Jota322322 folded before Flop (didn't bet)
Seat 2: 0RB BR0 folded before Flop (didn't bet)
Seat 3: Tiagoo$ZF folded before Flop (didn't bet)
Seat 4: AverageJo247 folded before Flop (didn't bet)
Seat 5: cups00013 folded before Flop (didn't bet)
Seat 6: Dorex2007 (button) folded before Flop (didn't bet)
Seat 7: BUTAW701 (small blind) folded before Flop
Seat 8: AGVsmarT (big blind) collected ($0.04)
Seat 9: The_Reiver folded before Flop (didn't bet)



PokerStars Hand #238057537907:  Hold'em No Limit ($0.02/$0.05 USD) - 2022/08/17 19:05:25 PT [2022/08/17 22:05:25 ET]
Table 'Cupido III' 9-max Seat #7 is the button
Seat 1: Jota322322 ($4.18 in chips) 
Seat 2: 0RB BR0 ($7.96 in chips) 
Seat 3: Tiagoo$ZF ($7.40 in chips) 
Seat 4: AverageJo247 ($6.35 in chips) 
Seat 5: cups00013 ($5.16 in chips) 
Seat 6: Dorex2007 ($6.19 in chips) 
Seat 7: BUTAW701 ($5.17 in chips) 
Seat 8: AGVsmarT ($6.92 in chips) 
Seat 9: The_Reiver ($5.09 in chips) 
AGVsmarT: posts small blind $0.02
The_Reiver: posts big blind $0.05
*** HOLE CARDS ***
Dealt to Dorex2007 [6c 4s]
Jota322322: raises $0.10 to $0.15
0RB BR0: folds 
Tiagoo$ZF: folds 
AverageJo247: folds 
cups00013: folds 
Dorex2007: folds 
AverageJo247 leaves the table
BUTAW701: calls $0.15
AGVsmarT: folds 
The_Reiver: folds 
*** FLOP *** [4h 8c 7s]
SetOnesGoal joins the table at seat #4 
Jota322322: bets $0.15
BUTAW701: folds 
Uncalled bet ($0.15) returned to Jota322322
Jota322322 collected $0.35 from pot
Jota322322: doesn't show hand 
*** SUMMARY ***
Total pot $0.37 | Rake $0.02 
Board [4h 8c 7s]
Seat 1: Jota322322 collected ($0.35)
Seat 2: 0RB BR0 folded before Flop (didn't bet)
Seat 3: Tiagoo$ZF folded before Flop (didn't bet)
Seat 4: AverageJo247 folded before Flop (didn't bet)
Seat 5: cups00013 folded before Flop (didn't bet)
Seat 6: Dorex2007 folded before Flop (didn't bet)
Seat 7: BUTAW701 (button) folded on the Flop
Seat 8: AGVsmarT (small blind) folded before Flop
Seat 9: The_Reiver (big blind) folded before Flop



PokerStars Hand #238057552220:  Hold'em No Limit ($0.02/$0.05 USD) - 2022/08/17 19:05:51 PT [2022/08/17 22:05:51 ET]
Table 'Cupido III' 9-max Seat #8 is the button
Seat 1: Jota322322 ($4.38 in chips) 
Seat 2: 0RB BR0 ($7.96 in chips) 
Seat 3: Tiagoo$ZF ($7.40 in chips) 
Seat 5: cups00013 ($5.16 in chips) 
Seat 6: Dorex2007 ($6.19 in chips) 
Seat 7: BUTAW701 ($5.02 in chips) 
Seat 8: AGVsmarT ($6.90 in chips) 
Seat 9: The_Reiver ($5.04 in chips) 
The_Reiver: posts small blind $0.02
Jota322322: posts big blind $0.05
SetOnesGoal: sits out 
*** HOLE CARDS ***
Dealt to Dorex2007 [9d 7d]
0RB BR0: folds 
Tiagoo$ZF: folds 
cups00013: folds 
Dorex2007: folds 
BUTAW701: folds 
AGVsmarT: calls $0.05
The_Reiver: folds 
Jota322322: raises $0.10 to $0.15
AGVsmarT: folds 
Uncalled bet ($0.10) returned to Jota322322
Jota322322 collected $0.12 from pot
Jota322322: doesn't show hand 
*** SUMMARY ***
Total pot $0.12 | Rake $0 
Seat 1: Jota322322 (big blind) collected ($0.12)
Seat 2: 0RB BR0 folded before Flop (didn't bet)
Seat 3: Tiagoo$ZF folded before Flop (didn't bet)
Seat 5: cups00013 folded before Flop (didn't bet)
Seat 6: Dorex2007 folded before Flop (didn't bet)
Seat 7: BUTAW701 folded before Flop (didn't bet)
Seat 8: AGVsmarT (button) folded before Flop
Seat 9: The_Reiver (small blind) folded before Flop



PokerStars Hand #238057560401:  Hold'em No Limit ($0.02/$0.05 USD) - 2022/08/17 19:06:34 PT [2022/08/17 22:06:34 ET]
Table 'Cupido III' 9-max Seat #9 is the button
Seat 1: Jota322322 ($4.45 in chips) 
Seat 2: 0RB BR0 ($7.96 in chips) 
Seat 3: Tiagoo$ZF ($7.40 in chips) 
Seat 5: cups00013 ($5.16 in chips) 
Seat 6: Dorex2007 ($6.19 in chips) 
Seat 7: BUTAW701 ($5.02 in chips) 
Seat 8: AGVsmarT ($6.85 in chips) 
Seat 9: The_Reiver ($5.02 in chips) 
Jota322322: posts small blind $0.02
0RB BR0: posts big blind $0.05
SetOnesGoal: sits out 
*** HOLE CARDS ***
Dealt to Dorex2007 [2c Td]
Tiagoo$ZF: folds 
cups00013: folds 
Dorex2007: folds 
BUTAW701: folds 
AGVsmarT: folds 
The_Reiver: folds 
Jota322322: raises $0.05 to $0.10
0RB BR0: calls $0.05
*** FLOP *** [8c 5d 7s]
Jota322322: bets $0.15
0RB BR0: folds 
Uncalled bet ($0.15) returned to Jota322322
Jota322322 collected $0.19 from pot
Jota322322: doesn't show hand 
*** SUMMARY ***
Total pot $0.20 | Rake $0.01 
Board [8c 5d 7s]
Seat 1: Jota322322 (small blind) collected ($0.19)
Seat 2: 0RB BR0 (big blind) folded on the Flop
Seat 3: Tiagoo$ZF folded before Flop (didn't bet)
Seat 5: cups00013 folded before Flop (didn't bet)
Seat 6: Dorex2007 folded before Flop (didn't bet)
Seat 7: BUTAW701 folded before Flop (didn't bet)
Seat 8: AGVsmarT folded before Flop (didn't bet)
Seat 9: The_Reiver (button) folded before Flop (didn't bet)



PokerStars Hand #238057566195:  Hold'em No Limit ($0.02/$0.05 USD) - 2022/08/17 19:07:05 PT [2022/08/17 22:07:05 ET]
Table 'Cupido III' 9-max Seat #1 is the button
Seat 1: Jota322322 ($4.54 in chips) 
Seat 2: 0RB BR0 ($7.86 in chips) 
Seat 3: Tiagoo$ZF ($7.40 in chips) 
Seat 5: cups00013 ($5.16 in chips) 
Seat 6: Dorex2007 ($6.19 in chips) 
Seat 7: BUTAW701 ($5.02 in chips) 
Seat 8: AGVsmarT ($6.85 in chips) 
Seat 9: The_Reiver ($5.02 in chips) 
0RB BR0: posts small blind $0.02
Tiagoo$ZF: posts big blind $0.05
SetOnesGoal: sits out 
*** HOLE CARDS ***
Dealt to Dorex2007 [Qc Js]
cups00013: raises $0.10 to $0.15
Dorex2007: folds 
BUTAW701: calls $0.15
AGVsmarT: folds 
The_Reiver: folds 
Jota322322: folds 
0RB BR0: calls $0.13
Tiagoo$ZF: folds 
*** FLOP *** [4d 2s Td]
0RB BR0: bets $0.10
cups00013: calls $0.10
BUTAW701: raises $0.30 to $0.40
0RB BR0: calls $0.30
cups00013: folds 
*** TURN *** [4d 2s Td] [9h]
0RB BR0: bets $0.05
BUTAW701: raises $1.40 to $1.45
0RB BR0: calls $1.40
*** RIVER *** [4d 2s Td 9h] [7d]
0RB BR0: bets $2.06
BUTAW701: calls $2.06
*** SHOW DOWN ***
0RB BR0: shows [Kd Ad] (a flush, Ace high)
BUTAW701: mucks hand 
0RB BR0 collected $8.07 from pot
*** SUMMARY ***
Total pot $8.42 | Rake $0.35 
Board [4d 2s Td 9h 7d]
Seat 1: Jota322322 (button) folded before Flop (didn't bet)
Seat 2: 0RB BR0 (small blind) showed [Kd Ad] and won ($8.07) with a flush, Ace high
Seat 3: Tiagoo$ZF (big blind) folded before Flop
Seat 5: cups00013 folded on the Flop
Seat 6: Dorex2007 folded before Flop (didn't bet)
Seat 7: BUTAW701 mucked [Jd Qd]
Seat 8: AGVsmarT folded before Flop (didn't bet)
Seat 9: The_Reiver folded before Flop (didn't bet)



PokerStars Hand #238057584164:  Hold'em No Limit ($0.02/$0.05 USD) - 2022/08/17 19:08:42 PT [2022/08/17 22:08:42 ET]
Table 'Cupido III' 9-max Seat #2 is the button
Seat 1: Jota322322 ($4.54 in chips) 
Seat 2: 0RB BR0 ($11.87 in chips) 
Seat 3: Tiagoo$ZF ($7.35 in chips) 
Seat 4: SetOnesGoal ($5 in chips) 
Seat 5: cups00013 ($5 in chips) 
Seat 6: Dorex2007 ($6.19 in chips) 
Seat 7: BUTAW701 ($5 in chips) 
Seat 8: AGVsmarT ($6.85 in chips) 
Seat 9: The_Reiver ($5.02 in chips) 
Tiagoo$ZF: posts small blind $0.02
SetOnesGoal: posts big blind $0.05
*** HOLE CARDS ***
Dealt to Dorex2007 [4s Qh]
cups00013: folds 
Dorex2007: folds 
BUTAW701: folds 
AGVsmarT: folds 
The_Reiver: folds 
Jota322322: folds 
0RB BR0: folds 
Tiagoo$ZF: raises $0.10 to $0.15
SetOnesGoal: calls $0.10
*** FLOP *** [6c 4h 7d]
Tiagoo$ZF: checks 
SetOnesGoal: bets $0.15
Tiagoo$ZF: folds 
Uncalled bet ($0.15) returned to SetOnesGoal
SetOnesGoal collected $0.29 from pot
SetOnesGoal: doesn't show hand 
*** SUMMARY ***
Total pot $0.30 | Rake $0.01 
Board [6c 4h 7d]
Seat 1: Jota322322 folded before Flop (didn't bet)
Seat 2: 0RB BR0 (button) folded before Flop (didn't bet)
Seat 3: Tiagoo$ZF (small blind) folded on the Flop
Seat 4: SetOnesGoal (big blind) collected ($0.29)
Seat 5: cups00013 folded before Flop (didn't bet)
Seat 6: Dorex2007 folded before Flop (didn't bet)
Seat 7: BUTAW701 folded before Flop (didn't bet)
Seat 8: AGVsmarT folded before Flop (didn't bet)
Seat 9: The_Reiver folded before Flop (didn't bet)



PokerStars Hand #238057593879:  Hold'em No Limit ($0.02/$0.05 USD) - 2022/08/17 19:09:35 PT [2022/08/17 22:09:35 ET]
Table 'Cupido III' 9-max Seat #3 is the button
Seat 1: Jota322322 ($4.54 in chips) 
Seat 2: 0RB BR0 ($11.87 in chips) 
Seat 3: Tiagoo$ZF ($7.20 in chips) 
Seat 4: SetOnesGoal ($5.14 in chips) 
Seat 5: cups00013 ($5 in chips) 
Seat 6: Dorex2007 ($6.19 in chips) 
Seat 7: BUTAW701 ($5 in chips) 
Seat 8: AGVsmarT ($6.85 in chips) 
Seat 9: The_Reiver ($5.02 in chips) 
SetOnesGoal: posts small blind $0.02
cups00013: posts big blind $0.05
*** HOLE CARDS ***
Dealt to Dorex2007 [Qd Tc]
Dorex2007: folds 
BUTAW701: folds 
AGVsmarT: raises $0.05 to $0.10
The_Reiver: folds 
Jota322322: folds 
0RB BR0: folds 
Tiagoo$ZF: folds 
SetOnesGoal: raises $0.50 to $0.60
cups00013: folds 
AGVsmarT: folds 
Uncalled bet ($0.50) returned to SetOnesGoal
SetOnesGoal collected $0.25 from pot
SetOnesGoal: doesn't show hand 
*** SUMMARY ***
Total pot $0.25 | Rake $0 
Seat 1: Jota322322 folded before Flop (didn't bet)
Seat 2: 0RB BR0 folded before Flop (didn't bet)
Seat 3: Tiagoo$ZF (button) folded before Flop (didn't bet)
Seat 4: SetOnesGoal (small blind) collected ($0.25)
Seat 5: cups00013 (big blind) folded before Flop
Seat 6: Dorex2007 folded before Flop (didn't bet)
Seat 7: BUTAW701 folded before Flop (didn't bet)
Seat 8: AGVsmarT folded before Flop
Seat 9: The_Reiver folded before Flop (didn't bet)



PokerStars Hand #238057600012:  Hold'em No Limit ($0.02/$0.05 USD) - 2022/08/17 19:10:09 PT [2022/08/17 22:10:09 ET]
Table 'Cupido III' 9-max Seat #4 is the button
Seat 1: Jota322322 ($4.54 in chips) 
Seat 2: 0RB BR0 ($11.87 in chips) 
Seat 3: Tiagoo$ZF ($7.20 in chips) 
Seat 4: SetOnesGoal ($5.29 in chips) 
Seat 5: cups00013 ($5 in chips) 
Seat 6: Dorex2007 ($6.19 in chips) 
Seat 7: BUTAW701 ($5 in chips) 
Seat 8: AGVsmarT ($6.75 in chips) 
Seat 9: The_Reiver ($5.02 in chips) 
cups00013: posts small blind $0.02
Dorex2007: posts big blind $0.05
*** HOLE CARDS ***
Dealt to Dorex2007 [Js 2h]
BUTAW701: folds 
AGVsmarT: folds 
The_Reiver: folds 
Jota322322: folds 
0RB BR0: folds 
Tiagoo$ZF: folds 
SetOnesGoal: folds 
cups00013: folds 
Uncalled bet ($0.03) returned to Dorex2007
Dorex2007 collected $0.04 from pot
Dorex2007: doesn't show hand 
*** SUMMARY ***
Total pot $0.04 | Rake $0 
Seat 1: Jota322322 folded before Flop (didn't bet)
Seat 2: 0RB BR0 folded before Flop (didn't bet)
Seat 3: Tiagoo$ZF folded before Flop (didn't bet)
Seat 4: SetOnesGoal (button) folded before Flop (didn't bet)
Seat 5: cups00013 (small blind) folded before Flop
Seat 6: Dorex2007 (big blind) collected ($0.04)
Seat 7: BUTAW701 folded before Flop (didn't bet)
Seat 8: AGVsmarT folded before Flop (didn't bet)
Seat 9: The_Reiver folded before Flop (didn't bet)



PokerStars Hand #238057604189:  Hold'em No Limit ($0.02/$0.05 USD) - 2022/08/17 19:10:32 PT [2022/08/17 22:10:32 ET]
Table 'Cupido III' 9-max Seat #5 is the button
Seat 1: Jota322322 ($4.54 in chips) 
Seat 2: 0RB BR0 ($11.87 in chips) 
Seat 3: Tiagoo$ZF ($7.20 in chips) 
Seat 4: SetOnesGoal ($5.29 in chips) 
Seat 5: cups00013 ($5 in chips) 
Seat 6: Dorex2007 ($6.21 in chips) 
Seat 7: BUTAW701 ($5 in chips) 
Seat 8: AGVsmarT ($6.75 in chips) 
Seat 9: The_Reiver ($5.02 in chips) 
Dorex2007: posts small blind $0.02
BUTAW701: posts big blind $0.05
*** HOLE CARDS ***
Dealt to Dorex2007 [Qc Kd]
AGVsmarT has timed out
AGVsmarT: folds 
The_Reiver: folds 
Jota322322: folds 
0RB BR0: folds 
Tiagoo$ZF: raises $0.15 to $0.20
SetOnesGoal: folds 
cups00013: calls $0.20
Dorex2007: calls $0.18
BUTAW701: calls $0.15
*** FLOP *** [7d Jd 5s]
Dorex2007: checks 
BUTAW701: bets $0.30
Tiagoo$ZF: folds 
cups00013: folds 
Dorex2007: folds 
Uncalled bet ($0.30) returned to BUTAW701
BUTAW701 collected $0.77 from pot
BUTAW701: doesn't show hand 
*** SUMMARY ***
Total pot $0.80 | Rake $0.03 
Board [7d Jd 5s]
Seat 1: Jota322322 folded before Flop (didn't bet)
Seat 2: 0RB BR0 folded before Flop (didn't bet)
Seat 3: Tiagoo$ZF folded on the Flop
Seat 4: SetOnesGoal folded before Flop (didn't bet)
Seat 5: cups00013 (button) folded on the Flop
Seat 6: Dorex2007 (small blind) folded on the Flop
Seat 7: BUTAW701 (big blind) collected ($0.77)
Seat 8: AGVsmarT folded before Flop (didn't bet)
Seat 9: The_Reiver folded before Flop (didn't bet)



PokerStars Hand #238057615930:  Hold'em No Limit ($0.02/$0.05 USD) - 2022/08/17 19:11:36 PT [2022/08/17 22:11:36 ET]
Table 'Cupido III' 9-max Seat #6 is the button
Seat 1: Jota322322 ($4.54 in chips) 
Seat 2: 0RB BR0 ($11.87 in chips) 
Seat 3: Tiagoo$ZF ($7 in chips) 
Seat 4: SetOnesGoal ($5.29 in chips) 
Seat 5: cups00013 ($5 in chips) 
Seat 6: Dorex2007 ($6.01 in chips) 
Seat 7: BUTAW701 ($5.57 in chips) 
Seat 8: AGVsmarT ($6.75 in chips) 
Seat 9: The_Reiver ($5.02 in chips) 
BUTAW701: posts small blind $0.02
AGVsmarT: posts big blind $0.05
*** HOLE CARDS ***
Dealt to Dorex2007 [Tc 9h]
The_Reiver: folds 
Jota322322: folds 
0RB BR0: folds 
Tiagoo$ZF: folds 
SetOnesGoal: folds 
cups00013: folds 
Dorex2007: folds 
BUTAW701: folds 
Uncalled bet ($0.03) returned to AGVsmarT
AGVsmarT collected $0.04 from pot
*** SUMMARY ***
Total pot $0.04 | Rake $0 
Seat 1: Jota322322 folded before Flop (didn't bet)
Seat 2: 0RB BR0 folded before Flop (didn't bet)
Seat 3: Tiagoo$ZF folded before Flop (didn't bet)
Seat 4: SetOnesGoal folded before Flop (didn't bet)
Seat 5: cups00013 folded before Flop (didn't bet)
Seat 6: Dorex2007 (button) folded before Flop (didn't bet)
Seat 7: BUTAW701 (small blind) folded before Flop
Seat 8: AGVsmarT (big blind) collected ($0.04)
Seat 9: The_Reiver folded before Flop (didn't bet)



PokerStars Hand #238057619372:  Hold'em No Limit ($0.02/$0.05 USD) - 2022/08/17 19:11:55 PT [2022/08/17 22:11:55 ET]
Table 'Cupido III' 9-max Seat #7 is the button
Seat 1: Jota322322 ($4.54 in chips) 
Seat 2: 0RB BR0 ($11.87 in chips) 
Seat 3: Tiagoo$ZF ($7 in chips) 
Seat 4: SetOnesGoal ($5.29 in chips) 
Seat 5: cups00013 ($5 in chips) 
Seat 6: Dorex2007 ($6.01 in chips) 
Seat 7: BUTAW701 ($5.55 in chips) 
Seat 8: AGVsmarT ($6.77 in chips) 
Seat 9: The_Reiver ($5.02 in chips) 
AGVsmarT: posts small blind $0.02
The_Reiver: posts big blind $0.05
*** HOLE CARDS ***
Dealt to Dorex2007 [Qs 5d]
Jota322322: folds 
0RB BR0: folds 
Tiagoo$ZF: folds 
SetOnesGoal: folds 
cups00013: folds 
Dorex2007: folds 
BUTAW701: folds 
AGVsmarT: folds 
Uncalled bet ($0.03) returned to The_Reiver
The_Reiver collected $0.04 from pot
*** SUMMARY ***
Total pot $0.04 | Rake $0 
Seat 1: Jota322322 folded before Flop (didn't bet)
Seat 2: 0RB BR0 folded before Flop (didn't bet)
Seat 3: Tiagoo$ZF folded before Flop (didn't bet)
Seat 4: SetOnesGoal folded before Flop (didn't bet)
Seat 5: cups00013 folded before Flop (didn't bet)
Seat 6: Dorex2007 folded before Flop (didn't bet)
Seat 7: BUTAW701 (button) folded before Flop (didn't bet)
Seat 8: AGVsmarT (small blind) folded before Flop
Seat 9: The_Reiver (big blind) collected ($0.04)



PokerStars Hand #238057623207:  Hold'em No Limit ($0.02/$0.05 USD) - 2022/08/17 19:12:16 PT [2022/08/17 22:12:16 ET]
Table 'Cupido III' 9-max Seat #8 is the button
Seat 1: Jota322322 ($4.54 in chips) 
Seat 2: 0RB BR0 ($11.87 in chips) 
Seat 3: Tiagoo$ZF ($7 in chips) 
Seat 4: SetOnesGoal ($5.29 in chips) 
Seat 5: cups00013 ($5 in chips) 
Seat 6: Dorex2007 ($6.01 in chips) 
Seat 7: BUTAW701 ($5.55 in chips) 
Seat 8: AGVsmarT ($6.75 in chips) 
Seat 9: The_Reiver ($5.04 in chips) 
The_Reiver: posts small blind $0.02
Jota322322: posts big blind $0.05
*** HOLE CARDS ***
Dealt to Dorex2007 [4h 9d]
0RB BR0: folds 
Tiagoo$ZF: folds 
SetOnesGoal: folds 
cups00013: folds 
Dorex2007: folds 
BUTAW701: folds 
AGVsmarT: folds 
The_Reiver: folds 
Uncalled bet ($0.03) returned to Jota322322
Jota322322 collected $0.04 from pot
Jota322322: doesn't show hand 
*** SUMMARY ***
Total pot $0.04 | Rake $0 
Seat 1: Jota322322 (big blind) collected ($0.04)
Seat 2: 0RB BR0 folded before Flop (didn't bet)
Seat 3: Tiagoo$ZF folded before Flop (didn't bet)
Seat 4: SetOnesGoal folded before Flop (didn't bet)
Seat 5: cups00013 folded before Flop (didn't bet)
Seat 6: Dorex2007 folded before Flop (didn't bet)
Seat 7: BUTAW701 folded before Flop (didn't bet)
Seat 8: AGVsmarT (button) folded before Flop (didn't bet)
Seat 9: The_Reiver (small blind) folded before Flop



PokerStars Hand #238057628497:  Hold'em No Limit ($0.02/$0.05 USD) - 2022/08/17 19:12:45 PT [2022/08/17 22:12:45 ET]
Table 'Cupido III' 9-max Seat #9 is the button
Seat 1: Jota322322 ($4.56 in chips) 
Seat 2: 0RB BR0 ($11.87 in chips) 
Seat 3: Tiagoo$ZF ($7 in chips) 
Seat 4: SetOnesGoal ($5.29 in chips) 
Seat 5: cups00013 ($5 in chips) 
Seat 6: Dorex2007 ($6.01 in chips) 
Seat 7: BUTAW701 ($5.55 in chips) 
Seat 8: AGVsmarT ($6.75 in chips) 
Seat 9: The_Reiver ($5.02 in chips) 
Jota322322: posts small blind $0.02
0RB BR0: posts big blind $0.05
*** HOLE CARDS ***
Dealt to Dorex2007 [Td 9h]
Tiagoo$ZF: folds 
Tiagoo$ZF leaves the table
SetOnesGoal: folds 
cups00013: folds 
Dorex2007: folds 
BUTAW701: folds 
AGVsmarT: folds 
The_Reiver: folds 
Jota322322: folds 
Uncalled bet ($0.03) returned to 0RB BR0
0RB BR0 collected $0.04 from pot
*** SUMMARY ***
Total pot $0.04 | Rake $0 
Seat 1: Jota322322 (small blind) folded before Flop
Seat 2: 0RB BR0 (big blind) collected ($0.04)
Seat 3: Tiagoo$ZF folded before Flop (didn't bet)
Seat 4: SetOnesGoal folded before Flop (didn't bet)
Seat 5: cups00013 folded before Flop (didn't bet)
Seat 6: Dorex2007 folded before Flop (didn't bet)
Seat 7: BUTAW701 folded before Flop (didn't bet)
Seat 8: AGVsmarT folded before Flop (didn't bet)
Seat 9: The_Reiver (button) folded before Flop (didn't bet)



PokerStars Hand #238057632788:  Hold'em No Limit ($0.02/$0.05 USD) - 2022/08/17 19:13:08 PT [2022/08/17 22:13:08 ET]
Table 'Cupido III' 9-max Seat #1 is the button
Seat 1: Jota322322 ($4.54 in chips) 
Seat 2: 0RB BR0 ($11.89 in chips) 
Seat 4: SetOnesGoal ($5.29 in chips) 
Seat 5: cups00013 ($5 in chips) 
Seat 6: Dorex2007 ($6.01 in chips) 
Seat 7: BUTAW701 ($5.55 in chips) 
Seat 8: AGVsmarT ($6.75 in chips) 
Seat 9: The_Reiver ($5.02 in chips) 
0RB BR0: posts small blind $0.02
SetOnesGoal: posts big blind $0.05
*** HOLE CARDS ***
Dealt to Dorex2007 [4d 4s]
cups00013: raises $0.10 to $0.15
Dorex2007: folds 
BUTAW701: calls $0.15
AGVsmarT: folds 
The_Reiver: folds 
Jota322322: folds 
0RB BR0: folds 
SetOnesGoal: calls $0.10
*** FLOP *** [Jc Th Kc]
SetOnesGoal: checks 
cups00013: bets $0.22
BUTAW701: calls $0.22
SetOnesGoal: folds 
*** TURN *** [Jc Th Kc] [Kd]
cups00013: bets $0.43
BUTAW701: folds 
Uncalled bet ($0.43) returned to cups00013
cups00013 collected $0.87 from pot
cups00013: doesn't show hand 
*** SUMMARY ***
Total pot $0.91 | Rake $0.04 
Board [Jc Th Kc Kd]
Seat 1: Jota322322 (button) folded before Flop (didn't bet)
Seat 2: 0RB BR0 (small blind) folded before Flop
Seat 4: SetOnesGoal (big blind) folded on the Flop
Seat 5: cups00013 collected ($0.87)
Seat 6: Dorex2007 folded before Flop (didn't bet)
Seat 7: BUTAW701 folded on the Turn
Seat 8: AGVsmarT folded before Flop (didn't bet)
Seat 9: The_Reiver folded before Flop (didn't bet)



PokerStars Hand #238057642871:  Hold'em No Limit ($0.02/$0.05 USD) - 2022/08/17 19:14:03 PT [2022/08/17 22:14:03 ET]
Table 'Cupido III' 9-max Seat #2 is the button
Seat 1: Jota322322 ($4.54 in chips) 
Seat 2: 0RB BR0 ($11.87 in chips) 
Seat 4: SetOnesGoal ($5.14 in chips) 
Seat 5: cups00013 ($5.50 in chips) 
Seat 6: Dorex2007 ($6.01 in chips) 
Seat 7: BUTAW701 ($5.18 in chips) 
Seat 8: AGVsmarT ($6.75 in chips) 
Seat 9: The_Reiver ($5.02 in chips) 
SetOnesGoal: posts small blind $0.02
cups00013: posts big blind $0.05
*** HOLE CARDS ***
Dealt to Dorex2007 [5d 3c]
Dorex2007: folds 
BUTAW701: folds 
AGVsmarT: folds 
The_Reiver: raises $0.05 to $0.10
Jota322322: calls $0.10
0RB BR0: folds 
SetOnesGoal: folds 
cups00013: calls $0.05
*** FLOP *** [Jd 8d 8s]
cups00013: checks 
The_Reiver: checks 
Jota322322: bets $0.20
cups00013: folds 
The_Reiver: folds 
Uncalled bet ($0.20) returned to Jota322322
Jota322322 collected $0.31 from pot
Jota322322: doesn't show hand 
*** SUMMARY ***
Total pot $0.32 | Rake $0.01 
Board [Jd 8d 8s]
Seat 1: Jota322322 collected ($0.31)
Seat 2: 0RB BR0 (button) folded before Flop (didn't bet)
Seat 4: SetOnesGoal (small blind) folded before Flop
Seat 5: cups00013 (big blind) folded on the Flop
Seat 6: Dorex2007 folded before Flop (didn't bet)
Seat 7: BUTAW701 folded before Flop (didn't bet)
Seat 8: AGVsmarT folded before Flop (didn't bet)
Seat 9: The_Reiver folded on the Flop



PokerStars Hand #238057649738:  Hold'em No Limit ($0.02/$0.05 USD) - 2022/08/17 19:14:40 PT [2022/08/17 22:14:40 ET]
Table 'Cupido III' 9-max Seat #4 is the button
Seat 1: Jota322322 ($4.75 in chips) 
Seat 2: 0RB BR0 ($11.87 in chips) 
Seat 4: SetOnesGoal ($5.12 in chips) 
Seat 5: cups00013 ($5.40 in chips) 
Seat 6: Dorex2007 ($6.01 in chips) 
Seat 7: BUTAW701 ($5.18 in chips) 
Seat 8: AGVsmarT ($6.75 in chips) 
Seat 9: The_Reiver ($5 in chips) 
cups00013: posts small blind $0.02
Dorex2007: posts big blind $0.05
*** HOLE CARDS ***
Dealt to Dorex2007 [Jc 4d]
BUTAW701: folds 
AGVsmarT: folds 
The_Reiver: folds 
Jota322322: folds 
0RB BR0: folds 
SetOnesGoal: folds 
cups00013: folds 
Uncalled bet ($0.03) returned to Dorex2007
Dorex2007 collected $0.04 from pot
Dorex2007: doesn't show hand 
*** SUMMARY ***
Total pot $0.04 | Rake $0 
Seat 1: Jota322322 folded before Flop (didn't bet)
Seat 2: 0RB BR0 folded before Flop (didn't bet)
Seat 4: SetOnesGoal (button) folded before Flop (didn't bet)
Seat 5: cups00013 (small blind) folded before Flop
Seat 6: Dorex2007 (big blind) collected ($0.04)
Seat 7: BUTAW701 folded before Flop (didn't bet)
Seat 8: AGVsmarT folded before Flop (didn't bet)
Seat 9: The_Reiver folded before Flop (didn't bet)



PokerStars Hand #238057653156:  Hold'em No Limit ($0.02/$0.05 USD) - 2022/08/17 19:14:59 PT [2022/08/17 22:14:59 ET]
Table 'Cupido III' 9-max Seat #5 is the button
Seat 1: Jota322322 ($4.75 in chips) 
Seat 2: 0RB BR0 ($11.87 in chips) 
Seat 4: SetOnesGoal ($5.12 in chips) 
Seat 5: cups00013 ($5.38 in chips) 
Seat 6: Dorex2007 ($6.03 in chips) 
Seat 7: BUTAW701 ($5.18 in chips) 
Seat 8: AGVsmarT ($6.75 in chips) 
Seat 9: The_Reiver ($5 in chips) 
Dorex2007: posts small blind $0.02
BUTAW701: posts big blind $0.05
*** HOLE CARDS ***
Dealt to Dorex2007 [6d Kd]
AGVsmarT: folds 
The_Reiver: folds 
Jota322322: folds 
0RB BR0: raises $0.05 to $0.10
SetOnesGoal: folds 
cups00013: folds 
Dorex2007: folds 
BUTAW701: folds 
Uncalled bet ($0.05) returned to 0RB BR0
0RB BR0 collected $0.12 from pot
*** SUMMARY ***
Total pot $0.12 | Rake $0 
Seat 1: Jota322322 folded before Flop (didn't bet)
Seat 2: 0RB BR0 collected ($0.12)
Seat 4: SetOnesGoal folded before Flop (didn't bet)
Seat 5: cups00013 (button) folded before Flop (didn't bet)
Seat 6: Dorex2007 (small blind) folded before Flop
Seat 7: BUTAW701 (big blind) folded before Flop
Seat 8: AGVsmarT folded before Flop (didn't bet)
Seat 9: The_Reiver folded before Flop (didn't bet)



PokerStars Hand #238057655567:  Hold'em No Limit ($0.02/$0.05 USD) - 2022/08/17 19:15:13 PT [2022/08/17 22:15:13 ET]
Table 'Cupido III' 9-max Seat #6 is the button
Seat 1: Jota322322 ($4.75 in chips) 
Seat 2: 0RB BR0 ($11.94 in chips) 
Seat 4: SetOnesGoal ($5.12 in chips) 
Seat 5: cups00013 ($5.38 in chips) 
Seat 6: Dorex2007 ($6.01 in chips) 
Seat 7: BUTAW701 ($5.13 in chips) 
Seat 8: AGVsmarT ($6.75 in chips) 
Seat 9: The_Reiver ($5 in chips) 
BUTAW701: posts small blind $0.02
AGVsmarT: posts big blind $0.05
*** HOLE CARDS ***
Dealt to Dorex2007 [Ts 7d]
The_Reiver: folds 
Jota322322: folds 
0RB BR0: folds 
SetOnesGoal: raises $0.10 to $0.15
cups00013: folds 
Dorex2007: folds 
BUTAW701: calls $0.13
AGVsmarT: folds 
*** FLOP *** [3d Ad 9s]
BUTAW701: checks 
SetOnesGoal: bets $0.17
BUTAW701: folds 
Uncalled bet ($0.17) returned to SetOnesGoal
SetOnesGoal collected $0.34 from pot
SetOnesGoal: doesn't show hand 
*** SUMMARY ***
Total pot $0.35 | Rake $0.01 
Board [3d Ad 9s]
Seat 1: Jota322322 folded before Flop (didn't bet)
Seat 2: 0RB BR0 folded before Flop (didn't bet)
Seat 4: SetOnesGoal collected ($0.34)
Seat 5: cups00013 folded before Flop (didn't bet)
Seat 6: Dorex2007 (button) folded before Flop (didn't bet)
Seat 7: BUTAW701 (small blind) folded on the Flop
Seat 8: AGVsmarT (big blind) folded before Flop
Seat 9: The_Reiver folded before Flop (didn't bet)



PokerStars Hand #238057665342:  Hold'em No Limit ($0.02/$0.05 USD) - 2022/08/17 19:16:06 PT [2022/08/17 22:16:06 ET]
Table 'Cupido III' 9-max Seat #7 is the button
Seat 1: Jota322322 ($4.75 in chips) 
Seat 2: 0RB BR0 ($11.94 in chips) 
Seat 4: SetOnesGoal ($5.31 in chips) 
Seat 5: cups00013 ($5.38 in chips) 
Seat 6: Dorex2007 ($6.01 in chips) 
Seat 7: BUTAW701 ($4.98 in chips) 
Seat 8: AGVsmarT ($6.70 in chips) 
Seat 9: The_Reiver ($5 in chips) 
AGVsmarT: posts small blind $0.02
The_Reiver: posts big blind $0.05
*** HOLE CARDS ***
Dealt to Dorex2007 [8h 5d]
Jota322322: folds 
0RB BR0: folds 
SetOnesGoal: folds 
cups00013: folds 
Dorex2007: folds 
BUTAW701: raises $0.10 to $0.15
AGVsmarT: raises $0.20 to $0.35
The_Reiver: folds 
BUTAW701: calls $0.20
*** FLOP *** [8d Td 6h]
AGVsmarT: bets $0.50
BUTAW701: folds 
Uncalled bet ($0.50) returned to AGVsmarT
AGVsmarT collected $0.72 from pot
*** SUMMARY ***
Total pot $0.75 | Rake $0.03 
Board [8d Td 6h]
Seat 1: Jota322322 folded before Flop (didn't bet)
Seat 2: 0RB BR0 folded before Flop (didn't bet)
Seat 4: SetOnesGoal folded before Flop (didn't bet)
Seat 5: cups00013 folded before Flop (didn't bet)
Seat 6: Dorex2007 folded before Flop (didn't bet)
Seat 7: BUTAW701 (button) folded on the Flop
Seat 8: AGVsmarT (small blind) collected ($0.72)
Seat 9: The_Reiver (big blind) folded before Flop



PokerStars Hand #238057673958:  Hold'em No Limit ($0.02/$0.05 USD) - 2022/08/17 19:16:53 PT [2022/08/17 22:16:53 ET]
Table 'Cupido III' 9-max Seat #8 is the button
Seat 1: Jota322322 ($4.75 in chips) 
Seat 2: 0RB BR0 ($11.94 in chips) 
Seat 4: SetOnesGoal ($5.31 in chips) 
Seat 5: cups00013 ($5.38 in chips) 
Seat 6: Dorex2007 ($6.01 in chips) 
Seat 7: BUTAW701 ($4.63 in chips) 
Seat 8: AGVsmarT ($7.07 in chips) 
Seat 9: The_Reiver ($5 in chips) 
The_Reiver: posts small blind $0.02
Jota322322: posts big blind $0.05
*** HOLE CARDS ***
Dealt to Dorex2007 [Ac 2d]
0RB BR0: calls $0.05
SetOnesGoal: folds 
cups00013: folds 
Dorex2007: folds 
BUTAW701: folds 
AGVsmarT: calls $0.05
The_Reiver: folds 
Jota322322: checks 
*** FLOP *** [7h 6d 9d]
Jota322322: bets $0.10
0RB BR0: calls $0.10
AGVsmarT: calls $0.10
*** TURN *** [7h 6d 9d] [Kd]
Jota322322: bets $0.15
0RB BR0: calls $0.15
AGVsmarT: folds 
*** RIVER *** [7h 6d 9d Kd] [Jh]
Jota322322: checks 
0RB BR0: bets $0.37
Jota322322: calls $0.37
*** SHOW DOWN ***
0RB BR0: shows [8s Ts] (a straight, Seven to Jack)
Jota322322: mucks hand 
0RB BR0 collected $1.45 from pot
*** SUMMARY ***
Total pot $1.51 | Rake $0.06 
Board [7h 6d 9d Kd Jh]
Seat 1: Jota322322 (big blind) mucked [Ad 9c]
Seat 2: 0RB BR0 showed [8s Ts] and won ($1.45) with a straight, Seven to Jack
Seat 4: SetOnesGoal folded before Flop (didn't bet)
Seat 5: cups00013 folded before Flop (didn't bet)
Seat 6: Dorex2007 folded before Flop (didn't bet)
Seat 7: BUTAW701 folded before Flop (didn't bet)
Seat 8: AGVsmarT (button) folded on the Turn
Seat 9: The_Reiver (small blind) folded before Flop



PokerStars Hand #238057688636:  Hold'em No Limit ($0.02/$0.05 USD) - 2022/08/17 19:18:15 PT [2022/08/17 22:18:15 ET]
Table 'Cupido III' 9-max Seat #9 is the button
Seat 1: Jota322322 ($4.08 in chips) 
Seat 2: 0RB BR0 ($12.72 in chips) 
Seat 4: SetOnesGoal ($5.31 in chips) 
Seat 5: cups00013 ($5.38 in chips) 
Seat 6: Dorex2007 ($6.01 in chips) 
Seat 7: BUTAW701 ($4.63 in chips) 
Seat 8: AGVsmarT ($6.92 in chips) 
Seat 9: The_Reiver ($5 in chips) 
Jota322322: posts small blind $0.02
0RB BR0: posts big blind $0.05
*** HOLE CARDS ***
Dealt to Dorex2007 [As 3d]
SetOnesGoal: folds 
cups00013: folds 
Dorex2007: folds 
BUTAW701: raises $0.10 to $0.15
AGVsmarT: folds 
The_Reiver: folds 
Jota322322: calls $0.13
0RB BR0: calls $0.10
*** FLOP *** [4d Kd 3h]
Jota322322: bets $0.15
0RB BR0: folds 
BUTAW701: calls $0.15
*** TURN *** [4d Kd 3h] [9c]
Jota322322: bets $0.15
BUTAW701: raises $0.51 to $0.66
Jota322322: folds 
Uncalled bet ($0.51) returned to BUTAW701
BUTAW701 collected $1.01 from pot
BUTAW701: doesn't show hand 
*** SUMMARY ***
Total pot $1.05 | Rake $0.04 
Board [4d Kd 3h 9c]
Seat 1: Jota322322 (small blind) folded on the Turn
Seat 2: 0RB BR0 (big blind) folded on the Flop
Seat 4: SetOnesGoal folded before Flop (didn't bet)
Seat 5: cups00013 folded before Flop (didn't bet)
Seat 6: Dorex2007 folded before Flop (didn't bet)
Seat 7: BUTAW701 collected ($1.01)
Seat 8: AGVsmarT folded before Flop (didn't bet)
Seat 9: The_Reiver (button) folded before Flop (didn't bet)



PokerStars Hand #238057698608:  Hold'em No Limit ($0.02/$0.05 USD) - 2022/08/17 19:19:09 PT [2022/08/17 22:19:09 ET]
Table 'Cupido III' 9-max Seat #1 is the button
Seat 1: Jota322322 ($3.63 in chips) 
Seat 2: 0RB BR0 ($12.57 in chips) 
Seat 4: SetOnesGoal ($5.31 in chips) 
Seat 5: cups00013 ($5.38 in chips) 
Seat 6: Dorex2007 ($6.01 in chips) 
Seat 7: BUTAW701 ($5.19 in chips) 
Seat 8: AGVsmarT ($6.92 in chips) 
Seat 9: The_Reiver ($5 in chips) 
0RB BR0: posts small blind $0.02
SetOnesGoal: posts big blind $0.05
*** HOLE CARDS ***
Dealt to Dorex2007 [4c Qd]
cups00013: folds 
Dorex2007: folds 
BUTAW701: folds 
AGVsmarT: folds 
The_Reiver: folds 
Jota322322: folds 
0RB BR0: folds 
Uncalled bet ($0.03) returned to SetOnesGoal
SetOnesGoal collected $0.04 from pot
SetOnesGoal: doesn't show hand 
*** SUMMARY ***
Total pot $0.04 | Rake $0 
Seat 1: Jota322322 (button) folded before Flop (didn't bet)
Seat 2: 0RB BR0 (small blind) folded before Flop
Seat 4: SetOnesGoal (big blind) collected ($0.04)
Seat 5: cups00013 folded before Flop (didn't bet)
Seat 6: Dorex2007 folded before Flop (didn't bet)
Seat 7: BUTAW701 folded before Flop (didn't bet)
Seat 8: AGVsmarT folded before Flop (didn't bet)
Seat 9: The_Reiver folded before Flop (didn't bet)



PokerStars Hand #238057701520:  Hold'em No Limit ($0.02/$0.05 USD) - 2022/08/17 19:19:25 PT [2022/08/17 22:19:25 ET]
Table 'Cupido III' 9-max Seat #2 is the button
Seat 1: Jota322322 ($3.63 in chips) 
Seat 2: 0RB BR0 ($12.55 in chips) 
Seat 4: SetOnesGoal ($5.33 in chips) 
Seat 5: cups00013 ($5.38 in chips) 
Seat 6: Dorex2007 ($6.01 in chips) 
Seat 7: BUTAW701 ($5.19 in chips) 
Seat 8: AGVsmarT ($6.92 in chips) 
Seat 9: The_Reiver ($5 in chips) 
SetOnesGoal: posts small blind $0.02
cups00013: posts big blind $0.05
*** HOLE CARDS ***
Dealt to Dorex2007 [5h 3h]
Dorex2007: folds 
BUTAW701: folds 
AGVsmarT: folds 
The_Reiver: folds 
Jota322322: folds 
0RB BR0: folds 
SetOnesGoal: raises $0.07 to $0.12
cups00013: folds 
Uncalled bet ($0.07) returned to SetOnesGoal
SetOnesGoal collected $0.10 from pot
SetOnesGoal: doesn't show hand 
*** SUMMARY ***
Total pot $0.10 | Rake $0 
Seat 1: Jota322322 folded before Flop (didn't bet)
Seat 2: 0RB BR0 (button) folded before Flop (didn't bet)
Seat 4: SetOnesGoal (small blind) collected ($0.10)
Seat 5: cups00013 (big blind) folded before Flop
Seat 6: Dorex2007 folded before Flop (didn't bet)
Seat 7: BUTAW701 folded before Flop (didn't bet)
Seat 8: AGVsmarT folded before Flop (didn't bet)
Seat 9: The_Reiver folded before Flop (didn't bet)



PokerStars Hand #238057705454:  Hold'em No Limit ($0.02/$0.05 USD) - 2022/08/17 19:19:46 PT [2022/08/17 22:19:46 ET]
Table 'Cupido III' 9-max Seat #4 is the button
Seat 1: Jota322322 ($3.63 in chips) 
Seat 2: 0RB BR0 ($12.55 in chips) 
Seat 4: SetOnesGoal ($5.38 in chips) 
Seat 5: cups00013 ($5.33 in chips) 
Seat 6: Dorex2007 ($6.01 in chips) 
Seat 7: BUTAW701 ($5.19 in chips) 
Seat 8: AGVsmarT ($6.92 in chips) 
Seat 9: The_Reiver ($5 in chips) 
cups00013: posts small blind $0.02
Dorex2007: posts big blind $0.05
*** HOLE CARDS ***
Dealt to Dorex2007 [7d 7s]
BUTAW701: folds 
AGVsmarT: folds 
The_Reiver: folds 
Jota322322: folds 
0RB BR0: folds 
SetOnesGoal: folds 
cups00013: folds 
Uncalled bet ($0.03) returned to Dorex2007
Dorex2007 collected $0.04 from pot
Dorex2007: doesn't show hand 
*** SUMMARY ***
Total pot $0.04 | Rake $0 
Seat 1: Jota322322 folded before Flop (didn't bet)
Seat 2: 0RB BR0 folded before Flop (didn't bet)
Seat 4: SetOnesGoal (button) folded before Flop (didn't bet)
Seat 5: cups00013 (small blind) folded before Flop
Seat 6: Dorex2007 (big blind) collected ($0.04)
Seat 7: BUTAW701 folded before Flop (didn't bet)
Seat 8: AGVsmarT folded before Flop (didn't bet)
Seat 9: The_Reiver folded before Flop (didn't bet)



PokerStars Hand #238057708762:  Hold'em No Limit ($0.02/$0.05 USD) - 2022/08/17 19:20:04 PT [2022/08/17 22:20:04 ET]
Table 'Cupido III' 9-max Seat #5 is the button
Seat 1: Jota322322 ($3.63 in chips) 
Seat 2: 0RB BR0 ($12.55 in chips) 
Seat 4: SetOnesGoal ($5.38 in chips) 
Seat 5: cups00013 ($5.31 in chips) 
Seat 6: Dorex2007 ($6.03 in chips) 
Seat 7: BUTAW701 ($5.19 in chips) 
Seat 8: AGVsmarT ($6.92 in chips) 
Seat 9: The_Reiver ($5 in chips) 
Dorex2007: posts small blind $0.02
BUTAW701: posts big blind $0.05
*** HOLE CARDS ***
Dealt to Dorex2007 [9c Js]
AGVsmarT: calls $0.05
The_Reiver: folds 
Jota322322: folds 
0RB BR0: calls $0.05
SetOnesGoal: folds 
cups00013: folds 
Dorex2007: calls $0.03
BUTAW701: checks 
*** FLOP *** [Qd 3s 9s]
Dorex2007: checks 
BUTAW701: checks 
AGVsmarT: bets $0.19
0RB BR0: folds 
Dorex2007: folds 
BUTAW701: folds 
Uncalled bet ($0.19) returned to AGVsmarT
AGVsmarT collected $0.19 from pot
*** SUMMARY ***
Total pot $0.20 | Rake $0.01 
Board [Qd 3s 9s]
Seat 1: Jota322322 folded before Flop (didn't bet)
Seat 2: 0RB BR0 folded on the Flop
Seat 4: SetOnesGoal folded before Flop (didn't bet)
Seat 5: cups00013 (button) folded before Flop (didn't bet)
Seat 6: Dorex2007 (small blind) folded on the Flop
Seat 7: BUTAW701 (big blind) folded on the Flop
Seat 8: AGVsmarT collected ($0.19)
Seat 9: The_Reiver folded before Flop (didn't bet)



PokerStars Hand #238057715572:  Hold'em No Limit ($0.02/$0.05 USD) - 2022/08/17 19:20:42 PT [2022/08/17 22:20:42 ET]
Table 'Cupido III' 9-max Seat #6 is the button
Seat 1: Jota322322 ($3.63 in chips) 
Seat 2: 0RB BR0 ($12.50 in chips) 
Seat 4: SetOnesGoal ($5.38 in chips) 
Seat 5: cups00013 ($5.31 in chips) 
Seat 6: Dorex2007 ($5.98 in chips) 
Seat 7: BUTAW701 ($5.14 in chips) 
Seat 8: AGVsmarT ($7.06 in chips) 
Seat 9: The_Reiver ($5 in chips) 
BUTAW701: posts small blind $0.02
AGVsmarT: posts big blind $0.05
*** HOLE CARDS ***
Dealt to Dorex2007 [2d Jc]
The_Reiver: folds 
Jota322322: raises $0.10 to $0.15
0RB BR0: folds 
SetOnesGoal: folds 
cups00013: folds 
Dorex2007: folds 
BUTAW701: folds 
AGVsmarT: calls $0.10
*** FLOP *** [5d Jd 5h]
AGVsmarT: checks 
Jota322322: checks 
*** TURN *** [5d Jd 5h] [5c]
AGVsmarT: checks 
Jota322322: bets $0.15
AGVsmarT: folds 
Uncalled bet ($0.15) returned to Jota322322
Jota322322 collected $0.31 from pot
Jota322322: doesn't show hand 
*** SUMMARY ***
Total pot $0.32 | Rake $0.01 
Board [5d Jd 5h 5c]
Seat 1: Jota322322 collected ($0.31)
Seat 2: 0RB BR0 folded before Flop (didn't bet)
Seat 4: SetOnesGoal folded before Flop (didn't bet)
Seat 5: cups00013 folded before Flop (didn't bet)
Seat 6: Dorex2007 (button) folded before Flop (didn't bet)
Seat 7: BUTAW701 (small blind) folded before Flop
Seat 8: AGVsmarT (big blind) folded on the Turn
Seat 9: The_Reiver folded before Flop (didn't bet)



PokerStars Hand #238057725434:  Hold'em No Limit ($0.02/$0.05 USD) - 2022/08/17 19:21:36 PT [2022/08/17 22:21:36 ET]
Table 'Cupido III' 9-max Seat #7 is the button
Seat 1: Jota322322 ($3.79 in chips) 
Seat 2: 0RB BR0 ($12.50 in chips) 
Seat 4: SetOnesGoal ($5.38 in chips) 
Seat 5: cups00013 ($5.31 in chips) 
Seat 6: Dorex2007 ($5.98 in chips) 
Seat 7: BUTAW701 ($5.12 in chips) 
Seat 8: AGVsmarT ($6.91 in chips) 
Seat 9: The_Reiver ($5 in chips) 
AGVsmarT: posts small blind $0.02
The_Reiver: posts big blind $0.05
*** HOLE CARDS ***
Dealt to Dorex2007 [5c 7h]
Jota322322: raises $0.10 to $0.15
0RB BR0: folds 
SetOnesGoal: folds 
cups00013: folds 
Dorex2007: folds 
BUTAW701: folds 
AGVsmarT: folds 
The_Reiver: folds 
Uncalled bet ($0.10) returned to Jota322322
Jota322322 collected $0.12 from pot
Jota322322: doesn't show hand 
*** SUMMARY ***
Total pot $0.12 | Rake $0 
Seat 1: Jota322322 collected ($0.12)
Seat 2: 0RB BR0 folded before Flop (didn't bet)
Seat 4: SetOnesGoal folded before Flop (didn't bet)
Seat 5: cups00013 folded before Flop (didn't bet)
Seat 6: Dorex2007 folded before Flop (didn't bet)
Seat 7: BUTAW701 (button) folded before Flop (didn't bet)
Seat 8: AGVsmarT (small blind) folded before Flop
Seat 9: The_Reiver (big blind) folded before Flop



PokerStars Hand #238057730361:  Hold'em No Limit ($0.02/$0.05 USD) - 2022/08/17 19:22:03 PT [2022/08/17 22:22:03 ET]
Table 'Cupido III' 9-max Seat #8 is the button
Seat 1: Jota322322 ($3.86 in chips) 
Seat 2: 0RB BR0 ($12.50 in chips) 
Seat 4: SetOnesGoal ($5.38 in chips) 
Seat 5: cups00013 ($5.31 in chips) 
Seat 6: Dorex2007 ($5.98 in chips) 
Seat 7: BUTAW701 ($5.12 in chips) 
Seat 8: AGVsmarT ($6.89 in chips) 
Seat 9: The_Reiver ($5 in chips) 
The_Reiver: posts small blind $0.02
Jota322322: posts big blind $0.05
*** HOLE CARDS ***
Dealt to Dorex2007 [2h 8h]
0RB BR0: folds 
SetOnesGoal: folds 
cups00013: folds 
Dorex2007: folds 
BUTAW701: folds 
AGVsmarT: folds 
The_Reiver: folds 
Uncalled bet ($0.03) returned to Jota322322
Jota322322 collected $0.04 from pot
Jota322322: doesn't show hand 
*** SUMMARY ***
Total pot $0.04 | Rake $0 
Seat 1: Jota322322 (big blind) collected ($0.04)
Seat 2: 0RB BR0 folded before Flop (didn't bet)
Seat 4: SetOnesGoal folded before Flop (didn't bet)
Seat 5: cups00013 folded before Flop (didn't bet)
Seat 6: Dorex2007 folded before Flop (didn't bet)
Seat 7: BUTAW701 folded before Flop (didn't bet)
Seat 8: AGVsmarT (button) folded before Flop (didn't bet)
Seat 9: The_Reiver (small blind) folded before Flop



PokerStars Hand #238057733350:  Hold'em No Limit ($0.02/$0.05 USD) - 2022/08/17 19:22:20 PT [2022/08/17 22:22:20 ET]
Table 'Cupido III' 9-max Seat #9 is the button
Seat 1: Jota322322 ($3.88 in chips) 
Seat 2: 0RB BR0 ($12.50 in chips) 
Seat 4: SetOnesGoal ($5.38 in chips) 
Seat 5: cups00013 ($5.31 in chips) 
Seat 6: Dorex2007 ($5.98 in chips) 
Seat 7: BUTAW701 ($5.12 in chips) 
Seat 8: AGVsmarT ($6.89 in chips) 
Seat 9: The_Reiver ($5 in chips) 
Jota322322: posts small blind $0.02
0RB BR0: posts big blind $0.05
*** HOLE CARDS ***
Dealt to Dorex2007 [7s As]
SetOnesGoal: folds 
cups00013: folds 
Dorex2007: raises $0.05 to $0.10
BUTAW701: calls $0.10
AGVsmarT: calls $0.10
The_Reiver: folds 
Jota322322: folds 
0RB BR0: calls $0.05
*** FLOP *** [Ad 5d Ts]
0RB BR0: checks 
Dorex2007: bets $0.27
BUTAW701: folds 
AGVsmarT: folds 
0RB BR0: folds 
Uncalled bet ($0.27) returned to Dorex2007
Dorex2007 collected $0.40 from pot
Dorex2007: doesn't show hand 
*** SUMMARY ***
Total pot $0.42 | Rake $0.02 
Board [Ad 5d Ts]
Seat 1: Jota322322 (small blind) folded before Flop
Seat 2: 0RB BR0 (big blind) folded on the Flop
Seat 4: SetOnesGoal folded before Flop (didn't bet)
Seat 5: cups00013 folded before Flop (didn't bet)
Seat 6: Dorex2007 collected ($0.40)
Seat 7: BUTAW701 folded on the Flop
Seat 8: AGVsmarT folded on the Flop
Seat 9: The_Reiver (button) folded before Flop (didn't bet)



PokerStars Hand #238057741994:  Hold'em No Limit ($0.02/$0.05 USD) - 2022/08/17 19:23:08 PT [2022/08/17 22:23:08 ET]
Table 'Cupido III' 9-max Seat #1 is the button
Seat 1: Jota322322 ($3.86 in chips) 
Seat 2: 0RB BR0 ($12.40 in chips) 
Seat 4: SetOnesGoal ($5.38 in chips) 
Seat 5: cups00013 ($5.31 in chips) 
Seat 6: Dorex2007 ($6.28 in chips) 
Seat 7: BUTAW701 ($5.02 in chips) 
Seat 8: AGVsmarT ($6.79 in chips) 
Seat 9: The_Reiver ($5 in chips) 
0RB BR0: posts small blind $0.02
SetOnesGoal: posts big blind $0.05
*** HOLE CARDS ***
Dealt to Dorex2007 [8h 3d]
cups00013: folds 
Dorex2007: folds 
BUTAW701: folds 
AGVsmarT has timed out
AGVsmarT: folds 
The_Reiver: folds 
Jota322322 has timed out
Jota322322: folds 
0RB BR0: folds 
Uncalled bet ($0.03) returned to SetOnesGoal
SetOnesGoal collected $0.04 from pot
SetOnesGoal: doesn't show hand 
*** SUMMARY ***
Total pot $0.04 | Rake $0 
Seat 1: Jota322322 (button) folded before Flop (didn't bet)
Seat 2: 0RB BR0 (small blind) folded before Flop
Seat 4: SetOnesGoal (big blind) collected ($0.04)
Seat 5: cups00013 folded before Flop (didn't bet)
Seat 6: Dorex2007 folded before Flop (didn't bet)
Seat 7: BUTAW701 folded before Flop (didn't bet)
Seat 8: AGVsmarT folded before Flop (didn't bet)
Seat 9: The_Reiver folded before Flop (didn't bet)



PokerStars Hand #238057748621:  Hold'em No Limit ($0.02/$0.05 USD) - 2022/08/17 19:23:45 PT [2022/08/17 22:23:45 ET]
Table 'Cupido III' 9-max Seat #2 is the button
Seat 1: Jota322322 ($3.86 in chips) 
Seat 2: 0RB BR0 ($12.38 in chips) 
Seat 4: SetOnesGoal ($5.40 in chips) 
Seat 5: cups00013 ($5.31 in chips) 
Seat 6: Dorex2007 ($6.28 in chips) 
Seat 7: BUTAW701 ($5.02 in chips) 
Seat 8: AGVsmarT ($6.79 in chips) 
Seat 9: The_Reiver ($5 in chips) 
SetOnesGoal: posts small blind $0.02
cups00013: posts big blind $0.05
*** HOLE CARDS ***
Dealt to Dorex2007 [Kh As]
Dorex2007: raises $0.15 to $0.20
BUTAW701: folds 
AGVsmarT: folds 
The_Reiver: folds 
Jota322322: folds 
0RB BR0: folds 
SetOnesGoal: folds 
cups00013: folds 
Uncalled bet ($0.15) returned to Dorex2007
Dorex2007 collected $0.12 from pot
Dorex2007: doesn't show hand 
*** SUMMARY ***
Total pot $0.12 | Rake $0 
Seat 1: Jota322322 folded before Flop (didn't bet)
Seat 2: 0RB BR0 (button) folded before Flop (didn't bet)
Seat 4: SetOnesGoal (small blind) folded before Flop
Seat 5: cups00013 (big blind) folded before Flop
Seat 6: Dorex2007 collected ($0.12)
Seat 7: BUTAW701 folded before Flop (didn't bet)
Seat 8: AGVsmarT folded before Flop (didn't bet)
Seat 9: The_Reiver folded before Flop (didn't bet)



PokerStars Hand #238057752738:  Hold'em No Limit ($0.02/$0.05 USD) - 2022/08/17 19:24:08 PT [2022/08/17 22:24:08 ET]
Table 'Cupido III' 9-max Seat #4 is the button
Seat 1: Jota322322 ($3.86 in chips) 
Seat 2: 0RB BR0 ($12.38 in chips) 
Seat 4: SetOnesGoal ($5.38 in chips) 
Seat 5: cups00013 ($5.26 in chips) 
Seat 6: Dorex2007 ($6.35 in chips) 
Seat 7: BUTAW701 ($5.02 in chips) 
Seat 8: AGVsmarT ($6.79 in chips) 
Seat 9: The_Reiver ($5 in chips) 
cups00013: posts small blind $0.02
Dorex2007: posts big blind $0.05
*** HOLE CARDS ***
Dealt to Dorex2007 [2h Jd]
BUTAW701: raises $0.10 to $0.15
AGVsmarT: calls $0.15
The_Reiver: folds 
Jota322322: folds 
0RB BR0: folds 
SetOnesGoal: folds 
cups00013: folds 
Dorex2007: folds 
*** FLOP *** [4c 7d Ah]
BUTAW701: bets $0.17
AGVsmarT: calls $0.17
*** TURN *** [4c 7d Ah] [Ts]
BUTAW701: checks 
AGVsmarT: checks 
*** RIVER *** [4c 7d Ah Ts] [Kh]
BUTAW701: checks 
AGVsmarT: checks 
*** SHOW DOWN ***
BUTAW701: shows [Jc Tc] (a pair of Tens)
AGVsmarT: mucks hand 
BUTAW701 collected $0.68 from pot
*** SUMMARY ***
Total pot $0.71 | Rake $0.03 
Board [4c 7d Ah Ts Kh]
Seat 1: Jota322322 folded before Flop (didn't bet)
Seat 2: 0RB BR0 folded before Flop (didn't bet)
Seat 4: SetOnesGoal (button) folded before Flop (didn't bet)
Seat 5: cups00013 (small blind) folded before Flop
Seat 6: Dorex2007 (big blind) folded before Flop
Seat 7: BUTAW701 showed [Jc Tc] and won ($0.68) with a pair of Tens
Seat 8: AGVsmarT mucked [9d Qd]
Seat 9: The_Reiver folded before Flop (didn't bet)



PokerStars Hand #238057772245:  Hold'em No Limit ($0.02/$0.05 USD) - 2022/08/17 19:25:18 PT [2022/08/17 22:25:18 ET]
Table 'Cupido III' 9-max Seat #5 is the button
Seat 1: Jota322322 ($3.86 in chips) 
Seat 2: 0RB BR0 ($12.38 in chips) 
Seat 4: SetOnesGoal ($5.38 in chips) 
Seat 5: cups00013 ($5.24 in chips) 
Seat 6: Dorex2007 ($6.30 in chips) 
Seat 7: BUTAW701 ($5.38 in chips) 
Seat 8: AGVsmarT ($6.47 in chips) 
Seat 9: The_Reiver ($5 in chips) 
Dorex2007: posts small blind $0.02
BUTAW701: posts big blind $0.05
*** HOLE CARDS ***
Dealt to Dorex2007 [9s 4s]
AGVsmarT: calls $0.05
The_Reiver: calls $0.05
Jota322322: folds 
0RB BR0: folds 
SetOnesGoal: folds 
cups00013: folds 
Dorex2007: folds 
BUTAW701: checks 
*** FLOP *** [Tc 5c Ks]
BUTAW701: checks 
AGVsmarT: bets $0.16
The_Reiver: folds 
BUTAW701: folds 
Uncalled bet ($0.16) returned to AGVsmarT
AGVsmarT collected $0.16 from pot
*** SUMMARY ***
Total pot $0.17 | Rake $0.01 
Board [Tc 5c Ks]
Seat 1: Jota322322 folded before Flop (didn't bet)
Seat 2: 0RB BR0 folded before Flop (didn't bet)
Seat 4: SetOnesGoal folded before Flop (didn't bet)
Seat 5: cups00013 (button) folded before Flop (didn't bet)
Seat 6: Dorex2007 (small blind) folded before Flop
Seat 7: BUTAW701 (big blind) folded on the Flop
Seat 8: AGVsmarT collected ($0.16)
Seat 9: The_Reiver folded on the Flop



PokerStars Hand #238057777425:  Hold'em No Limit ($0.02/$0.05 USD) - 2022/08/17 19:25:48 PT [2022/08/17 22:25:48 ET]
Table 'Cupido III' 9-max Seat #6 is the button
Seat 1: Jota322322 ($3.86 in chips) 
Seat 2: 0RB BR0 ($12.38 in chips) 
Seat 4: SetOnesGoal ($5.38 in chips) 
Seat 5: cups00013 ($5.24 in chips) 
Seat 6: Dorex2007 ($6.28 in chips) 
Seat 7: BUTAW701 ($5.33 in chips) 
Seat 8: AGVsmarT ($6.58 in chips) 
Seat 9: The_Reiver ($5 in chips) 
BUTAW701: posts small blind $0.02
AGVsmarT: posts big blind $0.05
*** HOLE CARDS ***
Dealt to Dorex2007 [Js 6c]
The_Reiver: folds 
Jota322322: raises $0.10 to $0.15
0RB BR0: folds 
SetOnesGoal: folds 
cups00013: folds 
Dorex2007: folds 
BUTAW701: folds 
AGVsmarT: calls $0.10
*** FLOP *** [4d 8s 6h]
needapaddle joins the table at seat #3 
AGVsmarT: bets $0.15
Jota322322: calls $0.15
*** TURN *** [4d 8s 6h] [Ad]
AGVsmarT: bets $0.15
Jota322322: calls $0.15
*** RIVER *** [4d 8s 6h Ad] [Kh]
AGVsmarT: bets $0.10
Jota322322: raises $1.08 to $1.18
AGVsmarT: folds 
Uncalled bet ($1.08) returned to Jota322322
Jota322322 collected $1.07 from pot
Jota322322: doesn't show hand 
*** SUMMARY ***
Total pot $1.12 | Rake $0.05 
Board [4d 8s 6h Ad Kh]
Seat 1: Jota322322 collected ($1.07)
Seat 2: 0RB BR0 folded before Flop (didn't bet)
Seat 4: SetOnesGoal folded before Flop (didn't bet)
Seat 5: cups00013 folded before Flop (didn't bet)
Seat 6: Dorex2007 (button) folded before Flop (didn't bet)
Seat 7: BUTAW701 (small blind) folded before Flop
Seat 8: AGVsmarT (big blind) folded on the River
Seat 9: The_Reiver folded before Flop (didn't bet)



PokerStars Hand #238057785577:  Hold'em No Limit ($0.02/$0.05 USD) - 2022/08/17 19:26:34 PT [2022/08/17 22:26:34 ET]
Table 'Cupido III' 9-max Seat #7 is the button
Seat 1: Jota322322 ($4.38 in chips) 
Seat 2: 0RB BR0 ($12.38 in chips) 
Seat 4: SetOnesGoal ($5.38 in chips) 
Seat 5: cups00013 ($5.24 in chips) 
Seat 6: Dorex2007 ($6.28 in chips) 
Seat 7: BUTAW701 ($5.31 in chips) 
Seat 8: AGVsmarT ($6.03 in chips) 
Seat 9: The_Reiver ($5 in chips) 
AGVsmarT: posts small blind $0.02
The_Reiver: posts big blind $0.05
needapaddle: sits out 
*** HOLE CARDS ***
Dealt to Dorex2007 [4d 2c]
Jota322322: folds 
0RB BR0: folds 
SetOnesGoal: folds 
cups00013: folds 
Dorex2007: folds 
BUTAW701: folds 
AGVsmarT: calls $0.03
The_Reiver: checks 
*** FLOP *** [8d Jd 4h]
AGVsmarT: bets $0.10
The_Reiver: folds 
Uncalled bet ($0.10) returned to AGVsmarT
AGVsmarT collected $0.10 from pot
*** SUMMARY ***
Total pot $0.10 | Rake $0 
Board [8d Jd 4h]
Seat 1: Jota322322 folded before Flop (didn't bet)
Seat 2: 0RB BR0 folded before Flop (didn't bet)
Seat 4: SetOnesGoal folded before Flop (didn't bet)
Seat 5: cups00013 folded before Flop (didn't bet)
Seat 6: Dorex2007 folded before Flop (didn't bet)
Seat 7: BUTAW701 (button) folded before Flop (didn't bet)
Seat 8: AGVsmarT (small blind) collected ($0.10)
Seat 9: The_Reiver (big blind) folded on the Flop



PokerStars Hand #238057790940:  Hold'em No Limit ($0.02/$0.05 USD) - 2022/08/17 19:27:05 PT [2022/08/17 22:27:05 ET]
Table 'Cupido III' 9-max Seat #8 is the button
Seat 1: Jota322322 ($4.38 in chips) 
Seat 2: 0RB BR0 ($12.38 in chips) 
Seat 4: SetOnesGoal ($5.38 in chips) 
Seat 5: cups00013 ($5.24 in chips) 
Seat 6: Dorex2007 ($6.28 in chips) 
Seat 7: BUTAW701 ($5.31 in chips) 
Seat 8: AGVsmarT ($6.08 in chips) 
Seat 9: The_Reiver ($5 in chips) 
The_Reiver: posts small blind $0.02
Jota322322: posts big blind $0.05
needapaddle: sits out 
*** HOLE CARDS ***
Dealt to Dorex2007 [8s Ks]
0RB BR0: folds 
SetOnesGoal: folds 
cups00013: folds 
Dorex2007: raises $0.05 to $0.10
BUTAW701: folds 
AGVsmarT: calls $0.10
The_Reiver: folds 
Jota322322: folds 
*** FLOP *** [Qh 6c 7d]
Dorex2007: checks 
AGVsmarT: checks 
*** TURN *** [Qh 6c 7d] [6h]
Dorex2007: bets $0.17
AGVsmarT: folds 
Uncalled bet ($0.17) returned to Dorex2007
Dorex2007 collected $0.26 from pot
Dorex2007: doesn't show hand 
*** SUMMARY ***
Total pot $0.27 | Rake $0.01 
Board [Qh 6c 7d 6h]
Seat 1: Jota322322 (big blind) folded before Flop
Seat 2: 0RB BR0 folded before Flop (didn't bet)
Seat 4: SetOnesGoal folded before Flop (didn't bet)
Seat 5: cups00013 folded before Flop (didn't bet)
Seat 6: Dorex2007 collected ($0.26)
Seat 7: BUTAW701 folded before Flop (didn't bet)
Seat 8: AGVsmarT (button) folded on the Turn
Seat 9: The_Reiver (small blind) folded before Flop



PokerStars Hand #238057797590:  Hold'em No Limit ($0.02/$0.05 USD) - 2022/08/17 19:27:43 PT [2022/08/17 22:27:43 ET]
Table 'Cupido III' 9-max Seat #9 is the button
Seat 1: Jota322322 ($4.33 in chips) 
Seat 2: 0RB BR0 ($12.38 in chips) 
Seat 4: SetOnesGoal ($5.38 in chips) 
Seat 5: cups00013 ($5.24 in chips) 
Seat 6: Dorex2007 ($6.44 in chips) 
Seat 7: BUTAW701 ($5.31 in chips) 
Seat 8: AGVsmarT ($5.98 in chips) 
Seat 9: The_Reiver ($5 in chips) 
Jota322322: posts small blind $0.02
0RB BR0: posts big blind $0.05
needapaddle: sits out 
*** HOLE CARDS ***
Dealt to Dorex2007 [Jd As]
SetOnesGoal: folds 
cups00013: folds 
Dorex2007: raises $0.15 to $0.20
BUTAW701: folds 
AGVsmarT: folds 
The_Reiver: folds 
Jota322322: folds 
0RB BR0: folds 
Uncalled bet ($0.15) returned to Dorex2007
Dorex2007 collected $0.12 from pot
Dorex2007: doesn't show hand 
*** SUMMARY ***
Total pot $0.12 | Rake $0 
Seat 1: Jota322322 (small blind) folded before Flop
Seat 2: 0RB BR0 (big blind) folded before Flop
Seat 4: SetOnesGoal folded before Flop (didn't bet)
Seat 5: cups00013 folded before Flop (didn't bet)
Seat 6: Dorex2007 collected ($0.12)
Seat 7: BUTAW701 folded before Flop (didn't bet)
Seat 8: AGVsmarT folded before Flop (didn't bet)
Seat 9: The_Reiver (button) folded before Flop (didn't bet)



PokerStars Hand #238057802246:  Hold'em No Limit ($0.02/$0.05 USD) - 2022/08/17 19:28:10 PT [2022/08/17 22:28:10 ET]
Table 'Cupido III' 9-max Seat #1 is the button
Seat 1: Jota322322 ($4.31 in chips) 
Seat 2: 0RB BR0 ($12.33 in chips) 
Seat 3: needapaddle ($5 in chips) 
Seat 4: SetOnesGoal ($5.38 in chips) 
Seat 5: cups00013 ($5.24 in chips) 
Seat 6: Dorex2007 ($6.51 in chips) 
Seat 7: BUTAW701 ($5.31 in chips) 
Seat 8: AGVsmarT ($5.98 in chips) 
Seat 9: The_Reiver ($5 in chips) 
0RB BR0: posts small blind $0.02
needapaddle: posts big blind $0.05
*** HOLE CARDS ***
Dealt to Dorex2007 [Jc 7d]
SetOnesGoal: folds 
cups00013: folds 
Dorex2007: folds 
BUTAW701: folds 
AGVsmarT: folds 
The_Reiver: folds 
Jota322322: folds 
0RB BR0: folds 
Uncalled bet ($0.03) returned to needapaddle
needapaddle collected $0.04 from pot
*** SUMMARY ***
Total pot $0.04 | Rake $0 
Seat 1: Jota322322 (button) folded before Flop (didn't bet)
Seat 2: 0RB BR0 (small blind) folded before Flop
Seat 3: needapaddle (big blind) collected ($0.04)
Seat 4: SetOnesGoal folded before Flop (didn't bet)
Seat 5: cups00013 folded before Flop (didn't bet)
Seat 6: Dorex2007 folded before Flop (didn't bet)
Seat 7: BUTAW701 folded before Flop (didn't bet)
Seat 8: AGVsmarT folded before Flop (didn't bet)
Seat 9: The_Reiver folded before Flop (didn't bet)



PokerStars Hand #238057806952:  Hold'em No Limit ($0.02/$0.05 USD) - 2022/08/17 19:28:37 PT [2022/08/17 22:28:37 ET]
Table 'Cupido III' 9-max Seat #2 is the button
Seat 1: Jota322322 ($4.31 in chips) 
Seat 2: 0RB BR0 ($12.31 in chips) 
Seat 3: needapaddle ($5.02 in chips) 
Seat 4: SetOnesGoal ($5.38 in chips) 
Seat 5: cups00013 ($5.24 in chips) 
Seat 6: Dorex2007 ($6.51 in chips) 
Seat 7: BUTAW701 ($5.31 in chips) 
Seat 8: AGVsmarT ($5.98 in chips) 
Seat 9: The_Reiver ($5 in chips) 
needapaddle: posts small blind $0.02
SetOnesGoal: posts big blind $0.05
*** HOLE CARDS ***
Dealt to Dorex2007 [Ac Js]
cups00013: folds 
Dorex2007: calls $0.05
BUTAW701: folds 
AGVsmarT: raises $0.10 to $0.15
The_Reiver: folds 
Jota322322: folds 
0RB BR0: folds 
needapaddle: folds 
SetOnesGoal: calls $0.10
Dorex2007: calls $0.10
*** FLOP *** [Kc 6c 2s]
SetOnesGoal: checks 
Dorex2007: checks 
AGVsmarT: checks 
*** TURN *** [Kc 6c 2s] [4s]
SetOnesGoal: checks 
Dorex2007: bets $0.22
AGVsmarT: folds 
SetOnesGoal: folds 
Uncalled bet ($0.22) returned to Dorex2007
Dorex2007 collected $0.45 from pot
Dorex2007: doesn't show hand 
*** SUMMARY ***
Total pot $0.47 | Rake $0.02 
Board [Kc 6c 2s 4s]
Seat 1: Jota322322 folded before Flop (didn't bet)
Seat 2: 0RB BR0 (button) folded before Flop (didn't bet)
Seat 3: needapaddle (small blind) folded before Flop
Seat 4: SetOnesGoal (big blind) folded on the Turn
Seat 5: cups00013 folded before Flop (didn't bet)
Seat 6: Dorex2007 collected ($0.45)
Seat 7: BUTAW701 folded before Flop (didn't bet)
Seat 8: AGVsmarT folded on the Turn
Seat 9: The_Reiver folded before Flop (didn't bet)



PokerStars Hand #238057815608:  Hold'em No Limit ($0.02/$0.05 USD) - 2022/08/17 19:29:27 PT [2022/08/17 22:29:27 ET]
Table 'Cupido III' 9-max Seat #3 is the button
Seat 1: Jota322322 ($4.31 in chips) 
Seat 2: 0RB BR0 ($12.31 in chips) 
Seat 3: needapaddle ($5 in chips) 
Seat 4: SetOnesGoal ($5.23 in chips) 
Seat 5: cups00013 ($5.24 in chips) 
Seat 6: Dorex2007 ($6.81 in chips) 
Seat 7: BUTAW701 ($5.31 in chips) 
Seat 8: AGVsmarT ($5.83 in chips) 
Seat 9: The_Reiver ($5 in chips) 
SetOnesGoal: posts small blind $0.02
cups00013: posts big blind $0.05
*** HOLE CARDS ***
Dealt to Dorex2007 [3d Js]
Dorex2007: folds 
BUTAW701: raises $0.10 to $0.15
AGVsmarT: folds 
The_Reiver: folds 
Jota322322: calls $0.15
0RB BR0: folds 
needapaddle: folds 
SetOnesGoal: folds 
cups00013: calls $0.10
*** FLOP *** [Tc Jd 7c]
cups00013: checks 
BUTAW701: bets $0.32
Jota322322: folds 
cups00013: folds 
Uncalled bet ($0.32) returned to BUTAW701
BUTAW701 collected $0.45 from pot
BUTAW701: doesn't show hand 
*** SUMMARY ***
Total pot $0.47 | Rake $0.02 
Board [Tc Jd 7c]
Seat 1: Jota322322 folded on the Flop
Seat 2: 0RB BR0 folded before Flop (didn't bet)
Seat 3: needapaddle (button) folded before Flop (didn't bet)
Seat 4: SetOnesGoal (small blind) folded before Flop
Seat 5: cups00013 (big blind) folded on the Flop
Seat 6: Dorex2007 folded before Flop (didn't bet)
Seat 7: BUTAW701 collected ($0.45)
Seat 8: AGVsmarT folded before Flop (didn't bet)
Seat 9: The_Reiver folded before Flop (didn't bet)



PokerStars Hand #238057825488:  Hold'em No Limit ($0.02/$0.05 USD) - 2022/08/17 19:30:24 PT [2022/08/17 22:30:24 ET]
Table 'Cupido III' 9-max Seat #4 is the button
Seat 1: Jota322322 ($4.16 in chips) 
Seat 2: 0RB BR0 ($12.31 in chips) 
Seat 3: needapaddle ($5 in chips) 
Seat 4: SetOnesGoal ($5.21 in chips) 
Seat 5: cups00013 ($5.09 in chips) 
Seat 6: Dorex2007 ($6.81 in chips) 
Seat 7: BUTAW701 ($5.61 in chips) 
Seat 8: AGVsmarT ($5.83 in chips) 
Seat 9: The_Reiver ($5 in chips) 
cups00013: posts small blind $0.02
Dorex2007: posts big blind $0.05
*** HOLE CARDS ***
Dealt to Dorex2007 [Kc Ah]
BUTAW701: folds 
AGVsmarT: folds 
The_Reiver: folds 
Jota322322: folds 
0RB BR0: folds 
needapaddle: folds 
SetOnesGoal: folds 
cups00013: folds 
Uncalled bet ($0.03) returned to Dorex2007
Dorex2007 collected $0.04 from pot
Dorex2007: doesn't show hand 
*** SUMMARY ***
Total pot $0.04 | Rake $0 
Seat 1: Jota322322 folded before Flop (didn't bet)
Seat 2: 0RB BR0 folded before Flop (didn't bet)
Seat 3: needapaddle folded before Flop (didn't bet)
Seat 4: SetOnesGoal (button) folded before Flop (didn't bet)
Seat 5: cups00013 (small blind) folded before Flop
Seat 6: Dorex2007 (big blind) collected ($0.04)
Seat 7: BUTAW701 folded before Flop (didn't bet)
Seat 8: AGVsmarT folded before Flop (didn't bet)
Seat 9: The_Reiver folded before Flop (didn't bet)



PokerStars Hand #238057828667:  Hold'em No Limit ($0.02/$0.05 USD) - 2022/08/17 19:30:42 PT [2022/08/17 22:30:42 ET]
Table 'Cupido III' 9-max Seat #5 is the button
Seat 1: Jota322322 ($4.16 in chips) 
Seat 2: 0RB BR0 ($12.31 in chips) 
Seat 3: needapaddle ($5 in chips) 
Seat 4: SetOnesGoal ($5.21 in chips) 
Seat 5: cups00013 ($5.07 in chips) 
Seat 6: Dorex2007 ($6.83 in chips) 
Seat 7: BUTAW701 ($5.61 in chips) 
Seat 8: AGVsmarT ($5.83 in chips) 
Seat 9: The_Reiver ($5 in chips) 
Dorex2007: posts small blind $0.02
BUTAW701: posts big blind $0.05
*** HOLE CARDS ***
Dealt to Dorex2007 [9s 6h]
AGVsmarT: folds 
The_Reiver: folds 
Jota322322: folds 
0RB BR0: folds 
needapaddle: raises $0.05 to $0.10
SetOnesGoal: calls $0.10
cups00013: folds 
Dorex2007: folds 
BUTAW701: folds 
*** FLOP *** [Ah Qh Ad]
needapaddle: checks 
SetOnesGoal: checks 
*** TURN *** [Ah Qh Ad] [9h]
needapaddle: bets $0.13
SetOnesGoal: folds 
Uncalled bet ($0.13) returned to needapaddle
needapaddle collected $0.26 from pot
*** SUMMARY ***
Total pot $0.27 | Rake $0.01 
Board [Ah Qh Ad 9h]
Seat 1: Jota322322 folded before Flop (didn't bet)
Seat 2: 0RB BR0 folded before Flop (didn't bet)
Seat 3: needapaddle collected ($0.26)
Seat 4: SetOnesGoal folded on the Turn
Seat 5: cups00013 (button) folded before Flop (didn't bet)
Seat 6: Dorex2007 (small blind) folded before Flop
Seat 7: BUTAW701 (big blind) folded before Flop
Seat 8: AGVsmarT folded before Flop (didn't bet)
Seat 9: The_Reiver folded before Flop (didn't bet)



PokerStars Hand #238057844579:  Hold'em No Limit ($0.02/$0.05 USD) - 2022/08/17 19:31:28 PT [2022/08/17 22:31:28 ET]
Table 'Cupido III' 9-max Seat #6 is the button
Seat 1: Jota322322 ($4.16 in chips) 
Seat 2: 0RB BR0 ($12.31 in chips) 
Seat 3: needapaddle ($5.16 in chips) 
Seat 4: SetOnesGoal ($5.11 in chips) 
Seat 5: cups00013 ($5.07 in chips) 
Seat 6: Dorex2007 ($6.81 in chips) 
Seat 7: BUTAW701 ($5.56 in chips) 
Seat 8: AGVsmarT ($5.83 in chips) 
Seat 9: The_Reiver ($5 in chips) 
BUTAW701: posts small blind $0.02
AGVsmarT: posts big blind $0.05
*** HOLE CARDS ***
Dealt to Dorex2007 [5d Tc]
The_Reiver: folds 
Jota322322: folds 
0RB BR0: folds 
needapaddle: folds 
SetOnesGoal: folds 
cups00013: folds 
Dorex2007: folds 
BUTAW701: folds 
Uncalled bet ($0.03) returned to AGVsmarT
AGVsmarT collected $0.04 from pot
*** SUMMARY ***
Total pot $0.04 | Rake $0 
Seat 1: Jota322322 folded before Flop (didn't bet)
Seat 2: 0RB BR0 folded before Flop (didn't bet)
Seat 3: needapaddle folded before Flop (didn't bet)
Seat 4: SetOnesGoal folded before Flop (didn't bet)
Seat 5: cups00013 folded before Flop (didn't bet)
Seat 6: Dorex2007 (button) folded before Flop (didn't bet)
Seat 7: BUTAW701 (small blind) folded before Flop
Seat 8: AGVsmarT (big blind) collected ($0.04)
Seat 9: The_Reiver folded before Flop (didn't bet)



PokerStars Hand #238057850675:  Hold'em No Limit ($0.02/$0.05 USD) - 2022/08/17 19:32:04 PT [2022/08/17 22:32:04 ET]
Table 'Cupido III' 9-max Seat #7 is the button
Seat 1: Jota322322 ($4.16 in chips) 
Seat 2: 0RB BR0 ($12.31 in chips) 
Seat 3: needapaddle ($5.16 in chips) 
Seat 4: SetOnesGoal ($5.11 in chips) 
Seat 5: cups00013 ($5.07 in chips) 
Seat 6: Dorex2007 ($6.81 in chips) 
Seat 7: BUTAW701 ($5.54 in chips) 
Seat 8: AGVsmarT ($5.85 in chips) 
Seat 9: The_Reiver ($5 in chips) 
AGVsmarT: posts small blind $0.02
The_Reiver: posts big blind $0.05
*** HOLE CARDS ***
Dealt to Dorex2007 [2s 7c]
Jota322322: folds 
0RB BR0: raises $0.10 to $0.15
needapaddle has timed out
needapaddle: folds 
SetOnesGoal: calls $0.15
cups00013: folds 
Dorex2007: folds 
BUTAW701: calls $0.15
AGVsmarT: folds 
The_Reiver: folds 
*** FLOP *** [2h 9d Kh]
0RB BR0: checks 
SetOnesGoal: checks 
BUTAW701: checks 
*** TURN *** [2h 9d Kh] [Kd]
0RB BR0: bets $0.05
SetOnesGoal: calls $0.05
BUTAW701: raises $0.33 to $0.38
0RB BR0 is disconnected 
0RB BR0 is connected 
0RB BR0: folds 
SetOnesGoal: calls $0.33
*** RIVER *** [2h 9d Kh Kd] [Jc]
SetOnesGoal: checks 
BUTAW701: checks 
*** SHOW DOWN ***
SetOnesGoal: shows [8h 8d] (two pair, Kings and Eights)
BUTAW701: mucks hand 
SetOnesGoal collected $1.27 from pot
*** SUMMARY ***
Total pot $1.33 | Rake $0.06 
Board [2h 9d Kh Kd Jc]
Seat 1: Jota322322 folded before Flop (didn't bet)
Seat 2: 0RB BR0 folded on the Turn
Seat 3: needapaddle folded before Flop (didn't bet)
Seat 4: SetOnesGoal showed [8h 8d] and won ($1.27) with two pair, Kings and Eights
Seat 5: cups00013 folded before Flop (didn't bet)
Seat 6: Dorex2007 folded before Flop (didn't bet)
Seat 7: BUTAW701 (button) mucked [6d 6s]
Seat 8: AGVsmarT (small blind) folded before Flop
Seat 9: The_Reiver (big blind) folded before Flop



PokerStars Hand #238057877234:  Hold'em No Limit ($0.02/$0.05 USD) - 2022/08/17 19:34:39 PT [2022/08/17 22:34:39 ET]
Table 'Cupido III' 9-max Seat #8 is the button
Seat 1: Jota322322 ($4.16 in chips) 
Seat 2: 0RB BR0 ($12.11 in chips) 
Seat 3: needapaddle ($5.16 in chips) 
Seat 4: SetOnesGoal ($5.85 in chips) 
Seat 5: cups00013 ($5.07 in chips) 
Seat 6: Dorex2007 ($6.81 in chips) 
Seat 7: BUTAW701 ($5.01 in chips) 
Seat 8: AGVsmarT ($5.83 in chips) 
Seat 9: The_Reiver ($5 in chips) 
The_Reiver: posts small blind $0.02
Jota322322: posts big blind $0.05
*** HOLE CARDS ***
Dealt to Dorex2007 [6s 4d]
0RB BR0: calls $0.05
needapaddle: raises $0.05 to $0.10
SetOnesGoal: folds 
cups00013: folds 
Dorex2007: folds 
BUTAW701: folds 
AGVsmarT: folds 
The_Reiver: folds 
Jota322322: folds 
0RB BR0: calls $0.05
*** FLOP *** [As Jd 4c]
0RB BR0: checks 
needapaddle: checks 
*** TURN *** [As Jd 4c] [9d]
0RB BR0: checks 
needapaddle: bets $0.13
0RB BR0: folds 
Uncalled bet ($0.13) returned to needapaddle
needapaddle collected $0.26 from pot
*** SUMMARY ***
Total pot $0.27 | Rake $0.01 
Board [As Jd 4c 9d]
Seat 1: Jota322322 (big blind) folded before Flop
Seat 2: 0RB BR0 folded on the Turn
Seat 3: needapaddle collected ($0.26)
Seat 4: SetOnesGoal folded before Flop (didn't bet)
Seat 5: cups00013 folded before Flop (didn't bet)
Seat 6: Dorex2007 folded before Flop (didn't bet)
Seat 7: BUTAW701 folded before Flop (didn't bet)
Seat 8: AGVsmarT (button) folded before Flop (didn't bet)
Seat 9: The_Reiver (small blind) folded before Flop



PokerStars Hand #238057884811:  Hold'em No Limit ($0.02/$0.05 USD) - 2022/08/17 19:35:24 PT [2022/08/17 22:35:24 ET]
Table 'Cupido III' 9-max Seat #9 is the button
Seat 1: Jota322322 ($4.11 in chips) 
Seat 2: 0RB BR0 ($12.01 in chips) 
Seat 3: needapaddle ($5.32 in chips) 
Seat 4: SetOnesGoal ($5.85 in chips) 
Seat 5: cups00013 ($5.07 in chips) 
Seat 6: Dorex2007 ($6.81 in chips) 
Seat 7: BUTAW701 ($5.01 in chips) 
Seat 8: AGVsmarT ($5.83 in chips) 
Seat 9: The_Reiver ($5 in chips) 
Jota322322: posts small blind $0.02
0RB BR0: posts big blind $0.05
*** HOLE CARDS ***
Dealt to Dorex2007 [6d 9c]
needapaddle: folds 
SetOnesGoal: folds 
cups00013: folds 
Dorex2007: folds 
BUTAW701: folds 
AGVsmarT: folds 
The_Reiver: folds 
Jota322322: raises $0.10 to $0.15
0RB BR0: folds 
Uncalled bet ($0.10) returned to Jota322322
Jota322322 collected $0.10 from pot
Jota322322: doesn't show hand 
*** SUMMARY ***
Total pot $0.10 | Rake $0 
Seat 1: Jota322322 (small blind) collected ($0.10)
Seat 2: 0RB BR0 (big blind) folded before Flop
Seat 3: needapaddle folded before Flop (didn't bet)
Seat 4: SetOnesGoal folded before Flop (didn't bet)
Seat 5: cups00013 folded before Flop (didn't bet)
Seat 6: Dorex2007 folded before Flop (didn't bet)
Seat 7: BUTAW701 folded before Flop (didn't bet)
Seat 8: AGVsmarT folded before Flop (didn't bet)
Seat 9: The_Reiver (button) folded before Flop (didn't bet)



PokerStars Hand #238057889911:  Hold'em No Limit ($0.02/$0.05 USD) - 2022/08/17 19:35:54 PT [2022/08/17 22:35:54 ET]
Table 'Cupido III' 9-max Seat #1 is the button
Seat 1: Jota322322 ($4.16 in chips) 
Seat 2: 0RB BR0 ($11.96 in chips) 
Seat 3: needapaddle ($5.32 in chips) 
Seat 4: SetOnesGoal ($5.85 in chips) 
Seat 5: cups00013 ($5.07 in chips) 
Seat 6: Dorex2007 ($6.81 in chips) 
Seat 7: BUTAW701 ($5.01 in chips) 
Seat 8: AGVsmarT ($5.83 in chips) 
Seat 9: The_Reiver ($5 in chips) 
0RB BR0: posts small blind $0.02
needapaddle: posts big blind $0.05
*** HOLE CARDS ***
Dealt to Dorex2007 [Ad 2h]
SetOnesGoal: folds 
cups00013: folds 
Dorex2007: folds 
BUTAW701: folds 
AGVsmarT: folds 
The_Reiver: folds 
Jota322322: folds 
0RB BR0 is disconnected 
0RB BR0 has timed out while disconnected
0RB BR0: folds 
Uncalled bet ($0.03) returned to needapaddle
needapaddle collected $0.04 from pot
*** SUMMARY ***
Total pot $0.04 | Rake $0 
Seat 1: Jota322322 (button) folded before Flop (didn't bet)
Seat 2: 0RB BR0 (small blind) folded before Flop
Seat 3: needapaddle (big blind) collected ($0.04)
Seat 4: SetOnesGoal folded before Flop (didn't bet)
Seat 5: cups00013 folded before Flop (didn't bet)
Seat 6: Dorex2007 folded before Flop (didn't bet)
Seat 7: BUTAW701 folded before Flop (didn't bet)
Seat 8: AGVsmarT folded before Flop (didn't bet)
Seat 9: The_Reiver folded before Flop (didn't bet)



PokerStars Hand #238057899460:  Hold'em No Limit ($0.02/$0.05 USD) - 2022/08/17 19:36:50 PT [2022/08/17 22:36:50 ET]
Table 'Cupido III' 9-max Seat #3 is the button
Seat 1: Jota322322 ($4.16 in chips) 
Seat 3: needapaddle ($5.34 in chips) 
Seat 4: SetOnesGoal ($5.85 in chips) 
Seat 5: cups00013 ($5.07 in chips) 
Seat 6: Dorex2007 ($6.81 in chips) 
Seat 7: BUTAW701 ($5.01 in chips) 
Seat 8: AGVsmarT ($5.83 in chips) 
Seat 9: The_Reiver ($5 in chips) 
SetOnesGoal: posts small blind $0.02
cups00013: posts big blind $0.05
*** HOLE CARDS ***
Dealt to Dorex2007 [3c 3s]
Dorex2007: folds 
BUTAW701: folds 
AGVsmarT: folds 
The_Reiver: folds 
Jota322322: folds 
needapaddle: folds 
SetOnesGoal: raises $0.07 to $0.12
cups00013: calls $0.07
*** FLOP *** [6d Qd Jh]
SetOnesGoal: bets $0.11
cups00013: folds 
Uncalled bet ($0.11) returned to SetOnesGoal
SetOnesGoal collected $0.23 from pot
SetOnesGoal: doesn't show hand 
*** SUMMARY ***
Total pot $0.24 | Rake $0.01 
Board [6d Qd Jh]
Seat 1: Jota322322 folded before Flop (didn't bet)
Seat 3: needapaddle (button) folded before Flop (didn't bet)
Seat 4: SetOnesGoal (small blind) collected ($0.23)
Seat 5: cups00013 (big blind) folded on the Flop
Seat 6: Dorex2007 folded before Flop (didn't bet)
Seat 7: BUTAW701 folded before Flop (didn't bet)
Seat 8: AGVsmarT folded before Flop (didn't bet)
Seat 9: The_Reiver folded before Flop (didn't bet)



PokerStars Hand #238057905138:  Hold'em No Limit ($0.02/$0.05 USD) - 2022/08/17 19:37:23 PT [2022/08/17 22:37:23 ET]
Table 'Cupido III' 9-max Seat #4 is the button
Seat 1: Jota322322 ($4.16 in chips) 
Seat 2: 0RB BR0 ($11.94 in chips) 
Seat 3: needapaddle ($5.34 in chips) 
Seat 4: SetOnesGoal ($5.96 in chips) 
Seat 5: cups00013 ($5 in chips) 
Seat 6: Dorex2007 ($6.81 in chips) 
Seat 7: BUTAW701 ($5.01 in chips) 
Seat 8: AGVsmarT ($5.83 in chips) 
Seat 9: The_Reiver ($5 in chips) 
cups00013: posts small blind $0.02
Dorex2007: posts big blind $0.05
*** HOLE CARDS ***
Dealt to Dorex2007 [Ks 9s]
BUTAW701: folds 
AGVsmarT: folds 
The_Reiver: folds 
Jota322322: folds 
0RB BR0 has timed out
0RB BR0: folds 
0RB BR0 is disconnected 
needapaddle is disconnected 
needapaddle has timed out while being disconnected
needapaddle: folds 
SetOnesGoal: raises $0.07 to $0.12
cups00013: folds 
Dorex2007: folds 
Uncalled bet ($0.07) returned to SetOnesGoal
SetOnesGoal collected $0.12 from pot
SetOnesGoal: doesn't show hand 
*** SUMMARY ***
Total pot $0.12 | Rake $0 
Seat 1: Jota322322 folded before Flop (didn't bet)
Seat 2: 0RB BR0 folded before Flop (didn't bet)
Seat 3: needapaddle folded before Flop (didn't bet)
Seat 4: SetOnesGoal (button) collected ($0.12)
Seat 5: cups00013 (small blind) folded before Flop
Seat 6: Dorex2007 (big blind) folded before Flop
Seat 7: BUTAW701 folded before Flop (didn't bet)
Seat 8: AGVsmarT folded before Flop (didn't bet)
Seat 9: The_Reiver folded before Flop (didn't bet)



PokerStars Hand #238057913935:  Hold'em No Limit ($0.02/$0.05 USD) - 2022/08/17 19:38:14 PT [2022/08/17 22:38:14 ET]
Table 'Cupido III' 9-max Seat #5 is the button
Seat 1: Jota322322 ($4.16 in chips) 
Seat 2: 0RB BR0 ($11.94 in chips) 
Seat 3: needapaddle ($5.34 in chips) 
Seat 4: SetOnesGoal ($6.03 in chips) 
Seat 5: cups00013 ($5 in chips) 
Seat 6: Dorex2007 ($6.76 in chips) 
Seat 7: BUTAW701 ($5.01 in chips) 
Seat 8: AGVsmarT ($5.83 in chips) 
Seat 9: The_Reiver ($5 in chips) 
Dorex2007: posts small blind $0.02
BUTAW701: posts big blind $0.05
*** HOLE CARDS ***
Dealt to Dorex2007 [5c Kh]
AGVsmarT: folds 
The_Reiver: folds 
Jota322322: folds 
0RB BR0: folds 
needapaddle: calls $0.05
SetOnesGoal: folds 
cups00013: folds 
Dorex2007: folds 
BUTAW701: checks 
*** FLOP *** [4s 8s Ac]
BUTAW701: checks 
0RB BR0 is disconnected 
needapaddle: bets $0.06
BUTAW701: folds 
Uncalled bet ($0.06) returned to needapaddle
needapaddle collected $0.12 from pot
*** SUMMARY ***
Total pot $0.12 | Rake $0 
Board [4s 8s Ac]
Seat 1: Jota322322 folded before Flop (didn't bet)
Seat 2: 0RB BR0 folded before Flop (didn't bet)
Seat 3: needapaddle collected ($0.12)
Seat 4: SetOnesGoal folded before Flop (didn't bet)
Seat 5: cups00013 (button) folded before Flop (didn't bet)
Seat 6: Dorex2007 (small blind) folded before Flop
Seat 7: BUTAW701 (big blind) folded on the Flop
Seat 8: AGVsmarT folded before Flop (didn't bet)
Seat 9: The_Reiver folded before Flop (didn't bet)



PokerStars Hand #238057921714:  Hold'em No Limit ($0.02/$0.05 USD) - 2022/08/17 19:39:01 PT [2022/08/17 22:39:01 ET]
Table 'Cupido III' 9-max Seat #6 is the button
Seat 1: Jota322322 ($4.16 in chips) 
Seat 2: 0RB BR0 ($11.94 in chips) 
Seat 3: needapaddle ($5.41 in chips) 
Seat 4: SetOnesGoal ($6.03 in chips) 
Seat 5: cups00013 ($5 in chips) 
Seat 6: Dorex2007 ($6.74 in chips) 
Seat 7: BUTAW701 ($4.96 in chips) 
Seat 8: AGVsmarT ($5.83 in chips) 
Seat 9: The_Reiver ($5 in chips) 
BUTAW701: posts small blind $0.02
AGVsmarT: posts big blind $0.05
*** HOLE CARDS ***
Dealt to Dorex2007 [3d 8c]
The_Reiver: folds 
Jota322322: raises $0.05 to $0.10
0RB BR0 has timed out while disconnected
0RB BR0: folds 
needapaddle: folds 
SetOnesGoal: folds 
cups00013: raises $0.35 to $0.45
Dorex2007: folds 
BUTAW701: folds 
AGVsmarT: folds 
Jota322322: folds 
Uncalled bet ($0.35) returned to cups00013
BUTAW701 leaves the table
cups00013 collected $0.27 from pot
cups00013: doesn't show hand 
*** SUMMARY ***
Total pot $0.27 | Rake $0 
Seat 1: Jota322322 folded before Flop
Seat 2: 0RB BR0 folded before Flop (didn't bet)
Seat 3: needapaddle folded before Flop (didn't bet)
Seat 4: SetOnesGoal folded before Flop (didn't bet)
Seat 5: cups00013 collected ($0.27)
Seat 6: Dorex2007 (button) folded before Flop (didn't bet)
Seat 7: BUTAW701 (small blind) folded before Flop
Seat 8: AGVsmarT (big blind) folded before Flop
Seat 9: The_Reiver folded before Flop (didn't bet)



PokerStars Hand #238057935528:  Hold'em No Limit ($0.02/$0.05 USD) - 2022/08/17 19:39:45 PT [2022/08/17 22:39:45 ET]
Table 'Cupido III' 9-max Seat #8 is the button
Seat 1: Jota322322 ($4.06 in chips) 
Seat 2: 0RB BR0 ($11.94 in chips) 
Seat 3: needapaddle ($5.41 in chips) 
Seat 4: SetOnesGoal ($6.03 in chips) 
Seat 5: cups00013 ($5.17 in chips) 
Seat 6: Dorex2007 ($6.74 in chips) 
Seat 8: AGVsmarT ($5.78 in chips) 
Seat 9: The_Reiver ($5 in chips) 
The_Reiver: posts small blind $0.02
Jota322322: posts big blind $0.05
*** HOLE CARDS ***
Dealt to Dorex2007 [5s Tc]
0RB BR0: folds 
needapaddle: folds 
RodrVilaas joins the table at seat #7 
SetOnesGoal: raises $0.10 to $0.15
cups00013: folds 
Dorex2007: folds 
AGVsmarT: calls $0.15
The_Reiver: folds 
Jota322322: folds 
*** FLOP *** [Kd 7c 9h]
SetOnesGoal: bets $0.15
AGVsmarT: folds 
Uncalled bet ($0.15) returned to SetOnesGoal
SetOnesGoal collected $0.35 from pot
SetOnesGoal: doesn't show hand 
*** SUMMARY ***
Total pot $0.37 | Rake $0.02 
Board [Kd 7c 9h]
Seat 1: Jota322322 (big blind) folded before Flop
Seat 2: 0RB BR0 folded before Flop (didn't bet)
Seat 3: needapaddle folded before Flop (didn't bet)
Seat 4: SetOnesGoal collected ($0.35)
Seat 5: cups00013 folded before Flop (didn't bet)
Seat 6: Dorex2007 folded before Flop (didn't bet)
Seat 8: AGVsmarT (button) folded on the Flop
Seat 9: The_Reiver (small blind) folded before Flop



PokerStars Hand #238057943088:  Hold'em No Limit ($0.02/$0.05 USD) - 2022/08/17 19:40:30 PT [2022/08/17 22:40:30 ET]
Table 'Cupido III' 9-max Seat #9 is the button
Seat 1: Jota322322 ($4.01 in chips) 
Seat 2: 0RB BR0 ($11.94 in chips) 
Seat 3: needapaddle ($5.41 in chips) 
Seat 4: SetOnesGoal ($6.23 in chips) 
Seat 5: cups00013 ($5.17 in chips) 
Seat 6: Dorex2007 ($6.74 in chips) 
Seat 8: AGVsmarT ($5.63 in chips) 
Seat 9: The_Reiver ($5 in chips) 
Jota322322: posts small blind $0.02
0RB BR0: posts big blind $0.05
RodrVilaas: sits out 
*** HOLE CARDS ***
Dealt to Dorex2007 [9s 6c]
needapaddle: raises $0.05 to $0.10
SetOnesGoal: folds 
cups00013: folds 
Dorex2007: folds 
AGVsmarT: folds 
The_Reiver: folds 
Jota322322: folds 
0RB BR0: calls $0.05
*** FLOP *** [3s 3d Th]
0RB BR0: checks 
needapaddle: bets $0.10
0RB BR0: folds 
Uncalled bet ($0.10) returned to needapaddle
needapaddle collected $0.21 from pot
*** SUMMARY ***
Total pot $0.22 | Rake $0.01 
Board [3s 3d Th]
Seat 1: Jota322322 (small blind) folded before Flop
Seat 2: 0RB BR0 (big blind) folded on the Flop
Seat 3: needapaddle collected ($0.21)
Seat 4: SetOnesGoal folded before Flop (didn't bet)
Seat 5: cups00013 folded before Flop (didn't bet)
Seat 6: Dorex2007 folded before Flop (didn't bet)
Seat 8: AGVsmarT folded before Flop (didn't bet)
Seat 9: The_Reiver (button) folded before Flop (didn't bet)



PokerStars Hand #238057949392:  Hold'em No Limit ($0.02/$0.05 USD) - 2022/08/17 19:41:07 PT [2022/08/17 22:41:07 ET]
Table 'Cupido III' 9-max Seat #1 is the button
Seat 1: Jota322322 ($3.99 in chips) 
Seat 2: 0RB BR0 ($11.84 in chips) 
Seat 3: needapaddle ($5.52 in chips) 
Seat 4: SetOnesGoal ($6.23 in chips) 
Seat 5: cups00013 ($5.17 in chips) 
Seat 6: Dorex2007 ($6.74 in chips) 
Seat 8: AGVsmarT ($5.63 in chips) 
Seat 9: The_Reiver ($5 in chips) 
0RB BR0: posts small blind $0.02
needapaddle: posts big blind $0.05
RodrVilaas: sits out 
*** HOLE CARDS ***
Dealt to Dorex2007 [5s 6s]
SetOnesGoal: folds 
cups00013: folds 
Dorex2007: folds 
AGVsmarT has timed out
AGVsmarT: folds 
The_Reiver: folds 
Jota322322: folds 
0RB BR0: folds 
Uncalled bet ($0.03) returned to needapaddle
needapaddle collected $0.04 from pot
*** SUMMARY ***
Total pot $0.04 | Rake $0 
Seat 1: Jota322322 (button) folded before Flop (didn't bet)
Seat 2: 0RB BR0 (small blind) folded before Flop
Seat 3: needapaddle (big blind) collected ($0.04)
Seat 4: SetOnesGoal folded before Flop (didn't bet)
Seat 5: cups00013 folded before Flop (didn't bet)
Seat 6: Dorex2007 folded before Flop (didn't bet)
Seat 8: AGVsmarT folded before Flop (didn't bet)
Seat 9: The_Reiver folded before Flop (didn't bet)



PokerStars Hand #238057953850:  Hold'em No Limit ($0.02/$0.05 USD) - 2022/08/17 19:41:34 PT [2022/08/17 22:41:34 ET]
Table 'Cupido III' 9-max Seat #2 is the button
Seat 1: Jota322322 ($3.99 in chips) 
Seat 2: 0RB BR0 ($11.82 in chips) 
Seat 3: needapaddle ($5.54 in chips) 
Seat 5: cups00013 ($5.17 in chips) 
Seat 6: Dorex2007 ($6.74 in chips) 
Seat 7: RodrVilaas ($4 in chips) 
Seat 9: The_Reiver ($5 in chips) 
needapaddle: posts small blind $0.02
SetOnesGoal: is sitting out 
cups00013: posts big blind $0.05
RodrVilaas: posts big blind $0.05
*** HOLE CARDS ***
Dealt to Dorex2007 [2s 4d]
Dorex2007: folds 
RodrVilaas: checks 
The_Reiver: folds 
SetOnesGoal leaves the table
Jota322322: folds 
0RB BR0: folds 
needapaddle: calls $0.03
cups00013: checks 
*** FLOP *** [2c 5c Jd]
needapaddle: checks 
cups00013: checks 
RodrVilaas: checks 
*** TURN *** [2c 5c Jd] [Ad]
needapaddle: checks 
cups00013: checks 
Jota322322 leaves the table
RodrVilaas: bets $0.05
needapaddle: folds 
cups00013: folds 
Uncalled bet ($0.05) returned to RodrVilaas
RodrVilaas collected $0.14 from pot
*** SUMMARY ***
Total pot $0.15 | Rake $0.01 
Board [2c 5c Jd Ad]
Seat 1: Jota322322 folded before Flop (didn't bet)
Seat 2: 0RB BR0 (button) folded before Flop (didn't bet)
Seat 3: needapaddle (small blind) folded on the Turn
Seat 5: cups00013 (big blind) folded on the Turn
Seat 6: Dorex2007 folded before Flop (didn't bet)
Seat 7: RodrVilaas collected ($0.14)
Seat 9: The_Reiver folded before Flop (didn't bet)



PokerStars Hand #238057960055:  Hold'em No Limit ($0.02/$0.05 USD) - 2022/08/17 19:42:10 PT [2022/08/17 22:42:10 ET]
Table 'Cupido III' 9-max Seat #3 is the button
Seat 2: 0RB BR0 ($11.82 in chips) 
Seat 3: needapaddle ($5.49 in chips) 
Seat 5: cups00013 ($5.12 in chips) 
Seat 6: Dorex2007 ($6.74 in chips) 
Seat 7: RodrVilaas ($4.09 in chips) 
Seat 8: AGVsmarT ($5.63 in chips) 
Seat 9: The_Reiver ($5 in chips) 
cups00013: posts small blind $0.02
Dorex2007: posts big blind $0.05
*** HOLE CARDS ***
Dealt to Dorex2007 [Qc 4d]
RodrVilaas: calls $0.05
mexPSG37 joins the table at seat #4 
AGVsmarT: folds 
The_Reiver: folds 
0RB BR0: folds 
needapaddle: folds 
cups00013: folds 
Dorex2007: checks 
*** FLOP *** [7s 5d 4h]
Dorex2007: checks 
RodrVilaas: checks 
*** TURN *** [7s 5d 4h] [Kc]
Dorex2007: checks 
RodrVilaas: checks 
*** RIVER *** [7s 5d 4h Kc] [Ac]
Dorex2007: checks 
RodrVilaas: checks 
*** SHOW DOWN ***
Dorex2007: shows [Qc 4d] (a pair of Fours)
RodrVilaas: mucks hand 
Dorex2007 collected $0.12 from pot
*** SUMMARY ***
Total pot $0.12 | Rake $0 
Board [7s 5d 4h Kc Ac]
Seat 2: 0RB BR0 folded before Flop (didn't bet)
Seat 3: needapaddle (button) folded before Flop (didn't bet)
Seat 5: cups00013 (small blind) folded before Flop
Seat 6: Dorex2007 (big blind) showed [Qc 4d] and won ($0.12) with a pair of Fours
Seat 7: RodrVilaas mucked [Qd 9c]
Seat 8: AGVsmarT folded before Flop (didn't bet)
Seat 9: The_Reiver folded before Flop (didn't bet)



PokerStars Hand #238057969587:  Hold'em No Limit ($0.02/$0.05 USD) - 2022/08/17 19:43:07 PT [2022/08/17 22:43:07 ET]
Table 'Cupido III' 9-max Seat #5 is the button
Seat 2: 0RB BR0 ($11.82 in chips) 
Seat 3: needapaddle ($5.49 in chips) 
Seat 5: cups00013 ($5.10 in chips) 
Seat 6: Dorex2007 ($6.81 in chips) 
Seat 7: RodrVilaas ($4.04 in chips) 
Seat 8: AGVsmarT ($5.63 in chips) 
Seat 9: The_Reiver ($5 in chips) 
Dorex2007: posts small blind $0.02
RodrVilaas: posts big blind $0.05
mexPSG37: sits out 
*** HOLE CARDS ***
Dealt to Dorex2007 [2h 2d]
AGVsmarT has timed out
AGVsmarT: folds 
The_Reiver: folds 
0RB BR0: folds 
needapaddle: folds 
cups00013: raises $0.10 to $0.15
Dorex2007: calls $0.13
RodrVilaas: folds 
*** FLOP *** [Jd Td Kd]
Dorex2007: checks 
cups00013: checks 
*** TURN *** [Jd Td Kd] [Tc]
Dorex2007: checks 
cups00013: checks 
*** RIVER *** [Jd Td Kd Tc] [Ks]
Dorex2007: checks 
cups00013: checks 
*** SHOW DOWN ***
Dorex2007: shows [2h 2d] (two pair, Kings and Tens)
cups00013: shows [3s 3d] (two pair, Kings and Tens)
Dorex2007 collected $0.17 from pot
cups00013 collected $0.17 from pot
*** SUMMARY ***
Total pot $0.35 | Rake $0.01 
Board [Jd Td Kd Tc Ks]
Seat 2: 0RB BR0 folded before Flop (didn't bet)
Seat 3: needapaddle folded before Flop (didn't bet)
Seat 5: cups00013 (button) showed [3s 3d] and won ($0.17) with two pair, Kings and Tens
Seat 6: Dorex2007 (small blind) showed [2h 2d] and won ($0.17) with two pair, Kings and Tens
Seat 7: RodrVilaas (big blind) folded before Flop
Seat 8: AGVsmarT folded before Flop (didn't bet)
Seat 9: The_Reiver folded before Flop (didn't bet)



PokerStars Hand #238057976482:  Hold'em No Limit ($0.02/$0.05 USD) - 2022/08/17 19:43:47 PT [2022/08/17 22:43:47 ET]
Table 'Cupido III' 9-max Seat #6 is the button
Seat 2: 0RB BR0 ($11.82 in chips) 
Seat 3: needapaddle ($5.49 in chips) 
Seat 5: cups00013 ($5.12 in chips) 
Seat 6: Dorex2007 ($6.83 in chips) 
Seat 7: RodrVilaas ($3.99 in chips) 
Seat 8: AGVsmarT ($5.63 in chips) 
Seat 9: The_Reiver ($5 in chips) 
RodrVilaas: posts small blind $0.02
AGVsmarT: posts big blind $0.05
mexPSG37: sits out 
*** HOLE CARDS ***
Dealt to Dorex2007 [6c 7d]
The_Reiver: folds 
0RB BR0: folds 
needapaddle: raises $0.05 to $0.10
cups00013: folds 
Dorex2007: folds 
RodrVilaas: calls $0.08
AGVsmarT: calls $0.05
*** FLOP *** [6h Qc 2h]
RodrVilaas: checks 
AGVsmarT: bets $0.14
needapaddle: folds 
RodrVilaas: folds 
Uncalled bet ($0.14) returned to AGVsmarT
AGVsmarT collected $0.29 from pot
*** SUMMARY ***
Total pot $0.30 | Rake $0.01 
Board [6h Qc 2h]
Seat 2: 0RB BR0 folded before Flop (didn't bet)
Seat 3: needapaddle folded on the Flop
Seat 5: cups00013 folded before Flop (didn't bet)
Seat 6: Dorex2007 (button) folded before Flop (didn't bet)
Seat 7: RodrVilaas (small blind) folded on the Flop
Seat 8: AGVsmarT (big blind) collected ($0.29)
Seat 9: The_Reiver folded before Flop (didn't bet)



PokerStars Hand #238057982106:  Hold'em No Limit ($0.02/$0.05 USD) - 2022/08/17 19:44:21 PT [2022/08/17 22:44:21 ET]
Table 'Cupido III' 9-max Seat #7 is the button
Seat 2: 0RB BR0 ($11.82 in chips) 
Seat 3: needapaddle ($5.39 in chips) 
Seat 5: cups00013 ($5.12 in chips) 
Seat 6: Dorex2007 ($6.83 in chips) 
Seat 7: RodrVilaas ($3.89 in chips) 
Seat 8: AGVsmarT ($5.82 in chips) 
Seat 9: The_Reiver ($5 in chips) 
AGVsmarT: posts small blind $0.02
The_Reiver: posts big blind $0.05
mexPSG37: sits out 
*** HOLE CARDS ***
Dealt to Dorex2007 [Qh 2s]
0RB BR0: folds 
needapaddle: folds 
cups00013: folds 
Dorex2007: folds 
RodrVilaas: folds 
AGVsmarT: calls $0.03
The_Reiver: checks 
*** FLOP *** [Ks Th 3s]
AGVsmarT: checks 
The_Reiver: checks 
*** TURN *** [Ks Th 3s] [6s]
AGVsmarT: checks 
The_Reiver: checks 
*** RIVER *** [Ks Th 3s 6s] [5h]
AGVsmarT: checks 
The_Reiver: checks 
*** SHOW DOWN ***
AGVsmarT: shows [7c 9c] (high card King)
The_Reiver: shows [5s Kc] (two pair, Kings and Fives)
The_Reiver collected $0.10 from pot
*** SUMMARY ***
Total pot $0.10 | Rake $0 
Board [Ks Th 3s 6s 5h]
Seat 2: 0RB BR0 folded before Flop (didn't bet)
Seat 3: needapaddle folded before Flop (didn't bet)
Seat 5: cups00013 folded before Flop (didn't bet)
Seat 6: Dorex2007 folded before Flop (didn't bet)
Seat 7: RodrVilaas (button) folded before Flop (didn't bet)
Seat 8: AGVsmarT (small blind) showed [7c 9c] and lost with high card King
Seat 9: The_Reiver (big blind) showed [5s Kc] and won ($0.10) with two pair, Kings and Fives



PokerStars Hand #238057990265:  Hold'em No Limit ($0.02/$0.05 USD) - 2022/08/17 19:45:09 PT [2022/08/17 22:45:09 ET]
Table 'Cupido III' 9-max Seat #8 is the button
Seat 2: 0RB BR0 ($11.82 in chips) 
Seat 3: needapaddle ($5.39 in chips) 
Seat 5: cups00013 ($5.12 in chips) 
Seat 6: Dorex2007 ($6.83 in chips) 
Seat 7: RodrVilaas ($3.89 in chips) 
Seat 8: AGVsmarT ($5.77 in chips) 
Seat 9: The_Reiver ($5.05 in chips) 
The_Reiver: posts small blind $0.02
0RB BR0: posts big blind $0.05
mexPSG37: sits out 
*** HOLE CARDS ***
Dealt to Dorex2007 [5h 9h]
needapaddle: folds 
cups00013: folds 
Dorex2007: folds 
RodrVilaas: folds 
AGVsmarT: folds 
The_Reiver: calls $0.03
0RB BR0: checks 
*** FLOP *** [Tc 3s 8d]
The_Reiver: checks 
0RB BR0: checks 
*** TURN *** [Tc 3s 8d] [6s]
The_Reiver: bets $0.10
0RB BR0: folds 
Uncalled bet ($0.10) returned to The_Reiver
The_Reiver collected $0.10 from pot
*** SUMMARY ***
Total pot $0.10 | Rake $0 
Board [Tc 3s 8d 6s]
Seat 2: 0RB BR0 (big blind) folded on the Turn
Seat 3: needapaddle folded before Flop (didn't bet)
Seat 5: cups00013 folded before Flop (didn't bet)
Seat 6: Dorex2007 folded before Flop (didn't bet)
Seat 7: RodrVilaas folded before Flop (didn't bet)
Seat 8: AGVsmarT (button) folded before Flop (didn't bet)
Seat 9: The_Reiver (small blind) collected ($0.10)



PokerStars Hand #238057995416:  Hold'em No Limit ($0.02/$0.05 USD) - 2022/08/17 19:45:39 PT [2022/08/17 22:45:39 ET]
Table 'Cupido III' 9-max Seat #9 is the button
Seat 2: 0RB BR0 ($11.77 in chips) 
Seat 3: needapaddle ($5.39 in chips) 
Seat 5: cups00013 ($5.12 in chips) 
Seat 6: Dorex2007 ($6.83 in chips) 
Seat 7: RodrVilaas ($3.89 in chips) 
Seat 8: AGVsmarT ($5.77 in chips) 
Seat 9: The_Reiver ($5.10 in chips) 
0RB BR0: posts small blind $0.02
needapaddle: posts big blind $0.05
mexPSG37: sits out 
*** HOLE CARDS ***
Dealt to Dorex2007 [7h As]
cups00013: folds 
Dorex2007: folds 
RodrVilaas: calls $0.05
AGVsmarT: folds 
The_Reiver: folds 
0RB BR0: folds 
needapaddle: checks 
*** FLOP *** [5s 4s 6d]
needapaddle: checks 
mexPSG37 leaves the table
RodrVilaas: checks 
*** TURN *** [5s 4s 6d] [4h]
needapaddle: bets $0.05
RodrVilaas: folds 
Uncalled bet ($0.05) returned to needapaddle
needapaddle collected $0.12 from pot
*** SUMMARY ***
Total pot $0.12 | Rake $0 
Board [5s 4s 6d 4h]
Seat 2: 0RB BR0 (small blind) folded before Flop
Seat 3: needapaddle (big blind) collected ($0.12)
Seat 5: cups00013 folded before Flop (didn't bet)
Seat 6: Dorex2007 folded before Flop (didn't bet)
Seat 7: RodrVilaas folded on the Turn
Seat 8: AGVsmarT folded before Flop (didn't bet)
Seat 9: The_Reiver (button) folded before Flop (didn't bet)



PokerStars Hand #238058001857:  Hold'em No Limit ($0.02/$0.05 USD) - 2022/08/17 19:46:17 PT [2022/08/17 22:46:17 ET]
Table 'Cupido III' 9-max Seat #2 is the button
Seat 2: 0RB BR0 ($11.75 in chips) 
Seat 3: needapaddle ($5.46 in chips) 
Seat 5: cups00013 ($5.12 in chips) 
Seat 6: Dorex2007 ($6.83 in chips) 
Seat 7: RodrVilaas ($3.84 in chips) 
Seat 8: AGVsmarT ($5.77 in chips) 
Seat 9: The_Reiver ($5.10 in chips) 
needapaddle: posts small blind $0.02
cups00013: posts big blind $0.05
*** HOLE CARDS ***
Dealt to Dorex2007 [4c Qd]
Dorex2007: folds 
RodrVilaas: calls $0.05
AGVsmarT: folds 
The_Reiver: folds 
0RB BR0: folds 
needapaddle: calls $0.03
cups00013: checks 
*** FLOP *** [Ks 2d 6c]
needapaddle: checks 
cups00013: checks 
RodrVilaas: bets $0.05
needapaddle: calls $0.05
cups00013: calls $0.05
*** TURN *** [Ks 2d 6c] [Kh]
needapaddle: checks 
cups00013: checks 
RodrVilaas: bets $0.25
w3sby joins the table at seat #1 
needapaddle: calls $0.25
cups00013: folds 
*** RIVER *** [Ks 2d 6c Kh] [4d]
needapaddle: bets $0.77
RodrVilaas: calls $0.77
*** SHOW DOWN ***
needapaddle: shows [2s 2h] (a full house, Deuces full of Kings)
RodrVilaas: mucks hand 
needapaddle collected $2.24 from pot
*** SUMMARY ***
Total pot $2.34 | Rake $0.10 
Board [Ks 2d 6c Kh 4d]
Seat 2: 0RB BR0 (button) folded before Flop (didn't bet)
Seat 3: needapaddle (small blind) showed [2s 2h] and won ($2.24) with a full house, Deuces full of Kings
Seat 5: cups00013 (big blind) folded on the Turn
Seat 6: Dorex2007 folded before Flop (didn't bet)
Seat 7: RodrVilaas mucked [Kc 7h]
Seat 8: AGVsmarT folded before Flop (didn't bet)
Seat 9: The_Reiver folded before Flop (didn't bet)



PokerStars Hand #238058015866:  Hold'em No Limit ($0.02/$0.05 USD) - 2022/08/17 19:47:41 PT [2022/08/17 22:47:41 ET]
Table 'Cupido III' 9-max Seat #3 is the button
Seat 2: 0RB BR0 ($11.75 in chips) 
Seat 3: needapaddle ($6.58 in chips) 
Seat 5: cups00013 ($5.02 in chips) 
Seat 6: Dorex2007 ($6.83 in chips) 
Seat 7: RodrVilaas ($2.72 in chips) 
Seat 8: AGVsmarT ($5.77 in chips) 
Seat 9: The_Reiver ($5.10 in chips) 
cups00013: posts small blind $0.02
Dorex2007: posts big blind $0.05
w3sby: sits out 
*** HOLE CARDS ***
Dealt to Dorex2007 [2d 3d]
RodrVilaas: folds 
AGVsmarT: raises $0.12 to $0.17
The_Reiver: folds 
0RB BR0: folds 
needapaddle: folds 
cups00013: folds 
Dorex2007: folds 
Uncalled bet ($0.12) returned to AGVsmarT
AGVsmarT collected $0.12 from pot
*** SUMMARY ***
Total pot $0.12 | Rake $0 
Seat 2: 0RB BR0 folded before Flop (didn't bet)
Seat 3: needapaddle (button) folded before Flop (didn't bet)
Seat 5: cups00013 (small blind) folded before Flop
Seat 6: Dorex2007 (big blind) folded before Flop
Seat 7: RodrVilaas folded before Flop (didn't bet)
Seat 8: AGVsmarT collected ($0.12)
Seat 9: The_Reiver folded before Flop (didn't bet)



PokerStars Hand #238058022410:  Hold'em No Limit ($0.02/$0.05 USD) - 2022/08/17 19:47:57 PT [2022/08/17 22:47:57 ET]
Table 'Cupido III' 9-max Seat #5 is the button
Seat 2: 0RB BR0 ($11.75 in chips) 
Seat 3: needapaddle ($6.58 in chips) 
Seat 5: cups00013 ($5 in chips) 
Seat 6: Dorex2007 ($6.78 in chips) 
Seat 7: RodrVilaas ($2.72 in chips) 
Seat 8: AGVsmarT ($5.84 in chips) 
Seat 9: The_Reiver ($5.10 in chips) 
Dorex2007: posts small blind $0.02
RodrVilaas: posts big blind $0.05
w3sby: sits out 
*** HOLE CARDS ***
Dealt to Dorex2007 [5s 4d]
AGVsmarT: folds 
The_Reiver: folds 
0RB BR0: raises $0.05 to $0.10
needapaddle: folds 
cups00013: folds 
Dorex2007: folds 
RodrVilaas: calls $0.05
*** FLOP *** [6c 2d 5d]
Maria'sDad77 joins the table at seat #4 
RodrVilaas: checks 
0RB BR0: bets $0.10
RodrVilaas: calls $0.10
*** TURN *** [6c 2d 5d] [Td]
RodrVilaas: checks 
0RB BR0: bets $0.25
RodrVilaas: folds 
Uncalled bet ($0.25) returned to 0RB BR0
0RB BR0 collected $0.40 from pot
*** SUMMARY ***
Total pot $0.42 | Rake $0.02 
Board [6c 2d 5d Td]
Seat 2: 0RB BR0 collected ($0.40)
Seat 3: needapaddle folded before Flop (didn't bet)
Seat 5: cups00013 (button) folded before Flop (didn't bet)
Seat 6: Dorex2007 (small blind) folded before Flop
Seat 7: RodrVilaas (big blind) folded on the Turn
Seat 8: AGVsmarT folded before Flop (didn't bet)
Seat 9: The_Reiver folded before Flop (didn't bet)



PokerStars Hand #238058027737:  Hold'em No Limit ($0.02/$0.05 USD) - 2022/08/17 19:48:29 PT [2022/08/17 22:48:29 ET]
Table 'Cupido III' 9-max Seat #6 is the button
Seat 2: 0RB BR0 ($11.95 in chips) 
Seat 3: needapaddle ($6.58 in chips) 
Seat 5: cups00013 ($5 in chips) 
Seat 6: Dorex2007 ($6.76 in chips) 
Seat 7: RodrVilaas ($2.52 in chips) 
Seat 8: AGVsmarT ($5.84 in chips) 
Seat 9: The_Reiver ($5.10 in chips) 
RodrVilaas: posts small blind $0.02
AGVsmarT: posts big blind $0.05
w3sby: sits out 
Maria'sDad77: sits out 
*** HOLE CARDS ***
Dealt to Dorex2007 [Ac 8c]
The_Reiver: folds 
0RB BR0: folds 
The_Reiver leaves the table
needapaddle: folds 
cups00013: folds 
Dorex2007: raises $0.05 to $0.10
RodrVilaas: calls $0.08
AGVsmarT: folds 
*** FLOP *** [8h Ah Kc]
RodrVilaas: checks 
Dorex2007: checks 
*** TURN *** [8h Ah Kc] [Kh]
RodrVilaas: checks 
Dorex2007: checks 
*** RIVER *** [8h Ah Kc Kh] [3c]
RodrVilaas: checks 
Dorex2007: checks 
*** SHOW DOWN ***
RodrVilaas: shows [Jc Th] (a pair of Kings)
Dorex2007: shows [Ac 8c] (two pair, Aces and Kings)
Dorex2007 collected $0.24 from pot
*** SUMMARY ***
Total pot $0.25 | Rake $0.01 
Board [8h Ah Kc Kh 3c]
Seat 2: 0RB BR0 folded before Flop (didn't bet)
Seat 3: needapaddle folded before Flop (didn't bet)
Seat 5: cups00013 folded before Flop (didn't bet)
Seat 6: Dorex2007 (button) showed [Ac 8c] and won ($0.24) with two pair, Aces and Kings
Seat 7: RodrVilaas (small blind) showed [Jc Th] and lost with a pair of Kings
Seat 8: AGVsmarT (big blind) folded before Flop
Seat 9: The_Reiver folded before Flop (didn't bet)



PokerStars Hand #238058035622:  Hold'em No Limit ($0.02/$0.05 USD) - 2022/08/17 19:49:11 PT [2022/08/17 22:49:11 ET]
Table 'Cupido III' 9-max Seat #7 is the button
Seat 1: w3sby ($5 in chips) 
Seat 2: 0RB BR0 ($11.95 in chips) 
Seat 3: needapaddle ($6.58 in chips) 
Seat 5: cups00013 ($5 in chips) 
Seat 6: Dorex2007 ($6.90 in chips) 
Seat 7: RodrVilaas ($2.42 in chips) 
Seat 8: AGVsmarT ($5.79 in chips) 
AGVsmarT: posts small blind $0.02
w3sby: posts big blind $0.05
Maria'sDad77: sits out 
*** HOLE CARDS ***
Dealt to Dorex2007 [7s 3s]
0RB BR0: calls $0.05
needapaddle: raises $0.05 to $0.10
cups00013: folds 
Dorex2007: folds 
RodrVilaas: calls $0.10
AGVsmarT: calls $0.08
w3sby: folds 
0RB BR0: calls $0.05
*** FLOP *** [9s Jh 7h]
AGVsmarT: bets $0.10
0RB BR0: calls $0.10
needapaddle: calls $0.10
RodrVilaas: calls $0.10
*** TURN *** [9s Jh 7h] [2h]
AGVsmarT: checks 
0RB BR0: bets $0.10
needapaddle: folds 
RodrVilaas: folds 
AGVsmarT: folds 
Uncalled bet ($0.10) returned to 0RB BR0
0RB BR0 collected $0.81 from pot
*** SUMMARY ***
Total pot $0.85 | Rake $0.04 
Board [9s Jh 7h 2h]
Seat 1: w3sby (big blind) folded before Flop
Seat 2: 0RB BR0 collected ($0.81)
Seat 3: needapaddle folded on the Turn
Seat 5: cups00013 folded before Flop (didn't bet)
Seat 6: Dorex2007 folded before Flop (didn't bet)
Seat 7: RodrVilaas (button) folded on the Turn
Seat 8: AGVsmarT (small blind) folded on the Turn



PokerStars Hand #238058044794:  Hold'em No Limit ($0.02/$0.05 USD) - 2022/08/17 19:50:07 PT [2022/08/17 22:50:07 ET]
Table 'Cupido III' 9-max Seat #8 is the button
Seat 1: w3sby ($5 in chips) 
Seat 2: 0RB BR0 ($12.56 in chips) 
Seat 3: needapaddle ($6.38 in chips) 
Seat 5: cups00013 ($5 in chips) 
Seat 6: Dorex2007 ($6.90 in chips) 
Seat 7: RodrVilaas ($2.22 in chips) 
Seat 8: AGVsmarT ($5.59 in chips) 
w3sby: posts small blind $0.02
0RB BR0: posts big blind $0.05
Maria'sDad77: sits out 
*** HOLE CARDS ***
Dealt to Dorex2007 [2c 4d]
needapaddle: raises $0.12 to $0.17
cups00013: folds 
Dorex2007: folds 
RodrVilaas: folds 
AGVsmarT: raises $0.12 to $0.29
MOONSP3LL joins the table at seat #9 
w3sby: folds 
0RB BR0: calls $0.24
needapaddle: calls $0.12
*** FLOP *** [2s Qh Th]
0RB BR0: checks 
needapaddle: checks 
AGVsmarT: bets $0.25
0RB BR0: folds 
needapaddle: calls $0.25
*** TURN *** [2s Qh Th] [Kh]
needapaddle: bets $0.66
AGVsmarT: calls $0.66
*** RIVER *** [2s Qh Th Kh] [6s]
needapaddle: bets $1.95
AGVsmarT: folds 
Uncalled bet ($1.95) returned to needapaddle
needapaddle collected $2.60 from pot
*** SUMMARY ***
Total pot $2.71 | Rake $0.11 
Board [2s Qh Th Kh 6s]
Seat 1: w3sby (small blind) folded before Flop
Seat 2: 0RB BR0 (big blind) folded on the Flop
Seat 3: needapaddle collected ($2.60)
Seat 5: cups00013 folded before Flop (didn't bet)
Seat 6: Dorex2007 folded before Flop (didn't bet)
Seat 7: RodrVilaas folded before Flop (didn't bet)
Seat 8: AGVsmarT (button) folded on the River



PokerStars Hand #238058060676:  Hold'em No Limit ($0.02/$0.05 USD) - 2022/08/17 19:51:42 PT [2022/08/17 22:51:42 ET]
Table 'Cupido III' 9-max Seat #1 is the button
Seat 1: w3sby ($5 in chips) 
Seat 2: 0RB BR0 ($12.27 in chips) 
Seat 3: needapaddle ($7.78 in chips) 
Seat 5: cups00013 ($5 in chips) 
Seat 6: Dorex2007 ($6.90 in chips) 
Seat 7: RodrVilaas ($2.22 in chips) 
Seat 8: AGVsmarT ($4.39 in chips) 
0RB BR0: posts small blind $0.02
needapaddle: posts big blind $0.05
Maria'sDad77: sits out 
MOONSP3LL: sits out 
*** HOLE CARDS ***
Dealt to Dorex2007 [7c 3c]
cups00013: folds 
Dorex2007: folds 
RodrVilaas: calls $0.05
AGVsmarT: folds 
w3sby has timed out
w3sby: folds 
0RB BR0: folds 
needapaddle: checks 
*** FLOP *** [9c Ac 8d]
needapaddle: bets $0.06
RodrVilaas: calls $0.06
*** TURN *** [9c Ac 8d] [Ks]
needapaddle: checks 
RodrVilaas: checks 
*** RIVER *** [9c Ac 8d Ks] [Td]
needapaddle: checks 
RodrVilaas: checks 
*** SHOW DOWN ***
needapaddle: shows [Ts Jd] (a pair of Tens)
RodrVilaas: mucks hand 
needapaddle collected $0.23 from pot
*** SUMMARY ***
Total pot $0.24 | Rake $0.01 
Board [9c Ac 8d Ks Td]
Seat 1: w3sby (button) folded before Flop (didn't bet)
Seat 2: 0RB BR0 (small blind) folded before Flop
Seat 3: needapaddle (big blind) showed [Ts Jd] and won ($0.23) with a pair of Tens
Seat 5: cups00013 folded before Flop (didn't bet)
Seat 6: Dorex2007 folded before Flop (didn't bet)
Seat 7: RodrVilaas mucked [5c 8c]
Seat 8: AGVsmarT folded before Flop (didn't bet)



PokerStars Hand #238058068247:  Hold'em No Limit ($0.02/$0.05 USD) - 2022/08/17 19:52:28 PT [2022/08/17 22:52:28 ET]
Table 'Cupido III' 9-max Seat #2 is the button
Seat 2: 0RB BR0 ($12.25 in chips) 
Seat 3: needapaddle ($7.90 in chips) 
Seat 4: Maria'sDad77 ($4 in chips) 
Seat 5: cups00013 ($5 in chips) 
Seat 6: Dorex2007 ($6.90 in chips) 
Seat 7: RodrVilaas ($2.11 in chips) 
Seat 8: AGVsmarT ($4.39 in chips) 
needapaddle: posts small blind $0.02
Maria'sDad77: posts big blind $0.05
MOONSP3LL: sits out 
*** HOLE CARDS ***
Dealt to Dorex2007 [4c 8h]
cups00013: folds 
Dorex2007: folds 
RodrVilaas: calls $0.05
AGVsmarT: calls $0.05
0RB BR0: calls $0.05
needapaddle: calls $0.03
Maria'sDad77: checks 
*** FLOP *** [8s Js 6c]
needapaddle: checks 
Maria'sDad77: checks 
RodrVilaas: checks 
AGVsmarT: bets $0.24
0RB BR0: calls $0.24
needapaddle: calls $0.24
Maria'sDad77: folds 
RodrVilaas: folds 
*** TURN *** [8s Js 6c] [Ad]
needapaddle: checks 
AGVsmarT: bets $0.15
0RB BR0: calls $0.15
needapaddle: calls $0.15
*** RIVER *** [8s Js 6c Ad] [2c]
needapaddle: checks 
AGVsmarT: checks 
0RB BR0: checks 
*** SHOW DOWN ***
needapaddle: shows [6s Qs] (a pair of Sixes)
AGVsmarT: shows [Th Jh] (a pair of Jacks)
0RB BR0: mucks hand 
AGVsmarT collected $1.36 from pot
*** SUMMARY ***
Total pot $1.42 | Rake $0.06 
Board [8s Js 6c Ad 2c]
Seat 2: 0RB BR0 (button) mucked [5s 7s]
Seat 3: needapaddle (small blind) showed [6s Qs] and lost with a pair of Sixes
Seat 4: Maria'sDad77 (big blind) folded on the Flop
Seat 5: cups00013 folded before Flop (didn't bet)
Seat 6: Dorex2007 folded before Flop (didn't bet)
Seat 7: RodrVilaas folded on the Flop
Seat 8: AGVsmarT showed [Th Jh] and won ($1.36) with a pair of Jacks



PokerStars Hand #238058083142:  Hold'em No Limit ($0.02/$0.05 USD) - 2022/08/17 19:53:59 PT [2022/08/17 22:53:59 ET]
Table 'Cupido III' 9-max Seat #3 is the button
Seat 1: w3sby ($5 in chips) 
Seat 2: 0RB BR0 ($11.81 in chips) 
Seat 3: needapaddle ($7.46 in chips) 
Seat 4: Maria'sDad77 ($4 in chips) 
Seat 5: cups00013 ($5 in chips) 
Seat 6: Dorex2007 ($6.90 in chips) 
Seat 7: RodrVilaas ($2.06 in chips) 
Seat 8: AGVsmarT ($5.31 in chips) 
Maria'sDad77: posts small blind $0.02
cups00013: posts big blind $0.05
MOONSP3LL: sits out 
*** HOLE CARDS ***
Dealt to Dorex2007 [3d 7d]
Dorex2007: folds 
RodrVilaas: folds 
AGVsmarT: calls $0.05
w3sby: raises $0.15 to $0.20
0RB BR0: folds 
needapaddle: calls $0.20
Maria'sDad77: folds 
cups00013: folds 
AGVsmarT: folds 
*** FLOP *** [Jc Qh 9d]
w3sby: checks 
needapaddle: bets $0.25
w3sby: folds 
Uncalled bet ($0.25) returned to needapaddle
needapaddle collected $0.50 from pot
*** SUMMARY ***
Total pot $0.52 | Rake $0.02 
Board [Jc Qh 9d]
Seat 1: w3sby folded on the Flop
Seat 2: 0RB BR0 folded before Flop (didn't bet)
Seat 3: needapaddle (button) collected ($0.50)
Seat 4: Maria'sDad77 (small blind) folded before Flop
Seat 5: cups00013 (big blind) folded before Flop
Seat 6: Dorex2007 folded before Flop (didn't bet)
Seat 7: RodrVilaas folded before Flop (didn't bet)
Seat 8: AGVsmarT folded before Flop



PokerStars Hand #238058089078:  Hold'em No Limit ($0.02/$0.05 USD) - 2022/08/17 19:54:35 PT [2022/08/17 22:54:35 ET]
Table 'Cupido III' 9-max Seat #4 is the button
Seat 1: w3sby ($5 in chips) 
Seat 2: 0RB BR0 ($11.81 in chips) 
Seat 3: needapaddle ($7.76 in chips) 
Seat 4: Maria'sDad77 ($4 in chips) 
Seat 5: cups00013 ($5 in chips) 
Seat 6: Dorex2007 ($6.90 in chips) 
Seat 7: RodrVilaas ($2.06 in chips) 
Seat 8: AGVsmarT ($5.26 in chips) 
cups00013: posts small blind $0.02
Dorex2007: posts big blind $0.05
MOONSP3LL: sits out 
*** HOLE CARDS ***
Dealt to Dorex2007 [Th 4d]
RodrVilaas: calls $0.05
AGVsmarT: raises $0.17 to $0.22
w3sby: folds 
0RB BR0: folds 
needapaddle: folds 
Maria'sDad77 has timed out
Maria'sDad77: folds 
cups00013: folds 
Dorex2007: folds 
RodrVilaas: folds 
Uncalled bet ($0.17) returned to AGVsmarT
AGVsmarT collected $0.17 from pot
*** SUMMARY ***
Total pot $0.17 | Rake $0 
Seat 1: w3sby folded before Flop (didn't bet)
Seat 2: 0RB BR0 folded before Flop (didn't bet)
Seat 3: needapaddle folded before Flop (didn't bet)
Seat 4: Maria'sDad77 (button) folded before Flop (didn't bet)
Seat 5: cups00013 (small blind) folded before Flop
Seat 6: Dorex2007 (big blind) folded before Flop
Seat 7: RodrVilaas folded before Flop
Seat 8: AGVsmarT collected ($0.17)



PokerStars Hand #238058094141:  Hold'em No Limit ($0.02/$0.05 USD) - 2022/08/17 19:55:07 PT [2022/08/17 22:55:07 ET]
Table 'Cupido III' 9-max Seat #5 is the button
Seat 1: w3sby ($5 in chips) 
Seat 2: 0RB BR0 ($11.81 in chips) 
Seat 3: needapaddle ($7.76 in chips) 
Seat 4: Maria'sDad77 ($4 in chips) 
Seat 5: cups00013 ($5 in chips) 
Seat 6: Dorex2007 ($6.85 in chips) 
Seat 7: RodrVilaas ($2.01 in chips) 
Seat 8: AGVsmarT ($5.38 in chips) 
Dorex2007: posts small blind $0.02
RodrVilaas: posts big blind $0.05
MOONSP3LL: sits out 
*** HOLE CARDS ***
Dealt to Dorex2007 [7h 9c]
AGVsmarT: folds 
w3sby: raises $0.10 to $0.15
0RB BR0: folds 
needapaddle: folds 
Maria'sDad77: folds 
cups00013: folds 
Dorex2007: folds 
RodrVilaas: folds 
Uncalled bet ($0.10) returned to w3sby
w3sby collected $0.12 from pot
w3sby: doesn't show hand 
*** SUMMARY ***
Total pot $0.12 | Rake $0 
Seat 1: w3sby collected ($0.12)
Seat 2: 0RB BR0 folded before Flop (didn't bet)
Seat 3: needapaddle folded before Flop (didn't bet)
Seat 4: Maria'sDad77 folded before Flop (didn't bet)
Seat 5: cups00013 (button) folded before Flop (didn't bet)
Seat 6: Dorex2007 (small blind) folded before Flop
Seat 7: RodrVilaas (big blind) folded before Flop
Seat 8: AGVsmarT folded before Flop (didn't bet)



PokerStars Hand #238058098629:  Hold'em No Limit ($0.02/$0.05 USD) - 2022/08/17 19:55:38 PT [2022/08/17 22:55:38 ET]
Table 'Cupido III' 9-max Seat #6 is the button
Seat 1: w3sby ($5.07 in chips) 
Seat 2: 0RB BR0 ($11.81 in chips) 
Seat 3: needapaddle ($7.76 in chips) 
Seat 4: Maria'sDad77 ($4 in chips) 
Seat 5: cups00013 ($5 in chips) 
Seat 6: Dorex2007 ($6.83 in chips) 
Seat 7: RodrVilaas ($1.96 in chips) 
Seat 8: AGVsmarT ($5.38 in chips) 
RodrVilaas: posts small blind $0.02
AGVsmarT: posts big blind $0.05
MOONSP3LL: sits out 
*** HOLE CARDS ***
Dealt to Dorex2007 [7d 2c]
w3sby: folds 
0RB BR0: folds 
needapaddle: folds 
Maria'sDad77: folds 
cups00013: folds 
Dorex2007: folds 
RodrVilaas: folds 
Uncalled bet ($0.03) returned to AGVsmarT
AGVsmarT collected $0.04 from pot
*** SUMMARY ***
Total pot $0.04 | Rake $0 
Seat 1: w3sby folded before Flop (didn't bet)
Seat 2: 0RB BR0 folded before Flop (didn't bet)
Seat 3: needapaddle folded before Flop (didn't bet)
Seat 4: Maria'sDad77 folded before Flop (didn't bet)
Seat 5: cups00013 folded before Flop (didn't bet)
Seat 6: Dorex2007 (button) folded before Flop (didn't bet)
Seat 7: RodrVilaas (small blind) folded before Flop
Seat 8: AGVsmarT (big blind) collected ($0.04)



PokerStars Hand #238058100910:  Hold'em No Limit ($0.02/$0.05 USD) - 2022/08/17 19:55:55 PT [2022/08/17 22:55:55 ET]
Table 'Cupido III' 9-max Seat #7 is the button
Seat 1: w3sby ($5.07 in chips) 
Seat 2: 0RB BR0 ($11.81 in chips) 
Seat 3: needapaddle ($7.76 in chips) 
Seat 4: Maria'sDad77 ($4 in chips) 
Seat 5: cups00013 ($5 in chips) 
Seat 6: Dorex2007 ($6.83 in chips) 
Seat 7: RodrVilaas ($1.94 in chips) 
Seat 8: AGVsmarT ($5.40 in chips) 
Seat 9: MOONSP3LL ($3.29 in chips) 
AGVsmarT: posts small blind $0.02
MOONSP3LL: posts big blind $0.05
*** HOLE CARDS ***
Dealt to Dorex2007 [6d 3c]
w3sby: folds 
0RB BR0: folds 
needapaddle: folds 
Maria'sDad77: folds 
cups00013: folds 
Dorex2007: folds 
RodrVilaas: calls $0.05
AGVsmarT: folds 
MOONSP3LL: raises $0.15 to $0.20
RodrVilaas: raises $0.45 to $0.65
MOONSP3LL: calls $0.45
*** FLOP *** [3d Qd Td]
MOONSP3LL: checks 
RodrVilaas: bets $0.35
MOONSP3LL: folds 
Uncalled bet ($0.35) returned to RodrVilaas
RodrVilaas collected $1.27 from pot
*** SUMMARY ***
Total pot $1.32 | Rake $0.05 
Board [3d Qd Td]
Seat 1: w3sby folded before Flop (didn't bet)
Seat 2: 0RB BR0 folded before Flop (didn't bet)
Seat 3: needapaddle folded before Flop (didn't bet)
Seat 4: Maria'sDad77 folded before Flop (didn't bet)
Seat 5: cups00013 folded before Flop (didn't bet)
Seat 6: Dorex2007 folded before Flop (didn't bet)
Seat 7: RodrVilaas (button) collected ($1.27)
Seat 8: AGVsmarT (small blind) folded before Flop
Seat 9: MOONSP3LL (big blind) folded on the Flop



PokerStars Hand #238058113010:  Hold'em No Limit ($0.02/$0.05 USD) - 2022/08/17 19:56:50 PT [2022/08/17 22:56:50 ET]
Table 'Cupido III' 9-max Seat #8 is the button
Seat 1: w3sby ($5.07 in chips) 
Seat 2: 0RB BR0 ($11.81 in chips) 
Seat 3: needapaddle ($7.76 in chips) 
Seat 4: Maria'sDad77 ($4 in chips) 
Seat 5: cups00013 ($5 in chips) 
Seat 6: Dorex2007 ($6.83 in chips) 
Seat 7: RodrVilaas ($2.56 in chips) 
Seat 8: AGVsmarT ($5.38 in chips) 
Seat 9: MOONSP3LL ($2.64 in chips) 
MOONSP3LL: posts small blind $0.02
w3sby: posts big blind $0.05
*** HOLE CARDS ***
Dealt to Dorex2007 [Ah Qh]
0RB BR0: calls $0.05
needapaddle has timed out
needapaddle: folds 
Maria'sDad77: folds 
cups00013: folds 
Dorex2007: calls $0.05
RodrVilaas: raises $0.15 to $0.20
AGVsmarT: folds 
MOONSP3LL: folds 
w3sby: folds 
0RB BR0: calls $0.15
Dorex2007: calls $0.15
*** FLOP *** [2d 6h 3s]
0RB BR0: bets $0.10
Dorex2007: folds 
RodrVilaas: raises $0.45 to $0.55
needapaddle is disconnected 
0RB BR0: raises $11.06 to $11.61 and is all-in
RodrVilaas: calls $1.81 and is all-in
Uncalled bet ($9.25) returned to 0RB BR0
*** TURN *** [2d 6h 3s] [8d]
*** RIVER *** [2d 6h 3s 8d] [8s]
*** SHOW DOWN ***
0RB BR0: shows [Ad 6d] (two pair, Eights and Sixes)
RodrVilaas: shows [9s 9d] (two pair, Nines and Eights)
RodrVilaas cashed out the hand for $3.85 | Cash Out Fee $0.04
*** SUMMARY ***
Total pot $5.39 | Rake $0.22 
Board [2d 6h 3s 8d 8s]
Seat 1: w3sby (big blind) folded before Flop
Seat 2: 0RB BR0 showed [Ad 6d] and lost with two pair, Eights and Sixes
Seat 3: needapaddle folded before Flop (didn't bet)
Seat 4: Maria'sDad77 folded before Flop (didn't bet)
Seat 5: cups00013 folded before Flop (didn't bet)
Seat 6: Dorex2007 folded on the Flop
Seat 7: RodrVilaas showed [9s 9d] and won ($5.17) with two pair, Nines and Eights (pot not awarded as player cashed out)
Seat 8: AGVsmarT (button) folded before Flop (didn't bet)
Seat 9: MOONSP3LL (small blind) folded before Flop



PokerStars Hand #238058124732:  Hold'em No Limit ($0.02/$0.05 USD) - 2022/08/17 19:58:06 PT [2022/08/17 22:58:06 ET]
Table 'Cupido III' 9-max Seat #9 is the button
Seat 1: w3sby ($5.02 in chips) 
Seat 2: 0RB BR0 ($9.25 in chips) 
Seat 3: needapaddle ($7.76 in chips) 
Seat 4: Maria'sDad77 ($4 in chips) 
Seat 5: cups00013 ($5 in chips) 
Seat 6: Dorex2007 ($6.63 in chips) 
Seat 7: RodrVilaas ($3.85 in chips) 
Seat 8: AGVsmarT ($5.38 in chips) 
Seat 9: MOONSP3LL ($2.62 in chips) 
w3sby: posts small blind $0.02
0RB BR0: posts big blind $0.05
*** HOLE CARDS ***
Dealt to Dorex2007 [Qs Tc]
needapaddle: folds 
Maria'sDad77: folds 
cups00013: folds 
Dorex2007: folds 
RodrVilaas: folds 
AGVsmarT: folds 
MOONSP3LL: folds 
w3sby: raises $0.10 to $0.15
0RB BR0: folds 
Uncalled bet ($0.10) returned to w3sby
w3sby collected $0.10 from pot
w3sby: doesn't show hand 
*** SUMMARY ***
Total pot $0.10 | Rake $0 
Seat 1: w3sby (small blind) collected ($0.10)
Seat 2: 0RB BR0 (big blind) folded before Flop
Seat 3: needapaddle folded before Flop (didn't bet)
Seat 4: Maria'sDad77 folded before Flop (didn't bet)
Seat 5: cups00013 folded before Flop (didn't bet)
Seat 6: Dorex2007 folded before Flop (didn't bet)
Seat 7: RodrVilaas folded before Flop (didn't bet)
Seat 8: AGVsmarT folded before Flop (didn't bet)
Seat 9: MOONSP3LL (button) folded before Flop (didn't bet)



PokerStars Hand #238058128454:  Hold'em No Limit ($0.02/$0.05 USD) - 2022/08/17 19:58:33 PT [2022/08/17 22:58:33 ET]
Table 'Cupido III' 9-max Seat #1 is the button
Seat 1: w3sby ($5.07 in chips) 
Seat 2: 0RB BR0 ($9.20 in chips) 
Seat 3: needapaddle ($7.76 in chips) 
Seat 4: Maria'sDad77 ($4 in chips) 
Seat 5: cups00013 ($5 in chips) 
Seat 6: Dorex2007 ($6.63 in chips) 
Seat 7: RodrVilaas ($3.85 in chips) 
Seat 8: AGVsmarT ($5.38 in chips) 
Seat 9: MOONSP3LL ($2.62 in chips) 
0RB BR0: posts small blind $0.02
needapaddle: posts big blind $0.05
*** HOLE CARDS ***
Dealt to Dorex2007 [Kc 4c]
Maria'sDad77: folds 
cups00013: folds 
Dorex2007: folds 
RodrVilaas: folds 
RodrVilaas leaves the table
AGVsmarT: folds 
MOONSP3LL: folds 
w3sby: raises $0.06 to $0.11
0RB BR0: folds 
needapaddle: folds 
Uncalled bet ($0.06) returned to w3sby
w3sby collected $0.12 from pot
w3sby: doesn't show hand 
*** SUMMARY ***
Total pot $0.12 | Rake $0 
Seat 1: w3sby (button) collected ($0.12)
Seat 2: 0RB BR0 (small blind) folded before Flop
Seat 3: needapaddle (big blind) folded before Flop
Seat 4: Maria'sDad77 folded before Flop (didn't bet)
Seat 5: cups00013 folded before Flop (didn't bet)
Seat 6: Dorex2007 folded before Flop (didn't bet)
Seat 7: RodrVilaas folded before Flop (didn't bet)
Seat 8: AGVsmarT folded before Flop (didn't bet)
Seat 9: MOONSP3LL folded before Flop (didn't bet)



PokerStars Hand #238058134380:  Hold'em No Limit ($0.02/$0.05 USD) - 2022/08/17 19:59:17 PT [2022/08/17 22:59:17 ET]
Table 'Cupido III' 9-max Seat #2 is the button
Seat 1: w3sby ($5.14 in chips) 
Seat 2: 0RB BR0 ($9.18 in chips) 
Seat 3: needapaddle ($7.71 in chips) 
Seat 4: Maria'sDad77 ($4 in chips) 
Seat 5: cups00013 ($5 in chips) 
Seat 6: Dorex2007 ($6.63 in chips) 
Seat 8: AGVsmarT ($5.38 in chips) 
Seat 9: MOONSP3LL ($2.62 in chips) 
needapaddle: posts small blind $0.02
Maria'sDad77: posts big blind $0.05
*** HOLE CARDS ***
Dealt to Dorex2007 [5s 4d]
cups00013: folds 
Dorex2007: folds 
AGVsmarT: folds 
MOONSP3LL: folds 
w3sby: raises $0.07 to $0.12
0RB BR0: calls $0.12
needapaddle: folds 
Maria'sDad77: folds 
*** FLOP *** [Kc 3h Kd]
w3sby: checks 
0RB BR0: checks 
*** TURN *** [Kc 3h Kd] [8d]
w3sby: checks 
0RB BR0: checks 
*** RIVER *** [Kc 3h Kd 8d] [5d]
w3sby: checks 
0RB BR0: checks 
*** SHOW DOWN ***
w3sby: shows [4c 5c] (two pair, Kings and Fives)
0RB BR0: mucks hand 
w3sby collected $0.30 from pot
*** SUMMARY ***
Total pot $0.31 | Rake $0.01 
Board [Kc 3h Kd 8d 5d]
Seat 1: w3sby showed [4c 5c] and won ($0.30) with two pair, Kings and Fives
Seat 2: 0RB BR0 (button) mucked [Qs Jc]
Seat 3: needapaddle (small blind) folded before Flop
Seat 4: Maria'sDad77 (big blind) folded before Flop
Seat 5: cups00013 folded before Flop (didn't bet)
Seat 6: Dorex2007 folded before Flop (didn't bet)
Seat 8: AGVsmarT folded before Flop (didn't bet)
Seat 9: MOONSP3LL folded before Flop (didn't bet)



PokerStars Hand #238058148906:  Hold'em No Limit ($0.02/$0.05 USD) - 2022/08/17 20:00:57 PT [2022/08/17 23:00:57 ET]
Table 'Cupido III' 9-max Seat #3 is the button
Seat 1: w3sby ($5.32 in chips) 
Seat 2: 0RB BR0 ($9.06 in chips) 
Seat 3: needapaddle ($7.69 in chips) 
Seat 4: Maria'sDad77 ($4 in chips) 
Seat 5: cups00013 ($5 in chips) 
Seat 6: Dorex2007 ($6.63 in chips) 
Seat 8: AGVsmarT ($5.38 in chips) 
Seat 9: MOONSP3LL ($2.62 in chips) 
Maria'sDad77: posts small blind $0.02
cups00013: posts big blind $0.05
*** HOLE CARDS ***
Dealt to Dorex2007 [4h Qd]
Dorex2007: folds 
AGVsmarT has timed out
AGVsmarT: folds 
MOONSP3LL: folds 
w3sby: folds 
0RB BR0: calls $0.05
needapaddle: raises $0.05 to $0.10
Maria'sDad77: folds 
cups00013: calls $0.05
0RB BR0: calls $0.05
*** FLOP *** [Qc 7c Jd]
cups00013: checks 
0RB BR0: bets $0.05
needapaddle: raises $0.05 to $0.10
cups00013: folds 
0RB BR0: calls $0.05
*** TURN *** [Qc 7c Jd] [5c]
Maria'sDad77 leaves the table
0RB BR0: checks 
needapaddle: bets $0.50
0RB BR0: folds 
Uncalled bet ($0.50) returned to needapaddle
needapaddle collected $0.50 from pot
*** SUMMARY ***
Total pot $0.52 | Rake $0.02 
Board [Qc 7c Jd 5c]
Seat 1: w3sby folded before Flop (didn't bet)
Seat 2: 0RB BR0 folded on the Turn
Seat 3: needapaddle (button) collected ($0.50)
Seat 4: Maria'sDad77 (small blind) folded before Flop
Seat 5: cups00013 (big blind) folded on the Flop
Seat 6: Dorex2007 folded before Flop (didn't bet)
Seat 8: AGVsmarT folded before Flop (didn't bet)
Seat 9: MOONSP3LL folded before Flop (didn't bet)



PokerStars Hand #238058164216:  Hold'em No Limit ($0.02/$0.05 USD) - 2022/08/17 20:02:34 PT [2022/08/17 23:02:34 ET]
Table 'Cupido III' 9-max Seat #5 is the button
Seat 1: w3sby ($5.32 in chips) 
Seat 2: 0RB BR0 ($8.86 in chips) 
Seat 3: needapaddle ($7.99 in chips) 
Seat 5: cups00013 ($5 in chips) 
Seat 6: Dorex2007 ($6.63 in chips) 
Seat 9: MOONSP3LL ($2.62 in chips) 
Dorex2007: posts small blind $0.02
MOONSP3LL: posts big blind $0.05
*** HOLE CARDS ***
Dealt to Dorex2007 [6s 6h]
w3sby: raises $0.10 to $0.15
0RB BR0: folds 
needapaddle: calls $0.15
cups00013: folds 
Dorex2007: folds 
MOONSP3LL: calls $0.10
*** FLOP *** [8c 2d 2c]
MOONSP3LL: checks 
w3sby: bets $0.22
needapaddle: folds 
kdu paliva joins the table at seat #4 
MOONSP3LL: folds 
Uncalled bet ($0.22) returned to w3sby
w3sby collected $0.45 from pot
w3sby: doesn't show hand 
*** SUMMARY ***
Total pot $0.47 | Rake $0.02 
Board [8c 2d 2c]
Seat 1: w3sby collected ($0.45)
Seat 2: 0RB BR0 folded before Flop (didn't bet)
Seat 3: needapaddle folded on the Flop
Seat 5: cups00013 (button) folded before Flop (didn't bet)
Seat 6: Dorex2007 (small blind) folded before Flop
Seat 9: MOONSP3LL (big blind) folded on the Flop



PokerStars Hand #238058172001:  Hold'em No Limit ($0.02/$0.05 USD) - 2022/08/17 20:03:23 PT [2022/08/17 23:03:23 ET]
Table 'Cupido III' 9-max Seat #6 is the button
Seat 1: w3sby ($5.62 in chips) 
Seat 2: 0RB BR0 ($8.86 in chips) 
Seat 3: needapaddle ($7.84 in chips) 
Seat 4: kdu paliva ($5 in chips) 
Seat 5: cups00013 ($5 in chips) 
Seat 6: Dorex2007 ($6.61 in chips) 
Seat 9: MOONSP3LL ($2.47 in chips) 
MOONSP3LL: posts small blind $0.02
w3sby: posts big blind $0.05
kdu paliva: posts big blind $0.05
*** HOLE CARDS ***
Dealt to Dorex2007 [Tc 8d]
0RB BR0: folds 
needapaddle: raises $0.05 to $0.10
kdu paliva: folds 
cups00013: folds 
Dorex2007: folds 
MOONSP3LL: folds 
w3sby: folds 
Uncalled bet ($0.05) returned to needapaddle
needapaddle collected $0.17 from pot
*** SUMMARY ***
Total pot $0.17 | Rake $0 
Seat 1: w3sby (big blind) folded before Flop
Seat 2: 0RB BR0 folded before Flop (didn't bet)
Seat 3: needapaddle collected ($0.17)
Seat 4: kdu paliva folded before Flop (didn't bet)
Seat 5: cups00013 folded before Flop (didn't bet)
Seat 6: Dorex2007 (button) folded before Flop (didn't bet)
Seat 9: MOONSP3LL (small blind) folded before Flop



PokerStars Hand #238058175852:  Hold'em No Limit ($0.02/$0.05 USD) - 2022/08/17 20:03:48 PT [2022/08/17 23:03:48 ET]
Table 'Cupido III' 9-max Seat #9 is the button
Seat 1: w3sby ($5.57 in chips) 
Seat 2: 0RB BR0 ($8.86 in chips) 
Seat 3: needapaddle ($7.96 in chips) 
Seat 4: kdu paliva ($4.95 in chips) 
Seat 5: cups00013 ($5 in chips) 
Seat 6: Dorex2007 ($6.61 in chips) 
Seat 9: MOONSP3LL ($2.45 in chips) 
w3sby: posts small blind $0.02
0RB BR0: posts big blind $0.05
*** HOLE CARDS ***
Dealt to Dorex2007 [Kc 3c]
needapaddle: folds 
kdu paliva: raises $0.10 to $0.15
cups00013: folds 
needapaddle leaves the table
Dorex2007: folds 
MOONSP3LL: calls $0.15
w3sby: folds 
0RB BR0: folds 
*** FLOP *** [7h As Ad]
kdu paliva: checks 
MOONSP3LL: checks 
*** TURN *** [7h As Ad] [8d]
kdu paliva: checks 
MOONSP3LL: bets $0.12
kdu paliva: calls $0.12
*** RIVER *** [7h As Ad 8d] [Ah]
kdu paliva: bets $0.30
MOONSP3LL: calls $0.30
*** SHOW DOWN ***
kdu paliva: shows [Qh Qc] (a full house, Aces full of Queens)
MOONSP3LL: mucks hand 
kdu paliva collected $1.16 from pot
*** SUMMARY ***
Total pot $1.21 | Rake $0.05 
Board [7h As Ad 8d Ah]
Seat 1: w3sby (small blind) folded before Flop
Seat 2: 0RB BR0 (big blind) folded before Flop
Seat 3: needapaddle folded before Flop (didn't bet)
Seat 4: kdu paliva showed [Qh Qc] and won ($1.16) with a full house, Aces full of Queens
Seat 5: cups00013 folded before Flop (didn't bet)
Seat 6: Dorex2007 folded before Flop (didn't bet)
Seat 9: MOONSP3LL (button) mucked [4s 4c]



PokerStars Hand #238058186003:  Hold'em No Limit ($0.02/$0.05 USD) - 2022/08/17 20:04:51 PT [2022/08/17 23:04:51 ET]
Table 'Cupido III' 9-max Seat #1 is the button
Seat 1: w3sby ($5.55 in chips) 
Seat 2: 0RB BR0 ($8.81 in chips) 
Seat 4: kdu paliva ($5.54 in chips) 
Seat 5: cups00013 ($5 in chips) 
Seat 6: Dorex2007 ($6.61 in chips) 
Seat 9: MOONSP3LL ($1.88 in chips) 
0RB BR0: posts small blind $0.02
kdu paliva: posts big blind $0.05
*** HOLE CARDS ***
Dealt to Dorex2007 [Jh 7c]
cups00013: folds 
Dorex2007: folds 
MOONSP3LL: raises $0.07 to $0.12
w3sby: folds 
0RB BR0: calls $0.10
kdu paliva: calls $0.07
*** FLOP *** [2d 6s 8s]
0RB BR0: checks 
kdu paliva: checks 
MOONSP3LL: bets $0.18
0RB BR0: folds 
kdu paliva: folds 
Uncalled bet ($0.18) returned to MOONSP3LL
MOONSP3LL collected $0.35 from pot
MOONSP3LL: doesn't show hand 
*** SUMMARY ***
Total pot $0.36 | Rake $0.01 
Board [2d 6s 8s]
Seat 1: w3sby (button) folded before Flop (didn't bet)
Seat 2: 0RB BR0 (small blind) folded on the Flop
Seat 4: kdu paliva (big blind) folded on the Flop
Seat 5: cups00013 folded before Flop (didn't bet)
Seat 6: Dorex2007 folded before Flop (didn't bet)
Seat 9: MOONSP3LL collected ($0.35)



PokerStars Hand #238058191124:  Hold'em No Limit ($0.02/$0.05 USD) - 2022/08/17 20:05:23 PT [2022/08/17 23:05:23 ET]
Table 'Cupido III' 9-max Seat #2 is the button
Seat 1: w3sby ($5.55 in chips) 
Seat 2: 0RB BR0 ($8.69 in chips) 
Seat 4: kdu paliva ($5.42 in chips) 
Seat 5: cups00013 ($5 in chips) 
Seat 6: Dorex2007 ($6.61 in chips) 
Seat 9: MOONSP3LL ($2.11 in chips) 
kdu paliva: posts small blind $0.02
cups00013: posts big blind $0.05
*** HOLE CARDS ***
Dealt to Dorex2007 [8c 9s]
Dorex2007: folds 
MOONSP3LL: folds 
w3sby: raises $0.07 to $0.12
0RB BR0: folds 
kdu paliva: folds 
cups00013: folds 
Uncalled bet ($0.07) returned to w3sby
w3sby collected $0.12 from pot
w3sby: doesn't show hand 
*** SUMMARY ***
Total pot $0.12 | Rake $0 
Seat 1: w3sby collected ($0.12)
Seat 2: 0RB BR0 (button) folded before Flop (didn't bet)
Seat 4: kdu paliva (small blind) folded before Flop
Seat 5: cups00013 (big blind) folded before Flop
Seat 6: Dorex2007 folded before Flop (didn't bet)
Seat 9: MOONSP3LL folded before Flop (didn't bet)



PokerStars Hand #238058201572:  Hold'em No Limit ($0.02/$0.05 USD) - 2022/08/17 20:05:49 PT [2022/08/17 23:05:49 ET]
Table 'Cupido III' 9-max Seat #4 is the button
Seat 1: w3sby ($5.62 in chips) 
Seat 2: 0RB BR0 ($8.69 in chips) 
Seat 4: kdu paliva ($5.40 in chips) 
Seat 5: cups00013 ($5 in chips) 
Seat 6: Dorex2007 ($6.61 in chips) 
Seat 9: MOONSP3LL ($2.11 in chips) 
cups00013: posts small blind $0.02
Dorex2007: posts big blind $0.05
*** HOLE CARDS ***
Dealt to Dorex2007 [2h 9c]
MOONSP3LL: folds 
w3sby: folds 
0RB BR0: folds 
kdu paliva: folds 
cups00013: raises $0.10 to $0.15
Dorex2007: folds 
Uncalled bet ($0.10) returned to cups00013
cups00013 collected $0.10 from pot
cups00013: doesn't show hand 
*** SUMMARY ***
Total pot $0.10 | Rake $0 
Seat 1: w3sby folded before Flop (didn't bet)
Seat 2: 0RB BR0 folded before Flop (didn't bet)
Seat 4: kdu paliva (button) folded before Flop (didn't bet)
Seat 5: cups00013 (small blind) collected ($0.10)
Seat 6: Dorex2007 (big blind) folded before Flop
Seat 9: MOONSP3LL folded before Flop (didn't bet)



PokerStars Hand #238058204795:  Hold'em No Limit ($0.02/$0.05 USD) - 2022/08/17 20:06:09 PT [2022/08/17 23:06:09 ET]
Table 'Cupido III' 9-max Seat #5 is the button
Seat 1: w3sby ($5.62 in chips) 
Seat 2: 0RB BR0 ($8.69 in chips) 
Seat 4: kdu paliva ($5.40 in chips) 
Seat 5: cups00013 ($5.05 in chips) 
Seat 6: Dorex2007 ($6.56 in chips) 
Seat 9: MOONSP3LL ($2.11 in chips) 
Dorex2007: posts small blind $0.02
MOONSP3LL: posts big blind $0.05
*** HOLE CARDS ***
Dealt to Dorex2007 [7s 2s]
w3sby: folds 
0RB BR0: folds 
kdu paliva: folds 
cups00013: folds 
Dorex2007: folds 
Uncalled bet ($0.03) returned to MOONSP3LL
MOONSP3LL collected $0.04 from pot
MOONSP3LL: doesn't show hand 
*** SUMMARY ***
Total pot $0.04 | Rake $0 
Seat 1: w3sby folded before Flop (didn't bet)
Seat 2: 0RB BR0 folded before Flop (didn't bet)
Seat 4: kdu paliva folded before Flop (didn't bet)
Seat 5: cups00013 (button) folded before Flop (didn't bet)
Seat 6: Dorex2007 (small blind) folded before Flop
Seat 9: MOONSP3LL (big blind) collected ($0.04)



PokerStars Hand #238058207072:  Hold'em No Limit ($0.02/$0.05 USD) - 2022/08/17 20:06:24 PT [2022/08/17 23:06:24 ET]
Table 'Cupido III' 9-max Seat #6 is the button
Seat 1: w3sby ($5.62 in chips) 
Seat 2: 0RB BR0 ($8.69 in chips) 
Seat 4: kdu paliva ($5.40 in chips) 
Seat 5: cups00013 ($5.05 in chips) 
Seat 6: Dorex2007 ($6.54 in chips) 
Seat 9: MOONSP3LL ($2.13 in chips) 
MOONSP3LL: posts small blind $0.02
w3sby: posts big blind $0.05
*** HOLE CARDS ***
Dealt to Dorex2007 [4s Jc]
0RB BR0: calls $0.05
kdu paliva: folds 
cups00013: folds 
Dorex2007: folds 
MOONSP3LL: calls $0.03
w3sby: checks 
*** FLOP *** [3h 5h Js]
Frank*7220 joins the table at seat #7 
MOONSP3LL: checks 
w3sby: checks 
0RB BR0: bets $0.05
MOONSP3LL: folds 
w3sby: folds 
Uncalled bet ($0.05) returned to 0RB BR0
0RB BR0 collected $0.14 from pot
*** SUMMARY ***
Total pot $0.15 | Rake $0.01 
Board [3h 5h Js]
Seat 1: w3sby (big blind) folded on the Flop
Seat 2: 0RB BR0 collected ($0.14)
Seat 4: kdu paliva folded before Flop (didn't bet)
Seat 5: cups00013 folded before Flop (didn't bet)
Seat 6: Dorex2007 (button) folded before Flop (didn't bet)
Seat 9: MOONSP3LL (small blind) folded on the Flop



