PokerStars Hand #237571189446:  Hold'em No Limit ($0.01/$0.02 USD) - 2022/07/24 22:11:40 PT [2022/07/25 1:11:40 ET]
Table 'Phemios II' 9-max Seat #5 is the button
Seat 1: ilovesomuchh ($3.63 in chips) 
Seat 2: TornadeoJim ($2.89 in chips) 
Seat 3: Dorex2007 ($2 in chips) 
Seat 5: ahamiyatsiz ($1.08 in chips) 
Seat 6: Szendi58 ($1.95 in chips) 
Seat 7: t4carlos ($1.73 in chips) 
Seat 8: jhonsoto83 ($0.35 in chips) 
Seat 9: Tweedy620 ($2.76 in chips) 
Szendi58: posts small blind $0.01
t4carlos: posts big blind $0.02
Dorex2007: posts big blind $0.02
perffect16: sits out 
*** HOLE CARDS ***
Dealt to Dorex2007 [8c Kc]
jhonsoto83: folds 
Tweedy620: calls $0.02
ilovesomuchh: folds 
TornadeoJim: folds 
Dorex2007: checks 
ahamiyatsiz: calls $0.02
Szendi58: raises $0.10 to $0.12
t4carlos: folds 
Tweedy620: folds 
Dorex2007: folds 
ahamiyatsiz: folds 
Uncalled bet ($0.10) returned to Szendi58
Szendi58 collected $0.10 from pot
*** SUMMARY ***
Total pot $0.10 | Rake $0 
Seat 1: ilovesomuchh folded before Flop (didn't bet)
Seat 2: TornadeoJim folded before Flop (didn't bet)
Seat 3: Dorex2007 folded before Flop (didn't bet)
Seat 5: ahamiyatsiz (button) folded before Flop
Seat 6: Szendi58 (small blind) collected ($0.10)
Seat 7: t4carlos (big blind) folded before Flop
Seat 8: jhonsoto83 folded before Flop (didn't bet)
Seat 9: Tweedy620 folded before Flop



PokerStars Hand #237571195803:  Hold'em No Limit ($0.01/$0.02 USD) - 2022/07/24 22:12:42 PT [2022/07/25 1:12:42 ET]
Table 'Phemios II' 9-max Seat #6 is the button
Seat 1: ilovesomuchh ($3.63 in chips) 
Seat 2: TornadeoJim ($2.89 in chips) 
Seat 3: Dorex2007 ($2 in chips) 
Seat 4: perffect16 ($2 in chips) 
Seat 5: ahamiyatsiz ($1.06 in chips) 
Seat 6: Szendi58 ($2.03 in chips) 
Seat 7: t4carlos ($1.71 in chips) 
Seat 8: jhonsoto83 ($0.35 in chips) 
Seat 9: Tweedy620 ($2.74 in chips) 
t4carlos: posts small blind $0.01
jhonsoto83: posts big blind $0.02
perffect16: posts small blind $0.01
*** HOLE CARDS ***
Dealt to Dorex2007 [5d 2h]
Tweedy620: folds 
ilovesomuchh: folds 
TornadeoJim: folds 
Dorex2007: folds 
perffect16: folds 
ahamiyatsiz: folds 
Szendi58: folds 
t4carlos: calls $0.01
jhonsoto83: checks 
*** FLOP *** [Kc 3s Tc]
t4carlos: checks 
jhonsoto83: bets $0.02
t4carlos: calls $0.02
*** TURN *** [Kc 3s Tc] [Qc]
t4carlos: checks 
jhonsoto83: bets $0.04
t4carlos: calls $0.04
*** RIVER *** [Kc 3s Tc Qc] [9h]
t4carlos: checks 
jhonsoto83: bets $0.14
t4carlos: calls $0.14
*** SHOW DOWN ***
jhonsoto83: shows [Jc 7c] (a flush, King high)
t4carlos: mucks hand 
jhonsoto83 collected $0.43 from pot
*** SUMMARY ***
Total pot $0.45 | Rake $0.02 
Board [Kc 3s Tc Qc 9h]
Seat 1: ilovesomuchh folded before Flop (didn't bet)
Seat 2: TornadeoJim folded before Flop (didn't bet)
Seat 3: Dorex2007 folded before Flop (didn't bet)
Seat 4: perffect16 folded before Flop (didn't bet)
Seat 5: ahamiyatsiz folded before Flop (didn't bet)
Seat 6: Szendi58 (button) folded before Flop (didn't bet)
Seat 7: t4carlos (small blind) mucked [8s Qd]
Seat 8: jhonsoto83 (big blind) showed [Jc 7c] and won ($0.43) with a flush, King high
Seat 9: Tweedy620 folded before Flop (didn't bet)



PokerStars Hand #237571202207:  Hold'em No Limit ($0.01/$0.02 USD) - 2022/07/24 22:13:45 PT [2022/07/25 1:13:45 ET]
Table 'Phemios II' 9-max Seat #7 is the button
Seat 1: ilovesomuchh ($3.63 in chips) 
Seat 2: TornadeoJim ($2.89 in chips) 
Seat 3: Dorex2007 ($2 in chips) 
Seat 4: perffect16 ($2 in chips) 
Seat 5: ahamiyatsiz ($1.06 in chips) 
Seat 6: Szendi58 ($2.03 in chips) 
Seat 7: t4carlos ($1.49 in chips) 
Seat 8: jhonsoto83 ($0.56 in chips) 
jhonsoto83: posts small blind $0.01
ilovesomuchh: posts big blind $0.02
*** HOLE CARDS ***
Dealt to Dorex2007 [8c Kh]
TornadeoJim: folds 
Dorex2007: folds 
perffect16: folds 
ahamiyatsiz is disconnected 
ahamiyatsiz has timed out while being disconnected
ahamiyatsiz: folds 
Szendi58: raises $0.02 to $0.04
t4carlos: calls $0.04
jhonsoto83: folds 
ilovesomuchh: calls $0.02
*** FLOP *** [Qd 3s Jc]
ilovesomuchh: checks 
Szendi58: checks 
t4carlos: checks 
*** TURN *** [Qd 3s Jc] [6h]
ilovesomuchh: checks 
Szendi58: bets $0.02
t4carlos: folds 
ilovesomuchh: folds 
Uncalled bet ($0.02) returned to Szendi58
Szendi58 collected $0.13 from pot
*** SUMMARY ***
Total pot $0.13 | Rake $0 
Board [Qd 3s Jc 6h]
Seat 1: ilovesomuchh (big blind) folded on the Turn
Seat 2: TornadeoJim folded before Flop (didn't bet)
Seat 3: Dorex2007 folded before Flop (didn't bet)
Seat 4: perffect16 folded before Flop (didn't bet)
Seat 5: ahamiyatsiz folded before Flop (didn't bet)
Seat 6: Szendi58 collected ($0.13)
Seat 7: t4carlos (button) folded on the Turn
Seat 8: jhonsoto83 (small blind) folded before Flop



PokerStars Hand #237571211177:  Hold'em No Limit ($0.01/$0.02 USD) - 2022/07/24 22:15:11 PT [2022/07/25 1:15:11 ET]
Table 'Phemios II' 9-max Seat #8 is the button
Seat 1: ilovesomuchh ($3.59 in chips) 
Seat 2: TornadeoJim ($2.89 in chips) 
Seat 3: Dorex2007 ($2 in chips) 
Seat 4: perffect16 ($2 in chips) 
Seat 6: Szendi58 ($2.12 in chips) 
Seat 7: t4carlos ($1.45 in chips) 
Seat 8: jhonsoto83 ($0.55 in chips) 
ilovesomuchh: posts small blind $0.01
TornadeoJim: posts big blind $0.02
*** HOLE CARDS ***
Dealt to Dorex2007 [Ah Jc]
Dorex2007: raises $0.06 to $0.08
perffect16: folds 
Szendi58: calls $0.08
t4carlos: folds 
jhonsoto83: calls $0.08
ilovesomuchh: folds 
TornadeoJim: folds 
*** FLOP *** [Js As 6h]
Dorex2007: bets $0.13
Szendi58: folds 
jhonsoto83: folds 
Uncalled bet ($0.13) returned to Dorex2007
Dorex2007 collected $0.26 from pot
*** SUMMARY ***
Total pot $0.27 | Rake $0.01 
Board [Js As 6h]
Seat 1: ilovesomuchh (small blind) folded before Flop
Seat 2: TornadeoJim (big blind) folded before Flop
Seat 3: Dorex2007 collected ($0.26)
Seat 4: perffect16 folded before Flop (didn't bet)
Seat 6: Szendi58 folded on the Flop
Seat 7: t4carlos folded before Flop (didn't bet)
Seat 8: jhonsoto83 (button) folded on the Flop



PokerStars Hand #237571215794:  Hold'em No Limit ($0.01/$0.02 USD) - 2022/07/24 22:15:55 PT [2022/07/25 1:15:55 ET]
Table 'Phemios II' 9-max Seat #1 is the button
Seat 1: ilovesomuchh ($3.58 in chips) 
Seat 2: TornadeoJim ($2.87 in chips) 
Seat 3: Dorex2007 ($2.18 in chips) 
Seat 4: perffect16 ($2 in chips) 
Seat 6: Szendi58 ($2.04 in chips) 
Seat 7: t4carlos ($1.45 in chips) 
Seat 8: jhonsoto83 ($0.47 in chips) 
TornadeoJim: posts small blind $0.01
Dorex2007: posts big blind $0.02
*** HOLE CARDS ***
Dealt to Dorex2007 [5d 4d]
perffect16: folds 
Szendi58: raises $0.02 to $0.04
t4carlos has timed out
t4carlos: folds 
jhonsoto83: calls $0.04
ilovesomuchh: calls $0.04
TornadeoJim: folds 
Dorex2007: folds 
*** FLOP *** [Qs 6h Ac]
Szendi58: checks 
jhonsoto83: checks 
ilovesomuchh: checks 
*** TURN *** [Qs 6h Ac] [9c]
Szendi58: bets $0.14
jhonsoto83: folds 
ilovesomuchh: folds 
Uncalled bet ($0.14) returned to Szendi58
Szendi58 collected $0.14 from pot
*** SUMMARY ***
Total pot $0.15 | Rake $0.01 
Board [Qs 6h Ac 9c]
Seat 1: ilovesomuchh (button) folded on the Turn
Seat 2: TornadeoJim (small blind) folded before Flop
Seat 3: Dorex2007 (big blind) folded before Flop
Seat 4: perffect16 folded before Flop (didn't bet)
Seat 6: Szendi58 collected ($0.14)
Seat 7: t4carlos folded before Flop (didn't bet)
Seat 8: jhonsoto83 folded on the Turn



PokerStars Hand #237571221847:  Hold'em No Limit ($0.01/$0.02 USD) - 2022/07/24 22:16:53 PT [2022/07/25 1:16:53 ET]
Table 'Phemios II' 9-max Seat #2 is the button
Seat 1: ilovesomuchh ($3.54 in chips) 
Seat 2: TornadeoJim ($2.86 in chips) 
Seat 3: Dorex2007 ($2.16 in chips) 
Seat 4: perffect16 ($2 in chips) 
Seat 6: Szendi58 ($2.14 in chips) 
Seat 8: jhonsoto83 ($0.43 in chips) 
Dorex2007: posts small blind $0.01
perffect16: posts big blind $0.02
*** HOLE CARDS ***
Dealt to Dorex2007 [6d 6c]
Szendi58: raises $0.02 to $0.04
jhonsoto83: calls $0.04
ilovesomuchh: folds 
TornadeoJim: folds 
Dorex2007: calls $0.03
perffect16: folds 
*** FLOP *** [5h 8d 5d]
Dorex2007: checks 
Szendi58: bets $0.02
jhonsoto83: raises $0.06 to $0.08
Dorex2007: folds 
Szendi58: calls $0.06
*** TURN *** [5h 8d 5d] [9h]
Szendi58: bets $0.02
jhonsoto83: calls $0.02
*** RIVER *** [5h 8d 5d 9h] [Kc]
Szendi58: bets $0.16
jhonsoto83: calls $0.16
*** SHOW DOWN ***
Szendi58: shows [Ks Qc] (two pair, Kings and Fives)
jhonsoto83: mucks hand 
Szendi58 collected $0.64 from pot
*** SUMMARY ***
Total pot $0.66 | Rake $0.02 
Board [5h 8d 5d 9h Kc]
Seat 1: ilovesomuchh folded before Flop (didn't bet)
Seat 2: TornadeoJim (button) folded before Flop (didn't bet)
Seat 3: Dorex2007 (small blind) folded on the Flop
Seat 4: perffect16 (big blind) folded before Flop
Seat 6: Szendi58 showed [Ks Qc] and won ($0.64) with two pair, Kings and Fives
Seat 8: jhonsoto83 mucked [7h 7d]



PokerStars Hand #237571225718:  Hold'em No Limit ($0.01/$0.02 USD) - 2022/07/24 22:17:30 PT [2022/07/25 1:17:30 ET]
Table 'Phemios II' 9-max Seat #3 is the button
Seat 1: ilovesomuchh ($3.54 in chips) 
Seat 2: TornadeoJim ($2.86 in chips) 
Seat 3: Dorex2007 ($2.12 in chips) 
Seat 4: perffect16 ($2 in chips) 
Seat 6: Szendi58 ($2.48 in chips) 
Seat 8: jhonsoto83 ($0.13 in chips) 
perffect16: posts small blind $0.01
Szendi58: posts big blind $0.02
*** HOLE CARDS ***
Dealt to Dorex2007 [3d 8d]
jhonsoto83: folds 
ilovesomuchh: raises $0.03 to $0.05
TornadeoJim: folds 
Dorex2007: folds 
perffect16: folds 
Szendi58: calls $0.03
*** FLOP *** [2d Kd Jc]
Szendi58: checks 
ilovesomuchh: bets $0.06
Szendi58: folds 
Uncalled bet ($0.06) returned to ilovesomuchh
ilovesomuchh collected $0.11 from pot
*** SUMMARY ***
Total pot $0.11 | Rake $0 
Board [2d Kd Jc]
Seat 1: ilovesomuchh collected ($0.11)
Seat 2: TornadeoJim folded before Flop (didn't bet)
Seat 3: Dorex2007 (button) folded before Flop (didn't bet)
Seat 4: perffect16 (small blind) folded before Flop
Seat 6: Szendi58 (big blind) folded on the Flop
Seat 8: jhonsoto83 folded before Flop (didn't bet)



PokerStars Hand #237571228753:  Hold'em No Limit ($0.01/$0.02 USD) - 2022/07/24 22:18:00 PT [2022/07/25 1:18:00 ET]
Table 'Phemios II' 9-max Seat #4 is the button
Seat 1: ilovesomuchh ($3.60 in chips) 
Seat 2: TornadeoJim ($2.86 in chips) 
Seat 3: Dorex2007 ($2.12 in chips) 
Seat 4: perffect16 ($2 in chips) 
Seat 6: Szendi58 ($2.43 in chips) 
Seat 8: jhonsoto83 ($0.13 in chips) 
Szendi58: posts small blind $0.01
jhonsoto83: posts big blind $0.02
*** HOLE CARDS ***
Dealt to Dorex2007 [6d Td]
ilovesomuchh: folds 
TornadeoJim: folds 
Dorex2007: folds 
perffect16: folds 
ilovesomuchh leaves the table
Szendi58: raises $0.02 to $0.04
jhonsoto83: raises $0.02 to $0.06
Szendi58: calls $0.02
*** FLOP *** [As 9d Jh]
Szendi58: checks 
jhonsoto83: bets $0.07 and is all-in
Szendi58: folds 
Uncalled bet ($0.07) returned to jhonsoto83
jhonsoto83 collected $0.12 from pot
*** SUMMARY ***
Total pot $0.12 | Rake $0 
Board [As 9d Jh]
Seat 1: ilovesomuchh folded before Flop (didn't bet)
Seat 2: TornadeoJim folded before Flop (didn't bet)
Seat 3: Dorex2007 folded before Flop (didn't bet)
Seat 4: perffect16 (button) folded before Flop (didn't bet)
Seat 6: Szendi58 (small blind) folded on the Flop
Seat 8: jhonsoto83 (big blind) collected ($0.12)



PokerStars Hand #237571233376:  Hold'em No Limit ($0.01/$0.02 USD) - 2022/07/24 22:18:40 PT [2022/07/25 1:18:40 ET]
Table 'Phemios II' 9-max Seat #6 is the button
Seat 2: TornadeoJim ($2.86 in chips) 
Seat 3: Dorex2007 ($2.12 in chips) 
Seat 4: perffect16 ($2 in chips) 
Seat 6: Szendi58 ($2.37 in chips) 
Seat 8: jhonsoto83 ($0.19 in chips) 
jhonsoto83: posts small blind $0.01
TornadeoJim: posts big blind $0.02
*** HOLE CARDS ***
Dealt to Dorex2007 [4d 8h]
Dorex2007: folds 
perffect16: folds 
Szendi58: raises $0.02 to $0.04
jhonsoto83: calls $0.03
TornadeoJim: calls $0.02
*** FLOP *** [Kd Qc As]
jhonsoto83: checks 
TornadeoJim: checks 
Szendi58: bets $0.02
jhonsoto83: calls $0.02
TornadeoJim: folds 
*** TURN *** [Kd Qc As] [2c]
jhonsoto83: checks 
Szendi58: bets $0.02
jhonsoto83: calls $0.02
*** RIVER *** [Kd Qc As 2c] [2s]
jhonsoto83: checks 
Szendi58: checks 
*** SHOW DOWN ***
jhonsoto83: shows [9s Tc] (a pair of Deuces)
Szendi58: shows [Ts Kh] (two pair, Kings and Deuces)
Szendi58 collected $0.19 from pot
*** SUMMARY ***
Total pot $0.20 | Rake $0.01 
Board [Kd Qc As 2c 2s]
Seat 2: TornadeoJim (big blind) folded on the Flop
Seat 3: Dorex2007 folded before Flop (didn't bet)
Seat 4: perffect16 folded before Flop (didn't bet)
Seat 6: Szendi58 (button) showed [Ts Kh] and won ($0.19) with two pair, Kings and Deuces
Seat 8: jhonsoto83 (small blind) showed [9s Tc] and lost with a pair of Deuces



PokerStars Hand #237571238915:  Hold'em No Limit ($0.01/$0.02 USD) - 2022/07/24 22:19:33 PT [2022/07/25 1:19:33 ET]
Table 'Phemios II' 9-max Seat #8 is the button
Seat 2: TornadeoJim ($2.82 in chips) 
Seat 3: Dorex2007 ($2.12 in chips) 
Seat 4: perffect16 ($2 in chips) 
Seat 6: Szendi58 ($2.48 in chips) 
Seat 8: jhonsoto83 ($0.11 in chips) 
TornadeoJim: posts small blind $0.01
Dorex2007: posts big blind $0.02
*** HOLE CARDS ***
Dealt to Dorex2007 [Tc Kc]
perffect16: raises $0.04 to $0.06
Szendi58: folds 
jhonsoto83: raises $0.05 to $0.11 and is all-in
TornadeoJim: folds 
Dorex2007: raises $0.29 to $0.40
perffect16: calls $0.34
*** FLOP *** [Jc Jd 6c]
Dorex2007: bets $1.72 and is all-in
perffect16 has timed out
perffect16: folds 
Uncalled bet ($1.72) returned to Dorex2007
*** TURN *** [Jc Jd 6c] [2h]
*** RIVER *** [Jc Jd 6c 2h] [7h]
*** SHOW DOWN ***
Dorex2007: shows [Tc Kc] (a pair of Jacks)
jhonsoto83: shows [Th As] (a pair of Jacks - Ace kicker)
jhonsoto83 collected $0.33 from main pot
Dorex2007 cashed out the hand for $0.71 | Cash Out Fee $0.01
*** SUMMARY ***
Total pot $0.92 Main pot $0.33. Side pot $0.56. | Rake $0.03 
Board [Jc Jd 6c 2h 7h]
Seat 2: TornadeoJim (small blind) folded before Flop
Seat 3: Dorex2007 (big blind) showed [Tc Kc] and won ($0.56) with a pair of Jacks (pot not awarded as player cashed out)
Seat 4: perffect16 folded on the Flop
Seat 6: Szendi58 folded before Flop (didn't bet)
Seat 8: jhonsoto83 (button) showed [Th As] and won ($0.33) with a pair of Jacks



PokerStars Hand #237571251652:  Hold'em No Limit ($0.01/$0.02 USD) - 2022/07/24 22:21:37 PT [2022/07/25 1:21:37 ET]
Table 'Phemios II' 9-max Seat #3 is the button
Seat 3: Dorex2007 ($2.43 in chips) 
Seat 6: Szendi58 ($2.48 in chips) 
Seat 8: jhonsoto83 ($0.33 in chips) 
Szendi58: posts small blind $0.01
jhonsoto83: posts big blind $0.02
Tweedy620: sits out 
*** HOLE CARDS ***
Dealt to Dorex2007 [8s Ad]
Dorex2007: folds 
Szendi58: calls $0.01
jhonsoto83: checks 
*** FLOP *** [6s 7c 8c]
Szendi58: checks 
jhonsoto83: bets $0.02
Szendi58: folds 
Uncalled bet ($0.02) returned to jhonsoto83
jhonsoto83 collected $0.04 from pot
*** SUMMARY ***
Total pot $0.04 | Rake $0 
Board [6s 7c 8c]
Seat 3: Dorex2007 (button) folded before Flop (didn't bet)
Seat 6: Szendi58 (small blind) folded on the Flop
Seat 8: jhonsoto83 (big blind) collected ($0.04)



PokerStars Hand #237571253637:  Hold'em No Limit ($0.01/$0.02 USD) - 2022/07/24 22:21:57 PT [2022/07/25 1:21:57 ET]
Table 'Phemios II' 9-max Seat #6 is the button
Seat 3: Dorex2007 ($2.43 in chips) 
Seat 6: Szendi58 ($2.46 in chips) 
Seat 8: jhonsoto83 ($0.35 in chips) 
Seat 9: Tweedy620 ($2.74 in chips) 
jhonsoto83: posts small blind $0.01
Tweedy620: posts big blind $0.02
*** HOLE CARDS ***
Dealt to Dorex2007 [6s Jc]
clarence0061 joins the table at seat #1 
Dorex2007 has timed out
Dorex2007: folds 
Szendi58: folds 
perffect16 leaves the table
jhonsoto83: calls $0.01
Tweedy620: checks 
*** FLOP *** [4c 6c Jd]
jhonsoto83: bets $0.02
clarence0061 leaves the table
Tweedy620: raises $0.06 to $0.08
jhonsoto83: calls $0.06
*** TURN *** [4c 6c Jd] [Jh]
jhonsoto83: checks 
Tweedy620: bets $0.28
jhonsoto83: folds 
Uncalled bet ($0.28) returned to Tweedy620
Tweedy620 collected $0.19 from pot
*** SUMMARY ***
Total pot $0.20 | Rake $0.01 
Board [4c 6c Jd Jh]
Seat 3: Dorex2007 folded before Flop (didn't bet)
Seat 6: Szendi58 (button) folded before Flop (didn't bet)
Seat 8: jhonsoto83 (small blind) folded on the Turn
Seat 9: Tweedy620 (big blind) collected ($0.19)



PokerStars Hand #237571260302:  Hold'em No Limit ($0.01/$0.02 USD) - 2022/07/24 22:23:02 PT [2022/07/25 1:23:02 ET]
Table 'Phemios II' 9-max Seat #3 is the button
Seat 3: Dorex2007 ($2.43 in chips) 
Seat 6: Szendi58 ($2.48 in chips) 
Dorex2007: posts small blind $0.01
Szendi58: posts big blind $0.02
*** HOLE CARDS ***
Dealt to Dorex2007 [9d 9h]
kety38 joins the table at seat #1 
Dorex2007: raises $0.06 to $0.08
Szendi58: calls $0.06
*** FLOP *** [3h 8h Ts]
Szendi58: checks 
Dorex2007: bets $0.10
Szendi58: folds 
Uncalled bet ($0.10) returned to Dorex2007
Dorex2007 collected $0.15 from pot
*** SUMMARY ***
Total pot $0.16 | Rake $0.01 
Board [3h 8h Ts]
Seat 3: Dorex2007 (button) (small blind) collected ($0.15)
Seat 6: Szendi58 (big blind) folded on the Flop



PokerStars Hand #237571266367:  Hold'em No Limit ($0.01/$0.02 USD) - 2022/07/24 22:24:00 PT [2022/07/25 1:24:00 ET]
Table 'Phemios II' 9-max Seat #3 is the button
Seat 1: kety38 ($1.60 in chips) 
Seat 3: Dorex2007 ($2.50 in chips) 
Seat 6: Szendi58 ($2.40 in chips) 
Szendi58: posts small blind $0.01
kety38: posts big blind $0.02
*** HOLE CARDS ***
Dealt to Dorex2007 [Ts 2h]
Dorex2007: folds 
Szendi58: raises $0.04 to $0.06
kety38: folds 
Uncalled bet ($0.04) returned to Szendi58
Szendi58 collected $0.04 from pot
*** SUMMARY ***
Total pot $0.04 | Rake $0 
Seat 1: kety38 (big blind) folded before Flop
Seat 3: Dorex2007 (button) folded before Flop (didn't bet)
Seat 6: Szendi58 (small blind) collected ($0.04)



PokerStars Hand #237571267506:  Hold'em No Limit ($0.01/$0.02 USD) - 2022/07/24 22:24:12 PT [2022/07/25 1:24:12 ET]
Table 'Phemios II' 9-max Seat #6 is the button
Seat 1: kety38 ($1.58 in chips) 
Seat 3: Dorex2007 ($2.50 in chips) 
Seat 6: Szendi58 ($2.42 in chips) 
ahamiyatsiz leaves the table
kety38: posts small blind $0.01
Dorex2007: posts big blind $0.02
*** HOLE CARDS ***
Dealt to Dorex2007 [8c 5d]
Szendi58: raises $0.02 to $0.04
kety38: folds 
Dorex2007: folds 
Uncalled bet ($0.02) returned to Szendi58
Szendi58 collected $0.05 from pot
*** SUMMARY ***
Total pot $0.05 | Rake $0 
Seat 1: kety38 (small blind) folded before Flop
Seat 3: Dorex2007 (big blind) folded before Flop
Seat 6: Szendi58 (button) collected ($0.05)



PokerStars Hand #237571269264:  Hold'em No Limit ($0.01/$0.02 USD) - 2022/07/24 22:24:29 PT [2022/07/25 1:24:29 ET]
Table 'Phemios II' 9-max Seat #1 is the button
Seat 1: kety38 ($1.57 in chips) 
Seat 3: Dorex2007 ($2.48 in chips) 
Seat 6: Szendi58 ($2.45 in chips) 
Dorex2007: posts small blind $0.01
Szendi58: posts big blind $0.02
*** HOLE CARDS ***
Dealt to Dorex2007 [Js Jh]
kety38: folds 
kety38 leaves the table
Dorex2007: raises $0.06 to $0.08
Szendi58: calls $0.06
*** FLOP *** [8h 9h Td]
Dorex2007: bets $0.10
Szendi58: folds 
Uncalled bet ($0.10) returned to Dorex2007
Dorex2007 collected $0.15 from pot
*** SUMMARY ***
Total pot $0.16 | Rake $0.01 
Board [8h 9h Td]
Seat 1: kety38 (button) folded before Flop (didn't bet)
Seat 3: Dorex2007 (small blind) collected ($0.15)
Seat 6: Szendi58 (big blind) folded on the Flop



PokerStars Hand #237571271592:  Hold'em No Limit ($0.01/$0.02 USD) - 2022/07/24 22:24:51 PT [2022/07/25 1:24:51 ET]
Table 'Phemios II' 9-max Seat #6 is the button
Seat 3: Dorex2007 ($2.55 in chips) 
Seat 6: Szendi58 ($2.37 in chips) 
Szendi58: posts small blind $0.01
Dorex2007: posts big blind $0.02
*** HOLE CARDS ***
Dealt to Dorex2007 [8s 2h]
Szendi58: calls $0.01
Dorex2007: checks 
*** FLOP *** [Ac Jh 8h]
Dorex2007: checks 
Szendi58: checks 
*** TURN *** [Ac Jh 8h] [Jd]
Dorex2007: bets $0.04
Szendi58: folds 
Uncalled bet ($0.04) returned to Dorex2007
Dorex2007 collected $0.04 from pot
*** SUMMARY ***
Total pot $0.04 | Rake $0 
Board [Ac Jh 8h Jd]
Seat 3: Dorex2007 (big blind) collected ($0.04)
Seat 6: Szendi58 (button) (small blind) folded on the Turn



