PokerStars Hand #233196827870:  Hold'em No Limit ($0.01/$0.02 USD) - 2022/01/16 10:57:08 PT [2022/01/16 13:57:08 ET]
Table 'Josephina' 9-max Seat #7 is the button
Seat 1: M a a L 8 ($3.37 in chips) 
Seat 2: fingerdance ($4.27 in chips) 
Seat 3: Atard ($2 in chips) 
Seat 4: CueGuevara35 ($3.66 in chips) 
Seat 5: ziemegh ($2.21 in chips) 
Seat 6: Dorex2007 ($2 in chips) 
Seat 7: nlpoker999 ($1.17 in chips) 
Seat 8: vm02107 ($2.31 in chips) 
Seat 9: FLOPorRIVER ($2.25 in chips) 
vm02107: posts small blind $0.01
FLOPorRIVER: posts big blind $0.02
Atard: posts big blind $0.02
Dorex2007: posts big blind $0.02
*** HOLE CARDS ***
Dealt to Dorex2007 [As 8h]
M a a L 8: folds 
fingerdance: folds 
Atard: checks 
CueGuevara35: folds 
ziemegh: raises $0.04 to $0.06
Dorex2007: folds 
nlpoker999: folds 
vm02107: folds 
FLOPorRIVER: folds 
Atard: folds 
Uncalled bet ($0.04) returned to ziemegh
ziemegh collected $0.09 from pot
*** SUMMARY ***
Total pot $0.09 | Rake $0 
Seat 1: M a a L 8 folded before Flop (didn't bet)
Seat 2: fingerdance folded before Flop (didn't bet)
Seat 3: Atard folded before Flop (didn't bet)
Seat 4: CueGuevara35 folded before Flop (didn't bet)
Seat 5: ziemegh collected ($0.09)
Seat 6: Dorex2007 folded before Flop (didn't bet)
Seat 7: nlpoker999 (button) folded before Flop (didn't bet)
Seat 8: vm02107 (small blind) folded before Flop
Seat 9: FLOPorRIVER (big blind) folded before Flop



PokerStars Hand #233196845204:  Hold'em No Limit ($0.01/$0.02 USD) - 2022/01/16 10:57:49 PT [2022/01/16 13:57:49 ET]
Table 'Josephina' 9-max Seat #8 is the button
Seat 1: M a a L 8 ($3.37 in chips) 
Seat 2: fingerdance ($4.27 in chips) 
Seat 3: Atard ($1.98 in chips) 
Seat 4: CueGuevara35 ($3.66 in chips) 
Seat 5: ziemegh ($2.28 in chips) 
Seat 6: Dorex2007 ($2 in chips) 
Seat 7: nlpoker999 ($1.17 in chips) 
Seat 8: vm02107 ($2.30 in chips) 
Seat 9: FLOPorRIVER ($2.23 in chips) 
FLOPorRIVER: posts small blind $0.01
M a a L 8: posts big blind $0.02
*** HOLE CARDS ***
Dealt to Dorex2007 [9h 5s]
fingerdance: folds 
Atard: folds 
CueGuevara35: folds 
ziemegh: folds 
Dorex2007: folds 
nlpoker999: calls $0.02
vm02107: folds 
FLOPorRIVER: folds 
M a a L 8: checks 
*** FLOP *** [Qs Jd 8s]
M a a L 8: checks 
nlpoker999: checks 
*** TURN *** [Qs Jd 8s] [Ts]
M a a L 8: checks 
nlpoker999: checks 
*** RIVER *** [Qs Jd 8s Ts] [As]
M a a L 8: checks 
nlpoker999: checks 
*** SHOW DOWN ***
M a a L 8: shows [2d 7h] (high card Ace)
nlpoker999: shows [2h 2s] (a flush, Ace high)
nlpoker999 collected $0.05 from pot
*** SUMMARY ***
Total pot $0.05 | Rake $0 
Board [Qs Jd 8s Ts As]
Seat 1: M a a L 8 (big blind) showed [2d 7h] and lost with high card Ace
Seat 2: fingerdance folded before Flop (didn't bet)
Seat 3: Atard folded before Flop (didn't bet)
Seat 4: CueGuevara35 folded before Flop (didn't bet)
Seat 5: ziemegh folded before Flop (didn't bet)
Seat 6: Dorex2007 folded before Flop (didn't bet)
Seat 7: nlpoker999 showed [2h 2s] and won ($0.05) with a flush, Ace high
Seat 8: vm02107 (button) folded before Flop (didn't bet)
Seat 9: FLOPorRIVER (small blind) folded before Flop



PokerStars Hand #233196865849:  Hold'em No Limit ($0.01/$0.02 USD) - 2022/01/16 10:58:36 PT [2022/01/16 13:58:36 ET]
Table 'Josephina' 9-max Seat #9 is the button
Seat 1: M a a L 8 ($3.35 in chips) 
Seat 2: fingerdance ($4.27 in chips) 
Seat 3: Atard ($1.98 in chips) 
Seat 4: CueGuevara35 ($3.66 in chips) 
Seat 5: ziemegh ($2.28 in chips) 
Seat 6: Dorex2007 ($2 in chips) 
Seat 7: nlpoker999 ($1.20 in chips) 
Seat 8: vm02107 ($2.30 in chips) 
Seat 9: FLOPorRIVER ($2.22 in chips) 
M a a L 8: posts small blind $0.01
fingerdance: posts big blind $0.02
*** HOLE CARDS ***
Dealt to Dorex2007 [Tc Qh]
Atard: folds 
CueGuevara35: raises $0.02 to $0.04
ziemegh: calls $0.04
Dorex2007: folds 
nlpoker999: folds 
vm02107: calls $0.04
FLOPorRIVER: folds 
M a a L 8: calls $0.03
fingerdance: folds 
*** FLOP *** [9h Ks Kd]
M a a L 8: checks 
CueGuevara35: checks 
ziemegh: checks 
vm02107: checks 
*** TURN *** [9h Ks Kd] [5h]
M a a L 8: checks 
CueGuevara35: checks 
ziemegh: checks 
vm02107: bets $0.09
M a a L 8: folds 
CueGuevara35: folds 
ziemegh: folds 
Uncalled bet ($0.09) returned to vm02107
vm02107 collected $0.17 from pot
vm02107: doesn't show hand 
*** SUMMARY ***
Total pot $0.18 | Rake $0.01 
Board [9h Ks Kd 5h]
Seat 1: M a a L 8 (small blind) folded on the Turn
Seat 2: fingerdance (big blind) folded before Flop
Seat 3: Atard folded before Flop (didn't bet)
Seat 4: CueGuevara35 folded on the Turn
Seat 5: ziemegh folded on the Turn
Seat 6: Dorex2007 folded before Flop (didn't bet)
Seat 7: nlpoker999 folded before Flop (didn't bet)
Seat 8: vm02107 collected ($0.17)
Seat 9: FLOPorRIVER (button) folded before Flop (didn't bet)



PokerStars Hand #233196892002:  Hold'em No Limit ($0.01/$0.02 USD) - 2022/01/16 10:59:37 PT [2022/01/16 13:59:37 ET]
Table 'Josephina' 9-max Seat #1 is the button
Seat 1: M a a L 8 ($3.31 in chips) 
Seat 2: fingerdance ($4.25 in chips) 
Seat 3: Atard ($1.98 in chips) 
Seat 4: CueGuevara35 ($3.62 in chips) 
Seat 5: ziemegh ($2.24 in chips) 
Seat 6: Dorex2007 ($2 in chips) 
Seat 7: nlpoker999 ($1.20 in chips) 
Seat 8: vm02107 ($2.43 in chips) 
Seat 9: FLOPorRIVER ($2.22 in chips) 
fingerdance: posts small blind $0.01
Atard: posts big blind $0.02
*** HOLE CARDS ***
Dealt to Dorex2007 [6h 4h]
CueGuevara35: raises $0.02 to $0.04
ziemegh: folds 
Dorex2007: folds 
nlpoker999: folds 
vm02107: folds 
FLOPorRIVER: folds 
M a a L 8: folds 
fingerdance: folds 
Atard has timed out
Atard: folds 
Uncalled bet ($0.02) returned to CueGuevara35
CueGuevara35 collected $0.05 from pot
CueGuevara35: doesn't show hand 
*** SUMMARY ***
Total pot $0.05 | Rake $0 
Seat 1: M a a L 8 (button) folded before Flop (didn't bet)
Seat 2: fingerdance (small blind) folded before Flop
Seat 3: Atard (big blind) folded before Flop
Seat 4: CueGuevara35 collected ($0.05)
Seat 5: ziemegh folded before Flop (didn't bet)
Seat 6: Dorex2007 folded before Flop (didn't bet)
Seat 7: nlpoker999 folded before Flop (didn't bet)
Seat 8: vm02107 folded before Flop (didn't bet)
Seat 9: FLOPorRIVER folded before Flop (didn't bet)



