PokerStars Hand #233901419716:  Hold'em No Limit ($0.01/$0.02 USD) - 2022/02/08 14:47:20 PT [2022/02/08 17:47:20 ET]
Table 'Nyanza III' 9-max Seat #1 is the button
Seat 1: tom905 ($1.60 in chips) 
Seat 2: IFG&W ($2.37 in chips) 
Seat 3: timtag88 ($2 in chips) 
Seat 4: Anna_violin ($4.15 in chips) 
Seat 5: TheWolf(Leo). ($0.80 in chips) 
Seat 6: Tobiz89 ($2 in chips) 
Seat 8: Dorex2007 ($2 in chips) 
Seat 9: rjeg333 ($2.16 in chips) 
IFG&W: posts small blind $0.01
timtag88: posts big blind $0.02
Dorex2007: posts big blind $0.02
*** HOLE CARDS ***
Dealt to Dorex2007 [Tc 2d]
Anna_violin: folds 
TheWolf(Leo).: folds 
Tobiz89: folds 
Dorex2007: checks 
rjeg333: raises $0.07 to $0.09
tom905: calls $0.09
IFG&W: folds 
timtag88: calls $0.07
Dorex2007: folds 
*** FLOP *** [8h 8c 7d]
timtag88: checks 
rjeg333: bets $0.15
tom905: folds 
timtag88: calls $0.15
*** TURN *** [8h 8c 7d] [Qh]
timtag88: checks 
rjeg333: checks 
*** RIVER *** [8h 8c 7d Qh] [Ts]
timtag88: bets $0.31
rjeg333: folds 
Uncalled bet ($0.31) returned to timtag88
timtag88 collected $0.58 from pot
timtag88: doesn't show hand 
*** SUMMARY ***
Total pot $0.60 | Rake $0.02 
Board [8h 8c 7d Qh Ts]
Seat 1: tom905 (button) folded on the Flop
Seat 2: IFG&W (small blind) folded before Flop
Seat 3: timtag88 (big blind) collected ($0.58)
Seat 4: Anna_violin folded before Flop (didn't bet)
Seat 5: TheWolf(Leo). folded before Flop (didn't bet)
Seat 6: Tobiz89 folded before Flop (didn't bet)
Seat 8: Dorex2007 folded before Flop (didn't bet)
Seat 9: rjeg333 folded on the River



PokerStars Hand #233901458129:  Hold'em No Limit ($0.01/$0.02 USD) - 2022/02/08 14:48:41 PT [2022/02/08 17:48:41 ET]
Table 'Nyanza III' 9-max Seat #2 is the button
Seat 1: tom905 ($1.51 in chips) 
Seat 2: IFG&W ($2.36 in chips) 
Seat 3: timtag88 ($2.34 in chips) 
Seat 4: Anna_violin ($4.15 in chips) 
Seat 5: TheWolf(Leo). ($0.80 in chips) 
Seat 6: Tobiz89 ($2 in chips) 
Seat 8: Dorex2007 ($2 in chips) 
Seat 9: rjeg333 ($1.92 in chips) 
timtag88: posts small blind $0.01
Anna_violin: posts big blind $0.02
*** HOLE CARDS ***
Dealt to Dorex2007 [5c 3d]
TheWolf(Leo).: raises $0.02 to $0.04
Tobiz89: folds 
Dorex2007: folds 
rjeg333: folds 
tom905: calls $0.04
IFG&W: folds 
timtag88: folds 
Anna_violin: calls $0.02
*** FLOP *** [Ac Ah Tc]
Anna_violin: checks 
TheWolf(Leo).: bets $0.07
tom905: folds 
Anna_violin: folds 
Uncalled bet ($0.07) returned to TheWolf(Leo).
TheWolf(Leo). collected $0.13 from pot
TheWolf(Leo).: doesn't show hand 
*** SUMMARY ***
Total pot $0.13 | Rake $0 
Board [Ac Ah Tc]
Seat 1: tom905 folded on the Flop
Seat 2: IFG&W (button) folded before Flop (didn't bet)
Seat 3: timtag88 (small blind) folded before Flop
Seat 4: Anna_violin (big blind) folded on the Flop
Seat 5: TheWolf(Leo). collected ($0.13)
Seat 6: Tobiz89 folded before Flop (didn't bet)
Seat 8: Dorex2007 folded before Flop (didn't bet)
Seat 9: rjeg333 folded before Flop (didn't bet)



PokerStars Hand #233901474585:  Hold'em No Limit ($0.01/$0.02 USD) - 2022/02/08 14:49:16 PT [2022/02/08 17:49:16 ET]
Table 'Nyanza III' 9-max Seat #3 is the button
Seat 1: tom905 ($1.47 in chips) 
Seat 2: IFG&W ($2.36 in chips) 
Seat 3: timtag88 ($2.33 in chips) 
Seat 4: Anna_violin ($4.11 in chips) 
Seat 5: TheWolf(Leo). ($0.89 in chips) 
Seat 6: Tobiz89 ($2 in chips) 
Seat 8: Dorex2007 ($2 in chips) 
Seat 9: rjeg333 ($1.92 in chips) 
Anna_violin: posts small blind $0.01
TheWolf(Leo).: posts big blind $0.02
*** HOLE CARDS ***
Dealt to Dorex2007 [8d Js]
Tobiz89: folds 
Dorex2007: folds 
rjeg333: raises $0.04 to $0.06
tom905: folds 
IFG&W: folds 
timtag88: folds 
Anna_violin: folds 
TheWolf(Leo).: calls $0.04
*** FLOP *** [Kd 3s 3c]
TheWolf(Leo).: checks 
rjeg333: checks 
*** TURN *** [Kd 3s 3c] [6h]
TheWolf(Leo).: checks 
rjeg333: checks 
*** RIVER *** [Kd 3s 3c 6h] [Jh]
TheWolf(Leo).: checks 
rjeg333: checks 
*** SHOW DOWN ***
TheWolf(Leo).: shows [7h 7s] (two pair, Sevens and Threes)
rjeg333: mucks hand 
TheWolf(Leo). collected $0.13 from pot
*** SUMMARY ***
Total pot $0.13 | Rake $0 
Board [Kd 3s 3c 6h Jh]
Seat 1: tom905 folded before Flop (didn't bet)
Seat 2: IFG&W folded before Flop (didn't bet)
Seat 3: timtag88 (button) folded before Flop (didn't bet)
Seat 4: Anna_violin (small blind) folded before Flop
Seat 5: TheWolf(Leo). (big blind) showed [7h 7s] and won ($0.13) with two pair, Sevens and Threes
Seat 6: Tobiz89 folded before Flop (didn't bet)
Seat 8: Dorex2007 folded before Flop (didn't bet)
Seat 9: rjeg333 mucked [6d 7d]



PokerStars Hand #233901499170:  Hold'em No Limit ($0.01/$0.02 USD) - 2022/02/08 14:50:08 PT [2022/02/08 17:50:08 ET]
Table 'Nyanza III' 9-max Seat #4 is the button
Seat 1: tom905 ($1.47 in chips) 
Seat 2: IFG&W ($2.36 in chips) 
Seat 3: timtag88 ($2.33 in chips) 
Seat 4: Anna_violin ($4.10 in chips) 
Seat 5: TheWolf(Leo). ($0.96 in chips) 
Seat 6: Tobiz89 ($2 in chips) 
Seat 8: Dorex2007 ($2 in chips) 
Seat 9: rjeg333 ($1.86 in chips) 
TheWolf(Leo).: posts small blind $0.01
Tobiz89: posts big blind $0.02
*** HOLE CARDS ***
Dealt to Dorex2007 [3d 7d]
Dorex2007: folds 
rjeg333: folds 
tom905: raises $0.02 to $0.04
IFG&W: folds 
timtag88: folds 
Anna_violin: folds 
TheWolf(Leo).: calls $0.03
Tobiz89: folds 
*** FLOP *** [Kc 9s 4c]
TheWolf(Leo).: checks 
tom905: checks 
*** TURN *** [Kc 9s 4c] [9h]
TheWolf(Leo).: bets $0.05
tom905: calls $0.05
*** RIVER *** [Kc 9s 4c 9h] [9c]
TheWolf(Leo).: bets $0.13
tom905: calls $0.13
*** SHOW DOWN ***
TheWolf(Leo).: shows [Td Kh] (a full house, Nines full of Kings)
tom905: mucks hand 
TheWolf(Leo). collected $0.44 from pot
*** SUMMARY ***
Total pot $0.46 | Rake $0.02 
Board [Kc 9s 4c 9h 9c]
Seat 1: tom905 mucked [8s 8h]
Seat 2: IFG&W folded before Flop (didn't bet)
Seat 3: timtag88 folded before Flop (didn't bet)
Seat 4: Anna_violin (button) folded before Flop (didn't bet)
Seat 5: TheWolf(Leo). (small blind) showed [Td Kh] and won ($0.44) with a full house, Nines full of Kings
Seat 6: Tobiz89 (big blind) folded before Flop
Seat 8: Dorex2007 folded before Flop (didn't bet)
Seat 9: rjeg333 folded before Flop (didn't bet)



PokerStars Hand #233901517702:  Hold'em No Limit ($0.01/$0.02 USD) - 2022/02/08 14:50:48 PT [2022/02/08 17:50:48 ET]
Table 'Nyanza III' 9-max Seat #5 is the button
Seat 1: tom905 ($1.25 in chips) 
Seat 2: IFG&W ($2.36 in chips) 
Seat 3: timtag88 ($2.33 in chips) 
Seat 4: Anna_violin ($4.10 in chips) 
Seat 5: TheWolf(Leo). ($1.18 in chips) 
Seat 6: Tobiz89 ($2 in chips) 
Seat 8: Dorex2007 ($2 in chips) 
Seat 9: rjeg333 ($1.86 in chips) 
Tobiz89: posts small blind $0.01
Dorex2007: posts big blind $0.02
*** HOLE CARDS ***
Dealt to Dorex2007 [Jh Th]
rjeg333: folds 
tom905: folds 
IFG&W: raises $0.04 to $0.06
timtag88: calls $0.06
Anna_violin: calls $0.06
TheWolf(Leo).: calls $0.06
Tobiz89: folds 
Dorex2007: calls $0.04
*** FLOP *** [9c Tc Jd]
Dorex2007: bets $1.94 and is all-in
IFG&W: folds 
timtag88: folds 
Anna_violin: folds 
TheWolf(Leo).: calls $1.12 and is all-in
Uncalled bet ($0.82) returned to Dorex2007
*** TURN *** [9c Tc Jd] [6s]
*** RIVER *** [9c Tc Jd 6s] [6d]
*** SHOW DOWN ***
Dorex2007: shows [Jh Th] (two pair, Jacks and Tens)
TheWolf(Leo).: shows [7c Ac] (a pair of Sixes)
Apostol108 leaves the table
Dorex2007 cashed out the hand for $1.44 | Cash Out Fee $0.01
*** SUMMARY ***
Total pot $2.55 | Rake $0.09 
Board [9c Tc Jd 6s 6d]
Seat 1: tom905 folded before Flop (didn't bet)
Seat 2: IFG&W folded on the Flop
Seat 3: timtag88 folded on the Flop
Seat 4: Anna_violin folded on the Flop
Seat 5: TheWolf(Leo). (button) showed [7c Ac] and lost with a pair of Sixes
Seat 6: Tobiz89 (small blind) folded before Flop
Seat 8: Dorex2007 (big blind) showed [Jh Th] and won ($2.46) with two pair, Jacks and Tens (pot not awarded as player cashed out)
Seat 9: rjeg333 folded before Flop (didn't bet)



PokerStars Hand #233901549211:  Hold'em No Limit ($0.01/$0.02 USD) - 2022/02/08 14:51:44 PT [2022/02/08 17:51:44 ET]
Table 'Nyanza III' 9-max Seat #6 is the button
Seat 1: tom905 ($1.25 in chips) 
Seat 2: IFG&W ($2.30 in chips) 
Seat 3: timtag88 ($2.27 in chips) 
Seat 4: Anna_violin ($4.04 in chips) 
Seat 5: TheWolf(Leo). ($0.80 in chips) 
Seat 6: Tobiz89 ($2 in chips) 
Seat 8: Dorex2007 ($2.26 in chips) 
Seat 9: rjeg333 ($1.86 in chips) 
Dorex2007: posts small blind $0.01
rjeg333: posts big blind $0.02
*** HOLE CARDS ***
Dealt to Dorex2007 [3s 2d]
tom905: folds 
IFG&W: folds 
timtag88: raises $0.02 to $0.04
Anna_violin: folds 
TheWolf(Leo).: folds 
Tobiz89: folds 
Dorex2007: folds 
rjeg333: folds 
Uncalled bet ($0.02) returned to timtag88
timtag88 collected $0.05 from pot
timtag88: doesn't show hand 
*** SUMMARY ***
Total pot $0.05 | Rake $0 
Seat 1: tom905 folded before Flop (didn't bet)
Seat 2: IFG&W folded before Flop (didn't bet)
Seat 3: timtag88 collected ($0.05)
Seat 4: Anna_violin folded before Flop (didn't bet)
Seat 5: TheWolf(Leo). folded before Flop (didn't bet)
Seat 6: Tobiz89 (button) folded before Flop (didn't bet)
Seat 8: Dorex2007 (small blind) folded before Flop
Seat 9: rjeg333 (big blind) folded before Flop



PokerStars Hand #233901561142:  Hold'em No Limit ($0.01/$0.02 USD) - 2022/02/08 14:52:10 PT [2022/02/08 17:52:10 ET]
Table 'Nyanza III' 9-max Seat #8 is the button
Seat 1: tom905 ($1.25 in chips) 
Seat 2: IFG&W ($2.30 in chips) 
Seat 3: timtag88 ($2.30 in chips) 
Seat 4: Anna_violin ($4.04 in chips) 
Seat 5: TheWolf(Leo). ($0.80 in chips) 
Seat 6: Tobiz89 ($2 in chips) 
Seat 8: Dorex2007 ($2.25 in chips) 
Seat 9: rjeg333 ($1.84 in chips) 
rjeg333: posts small blind $0.01
tom905: posts big blind $0.02
*** HOLE CARDS ***
Dealt to Dorex2007 [4d 3s]
IFG&W: folds 
timtag88: raises $0.02 to $0.04
Anna_violin: calls $0.04
TheWolf(Leo).: raises $0.16 to $0.20
Tobiz89: folds 
Dorex2007: folds 
rjeg333: folds 
tom905: folds 
gilcoelho77 joins the table at seat #7 
timtag88: folds 
Anna_violin: calls $0.16
*** FLOP *** [6d 3h 9c]
Anna_violin: checks 
TheWolf(Leo).: bets $0.30
Anna_violin: calls $0.30
*** TURN *** [6d 3h 9c] [6c]
Anna_violin: checks 
TheWolf(Leo).: bets $0.30 and is all-in
Anna_violin: calls $0.30
*** RIVER *** [6d 3h 9c 6c] [Kd]
*** SHOW DOWN ***
Anna_violin: shows [6h 6s] (four of a kind, Sixes)
TheWolf(Leo).: shows [Qc Qs] (two pair, Queens and Sixes)
Anna_violin collected $1.61 from pot
*** SUMMARY ***
Total pot $1.67 | Rake $0.06 
Board [6d 3h 9c 6c Kd]
Seat 1: tom905 (big blind) folded before Flop
Seat 2: IFG&W folded before Flop (didn't bet)
Seat 3: timtag88 folded before Flop
Seat 4: Anna_violin showed [6h 6s] and won ($1.61) with four of a kind, Sixes
Seat 5: TheWolf(Leo). showed [Qc Qs] and lost with two pair, Queens and Sixes
Seat 6: Tobiz89 folded before Flop (didn't bet)
Seat 8: Dorex2007 (button) folded before Flop (didn't bet)
Seat 9: rjeg333 (small blind) folded before Flop



PokerStars Hand #233901597731:  Hold'em No Limit ($0.01/$0.02 USD) - 2022/02/08 14:53:29 PT [2022/02/08 17:53:29 ET]
Table 'Nyanza III' 9-max Seat #9 is the button
Seat 1: tom905 ($1.23 in chips) 
Seat 3: timtag88 ($2.26 in chips) 
Seat 4: Anna_violin ($4.85 in chips) 
Seat 5: TheWolf(Leo). ($0.80 in chips) 
Seat 6: Tobiz89 ($2 in chips) 
Seat 7: gilcoelho77 ($0.85 in chips) 
Seat 8: Dorex2007 ($2.25 in chips) 
Seat 9: rjeg333 ($1.83 in chips) 
tom905: posts small blind $0.01
IFG&W: is sitting out 
timtag88: posts big blind $0.02
gilcoelho77: posts big blind $0.02
*** HOLE CARDS ***
Dealt to Dorex2007 [As 2h]
IFG&W leaves the table
Anna_violin: folds 
TheWolf(Leo).: raises $0.08 to $0.10
Tobiz89: folds 
gilcoelho77: calls $0.08
Dorex2007: folds 
rjeg333: folds 
tom905: folds 
timtag88: folds 
*** FLOP *** [3c Qc Qs]
TheWolf(Leo).: bets $0.15
gilcoelho77: calls $0.15
*** TURN *** [3c Qc Qs] [4s]
TheWolf(Leo).: bets $0.55 and is all-in
gilcoelho77: calls $0.55
Luck2385 joins the table at seat #2 
*** RIVER *** [3c Qc Qs 4s] [Kd]
*** SHOW DOWN ***
TheWolf(Leo).: shows [8s 8d] (two pair, Queens and Eights)
gilcoelho77: shows [Jh Qh] (three of a kind, Queens)
gilcoelho77 collected $1.57 from pot
*** SUMMARY ***
Total pot $1.63 | Rake $0.06 
Board [3c Qc Qs 4s Kd]
Seat 1: tom905 (small blind) folded before Flop
Seat 3: timtag88 (big blind) folded before Flop
Seat 4: Anna_violin folded before Flop (didn't bet)
Seat 5: TheWolf(Leo). showed [8s 8d] and lost with two pair, Queens and Eights
Seat 6: Tobiz89 folded before Flop (didn't bet)
Seat 7: gilcoelho77 showed [Jh Qh] and won ($1.57) with three of a kind, Queens
Seat 8: Dorex2007 folded before Flop (didn't bet)
Seat 9: rjeg333 (button) folded before Flop (didn't bet)



PokerStars Hand #233901617008:  Hold'em No Limit ($0.01/$0.02 USD) - 2022/02/08 14:54:11 PT [2022/02/08 17:54:11 ET]
Table 'Nyanza III' 9-max Seat #1 is the button
Seat 1: tom905 ($1.22 in chips) 
Seat 3: timtag88 ($2.24 in chips) 
Seat 4: Anna_violin ($4.85 in chips) 
Seat 6: Tobiz89 ($2 in chips) 
Seat 7: gilcoelho77 ($1.62 in chips) 
Seat 8: Dorex2007 ($2.25 in chips) 
Seat 9: rjeg333 ($1.83 in chips) 
timtag88: posts small blind $0.01
Anna_violin: posts big blind $0.02
*** HOLE CARDS ***
Dealt to Dorex2007 [7d Kc]
Tobiz89: folds 
gilcoelho77: calls $0.02
Dorex2007: folds 
rjeg333: folds 
tom905: folds 
timtag88: folds 
Anna_violin: checks 
*** FLOP *** [Qs Ts 6c]
0-overt joins the table at seat #5 
Anna_violin: checks 
gilcoelho77 has timed out
gilcoelho77: checks 
*** TURN *** [Qs Ts 6c] [7s]
Anna_violin: bets $0.04
gilcoelho77 has timed out
gilcoelho77: folds 
Uncalled bet ($0.04) returned to Anna_violin
Anna_violin collected $0.05 from pot
Anna_violin: doesn't show hand 
*** SUMMARY ***
Total pot $0.05 | Rake $0 
Board [Qs Ts 6c 7s]
Seat 1: tom905 (button) folded before Flop (didn't bet)
Seat 3: timtag88 (small blind) folded before Flop
Seat 4: Anna_violin (big blind) collected ($0.05)
Seat 6: Tobiz89 folded before Flop (didn't bet)
Seat 7: gilcoelho77 folded on the Turn
Seat 8: Dorex2007 folded before Flop (didn't bet)
Seat 9: rjeg333 folded before Flop (didn't bet)



PokerStars Hand #233901650852:  Hold'em No Limit ($0.01/$0.02 USD) - 2022/02/08 14:55:31 PT [2022/02/08 17:55:31 ET]
Table 'Nyanza III' 9-max Seat #3 is the button
Seat 1: tom905 ($1.22 in chips) 
Seat 2: Luck2385 ($1 in chips) 
Seat 3: timtag88 ($2.23 in chips) 
Seat 4: Anna_violin ($4.88 in chips) 
Seat 5: 0-overt ($2 in chips) 
Seat 6: Tobiz89 ($2 in chips) 
Seat 7: gilcoelho77 ($1.60 in chips) 
Seat 8: Dorex2007 ($2.25 in chips) 
Seat 9: rjeg333 ($1.83 in chips) 
Anna_violin: posts small blind $0.01
0-overt: posts big blind $0.02
Luck2385: posts big blind $0.02
*** HOLE CARDS ***
Dealt to Dorex2007 [Kd 2d]
Tobiz89: folds 
gilcoelho77 has timed out
gilcoelho77: folds 
Dorex2007: folds 
rjeg333: folds 
tom905: folds 
Luck2385: checks 
timtag88: raises $0.02 to $0.04
Anna_violin: folds 
0-overt: calls $0.02
Luck2385: calls $0.02
*** FLOP *** [Ac 6d 8d]
0-overt: checks 
Luck2385: checks 
timtag88: bets $0.07
0-overt: folds 
Luck2385: folds 
Uncalled bet ($0.07) returned to timtag88
timtag88 collected $0.13 from pot
timtag88: doesn't show hand 
*** SUMMARY ***
Total pot $0.13 | Rake $0 
Board [Ac 6d 8d]
Seat 1: tom905 folded before Flop (didn't bet)
Seat 2: Luck2385 folded on the Flop
Seat 3: timtag88 (button) collected ($0.13)
Seat 4: Anna_violin (small blind) folded before Flop
Seat 5: 0-overt (big blind) folded on the Flop
Seat 6: Tobiz89 folded before Flop (didn't bet)
Seat 7: gilcoelho77 folded before Flop (didn't bet)
Seat 8: Dorex2007 folded before Flop (didn't bet)
Seat 9: rjeg333 folded before Flop (didn't bet)



PokerStars Hand #233901670008:  Hold'em No Limit ($0.01/$0.02 USD) - 2022/02/08 14:56:24 PT [2022/02/08 17:56:24 ET]
Table 'Nyanza III' 9-max Seat #4 is the button
Seat 1: tom905 ($1.22 in chips) 
Seat 2: Luck2385 ($0.96 in chips) 
Seat 3: timtag88 ($2.32 in chips) 
Seat 4: Anna_violin ($4.87 in chips) 
Seat 5: 0-overt ($2 in chips) 
Seat 6: Tobiz89 ($2 in chips) 
Seat 8: Dorex2007 ($2.25 in chips) 
0-overt: posts small blind $0.01
Tobiz89: posts big blind $0.02
*** HOLE CARDS ***
Dealt to Dorex2007 [Qh 4d]
Dorex2007: folds 
tom905 has timed out
tom905: folds 
Luck2385: calls $0.02
timtag88: folds 
Anna_violin: folds 
0-overt: calls $0.01
Tobiz89: checks 
*** FLOP *** [4h Tc 8d]
0-overt: bets $0.04
Tobiz89: folds 
Luck2385: folds 
Uncalled bet ($0.04) returned to 0-overt
0-overt collected $0.06 from pot
0-overt: doesn't show hand 
*** SUMMARY ***
Total pot $0.06 | Rake $0 
Board [4h Tc 8d]
Seat 1: tom905 folded before Flop (didn't bet)
Seat 2: Luck2385 folded on the Flop
Seat 3: timtag88 folded before Flop (didn't bet)
Seat 4: Anna_violin (button) folded before Flop (didn't bet)
Seat 5: 0-overt (small blind) collected ($0.06)
Seat 6: Tobiz89 (big blind) folded on the Flop
Seat 8: Dorex2007 folded before Flop (didn't bet)



PokerStars Hand #233901684463:  Hold'em No Limit ($0.01/$0.02 USD) - 2022/02/08 14:57:04 PT [2022/02/08 17:57:04 ET]
Table 'Nyanza III' 9-max Seat #5 is the button
Seat 2: Luck2385 ($0.94 in chips) 
Seat 3: timtag88 ($2.32 in chips) 
Seat 4: Anna_violin ($4.87 in chips) 
Seat 5: 0-overt ($2.04 in chips) 
Seat 6: Tobiz89 ($2 in chips) 
Seat 8: Dorex2007 ($2.25 in chips) 
Tobiz89: posts small blind $0.01
Dorex2007: posts big blind $0.02
*** HOLE CARDS ***
Dealt to Dorex2007 [Tc Qs]
Luck2385: calls $0.02
timtag88: folds 
Anna_violin: folds 
0-overt: folds 
Tobiz89: folds 
Dorex2007: checks 
*** FLOP *** [Ts 2s Ac]
Dorex2007: checks 
Luck2385: bets $0.02
Dorex2007: calls $0.02
*** TURN *** [Ts 2s Ac] [As]
Dorex2007: checks 
Luck2385: bets $0.04
Dorex2007: calls $0.04
*** RIVER *** [Ts 2s Ac As] [4c]
Dorex2007: bets $0.08
Luck2385: folds 
Uncalled bet ($0.08) returned to Dorex2007
Dorex2007 collected $0.16 from pot
Dorex2007: doesn't show hand 
*** SUMMARY ***
Total pot $0.17 | Rake $0.01 
Board [Ts 2s Ac As 4c]
Seat 2: Luck2385 folded on the River
Seat 3: timtag88 folded before Flop (didn't bet)
Seat 4: Anna_violin folded before Flop (didn't bet)
Seat 5: 0-overt (button) folded before Flop (didn't bet)
Seat 6: Tobiz89 (small blind) folded before Flop
Seat 8: Dorex2007 (big blind) collected ($0.16)



PokerStars Hand #233901699771:  Hold'em No Limit ($0.01/$0.02 USD) - 2022/02/08 14:57:45 PT [2022/02/08 17:57:45 ET]
Table 'Nyanza III' 9-max Seat #6 is the button
Seat 2: Luck2385 ($0.86 in chips) 
Seat 3: timtag88 ($2.32 in chips) 
Seat 4: Anna_violin ($4.87 in chips) 
Seat 5: 0-overt ($2.04 in chips) 
Seat 6: Tobiz89 ($2 in chips) 
Seat 8: Dorex2007 ($2.33 in chips) 
Dorex2007: posts small blind $0.01
Luck2385: posts big blind $0.02
*** HOLE CARDS ***
Dealt to Dorex2007 [6h Qd]
timtag88: folds 
Anna_violin: folds 
0-overt: folds 
tom905 leaves the table
0RB BR0 joins the table at seat #1 
Tobiz89: raises $0.03 to $0.05
Dorex2007: folds 
Luck2385: calls $0.03
*** FLOP *** [2h Js 3h]
Luck2385: checks 
Tobiz89: bets $0.07
Luck2385: folds 
Uncalled bet ($0.07) returned to Tobiz89
Tobiz89 collected $0.11 from pot
Tobiz89: doesn't show hand 
*** SUMMARY ***
Total pot $0.11 | Rake $0 
Board [2h Js 3h]
Seat 2: Luck2385 (big blind) folded on the Flop
Seat 3: timtag88 folded before Flop (didn't bet)
Seat 4: Anna_violin folded before Flop (didn't bet)
Seat 5: 0-overt folded before Flop (didn't bet)
Seat 6: Tobiz89 (button) collected ($0.11)
Seat 8: Dorex2007 (small blind) folded before Flop



PokerStars Hand #233901721010:  Hold'em No Limit ($0.01/$0.02 USD) - 2022/02/08 14:58:28 PT [2022/02/08 17:58:28 ET]
Table 'Nyanza III' 9-max Seat #8 is the button
Seat 2: Luck2385 ($0.81 in chips) 
Seat 3: timtag88 ($2.32 in chips) 
Seat 4: Anna_violin ($4.87 in chips) 
Seat 5: 0-overt ($2.04 in chips) 
Seat 6: Tobiz89 ($2.06 in chips) 
Seat 7: gilcoelho77 ($1.60 in chips) 
Seat 8: Dorex2007 ($2.32 in chips) 
Luck2385: posts small blind $0.01
timtag88: posts big blind $0.02
gilcoelho77: posts small & big blinds $0.03
*** HOLE CARDS ***
Dealt to Dorex2007 [5c 3d]
Anna_violin: folds 
0-overt: folds 
Tobiz89: folds 
gilcoelho77: checks 
Dorex2007: folds 
Luck2385: calls $0.01
timtag88: checks 
*** FLOP *** [9s 7c 2d]
Luck2385: bets $0.02
timtag88: calls $0.02
gilcoelho77: calls $0.02
*** TURN *** [9s 7c 2d] [9c]
Luck2385: bets $0.06
timtag88: folds 
gilcoelho77: folds 
Uncalled bet ($0.06) returned to Luck2385
Luck2385 collected $0.13 from pot
Luck2385: doesn't show hand 
*** SUMMARY ***
Total pot $0.13 | Rake $0 
Board [9s 7c 2d 9c]
Seat 2: Luck2385 (small blind) collected ($0.13)
Seat 3: timtag88 (big blind) folded on the Turn
Seat 4: Anna_violin folded before Flop (didn't bet)
Seat 5: 0-overt folded before Flop (didn't bet)
Seat 6: Tobiz89 folded before Flop (didn't bet)
Seat 7: gilcoelho77 folded on the Turn
Seat 8: Dorex2007 (button) folded before Flop (didn't bet)



PokerStars Hand #233901805298:  Hold'em No Limit ($0.01/$0.02 USD) - 2022/02/08 15:02:06 PT [2022/02/08 18:02:06 ET]
Table 'Nyanza III' 9-max Seat #1 is the button
Seat 1: 0RB BR0 ($0.96 in chips) 
Seat 2: Luck2385 ($0.99 in chips) 
Seat 3: timtag88 ($2.40 in chips) 
Seat 4: Anna_violin ($4.84 in chips) 
Seat 5: 0-overt ($2.04 in chips) 
Seat 6: MurDockey ($1 in chips) 
Seat 7: gilcoelho77 ($1.45 in chips) 
Seat 8: Dorex2007 ($2.32 in chips) 
Luck2385: posts small blind $0.01
timtag88: posts big blind $0.02
MurDockey: posts big blind $0.02
Dorex2007: posts small & big blinds $0.03
*** HOLE CARDS ***
Dealt to Dorex2007 [6h Ah]
Anna_violin: folds 
0-overt: folds 
MurDockey: checks 
gilcoelho77: raises $0.04 to $0.06
Dorex2007: folds 
0RB BR0: folds 
Luck2385: folds 
timtag88: folds 
MurDockey: calls $0.04
*** FLOP *** [2c 3d 7d]
rjeg333 leaves the table
MurDockey: bets $0.06
gilcoelho77: calls $0.06
*** TURN *** [2c 3d 7d] [3s]
MurDockey: bets $0.06
gilcoelho77: folds 
Uncalled bet ($0.06) returned to MurDockey
MurDockey collected $0.29 from pot
MurDockey: doesn't show hand 
*** SUMMARY ***
Total pot $0.30 | Rake $0.01 
Board [2c 3d 7d 3s]
Seat 1: 0RB BR0 (button) folded before Flop (didn't bet)
Seat 2: Luck2385 (small blind) folded before Flop
Seat 3: timtag88 (big blind) folded before Flop
Seat 4: Anna_violin folded before Flop (didn't bet)
Seat 5: 0-overt folded before Flop (didn't bet)
Seat 6: MurDockey collected ($0.29)
Seat 7: gilcoelho77 folded on the Turn
Seat 8: Dorex2007 folded before Flop (didn't bet)



PokerStars Hand #233901831422:  Hold'em No Limit ($0.01/$0.02 USD) - 2022/02/08 15:03:05 PT [2022/02/08 18:03:05 ET]
Table 'Nyanza III' 9-max Seat #2 is the button
Seat 1: 0RB BR0 ($0.96 in chips) 
Seat 2: Luck2385 ($0.98 in chips) 
Seat 3: timtag88 ($2.38 in chips) 
Seat 4: Anna_violin ($4.84 in chips) 
Seat 5: 0-overt ($2.04 in chips) 
Seat 6: MurDockey ($1.17 in chips) 
Seat 7: gilcoelho77 ($1.33 in chips) 
Seat 8: Dorex2007 ($2.29 in chips) 
timtag88: posts small blind $0.01
Anna_violin: posts big blind $0.02
*** HOLE CARDS ***
Dealt to Dorex2007 [5s 4s]
0-overt: folds 
MurDockey: calls $0.02
gilcoelho77: folds 
Dorex2007: folds 
0RB BR0: folds 
Luck2385: raises $0.02 to $0.04
timtag88: folds 
Anna_violin: folds 
MurDockey: calls $0.02
*** FLOP *** [9d 8c Td]
MurDockey: checks 
Luck2385: bets $0.05
MurDockey: calls $0.05
*** TURN *** [9d 8c Td] [Kh]
rockysmagic94 joins the table at seat #9 
MurDockey: checks 
Luck2385: bets $0.10
MurDockey: raises $0.10 to $0.20
Luck2385: calls $0.10
*** RIVER *** [9d 8c Td Kh] [Ad]
MurDockey: bets $0.88 and is all-in
Luck2385: calls $0.69 and is all-in
Uncalled bet ($0.19) returned to MurDockey
*** SHOW DOWN ***
MurDockey: shows [Kd 8d] (a flush, Ace high)
Luck2385: shows [8h Ah] (two pair, Aces and Eights)
MurDockey collected $1.92 from pot
*** SUMMARY ***
Total pot $1.99 | Rake $0.07 
Board [9d 8c Td Kh Ad]
Seat 1: 0RB BR0 folded before Flop (didn't bet)
Seat 2: Luck2385 (button) showed [8h Ah] and lost with two pair, Aces and Eights
Seat 3: timtag88 (small blind) folded before Flop
Seat 4: Anna_violin (big blind) folded before Flop
Seat 5: 0-overt folded before Flop (didn't bet)
Seat 6: MurDockey showed [Kd 8d] and won ($1.92) with a flush, Ace high
Seat 7: gilcoelho77 folded before Flop (didn't bet)
Seat 8: Dorex2007 folded before Flop (didn't bet)



PokerStars Hand #233901855585:  Hold'em No Limit ($0.01/$0.02 USD) - 2022/02/08 15:04:00 PT [2022/02/08 18:04:00 ET]
Table 'Nyanza III' 9-max Seat #3 is the button
Seat 1: 0RB BR0 ($0.96 in chips) 
Seat 3: timtag88 ($2.37 in chips) 
Seat 4: Anna_violin ($4.82 in chips) 
Seat 5: 0-overt ($2.04 in chips) 
Seat 6: MurDockey ($2.11 in chips) 
Seat 7: gilcoelho77 ($1.33 in chips) 
Seat 8: Dorex2007 ($2.29 in chips) 
Seat 9: rockysmagic94 ($1.51 in chips) 
Anna_violin: posts small blind $0.01
0-overt: posts big blind $0.02
rockysmagic94: posts big blind $0.02
*** HOLE CARDS ***
Dealt to Dorex2007 [As Ks]
MurDockey: calls $0.02
gilcoelho77: folds 
Dorex2007 has timed out
Dorex2007: folds 
rockysmagic94: checks 
0RB BR0: folds 
timtag88: folds 
Anna_violin: calls $0.01
0-overt: checks 
*** FLOP *** [Jh 3d Ad]
Anna_violin: checks 
0-overt: checks 
MurDockey: bets $0.10
rockysmagic94: folds 
Anna_violin: folds 
0-overt: folds 
Uncalled bet ($0.10) returned to MurDockey
MurDockey collected $0.08 from pot
MurDockey: doesn't show hand 
*** SUMMARY ***
Total pot $0.08 | Rake $0 
Board [Jh 3d Ad]
Seat 1: 0RB BR0 folded before Flop (didn't bet)
Seat 3: timtag88 (button) folded before Flop (didn't bet)
Seat 4: Anna_violin (small blind) folded on the Flop
Seat 5: 0-overt (big blind) folded on the Flop
Seat 6: MurDockey collected ($0.08)
Seat 7: gilcoelho77 folded before Flop (didn't bet)
Seat 8: Dorex2007 folded before Flop (didn't bet)
Seat 9: rockysmagic94 folded on the Flop (didn't bet)



PokerStars Hand #233901872509:  Hold'em No Limit ($0.01/$0.02 USD) - 2022/02/08 15:04:38 PT [2022/02/08 18:04:38 ET]
Table 'Nyanza III' 9-max Seat #4 is the button
Seat 1: 0RB BR0 ($0.96 in chips) 
Seat 3: timtag88 ($2.37 in chips) 
Seat 4: Anna_violin ($4.80 in chips) 
Seat 5: 0-overt ($2.02 in chips) 
Seat 6: MurDockey ($2.17 in chips) 
Seat 7: gilcoelho77 ($1.33 in chips) 
Seat 8: Dorex2007 ($2.29 in chips) 
Seat 9: rockysmagic94 ($1.49 in chips) 
0-overt: posts small blind $0.01
MurDockey: posts big blind $0.02
*** HOLE CARDS ***
Dealt to Dorex2007 [8c Js]
gilcoelho77: folds 
Dorex2007: folds 
rockysmagic94: raises $0.04 to $0.06
0RB BR0: calls $0.06
timtag88: calls $0.06
Anna_violin: folds 
0-overt: folds 
MurDockey: folds 
*** FLOP *** [9c 4s 2h]
rockysmagic94: bets $0.10
0RB BR0: folds 
Luck2385 leaves the table
timtag88: folds 
Uncalled bet ($0.10) returned to rockysmagic94
rockysmagic94 collected $0.20 from pot
rockysmagic94: doesn't show hand 
*** SUMMARY ***
Total pot $0.21 | Rake $0.01 
Board [9c 4s 2h]
Seat 1: 0RB BR0 folded on the Flop
Seat 3: timtag88 folded on the Flop
Seat 4: Anna_violin (button) folded before Flop (didn't bet)
Seat 5: 0-overt (small blind) folded before Flop
Seat 6: MurDockey (big blind) folded before Flop
Seat 7: gilcoelho77 folded before Flop (didn't bet)
Seat 8: Dorex2007 folded before Flop (didn't bet)
Seat 9: rockysmagic94 collected ($0.20)



PokerStars Hand #233901897239:  Hold'em No Limit ($0.01/$0.02 USD) - 2022/02/08 15:05:35 PT [2022/02/08 18:05:35 ET]
Table 'Nyanza III' 9-max Seat #5 is the button
Seat 1: 0RB BR0 ($0.90 in chips) 
Seat 3: timtag88 ($2.31 in chips) 
Seat 4: Anna_violin ($4.80 in chips) 
Seat 5: 0-overt ($2.01 in chips) 
Seat 6: MurDockey ($2.15 in chips) 
Seat 7: gilcoelho77 ($1.33 in chips) 
Seat 8: Dorex2007 ($2.29 in chips) 
Seat 9: rockysmagic94 ($1.63 in chips) 
MurDockey: posts small blind $0.01
gilcoelho77: posts big blind $0.02
*** HOLE CARDS ***
Dealt to Dorex2007 [6d Kc]
Dorex2007: folds 
rockysmagic94: raises $0.04 to $0.06
0RB BR0: folds 
timtag88: calls $0.06
Anna_violin: calls $0.06
0-overt: folds 
MurDockey: folds 
gilcoelho77: calls $0.04
*** FLOP *** [As Qs 8c]
gilcoelho77: checks 
rockysmagic94: bets $0.08
timtag88: folds 
Anna_violin: calls $0.08
gilcoelho77: calls $0.08
*** TURN *** [As Qs 8c] [Ac]
gilcoelho77: checks 
MurDockey leaves the table
rockysmagic94: bets $0.17
Anna_violin: folds 
gilcoelho77: folds 
Uncalled bet ($0.17) returned to rockysmagic94
rockysmagic94 collected $0.47 from pot
rockysmagic94: doesn't show hand 
*** SUMMARY ***
Total pot $0.49 | Rake $0.02 
Board [As Qs 8c Ac]
Seat 1: 0RB BR0 folded before Flop (didn't bet)
Seat 3: timtag88 folded on the Flop
Seat 4: Anna_violin folded on the Turn
Seat 5: 0-overt (button) folded before Flop (didn't bet)
Seat 6: MurDockey (small blind) folded before Flop
Seat 7: gilcoelho77 (big blind) folded on the Turn
Seat 8: Dorex2007 folded before Flop (didn't bet)
Seat 9: rockysmagic94 collected ($0.47)



PokerStars Hand #233901927458:  Hold'em No Limit ($0.01/$0.02 USD) - 2022/02/08 15:06:44 PT [2022/02/08 18:06:44 ET]
Table 'Nyanza III' 9-max Seat #7 is the button
Seat 1: 0RB BR0 ($0.90 in chips) 
Seat 3: timtag88 ($2.25 in chips) 
Seat 4: Anna_violin ($4.66 in chips) 
Seat 5: 0-overt ($2.01 in chips) 
Seat 7: gilcoelho77 ($1.19 in chips) 
Seat 8: Dorex2007 ($2.29 in chips) 
Seat 9: rockysmagic94 ($1.96 in chips) 
Dorex2007: posts small blind $0.01
rockysmagic94: posts big blind $0.02
*** HOLE CARDS ***
Dealt to Dorex2007 [8c Tc]
0RB BR0: folds 
timtag88: folds 
Anna_violin: folds 
0-overt: folds 
gilcoelho77: folds 
Dorex2007: raises $0.02 to $0.04
rockysmagic94: calls $0.02
*** FLOP *** [8d Ah Kh]
Dorex2007: checks 
rockysmagic94: checks 
*** TURN *** [8d Ah Kh] [2s]
Dorex2007: checks 
rockysmagic94: checks 
*** RIVER *** [8d Ah Kh 2s] [Qc]
Dorex2007: checks 
rockysmagic94: checks 
*** SHOW DOWN ***
Dorex2007: shows [8c Tc] (a pair of Eights)
rockysmagic94: mucks hand 
Dorex2007 collected $0.08 from pot
*** SUMMARY ***
Total pot $0.08 | Rake $0 
Board [8d Ah Kh 2s Qc]
Seat 1: 0RB BR0 folded before Flop (didn't bet)
Seat 3: timtag88 folded before Flop (didn't bet)
Seat 4: Anna_violin folded before Flop (didn't bet)
Seat 5: 0-overt folded before Flop (didn't bet)
Seat 7: gilcoelho77 (button) folded before Flop (didn't bet)
Seat 8: Dorex2007 (small blind) showed [8c Tc] and won ($0.08) with a pair of Eights
Seat 9: rockysmagic94 (big blind) mucked [5s 9c]



PokerStars Hand #233901942542:  Hold'em No Limit ($0.01/$0.02 USD) - 2022/02/08 15:07:19 PT [2022/02/08 18:07:19 ET]
Table 'Nyanza III' 9-max Seat #8 is the button
Seat 1: 0RB BR0 ($0.90 in chips) 
Seat 3: timtag88 ($2.25 in chips) 
Seat 4: Anna_violin ($4.66 in chips) 
Seat 5: 0-overt ($2.01 in chips) 
Seat 7: gilcoelho77 ($1.19 in chips) 
Seat 8: Dorex2007 ($2.33 in chips) 
Seat 9: rockysmagic94 ($1.92 in chips) 
rockysmagic94: posts small blind $0.01
0RB BR0: posts big blind $0.02
*** HOLE CARDS ***
Dealt to Dorex2007 [3s 4c]
timtag88: folds 
Anna_violin: folds 
0-overt has timed out
0-overt: folds 
gilcoelho77: folds 
Dorex2007: folds 
rockysmagic94: folds 
Uncalled bet ($0.01) returned to 0RB BR0
0RB BR0 collected $0.02 from pot
*** SUMMARY ***
Total pot $0.02 | Rake $0 
Seat 1: 0RB BR0 (big blind) collected ($0.02)
Seat 3: timtag88 folded before Flop (didn't bet)
Seat 4: Anna_violin folded before Flop (didn't bet)
Seat 5: 0-overt folded before Flop (didn't bet)
Seat 7: gilcoelho77 folded before Flop (didn't bet)
Seat 8: Dorex2007 (button) folded before Flop (didn't bet)
Seat 9: rockysmagic94 (small blind) folded before Flop



PokerStars Hand #233901953049:  Hold'em No Limit ($0.01/$0.02 USD) - 2022/02/08 15:07:43 PT [2022/02/08 18:07:43 ET]
Table 'Nyanza III' 9-max Seat #9 is the button
Seat 1: 0RB BR0 ($0.91 in chips) 
Seat 3: timtag88 ($2.25 in chips) 
Seat 4: Anna_violin ($4.66 in chips) 
Seat 5: 0-overt ($2.01 in chips) 
Seat 7: gilcoelho77 ($1.19 in chips) 
Seat 8: Dorex2007 ($2.33 in chips) 
Seat 9: rockysmagic94 ($1.91 in chips) 
0RB BR0: posts small blind $0.01
timtag88: posts big blind $0.02
*** HOLE CARDS ***
Dealt to Dorex2007 [9h 7d]
Anna_violin: raises $0.05 to $0.07
0-overt: folds 
gilcoelho77: folds 
Dorex2007: folds 
rockysmagic94: calls $0.07
0RB BR0: folds 
timtag88: calls $0.05
*** FLOP *** [7h 8d 4h]
timtag88: checks 
Anna_violin: checks 
rockysmagic94: bets $0.10
timtag88: folds 
Anna_violin: calls $0.10
*** TURN *** [7h 8d 4h] [5s]
Anna_violin: checks 
rockysmagic94: bets $0.20
Anna_violin: raises $0.30 to $0.50
rockysmagic94: folds 
Uncalled bet ($0.30) returned to Anna_violin
Anna_violin collected $0.79 from pot
Anna_violin: doesn't show hand 
*** SUMMARY ***
Total pot $0.82 | Rake $0.03 
Board [7h 8d 4h 5s]
Seat 1: 0RB BR0 (small blind) folded before Flop
Seat 3: timtag88 (big blind) folded on the Flop
Seat 4: Anna_violin collected ($0.79)
Seat 5: 0-overt folded before Flop (didn't bet)
Seat 7: gilcoelho77 folded before Flop (didn't bet)
Seat 8: Dorex2007 folded before Flop (didn't bet)
Seat 9: rockysmagic94 (button) folded on the Turn



PokerStars Hand #233901997516:  Hold'em No Limit ($0.01/$0.02 USD) - 2022/02/08 15:09:26 PT [2022/02/08 18:09:26 ET]
Table 'Nyanza III' 9-max Seat #1 is the button
Seat 1: 0RB BR0 ($0.90 in chips) 
Seat 3: timtag88 ($2.18 in chips) 
Seat 4: Anna_violin ($5.08 in chips) 
Seat 5: 0-overt ($2.01 in chips) 
Seat 7: gilcoelho77 ($1.19 in chips) 
Seat 8: Dorex2007 ($2.33 in chips) 
Seat 9: rockysmagic94 ($1.54 in chips) 
timtag88: posts small blind $0.01
Anna_violin: posts big blind $0.02
*** HOLE CARDS ***
Dealt to Dorex2007 [5h Jc]
0-overt: folds 
gilcoelho77: folds 
Dorex2007: folds 
rockysmagic94: raises $0.05 to $0.07
0RB BR0: folds 
timtag88: folds 
Anna_violin: folds 
Uncalled bet ($0.05) returned to rockysmagic94
rockysmagic94 collected $0.05 from pot
*** SUMMARY ***
Total pot $0.05 | Rake $0 
Seat 1: 0RB BR0 (button) folded before Flop (didn't bet)
Seat 3: timtag88 (small blind) folded before Flop
Seat 4: Anna_violin (big blind) folded before Flop
Seat 5: 0-overt folded before Flop (didn't bet)
Seat 7: gilcoelho77 folded before Flop (didn't bet)
Seat 8: Dorex2007 folded before Flop (didn't bet)
Seat 9: rockysmagic94 collected ($0.05)



PokerStars Hand #233902008152:  Hold'em No Limit ($0.01/$0.02 USD) - 2022/02/08 15:09:50 PT [2022/02/08 18:09:50 ET]
Table 'Nyanza III' 9-max Seat #3 is the button
Seat 1: 0RB BR0 ($0.90 in chips) 
Seat 3: timtag88 ($2.17 in chips) 
Seat 4: Anna_violin ($5.06 in chips) 
Seat 5: 0-overt ($2.01 in chips) 
Seat 7: gilcoelho77 ($1.19 in chips) 
Seat 8: Dorex2007 ($2.33 in chips) 
Seat 9: rockysmagic94 ($1.57 in chips) 
Anna_violin: posts small blind $0.01
0-overt: posts big blind $0.02
*** HOLE CARDS ***
Dealt to Dorex2007 [Ah Tc]
gilcoelho77: folds 
Dorex2007: raises $0.04 to $0.06
rockysmagic94: calls $0.06
0RB BR0: folds 
timtag88: folds 
Anna_violin: folds 
0-overt: calls $0.04
*** FLOP *** [Jh Qh 6h]
0-overt: checks 
Dorex2007: bets $0.18
rockysmagic94: calls $0.18
0-overt: folds 
*** TURN *** [Jh Qh 6h] [4h]
Dorex2007: checks 
rockysmagic94: bets $0.26
Dorex2007: calls $0.26
*** RIVER *** [Jh Qh 6h 4h] [Jd]
Dorex2007: bets $0.52
rockysmagic94: raises $0.55 to $1.07 and is all-in
Dorex2007: calls $0.55
*** SHOW DOWN ***
rockysmagic94: shows [7s Qc] (two pair, Queens and Jacks)
Dorex2007: shows [Ah Tc] (a flush, Ace high)
Dorex2007 collected $3.10 from pot
*** SUMMARY ***
Total pot $3.21 | Rake $0.11 
Board [Jh Qh 6h 4h Jd]
Seat 1: 0RB BR0 folded before Flop (didn't bet)
Seat 3: timtag88 (button) folded before Flop (didn't bet)
Seat 4: Anna_violin (small blind) folded before Flop
Seat 5: 0-overt (big blind) folded on the Flop
Seat 7: gilcoelho77 folded before Flop (didn't bet)
Seat 8: Dorex2007 showed [Ah Tc] and won ($3.10) with a flush, Ace high
Seat 9: rockysmagic94 showed [7s Qc] and lost with two pair, Queens and Jacks



PokerStars Hand #233902043355:  Hold'em No Limit ($0.01/$0.02 USD) - 2022/02/08 15:11:11 PT [2022/02/08 18:11:11 ET]
Table 'Nyanza III' 9-max Seat #4 is the button
Seat 1: 0RB BR0 ($0.90 in chips) 
Seat 3: timtag88 ($2.17 in chips) 
Seat 4: Anna_violin ($5.05 in chips) 
Seat 5: 0-overt ($2 in chips) 
Seat 7: gilcoelho77 ($1.19 in chips) 
Seat 8: Dorex2007 ($3.86 in chips) 
0-overt: posts small blind $0.01
gilcoelho77: posts big blind $0.02
*** HOLE CARDS ***
Dealt to Dorex2007 [Qh 2d]
Dorex2007: folds 
0RB BR0: folds 
timtag88: raises $0.03 to $0.05
Anna_violin: folds 
0-overt: folds 
rockysmagic94 leaves the table
gilcoelho77: folds 
Uncalled bet ($0.03) returned to timtag88
timtag88 collected $0.05 from pot
timtag88: doesn't show hand 
*** SUMMARY ***
Total pot $0.05 | Rake $0 
Seat 1: 0RB BR0 folded before Flop (didn't bet)
Seat 3: timtag88 collected ($0.05)
Seat 4: Anna_violin (button) folded before Flop (didn't bet)
Seat 5: 0-overt (small blind) folded before Flop
Seat 7: gilcoelho77 (big blind) folded before Flop
Seat 8: Dorex2007 folded before Flop (didn't bet)



PokerStars Hand #233902054817:  Hold'em No Limit ($0.01/$0.02 USD) - 2022/02/08 15:11:38 PT [2022/02/08 18:11:38 ET]
Table 'Nyanza III' 9-max Seat #5 is the button
Seat 1: 0RB BR0 ($0.90 in chips) 
Seat 3: timtag88 ($2.20 in chips) 
Seat 4: Anna_violin ($5.05 in chips) 
Seat 5: 0-overt ($2 in chips) 
Seat 7: gilcoelho77 ($1.17 in chips) 
Seat 8: Dorex2007 ($3.86 in chips) 
gilcoelho77: posts small blind $0.01
Dorex2007: posts big blind $0.02
*** HOLE CARDS ***
Dealt to Dorex2007 [8c 8s]
0RB BR0: folds 
timtag88: folds 
Anna_violin: raises $0.04 to $0.06
0-overt: folds 
gilcoelho77: folds 
Dorex2007: calls $0.04
*** FLOP *** [Qh 9s Qd]
Dorex2007: checks 
Anna_violin: bets $0.06
Dorex2007: folds 
Uncalled bet ($0.06) returned to Anna_violin
Anna_violin collected $0.13 from pot
Anna_violin: doesn't show hand 
*** SUMMARY ***
Total pot $0.13 | Rake $0 
Board [Qh 9s Qd]
Seat 1: 0RB BR0 folded before Flop (didn't bet)
Seat 3: timtag88 folded before Flop (didn't bet)
Seat 4: Anna_violin collected ($0.13)
Seat 5: 0-overt (button) folded before Flop (didn't bet)
Seat 7: gilcoelho77 (small blind) folded before Flop
Seat 8: Dorex2007 (big blind) folded on the Flop



PokerStars Hand #233902072050:  Hold'em No Limit ($0.01/$0.02 USD) - 2022/02/08 15:12:18 PT [2022/02/08 18:12:18 ET]
Table 'Nyanza III' 9-max Seat #7 is the button
Seat 1: 0RB BR0 ($0.90 in chips) 
Seat 3: timtag88 ($2.20 in chips) 
Seat 4: Anna_violin ($5.12 in chips) 
Seat 5: 0-overt ($2 in chips) 
Seat 7: gilcoelho77 ($1.16 in chips) 
Seat 8: Dorex2007 ($3.80 in chips) 
Dorex2007: posts small blind $0.01
0RB BR0: posts big blind $0.02
*** HOLE CARDS ***
Dealt to Dorex2007 [Qh 9h]
timtag88: folds 
Anna_violin: folds 
0-overt has timed out
0-overt: folds 
gilcoelho77: raises $0.02 to $0.04
Dorex2007: folds 
0RB BR0: folds 
Uncalled bet ($0.02) returned to gilcoelho77
gilcoelho77 collected $0.05 from pot
gilcoelho77: doesn't show hand 
*** SUMMARY ***
Total pot $0.05 | Rake $0 
Seat 1: 0RB BR0 (big blind) folded before Flop
Seat 3: timtag88 folded before Flop (didn't bet)
Seat 4: Anna_violin folded before Flop (didn't bet)
Seat 5: 0-overt folded before Flop (didn't bet)
Seat 7: gilcoelho77 (button) collected ($0.05)
Seat 8: Dorex2007 (small blind) folded before Flop



PokerStars Hand #233902084442:  Hold'em No Limit ($0.01/$0.02 USD) - 2022/02/08 15:12:44 PT [2022/02/08 18:12:44 ET]
Table 'Nyanza III' 9-max Seat #8 is the button
Seat 1: 0RB BR0 ($0.88 in chips) 
Seat 3: timtag88 ($2.20 in chips) 
Seat 4: Anna_violin ($5.12 in chips) 
Seat 7: gilcoelho77 ($1.19 in chips) 
Seat 8: Dorex2007 ($3.79 in chips) 
0RB BR0: posts small blind $0.01
timtag88: posts big blind $0.02
*** HOLE CARDS ***
Dealt to Dorex2007 [Ks 4c]
Anna_violin: folds 
gilcoelho77: folds 
Dorex2007: folds 
0RB BR0: folds 
Uncalled bet ($0.01) returned to timtag88
timtag88 collected $0.02 from pot
timtag88: doesn't show hand 
*** SUMMARY ***
Total pot $0.02 | Rake $0 
Seat 1: 0RB BR0 (small blind) folded before Flop
Seat 3: timtag88 (big blind) collected ($0.02)
Seat 4: Anna_violin folded before Flop (didn't bet)
Seat 7: gilcoelho77 folded before Flop (didn't bet)
Seat 8: Dorex2007 (button) folded before Flop (didn't bet)



PokerStars Hand #233902089526:  Hold'em No Limit ($0.01/$0.02 USD) - 2022/02/08 15:12:56 PT [2022/02/08 18:12:56 ET]
Table 'Nyanza III' 9-max Seat #1 is the button
Seat 1: 0RB BR0 ($0.87 in chips) 
Seat 3: timtag88 ($2.21 in chips) 
Seat 4: Anna_violin ($5.12 in chips) 
Seat 5: 0-overt ($2 in chips) 
Seat 7: gilcoelho77 ($1.19 in chips) 
Seat 8: Dorex2007 ($3.79 in chips) 
timtag88: posts small blind $0.01
Anna_violin: posts big blind $0.02
*** HOLE CARDS ***
Dealt to Dorex2007 [Tc 6h]
0-overt: folds 
gilcoelho77: folds 
Dorex2007: folds 
0RB BR0: folds 
timtag88: folds 
Uncalled bet ($0.01) returned to Anna_violin
Anna_violin collected $0.02 from pot
Anna_violin: doesn't show hand 
*** SUMMARY ***
Total pot $0.02 | Rake $0 
Seat 1: 0RB BR0 (button) folded before Flop (didn't bet)
Seat 3: timtag88 (small blind) folded before Flop
Seat 4: Anna_violin (big blind) collected ($0.02)
Seat 5: 0-overt folded before Flop (didn't bet)
Seat 7: gilcoelho77 folded before Flop (didn't bet)
Seat 8: Dorex2007 folded before Flop (didn't bet)



PokerStars Hand #233902093721:  Hold'em No Limit ($0.01/$0.02 USD) - 2022/02/08 15:13:05 PT [2022/02/08 18:13:05 ET]
Table 'Nyanza III' 9-max Seat #3 is the button
Seat 1: 0RB BR0 ($0.87 in chips) 
Seat 3: timtag88 ($2.20 in chips) 
Seat 4: Anna_violin ($5.13 in chips) 
Seat 5: 0-overt ($2 in chips) 
Seat 7: gilcoelho77 ($1.19 in chips) 
Seat 8: Dorex2007 ($3.79 in chips) 
Anna_violin: posts small blind $0.01
0-overt: posts big blind $0.02
*** HOLE CARDS ***
Dealt to Dorex2007 [Kc 2h]
gilcoelho77: folds 
Dorex2007: folds 
0RB BR0: folds 
timtag88: folds 
Anna_violin: calls $0.01
0-overt: checks 
*** FLOP *** [2s 5c 9c]
Anna_violin: bets $0.02
0-overt: folds 
Uncalled bet ($0.02) returned to Anna_violin
Anna_violin collected $0.04 from pot
Anna_violin: doesn't show hand 
*** SUMMARY ***
Total pot $0.04 | Rake $0 
Board [2s 5c 9c]
Seat 1: 0RB BR0 folded before Flop (didn't bet)
Seat 3: timtag88 (button) folded before Flop (didn't bet)
Seat 4: Anna_violin (small blind) collected ($0.04)
Seat 5: 0-overt (big blind) folded on the Flop
Seat 7: gilcoelho77 folded before Flop (didn't bet)
Seat 8: Dorex2007 folded before Flop (didn't bet)



PokerStars Hand #233902105192:  Hold'em No Limit ($0.01/$0.02 USD) - 2022/02/08 15:13:32 PT [2022/02/08 18:13:32 ET]
Table 'Nyanza III' 9-max Seat #4 is the button
Seat 1: 0RB BR0 ($0.87 in chips) 
Seat 3: timtag88 ($2.20 in chips) 
Seat 4: Anna_violin ($5.15 in chips) 
Seat 5: 0-overt ($2 in chips) 
Seat 7: gilcoelho77 ($1.19 in chips) 
Seat 8: Dorex2007 ($3.79 in chips) 
0-overt: posts small blind $0.01
gilcoelho77: posts big blind $0.02
*** HOLE CARDS ***
Dealt to Dorex2007 [5s 5d]
Dorex2007: calls $0.02
0RB BR0: raises $0.04 to $0.06
timtag88: calls $0.06
Anna_violin: folds 
0-overt: folds 
gilcoelho77: calls $0.04
Dorex2007: folds 
*** FLOP *** [Ad 3c 8s]
gilcoelho77: checks 
0RB BR0: bets $0.10
timtag88: calls $0.10
gilcoelho77: folds 
*** TURN *** [Ad 3c 8s] [6c]
0RB BR0: bets $0.14
timtag88: calls $0.14
*** RIVER *** [Ad 3c 8s 6c] [4c]
0RB BR0: bets $0.25
timtag88: raises $0.25 to $0.50
0RB BR0: calls $0.25
*** SHOW DOWN ***
timtag88: shows [Tc Ac] (a flush, Ace high)
0RB BR0: mucks hand 
timtag88 collected $1.61 from pot
*** SUMMARY ***
Total pot $1.69 | Rake $0.08 
Board [Ad 3c 8s 6c 4c]
Seat 1: 0RB BR0 mucked [As Js]
Seat 3: timtag88 showed [Tc Ac] and won ($1.61) with a flush, Ace high
Seat 4: Anna_violin (button) folded before Flop (didn't bet)
Seat 5: 0-overt (small blind) folded before Flop
Seat 7: gilcoelho77 (big blind) folded on the Flop
Seat 8: Dorex2007 folded before Flop



PokerStars Hand #233902132986:  Hold'em No Limit ($0.01/$0.02 USD) - 2022/02/08 15:14:36 PT [2022/02/08 18:14:36 ET]
Table 'Nyanza III' 9-max Seat #5 is the button
Seat 1: 0RB BR0 ($0.07 in chips) 
Seat 3: timtag88 ($3.01 in chips) 
Seat 4: Anna_violin ($5.15 in chips) 
Seat 5: 0-overt ($2 in chips) 
Seat 7: gilcoelho77 ($1.13 in chips) 
Seat 8: Dorex2007 ($3.77 in chips) 
gilcoelho77: posts small blind $0.01
Dorex2007: posts big blind $0.02
*** HOLE CARDS ***
Dealt to Dorex2007 [5s 5c]
0RB BR0: raises $0.05 to $0.07 and is all-in
timtag88: folds 
Anna_violin: folds 
0-overt: calls $0.07
gilcoelho77: calls $0.06
Dorex2007: calls $0.05
*** FLOP *** [Tc 2d 8c]
gilcoelho77: checks 
Dorex2007: checks 
0-overt: checks 
*** TURN *** [Tc 2d 8c] [2h]
gilcoelho77: bets $0.06
Dorex2007: folds 
0-overt: calls $0.06
*** RIVER *** [Tc 2d 8c 2h] [Ks]
gilcoelho77: bets $0.10
0-overt: calls $0.10
*** SHOW DOWN ***
gilcoelho77: shows [9c 8h] (two pair, Eights and Deuces)
0-overt: shows [Ah Kh] (two pair, Kings and Deuces)
0-overt collected $0.31 from side pot
0RB BR0: mucks hand 
0-overt collected $0.27 from main pot
*** SUMMARY ***
Total pot $0.60 Main pot $0.27. Side pot $0.31. | Rake $0.02 
Board [Tc 2d 8c 2h Ks]
Seat 1: 0RB BR0 mucked [6d 7d]
Seat 3: timtag88 folded before Flop (didn't bet)
Seat 4: Anna_violin folded before Flop (didn't bet)
Seat 5: 0-overt (button) showed [Ah Kh] and won ($0.58) with two pair, Kings and Deuces
Seat 7: gilcoelho77 (small blind) showed [9c 8h] and lost with two pair, Eights and Deuces
Seat 8: Dorex2007 (big blind) folded on the Turn



PokerStars Hand #233902160050:  Hold'em No Limit ($0.01/$0.02 USD) - 2022/02/08 15:15:25 PT [2022/02/08 18:15:25 ET]
Table 'Nyanza III' 9-max Seat #7 is the button
Seat 3: timtag88 ($3.01 in chips) 
Seat 4: Anna_violin ($5.15 in chips) 
Seat 5: 0-overt ($2.35 in chips) 
Seat 7: gilcoelho77 ($0.90 in chips) 
Seat 8: Dorex2007 ($3.70 in chips) 
Dorex2007: posts small blind $0.01
timtag88: posts big blind $0.02
*** HOLE CARDS ***
Dealt to Dorex2007 [3d 2d]
Anna_violin: folds 
0-overt: folds 
gilcoelho77: folds 
Dorex2007: folds 
Uncalled bet ($0.01) returned to timtag88
timtag88 collected $0.02 from pot
timtag88: doesn't show hand 
0RB BR0 leaves the table
*** SUMMARY ***
Total pot $0.02 | Rake $0 
Seat 3: timtag88 (big blind) collected ($0.02)
Seat 4: Anna_violin folded before Flop (didn't bet)
Seat 5: 0-overt folded before Flop (didn't bet)
Seat 7: gilcoelho77 (button) folded before Flop (didn't bet)
Seat 8: Dorex2007 (small blind) folded before Flop



PokerStars Hand #233902162958:  Hold'em No Limit ($0.01/$0.02 USD) - 2022/02/08 15:15:32 PT [2022/02/08 18:15:32 ET]
Table 'Nyanza III' 9-max Seat #8 is the button
Seat 3: timtag88 ($3.02 in chips) 
Seat 4: Anna_violin ($5.15 in chips) 
Seat 5: 0-overt ($2.35 in chips) 
Seat 7: gilcoelho77 ($0.90 in chips) 
Seat 8: Dorex2007 ($3.69 in chips) 
timtag88: posts small blind $0.01
Anna_violin: posts big blind $0.02
*** HOLE CARDS ***
Dealt to Dorex2007 [9s 9d]
0-overt: folds 
gilcoelho77: folds 
Dorex2007: raises $0.04 to $0.06
timtag88: folds 
Anna_violin: folds 
Uncalled bet ($0.04) returned to Dorex2007
Dorex2007 collected $0.05 from pot
Dorex2007: doesn't show hand 
*** SUMMARY ***
Total pot $0.05 | Rake $0 
Seat 3: timtag88 (small blind) folded before Flop
Seat 4: Anna_violin (big blind) folded before Flop
Seat 5: 0-overt folded before Flop (didn't bet)
Seat 7: gilcoelho77 folded before Flop (didn't bet)
Seat 8: Dorex2007 (button) collected ($0.05)



