PokerStars Hand #224943085876:  Hold'em No Limit ($0.01/$0.02 USD) - 2021/03/18 13:30:08 PT [2021/03/18 16:30:08 ET]
Table 'Luyten IV' 9-max Seat #5 is the button
Seat 1: Acme25 ($2.92 in chips) 
Seat 3: esvalido09 ($2 in chips) 
Seat 4: joelong ($0.77 in chips) 
Seat 5: Bobmox ($1.97 in chips) 
Seat 6: mirko483 ($1.98 in chips) 
Seat 7: Dorex2007 ($1.50 in chips) 
Seat 8: spitzbuam ($2.02 in chips) 
mirko483: posts small blind $0.01
Dorex2007: posts big blind $0.02
dahlamanada: sits out 
Alehta: sits out 
esvalido09: posts big blind $0.02
*** HOLE CARDS ***
Dealt to Dorex2007 [5h 6h]
spitzbuam: raises $0.02 to $0.04
Acme25: folds 
esvalido09: calls $0.02
joelong: folds 
Bobmox: folds 
mirko483: calls $0.03
Dorex2007: calls $0.02
*** FLOP *** [Kd 8d 9c]
mirko483: bets $0.08
Dorex2007: folds 
spitzbuam: folds 
esvalido09: folds 
Uncalled bet ($0.08) returned to mirko483
mirko483 collected $0.15 from pot
mirko483: doesn't show hand 
*** SUMMARY ***
Total pot $0.16 | Rake $0.01 
Board [Kd 8d 9c]
Seat 1: Acme25 folded before Flop (didn't bet)
Seat 3: esvalido09 folded on the Flop
Seat 4: joelong folded before Flop (didn't bet)
Seat 5: Bobmox (button) folded before Flop (didn't bet)
Seat 6: mirko483 (small blind) collected ($0.15)
Seat 7: Dorex2007 (big blind) folded on the Flop
Seat 8: spitzbuam folded on the Flop



PokerStars Hand #224943118832:  Hold'em No Limit ($0.01/$0.02 USD) - 2021/03/18 13:30:58 PT [2021/03/18 16:30:58 ET]
Table 'Luyten IV' 9-max Seat #6 is the button
Seat 1: Acme25 ($2.92 in chips) 
Seat 3: esvalido09 ($1.96 in chips) 
Seat 4: joelong ($0.77 in chips) 
Seat 5: Bobmox ($1.97 in chips) 
Seat 6: mirko483 ($2.09 in chips) 
Seat 7: Dorex2007 ($1.46 in chips) 
Seat 8: spitzbuam ($1.98 in chips) 
Dorex2007: posts small blind $0.01
spitzbuam: posts big blind $0.02
dahlamanada: sits out 
Alehta: sits out 
*** HOLE CARDS ***
Dealt to Dorex2007 [2c 3s]
Acme25: folds 
esvalido09: calls $0.02
joelong: folds 
Bobmox: folds 
mirko483: folds 
Dorex2007: folds 
spitzbuam: checks 
*** FLOP *** [6d 7d 4s]
spitzbuam: bets $0.02
esvalido09: raises $0.05 to $0.07
spitzbuam: calls $0.05
*** TURN *** [6d 7d 4s] [6c]
spitzbuam: checks 
esvalido09: bets $0.18
spitzbuam: calls $0.18
*** RIVER *** [6d 7d 4s 6c] [5c]
spitzbuam: checks 
esvalido09: bets $0.53
spitzbuam: folds 
Uncalled bet ($0.53) returned to esvalido09
esvalido09 collected $0.53 from pot
esvalido09: doesn't show hand 
*** SUMMARY ***
Total pot $0.55 | Rake $0.02 
Board [6d 7d 4s 6c 5c]
Seat 1: Acme25 folded before Flop (didn't bet)
Seat 3: esvalido09 collected ($0.53)
Seat 4: joelong folded before Flop (didn't bet)
Seat 5: Bobmox folded before Flop (didn't bet)
Seat 6: mirko483 (button) folded before Flop (didn't bet)
Seat 7: Dorex2007 (small blind) folded before Flop
Seat 8: spitzbuam (big blind) folded on the River



PokerStars Hand #224943161375:  Hold'em No Limit ($0.01/$0.02 USD) - 2021/03/18 13:31:49 PT [2021/03/18 16:31:49 ET]
Table 'Luyten IV' 9-max Seat #7 is the button
Seat 1: Acme25 ($2.92 in chips) 
Seat 3: esvalido09 ($2.22 in chips) 
Seat 4: joelong ($0.77 in chips) 
Seat 5: Bobmox ($1.97 in chips) 
Seat 6: mirko483 ($2.09 in chips) 
Seat 7: Dorex2007 ($1.45 in chips) 
Seat 8: spitzbuam ($1.71 in chips) 
Seat 9: dahlamanada ($1.60 in chips) 
spitzbuam: posts small blind $0.01
dahlamanada: posts big blind $0.02
Alehta: sits out 
*** HOLE CARDS ***
Dealt to Dorex2007 [6s 5d]
Acme25: calls $0.02
esvalido09: calls $0.02
joelong: calls $0.02
Bobmox has timed out
Bobmox: folds 
mirko483: calls $0.02
Dorex2007: folds 
spitzbuam: raises $0.12 to $0.14
dahlamanada: folds 
Acme25: folds 
esvalido09: folds 
joelong: folds 
mirko483: calls $0.12
*** FLOP *** [9c Kh 2s]
spitzbuam: bets $0.02
mirko483: calls $0.02
*** TURN *** [9c Kh 2s] [3h]
spitzbuam: bets $0.02
mirko483: raises $0.22 to $0.24
spitzbuam: folds 
Uncalled bet ($0.22) returned to mirko483
mirko483 collected $0.42 from pot
mirko483: doesn't show hand 
*** SUMMARY ***
Total pot $0.44 | Rake $0.02 
Board [9c Kh 2s 3h]
Seat 1: Acme25 folded before Flop
Seat 3: esvalido09 folded before Flop
Seat 4: joelong folded before Flop
Seat 5: Bobmox folded before Flop (didn't bet)
Seat 6: mirko483 collected ($0.42)
Seat 7: Dorex2007 (button) folded before Flop (didn't bet)
Seat 8: spitzbuam (small blind) folded on the Turn
Seat 9: dahlamanada (big blind) folded before Flop



PokerStars Hand #224943211610:  Hold'em No Limit ($0.01/$0.02 USD) - 2021/03/18 13:33:05 PT [2021/03/18 16:33:05 ET]
Table 'Luyten IV' 9-max Seat #8 is the button
Seat 2: Alehta ($2 in chips) 
Seat 3: esvalido09 ($2.20 in chips) 
Seat 4: joelong ($0.75 in chips) 
Seat 6: mirko483 ($2.33 in chips) 
Seat 7: Dorex2007 ($1.45 in chips) 
Seat 8: spitzbuam ($1.53 in chips) 
Seat 9: dahlamanada ($1.58 in chips) 
dahlamanada: posts small blind $0.01
Acme25: is sitting out 
Alehta: posts big blind $0.02
*** HOLE CARDS ***
Dealt to Dorex2007 [Th Kh]
esvalido09: calls $0.02
joelong: calls $0.02
mirko483: folds 
Bobmox leaves the table
Dorex2007: raises $0.04 to $0.06
spitzbuam: calls $0.06
dahlamanada: folds 
jokel85 joins the table at seat #5 
Alehta: folds 
esvalido09: calls $0.04
joelong: calls $0.04
*** FLOP *** [9s 7c Qs]
esvalido09: bets $0.26
joelong: calls $0.26
Dorex2007: folds 
spitzbuam: calls $0.26
*** TURN *** [9s 7c Qs] [Jd]
esvalido09: bets $0.50
joelong: calls $0.43 and is all-in
spitzbuam: folds 
Uncalled bet ($0.07) returned to esvalido09
*** RIVER *** [9s 7c Qs Jd] [Jh]
*** SHOW DOWN ***
esvalido09: shows [Qc 3c] (two pair, Queens and Jacks)
joelong: shows [Js 8s] (three of a kind, Jacks)
esvalido09 cashed out the hand for $1.12 | Cash Out Fee $0.01
joelong cashed out the hand for $0.70 | Cash Out Fee $0.01
*** SUMMARY ***
Total pot $1.91 | Rake $0.07 
Board [9s 7c Qs Jd Jh]
Seat 2: Alehta (big blind) folded before Flop
Seat 3: esvalido09 showed [Qc 3c] and lost with two pair, Queens and Jacks (cashed out).
Seat 4: joelong showed [Js 8s] and won ($1.84) with three of a kind, Jacks (pot not awarded as player cashed out)
Seat 6: mirko483 folded before Flop (didn't bet)
Seat 7: Dorex2007 folded on the Flop
Seat 8: spitzbuam (button) folded on the Turn
Seat 9: dahlamanada (small blind) folded before Flop



PokerStars Hand #224943263989:  Hold'em No Limit ($0.01/$0.02 USD) - 2021/03/18 13:34:25 PT [2021/03/18 16:34:25 ET]
Table 'Luyten IV' 9-max Seat #9 is the button
Seat 2: Alehta ($1.98 in chips) 
Seat 3: esvalido09 ($2.57 in chips) 
Seat 4: joelong ($0.70 in chips) 
Seat 6: mirko483 ($2.33 in chips) 
Seat 7: Dorex2007 ($1.39 in chips) 
Seat 8: spitzbuam ($1.21 in chips) 
Seat 9: dahlamanada ($1.57 in chips) 
Alehta: posts small blind $0.01
esvalido09: posts big blind $0.02
jokel85: sits out 
*** HOLE CARDS ***
Dealt to Dorex2007 [Tc 2s]
joelong: calls $0.02
mirko483: folds 
Dorex2007: folds 
spitzbuam: folds 
dahlamanada: raises $0.04 to $0.06
Alehta: folds 
esvalido09: calls $0.04
joelong: calls $0.04
*** FLOP *** [Ac 7s Kd]
esvalido09: checks 
joelong: checks 
dahlamanada: bets $0.08
esvalido09: folds 
joelong: raises $0.56 to $0.64 and is all-in
dahlamanada: folds 
Uncalled bet ($0.56) returned to joelong
joelong collected $0.34 from pot
joelong: doesn't show hand 
*** SUMMARY ***
Total pot $0.35 | Rake $0.01 
Board [Ac 7s Kd]
Seat 2: Alehta (small blind) folded before Flop
Seat 3: esvalido09 (big blind) folded on the Flop
Seat 4: joelong collected ($0.34)
Seat 6: mirko483 folded before Flop (didn't bet)
Seat 7: Dorex2007 folded before Flop (didn't bet)
Seat 8: spitzbuam folded before Flop (didn't bet)
Seat 9: dahlamanada (button) folded on the Flop



PokerStars Hand #224943303396:  Hold'em No Limit ($0.01/$0.02 USD) - 2021/03/18 13:35:24 PT [2021/03/18 16:35:24 ET]
Table 'Luyten IV' 9-max Seat #2 is the button
Seat 2: Alehta ($1.97 in chips) 
Seat 3: esvalido09 ($2.51 in chips) 
Seat 4: joelong ($0.90 in chips) 
Seat 6: mirko483 ($2.33 in chips) 
Seat 7: Dorex2007 ($2 in chips) 
Seat 8: spitzbuam ($1.21 in chips) 
Seat 9: dahlamanada ($1.43 in chips) 
esvalido09: posts small blind $0.01
joelong: posts big blind $0.02
jokel85: sits out 
Acme25: sits out 
*** HOLE CARDS ***
Dealt to Dorex2007 [3d 9s]
mirko483: folds 
Dorex2007: folds 
spitzbuam: calls $0.02
dahlamanada: raises $0.06 to $0.08
Alehta: folds 
esvalido09: calls $0.07
joelong: calls $0.06
spitzbuam: calls $0.06
*** FLOP *** [Kh 6h Th]
esvalido09: bets $0.31
joelong: folds 
spitzbuam: folds 
dahlamanada: folds 
Uncalled bet ($0.31) returned to esvalido09
esvalido09 collected $0.31 from pot
esvalido09: doesn't show hand 
*** SUMMARY ***
Total pot $0.32 | Rake $0.01 
Board [Kh 6h Th]
Seat 2: Alehta (button) folded before Flop (didn't bet)
Seat 3: esvalido09 (small blind) collected ($0.31)
Seat 4: joelong (big blind) folded on the Flop
Seat 6: mirko483 folded before Flop (didn't bet)
Seat 7: Dorex2007 folded before Flop (didn't bet)
Seat 8: spitzbuam folded on the Flop
Seat 9: dahlamanada folded on the Flop



PokerStars Hand #224943331604:  Hold'em No Limit ($0.01/$0.02 USD) - 2021/03/18 13:36:07 PT [2021/03/18 16:36:07 ET]
Table 'Luyten IV' 9-max Seat #3 is the button
Seat 2: Alehta ($1.97 in chips) 
Seat 3: esvalido09 ($2.74 in chips) 
Seat 4: joelong ($0.82 in chips) 
Seat 5: jokel85 ($2 in chips) 
Seat 6: mirko483 ($2.33 in chips) 
Seat 7: Dorex2007 ($2 in chips) 
Seat 8: spitzbuam ($1.13 in chips) 
Seat 9: dahlamanada ($1.35 in chips) 
joelong: posts small blind $0.01
jokel85: posts big blind $0.02
Acme25: sits out 
*** HOLE CARDS ***
Dealt to Dorex2007 [Td Qc]
mirko483: folds 
Dorex2007: folds 
spitzbuam: calls $0.02
dahlamanada: folds 
Alehta: folds 
esvalido09: raises $0.07 to $0.09
joelong: folds 
jokel85: folds 
spitzbuam: calls $0.07
*** FLOP *** [9s 4c Jh]
spitzbuam: checks 
esvalido09: bets $0.20
spitzbuam: folds 
Uncalled bet ($0.20) returned to esvalido09
esvalido09 collected $0.20 from pot
esvalido09: doesn't show hand 
*** SUMMARY ***
Total pot $0.21 | Rake $0.01 
Board [9s 4c Jh]
Seat 2: Alehta folded before Flop (didn't bet)
Seat 3: esvalido09 (button) collected ($0.20)
Seat 4: joelong (small blind) folded before Flop
Seat 5: jokel85 (big blind) folded before Flop
Seat 6: mirko483 folded before Flop (didn't bet)
Seat 7: Dorex2007 folded before Flop (didn't bet)
Seat 8: spitzbuam folded on the Flop
Seat 9: dahlamanada folded before Flop (didn't bet)



PokerStars Hand #224943352831:  Hold'em No Limit ($0.01/$0.02 USD) - 2021/03/18 13:36:39 PT [2021/03/18 16:36:39 ET]
Table 'Luyten IV' 9-max Seat #4 is the button
Seat 2: Alehta ($1.97 in chips) 
Seat 3: esvalido09 ($2.85 in chips) 
Seat 4: joelong ($0.81 in chips) 
Seat 5: jokel85 ($2 in chips) 
Seat 6: mirko483 ($2.33 in chips) 
Seat 7: Dorex2007 ($2 in chips) 
Seat 8: spitzbuam ($1.04 in chips) 
Seat 9: dahlamanada ($1.35 in chips) 
jokel85: posts small blind $0.01
mirko483: posts big blind $0.02
Acme25: sits out 
*** HOLE CARDS ***
Dealt to Dorex2007 [4d Jc]
Dorex2007: folds 
spitzbuam: calls $0.02
dahlamanada: folds 
Alehta: folds 
esvalido09: folds 
joelong: folds 
jokel85: folds 
mirko483: checks 
*** FLOP *** [Qc 5c 9c]
mirko483: bets $0.03
spitzbuam: calls $0.03
*** TURN *** [Qc 5c 9c] [Js]
mirko483: checks 
spitzbuam: checks 
*** RIVER *** [Qc 5c 9c Js] [3d]
mirko483: checks 
spitzbuam: checks 
*** SHOW DOWN ***
mirko483: shows [9s Kh] (a pair of Nines)
spitzbuam: mucks hand 
mirko483 collected $0.11 from pot
*** SUMMARY ***
Total pot $0.11 | Rake $0 
Board [Qc 5c 9c Js 3d]
Seat 2: Alehta folded before Flop (didn't bet)
Seat 3: esvalido09 folded before Flop (didn't bet)
Seat 4: joelong (button) folded before Flop (didn't bet)
Seat 5: jokel85 (small blind) folded before Flop
Seat 6: mirko483 (big blind) showed [9s Kh] and won ($0.11) with a pair of Nines
Seat 7: Dorex2007 folded before Flop (didn't bet)
Seat 8: spitzbuam mucked [7d Tc]
Seat 9: dahlamanada folded before Flop (didn't bet)



PokerStars Hand #224943388604:  Hold'em No Limit ($0.01/$0.02 USD) - 2021/03/18 13:37:34 PT [2021/03/18 16:37:34 ET]
Table 'Luyten IV' 9-max Seat #5 is the button
Seat 2: Alehta ($1.97 in chips) 
Seat 3: esvalido09 ($2.85 in chips) 
Seat 4: joelong ($0.81 in chips) 
Seat 5: jokel85 ($2 in chips) 
Seat 6: mirko483 ($2.39 in chips) 
Seat 7: Dorex2007 ($2 in chips) 
Seat 8: spitzbuam ($0.99 in chips) 
Seat 9: dahlamanada ($1.35 in chips) 
mirko483: posts small blind $0.01
Dorex2007: posts big blind $0.02
Acme25: sits out 
*** HOLE CARDS ***
Dealt to Dorex2007 [2d 8h]
spitzbuam: folds 
dahlamanada: raises $0.06 to $0.08
Alehta: folds 
esvalido09: folds 
joelong: calls $0.08
jokel85: folds 
mirko483: folds 
Dorex2007: folds 
*** FLOP *** [6s Kh 7s]
dahlamanada: bets $0.10
joelong: folds 
Uncalled bet ($0.10) returned to dahlamanada
dahlamanada collected $0.18 from pot
dahlamanada: doesn't show hand 
*** SUMMARY ***
Total pot $0.19 | Rake $0.01 
Board [6s Kh 7s]
Seat 2: Alehta folded before Flop (didn't bet)
Seat 3: esvalido09 folded before Flop (didn't bet)
Seat 4: joelong folded on the Flop
Seat 5: jokel85 (button) folded before Flop (didn't bet)
Seat 6: mirko483 (small blind) folded before Flop
Seat 7: Dorex2007 (big blind) folded before Flop
Seat 8: spitzbuam folded before Flop (didn't bet)
Seat 9: dahlamanada collected ($0.18)



PokerStars Hand #224943408318:  Hold'em No Limit ($0.01/$0.02 USD) - 2021/03/18 13:38:04 PT [2021/03/18 16:38:04 ET]
Table 'Luyten IV' 9-max Seat #6 is the button
Seat 2: Alehta ($1.97 in chips) 
Seat 3: esvalido09 ($2.85 in chips) 
Seat 4: joelong ($0.73 in chips) 
Seat 5: jokel85 ($2 in chips) 
Seat 6: mirko483 ($2.38 in chips) 
Seat 7: Dorex2007 ($1.98 in chips) 
Seat 8: spitzbuam ($0.99 in chips) 
Seat 9: dahlamanada ($1.45 in chips) 
Dorex2007: posts small blind $0.01
spitzbuam: posts big blind $0.02
Acme25: sits out 
*** HOLE CARDS ***
Dealt to Dorex2007 [9h 2c]
dahlamanada: folds 
Alehta: folds 
esvalido09: folds 
joelong: calls $0.02
jokel85: folds 
mirko483: calls $0.02
Dorex2007: folds 
spitzbuam: checks 
*** FLOP *** [8h 3d Jh]
spitzbuam: checks 
joelong: checks 
mirko483: checks 
*** TURN *** [8h 3d Jh] [Qh]
spitzbuam: checks 
joelong: checks 
mirko483: checks 
*** RIVER *** [8h 3d Jh Qh] [Qs]
spitzbuam: checks 
Acme25 is disconnected 
joelong: bets $0.02
mirko483: folds 
spitzbuam: folds 
Uncalled bet ($0.02) returned to joelong
joelong collected $0.07 from pot
joelong: doesn't show hand 
*** SUMMARY ***
Total pot $0.07 | Rake $0 
Board [8h 3d Jh Qh Qs]
Seat 2: Alehta folded before Flop (didn't bet)
Seat 3: esvalido09 folded before Flop (didn't bet)
Seat 4: joelong collected ($0.07)
Seat 5: jokel85 folded before Flop (didn't bet)
Seat 6: mirko483 (button) folded on the River
Seat 7: Dorex2007 (small blind) folded before Flop
Seat 8: spitzbuam (big blind) folded on the River
Seat 9: dahlamanada folded before Flop (didn't bet)



PokerStars Hand #224943449904:  Hold'em No Limit ($0.01/$0.02 USD) - 2021/03/18 13:39:07 PT [2021/03/18 16:39:07 ET]
Table 'Luyten IV' 9-max Seat #7 is the button
Seat 2: Alehta ($1.97 in chips) 
Seat 3: esvalido09 ($2.85 in chips) 
Seat 4: joelong ($0.78 in chips) 
Seat 5: jokel85 ($2 in chips) 
Seat 6: mirko483 ($2.36 in chips) 
Seat 7: Dorex2007 ($1.97 in chips) 
Seat 8: spitzbuam ($0.97 in chips) 
Seat 9: dahlamanada ($1.45 in chips) 
spitzbuam: posts small blind $0.01
dahlamanada: posts big blind $0.02
Acme25 has timed out while disconnected
Acme25: is sitting out 
*** HOLE CARDS ***
Dealt to Dorex2007 [4h Jh]
Alehta: folds 
esvalido09: folds 
joelong: folds 
jokel85: folds 
mirko483: calls $0.02
Dorex2007: folds 
spitzbuam: raises $0.02 to $0.04
dahlamanada: calls $0.02
mirko483: calls $0.02
*** FLOP *** [Qc 6d 9s]
spitzbuam: bets $0.02
dahlamanada: calls $0.02
mirko483: calls $0.02
*** TURN *** [Qc 6d 9s] [8h]
spitzbuam: bets $0.02
dahlamanada: calls $0.02
mirko483: calls $0.02
*** RIVER *** [Qc 6d 9s 8h] [4s]
spitzbuam: checks 
dahlamanada: bets $0.12
mirko483: folds 
spitzbuam: folds 
Uncalled bet ($0.12) returned to dahlamanada
dahlamanada collected $0.23 from pot
dahlamanada: doesn't show hand 
*** SUMMARY ***
Total pot $0.24 | Rake $0.01 
Board [Qc 6d 9s 8h 4s]
Seat 2: Alehta folded before Flop (didn't bet)
Seat 3: esvalido09 folded before Flop (didn't bet)
Seat 4: joelong folded before Flop (didn't bet)
Seat 5: jokel85 folded before Flop (didn't bet)
Seat 6: mirko483 folded on the River
Seat 7: Dorex2007 (button) folded before Flop (didn't bet)
Seat 8: spitzbuam (small blind) folded on the River
Seat 9: dahlamanada (big blind) collected ($0.23)



PokerStars Hand #224943492067:  Hold'em No Limit ($0.01/$0.02 USD) - 2021/03/18 13:40:11 PT [2021/03/18 16:40:11 ET]
Table 'Luyten IV' 9-max Seat #8 is the button
Seat 2: Alehta ($1.97 in chips) 
Seat 3: esvalido09 ($2.85 in chips) 
Seat 4: joelong ($0.78 in chips) 
Seat 5: jokel85 ($2 in chips) 
Seat 6: mirko483 ($2.28 in chips) 
Seat 7: Dorex2007 ($1.97 in chips) 
Seat 8: spitzbuam ($0.89 in chips) 
Seat 9: dahlamanada ($1.60 in chips) 
dahlamanada: posts small blind $0.01
Alehta: posts big blind $0.02
*** HOLE CARDS ***
Dealt to Dorex2007 [Th Qs]
esvalido09: folds 
joelong: folds 
jokel85: folds 
mirko483: calls $0.02
Dorex2007: calls $0.02
spitzbuam: calls $0.02
dahlamanada: calls $0.01
Alehta: checks 
*** FLOP *** [9c 7c 6s]
dahlamanada: bets $0.08
Alehta: raises $0.13 to $0.21
mirko483: folds 
Dorex2007: folds 
spitzbuam: folds 
dahlamanada: raises $1.37 to $1.58 and is all-in
Alehta: folds 
Uncalled bet ($1.37) returned to dahlamanada
dahlamanada collected $0.50 from pot
dahlamanada: doesn't show hand 
*** SUMMARY ***
Total pot $0.52 | Rake $0.02 
Board [9c 7c 6s]
Seat 2: Alehta (big blind) folded on the Flop
Seat 3: esvalido09 folded before Flop (didn't bet)
Seat 4: joelong folded before Flop (didn't bet)
Seat 5: jokel85 folded before Flop (didn't bet)
Seat 6: mirko483 folded on the Flop
Seat 7: Dorex2007 folded on the Flop
Seat 8: spitzbuam (button) folded on the Flop
Seat 9: dahlamanada (small blind) collected ($0.50)



PokerStars Hand #224943531089:  Hold'em No Limit ($0.01/$0.02 USD) - 2021/03/18 13:41:10 PT [2021/03/18 16:41:10 ET]
Table 'Luyten IV' 9-max Seat #9 is the button
Seat 2: Alehta ($1.74 in chips) 
Seat 3: esvalido09 ($2.85 in chips) 
Seat 4: joelong ($0.78 in chips) 
Seat 5: jokel85 ($2 in chips) 
Seat 6: mirko483 ($2.26 in chips) 
Seat 7: Dorex2007 ($1.95 in chips) 
Seat 8: spitzbuam ($0.87 in chips) 
Seat 9: dahlamanada ($1.87 in chips) 
Alehta: posts small blind $0.01
esvalido09: posts big blind $0.02
*** HOLE CARDS ***
Dealt to Dorex2007 [4c 2s]
joelong: folds 
jokel85: folds 
mirko483: folds 
Dorex2007: folds 
spitzbuam: calls $0.02
dahlamanada: folds 
Alehta: raises $0.02 to $0.04
esvalido09: calls $0.02
spitzbuam: calls $0.02
*** FLOP *** [Jd Ks 7d]
Alehta: checks 
esvalido09: checks 
spitzbuam: checks 
*** TURN *** [Jd Ks 7d] [Jh]
Alehta: checks 
esvalido09: checks 
spitzbuam: checks 
*** RIVER *** [Jd Ks 7d Jh] [5h]
Alehta: checks 
esvalido09: checks 
spitzbuam: checks 
*** SHOW DOWN ***
Alehta: shows [8h 9d] (a pair of Jacks)
esvalido09: shows [Qd 9c] (a pair of Jacks - King+Queen kicker)
spitzbuam: mucks hand 
esvalido09 collected $0.12 from pot
*** SUMMARY ***
Total pot $0.12 | Rake $0 
Board [Jd Ks 7d Jh 5h]
Seat 2: Alehta (small blind) showed [8h 9d] and lost with a pair of Jacks
Seat 3: esvalido09 (big blind) showed [Qd 9c] and won ($0.12) with a pair of Jacks
Seat 4: joelong folded before Flop (didn't bet)
Seat 5: jokel85 folded before Flop (didn't bet)
Seat 6: mirko483 folded before Flop (didn't bet)
Seat 7: Dorex2007 folded before Flop (didn't bet)
Seat 8: spitzbuam mucked [4d Tc]
Seat 9: dahlamanada (button) folded before Flop (didn't bet)



PokerStars Hand #224943564773:  Hold'em No Limit ($0.01/$0.02 USD) - 2021/03/18 13:42:01 PT [2021/03/18 16:42:01 ET]
Table 'Luyten IV' 9-max Seat #2 is the button
Seat 2: Alehta ($1.70 in chips) 
Seat 3: esvalido09 ($2.93 in chips) 
Seat 4: joelong ($0.78 in chips) 
Seat 5: jokel85 ($2 in chips) 
Seat 6: mirko483 ($2.26 in chips) 
Seat 7: Dorex2007 ($1.95 in chips) 
Seat 8: spitzbuam ($0.83 in chips) 
Seat 9: dahlamanada ($1.87 in chips) 
esvalido09: posts small blind $0.01
joelong: posts big blind $0.02
*** HOLE CARDS ***
Dealt to Dorex2007 [Jd Ah]
jokel85: folds 
mirko483: calls $0.02
Dorex2007: raises $0.04 to $0.06
spitzbuam: folds 
dahlamanada: folds 
Alehta: folds 
esvalido09: calls $0.05
joelong: folds 
mirko483: calls $0.04
*** FLOP *** [8d 3d 6h]
esvalido09: checks 
mirko483: checks 
Dorex2007: bets $0.19
esvalido09: folds 
mirko483: folds 
Uncalled bet ($0.19) returned to Dorex2007
Dorex2007 collected $0.19 from pot
Dorex2007: doesn't show hand 
*** SUMMARY ***
Total pot $0.20 | Rake $0.01 
Board [8d 3d 6h]
Seat 2: Alehta (button) folded before Flop (didn't bet)
Seat 3: esvalido09 (small blind) folded on the Flop
Seat 4: joelong (big blind) folded before Flop
Seat 5: jokel85 folded before Flop (didn't bet)
Seat 6: mirko483 folded on the Flop
Seat 7: Dorex2007 collected ($0.19)
Seat 8: spitzbuam folded before Flop (didn't bet)
Seat 9: dahlamanada folded before Flop (didn't bet)



PokerStars Hand #224943595730:  Hold'em No Limit ($0.01/$0.02 USD) - 2021/03/18 13:42:49 PT [2021/03/18 16:42:49 ET]
Table 'Luyten IV' 9-max Seat #3 is the button
Seat 2: Alehta ($1.70 in chips) 
Seat 3: esvalido09 ($2.87 in chips) 
Seat 4: joelong ($0.76 in chips) 
Seat 5: jokel85 ($2 in chips) 
Seat 6: mirko483 ($2.20 in chips) 
Seat 7: Dorex2007 ($2.08 in chips) 
Seat 8: spitzbuam ($0.83 in chips) 
Seat 9: dahlamanada ($1.87 in chips) 
joelong: posts small blind $0.01
jokel85: posts big blind $0.02
*** HOLE CARDS ***
Dealt to Dorex2007 [7h 6d]
mirko483: folds 
Dorex2007: folds 
spitzbuam: calls $0.02
dahlamanada: folds 
Alehta: folds 
esvalido09: raises $0.02 to $0.04
joelong: calls $0.03
jokel85: folds 
spitzbuam: raises $0.14 to $0.18
esvalido09: folds 
joelong: calls $0.14
*** FLOP *** [Kc Th Ad]
joelong: checks 
spitzbuam: bets $0.21
joelong: calls $0.21
*** TURN *** [Kc Th Ad] [Jh]
joelong: checks 
spitzbuam: bets $0.44 and is all-in
joelong: calls $0.37 and is all-in
Uncalled bet ($0.07) returned to spitzbuam
*** RIVER *** [Kc Th Ad Jh] [2s]
*** SHOW DOWN ***
joelong: shows [Ks Qc] (a straight, Ten to Ace)
spitzbuam: shows [Ts Tc] (three of a kind, Tens)
joelong cashed out the hand for $1.15 | Cash Out Fee $0.01
spitzbuam cashed out the hand for $0.36
*** SUMMARY ***
Total pot $1.58 | Rake $0.06 
Board [Kc Th Ad Jh 2s]
Seat 2: Alehta folded before Flop (didn't bet)
Seat 3: esvalido09 (button) folded before Flop
Seat 4: joelong (small blind) showed [Ks Qc] and won ($1.52) with a straight, Ten to Ace (pot not awarded as player cashed out)
Seat 5: jokel85 (big blind) folded before Flop
Seat 6: mirko483 folded before Flop (didn't bet)
Seat 7: Dorex2007 folded before Flop (didn't bet)
Seat 8: spitzbuam showed [Ts Tc] and lost with three of a kind, Tens (cashed out).
Seat 9: dahlamanada folded before Flop (didn't bet)



PokerStars Hand #224943642592:  Hold'em No Limit ($0.01/$0.02 USD) - 2021/03/18 13:43:58 PT [2021/03/18 16:43:58 ET]
Table 'Luyten IV' 9-max Seat #4 is the button
Seat 2: Alehta ($1.70 in chips) 
Seat 3: esvalido09 ($2.83 in chips) 
Seat 4: joelong ($1.15 in chips) 
Seat 5: jokel85 ($2 in chips) 
Seat 6: mirko483 ($2.20 in chips) 
Seat 7: Dorex2007 ($2.08 in chips) 
Seat 8: spitzbuam ($0.43 in chips) 
Seat 9: dahlamanada ($1.87 in chips) 
jokel85: posts small blind $0.01
mirko483: posts big blind $0.02
*** HOLE CARDS ***
Dealt to Dorex2007 [Kd Ad]
Dorex2007: raises $0.06 to $0.08
spitzbuam: calls $0.08
dahlamanada: calls $0.08
Alehta: folds 
esvalido09: folds 
joelong: folds 
jokel85: folds 
mirko483: calls $0.06
*** FLOP *** [7s 5h Kc]
mirko483: checks 
Dorex2007: checks 
spitzbuam: checks 
dahlamanada: bets $0.18
mirko483: folds 
Dorex2007: calls $0.18
spitzbuam: folds 
*** TURN *** [7s 5h Kc] [Qh]
Dorex2007: checks 
dahlamanada: bets $0.34
Dorex2007: raises $1.48 to $1.82 and is all-in
dahlamanada: folds 
Uncalled bet ($1.48) returned to Dorex2007
Dorex2007 collected $1.32 from pot
Dorex2007: doesn't show hand 
*** SUMMARY ***
Total pot $1.37 | Rake $0.05 
Board [7s 5h Kc Qh]
Seat 2: Alehta folded before Flop (didn't bet)
Seat 3: esvalido09 folded before Flop (didn't bet)
Seat 4: joelong (button) folded before Flop (didn't bet)
Seat 5: jokel85 (small blind) folded before Flop
Seat 6: mirko483 (big blind) folded on the Flop
Seat 7: Dorex2007 collected ($1.32)
Seat 8: spitzbuam folded on the Flop
Seat 9: dahlamanada folded on the Turn



PokerStars Hand #224943698989:  Hold'em No Limit ($0.01/$0.02 USD) - 2021/03/18 13:45:23 PT [2021/03/18 16:45:23 ET]
Table 'Luyten IV' 9-max Seat #5 is the button
Seat 2: Alehta ($1.70 in chips) 
Seat 3: esvalido09 ($2.83 in chips) 
Seat 4: joelong ($1.15 in chips) 
Seat 5: jokel85 ($2 in chips) 
Seat 6: mirko483 ($2.12 in chips) 
Seat 7: Dorex2007 ($2.80 in chips) 
Seat 8: spitzbuam ($0.35 in chips) 
Seat 9: dahlamanada ($1.27 in chips) 
mirko483: posts small blind $0.01
Dorex2007: posts big blind $0.02
*** HOLE CARDS ***
Dealt to Dorex2007 [Jh Qc]
spitzbuam: calls $0.02
dahlamanada: folds 
Alehta: folds 
esvalido09: calls $0.02
joelong: calls $0.02
jokel85: calls $0.02
mirko483: folds 
Dorex2007: checks 
*** FLOP *** [Ah 4h 3c]
Dorex2007: checks 
spitzbuam: checks 
esvalido09: checks 
joelong: bets $0.04
jokel85: calls $0.04
Dorex2007: folds 
spitzbuam: folds 
esvalido09: folds 
*** TURN *** [Ah 4h 3c] [3s]
joelong: checks 
jokel85: checks 
*** RIVER *** [Ah 4h 3c 3s] [6d]
joelong: checks 
jokel85: checks 
*** SHOW DOWN ***
joelong: shows [Ad 2h] (two pair, Aces and Threes)
jokel85: mucks hand 
joelong collected $0.18 from pot
*** SUMMARY ***
Total pot $0.19 | Rake $0.01 
Board [Ah 4h 3c 3s 6d]
Seat 2: Alehta folded before Flop (didn't bet)
Seat 3: esvalido09 folded on the Flop
Seat 4: joelong showed [Ad 2h] and won ($0.18) with two pair, Aces and Threes
Seat 5: jokel85 (button) mucked [6h Th]
Seat 6: mirko483 (small blind) folded before Flop
Seat 7: Dorex2007 (big blind) folded on the Flop
Seat 8: spitzbuam folded on the Flop
Seat 9: dahlamanada folded before Flop (didn't bet)



PokerStars Hand #224943744214:  Hold'em No Limit ($0.01/$0.02 USD) - 2021/03/18 13:46:31 PT [2021/03/18 16:46:31 ET]
Table 'Luyten IV' 9-max Seat #6 is the button
Seat 2: Alehta ($1.70 in chips) 
Seat 3: esvalido09 ($2.81 in chips) 
Seat 4: joelong ($1.27 in chips) 
Seat 5: jokel85 ($2 in chips) 
Seat 6: mirko483 ($2.11 in chips) 
Seat 7: Dorex2007 ($2.78 in chips) 
Seat 8: spitzbuam ($0.33 in chips) 
Seat 9: dahlamanada ($1.27 in chips) 
Dorex2007: posts small blind $0.01
spitzbuam: posts big blind $0.02
*** HOLE CARDS ***
Dealt to Dorex2007 [Ac 8c]
dahlamanada: folds 
Alehta: folds 
esvalido09: folds 
joelong: folds 
jokel85: folds 
mirko483: calls $0.02
Dorex2007: calls $0.01
spitzbuam: checks 
*** FLOP *** [Kd Qd 9s]
Dorex2007: checks 
spitzbuam: checks 
mirko483: checks 
*** TURN *** [Kd Qd 9s] [Ad]
Dorex2007: bets $0.06
spitzbuam: folds 
mirko483: folds 
Uncalled bet ($0.06) returned to Dorex2007
Dorex2007 collected $0.06 from pot
Dorex2007: doesn't show hand 
*** SUMMARY ***
Total pot $0.06 | Rake $0 
Board [Kd Qd 9s Ad]
Seat 2: Alehta folded before Flop (didn't bet)
Seat 3: esvalido09 folded before Flop (didn't bet)
Seat 4: joelong folded before Flop (didn't bet)
Seat 5: jokel85 folded before Flop (didn't bet)
Seat 6: mirko483 (button) folded on the Turn
Seat 7: Dorex2007 (small blind) collected ($0.06)
Seat 8: spitzbuam (big blind) folded on the Turn
Seat 9: dahlamanada folded before Flop (didn't bet)



PokerStars Hand #224943767376:  Hold'em No Limit ($0.01/$0.02 USD) - 2021/03/18 13:47:06 PT [2021/03/18 16:47:06 ET]
Table 'Luyten IV' 9-max Seat #7 is the button
Seat 2: Alehta ($1.70 in chips) 
Seat 3: esvalido09 ($2.81 in chips) 
Seat 4: joelong ($1.27 in chips) 
Seat 5: jokel85 ($2 in chips) 
Seat 6: mirko483 ($2.09 in chips) 
Seat 7: Dorex2007 ($2.82 in chips) 
Seat 8: spitzbuam ($0.31 in chips) 
Seat 9: dahlamanada ($1.27 in chips) 
spitzbuam: posts small blind $0.01
dahlamanada: posts big blind $0.02
*** HOLE CARDS ***
Dealt to Dorex2007 [Jd 9s]
Alehta: folds 
esvalido09: folds 
joelong: folds 
jokel85: folds 
mirko483: calls $0.02
Dorex2007: folds 
spitzbuam: calls $0.01
dahlamanada: checks 
*** FLOP *** [5d Qc 2h]
spitzbuam: bets $0.02
dahlamanada: calls $0.02
mirko483: folds 
*** TURN *** [5d Qc 2h] [9d]
spitzbuam: bets $0.02
dahlamanada: calls $0.02
*** RIVER *** [5d Qc 2h 9d] [3c]
spitzbuam: bets $0.02
dahlamanada: calls $0.02
*** SHOW DOWN ***
spitzbuam: shows [6h 2c] (a pair of Deuces)
dahlamanada: shows [6c Qs] (a pair of Queens)
dahlamanada collected $0.17 from pot
*** SUMMARY ***
Total pot $0.18 | Rake $0.01 
Board [5d Qc 2h 9d 3c]
Seat 2: Alehta folded before Flop (didn't bet)
Seat 3: esvalido09 folded before Flop (didn't bet)
Seat 4: joelong folded before Flop (didn't bet)
Seat 5: jokel85 folded before Flop (didn't bet)
Seat 6: mirko483 folded on the Flop
Seat 7: Dorex2007 (button) folded before Flop (didn't bet)
Seat 8: spitzbuam (small blind) showed [6h 2c] and lost with a pair of Deuces
Seat 9: dahlamanada (big blind) showed [6c Qs] and won ($0.17) with a pair of Queens



PokerStars Hand #224943803987:  Hold'em No Limit ($0.01/$0.02 USD) - 2021/03/18 13:48:01 PT [2021/03/18 16:48:01 ET]
Table 'Luyten IV' 9-max Seat #8 is the button
Seat 2: Alehta ($1.70 in chips) 
Seat 3: esvalido09 ($2.81 in chips) 
Seat 4: joelong ($1.27 in chips) 
Seat 5: jokel85 ($2 in chips) 
Seat 6: mirko483 ($2.07 in chips) 
Seat 7: Dorex2007 ($2.82 in chips) 
Seat 8: spitzbuam ($0.23 in chips) 
Seat 9: dahlamanada ($1.36 in chips) 
dahlamanada: posts small blind $0.01
Alehta: posts big blind $0.02
*** HOLE CARDS ***
Dealt to Dorex2007 [Jh 9d]
esvalido09: folds 
joelong: calls $0.02
jokel85: folds 
mirko483: folds 
esvalido09 leaves the table
Dorex2007: folds 
spitzbuam: raises $0.21 to $0.23 and is all-in
dahlamanada: folds 
Alehta: folds 
Alklishin joins the table at seat #3 
joelong: calls $0.21
*** FLOP *** [3c 8s 5s]
*** TURN *** [3c 8s 5s] [3h]
*** RIVER *** [3c 8s 5s 3h] [4c]
*** SHOW DOWN ***
joelong: shows [Qd Tc] (a pair of Threes)
spitzbuam: shows [Ad 4s] (two pair, Fours and Threes)
spitzbuam collected $0.47 from pot
joelong cashed out the hand for $0.21
*** SUMMARY ***
Total pot $0.49 | Rake $0.02 
Board [3c 8s 5s 3h 4c]
Seat 2: Alehta (big blind) folded before Flop
Seat 3: esvalido09 folded before Flop (didn't bet)
Seat 4: joelong showed [Qd Tc] and lost with a pair of Threes (cashed out).
Seat 5: jokel85 folded before Flop (didn't bet)
Seat 6: mirko483 folded before Flop (didn't bet)
Seat 7: Dorex2007 folded before Flop (didn't bet)
Seat 8: spitzbuam (button) showed [Ad 4s] and won ($0.47) with two pair, Fours and Threes
Seat 9: dahlamanada (small blind) folded before Flop



PokerStars Hand #224943842102:  Hold'em No Limit ($0.01/$0.02 USD) - 2021/03/18 13:48:46 PT [2021/03/18 16:48:46 ET]
Table 'Luyten IV' 9-max Seat #9 is the button
Seat 2: Alehta ($1.68 in chips) 
Seat 3: Alklishin ($0.80 in chips) 
Seat 4: joelong ($1.25 in chips) 
Seat 5: jokel85 ($2 in chips) 
Seat 6: mirko483 ($2.07 in chips) 
Seat 7: Dorex2007 ($2.82 in chips) 
Seat 8: spitzbuam ($0.47 in chips) 
Seat 9: dahlamanada ($1.35 in chips) 
Alehta: posts small blind $0.01
Alklishin: posts big blind $0.02
*** HOLE CARDS ***
Dealt to Dorex2007 [2d Ah]
joelong: folds 
jokel85: folds 
mirko483: folds 
Dorex2007: folds 
spitzbuam: calls $0.02
Acme25 leaves the table
dahlamanada: folds 
Apostol108 joins the table at seat #1 
Alehta: calls $0.01
Alklishin: checks 
*** FLOP *** [6h Ad 7s]
Alehta: checks 
Alklishin: checks 
spitzbuam: checks 
*** TURN *** [6h Ad 7s] [Jh]
Alehta: bets $0.03
Alklishin: calls $0.03
spitzbuam: raises $0.08 to $0.11
Alehta: calls $0.08
Alklishin: calls $0.08
*** RIVER *** [6h Ad 7s Jh] [5s]
Alehta: checks 
Alklishin: checks 
spitzbuam: bets $0.34 and is all-in
Alehta: calls $0.34
Alklishin: folds 
*** SHOW DOWN ***
spitzbuam: shows [Jd 6c] (two pair, Jacks and Sixes)
Alehta: shows [3d Ac] (a pair of Aces)
spitzbuam collected $1.03 from pot
*** SUMMARY ***
Total pot $1.07 | Rake $0.04 
Board [6h Ad 7s Jh 5s]
Seat 2: Alehta (small blind) showed [3d Ac] and lost with a pair of Aces
Seat 3: Alklishin (big blind) folded on the River
Seat 4: joelong folded before Flop (didn't bet)
Seat 5: jokel85 folded before Flop (didn't bet)
Seat 6: mirko483 folded before Flop (didn't bet)
Seat 7: Dorex2007 folded before Flop (didn't bet)
Seat 8: spitzbuam showed [Jd 6c] and won ($1.03) with two pair, Jacks and Sixes
Seat 9: dahlamanada (button) folded before Flop (didn't bet)



PokerStars Hand #224943893146:  Hold'em No Limit ($0.01/$0.02 USD) - 2021/03/18 13:50:03 PT [2021/03/18 16:50:03 ET]
Table 'Luyten IV' 9-max Seat #2 is the button
Seat 2: Alehta ($2 in chips) 
Seat 3: Alklishin ($0.80 in chips) 
Seat 4: joelong ($1.25 in chips) 
Seat 5: jokel85 ($2 in chips) 
Seat 6: mirko483 ($2.07 in chips) 
Seat 7: Dorex2007 ($2.82 in chips) 
Seat 8: spitzbuam ($1.03 in chips) 
Seat 9: dahlamanada ($1.35 in chips) 
Alklishin: posts small blind $0.01
joelong: posts big blind $0.02
Apostol108: sits out 
*** HOLE CARDS ***
Dealt to Dorex2007 [4c 4h]
jokel85: folds 
mirko483: folds 
Dorex2007: calls $0.02
spitzbuam: folds 
dahlamanada: folds 
Alehta: raises $0.03 to $0.05
Alklishin: folds 
joelong: calls $0.03
Dorex2007: calls $0.03
*** FLOP *** [8h As 2c]
jokel85 leaves the table
joelong: checks 
FALKONI333 joins the table at seat #5 
Dorex2007: bets $0.08
Alehta: folds 
joelong: folds 
Uncalled bet ($0.08) returned to Dorex2007
Dorex2007 collected $0.15 from pot
Dorex2007: doesn't show hand 
*** SUMMARY ***
Total pot $0.16 | Rake $0.01 
Board [8h As 2c]
Seat 2: Alehta (button) folded on the Flop
Seat 3: Alklishin (small blind) folded before Flop
Seat 4: joelong (big blind) folded on the Flop
Seat 5: jokel85 folded before Flop (didn't bet)
Seat 6: mirko483 folded before Flop (didn't bet)
Seat 7: Dorex2007 collected ($0.15)
Seat 8: spitzbuam folded before Flop (didn't bet)
Seat 9: dahlamanada folded before Flop (didn't bet)



PokerStars Hand #224943921887:  Hold'em No Limit ($0.01/$0.02 USD) - 2021/03/18 13:50:46 PT [2021/03/18 16:50:46 ET]
Table 'Luyten IV' 9-max Seat #3 is the button
Seat 2: Alehta ($1.95 in chips) 
Seat 3: Alklishin ($0.80 in chips) 
Seat 4: joelong ($1.20 in chips) 
Seat 5: FALKONI333 ($1.60 in chips) 
Seat 6: mirko483 ($2.07 in chips) 
Seat 7: Dorex2007 ($2.92 in chips) 
Seat 8: spitzbuam ($1.03 in chips) 
Seat 9: dahlamanada ($1.35 in chips) 
joelong: posts small blind $0.01
FALKONI333: posts big blind $0.02
Apostol108: sits out 
*** HOLE CARDS ***
Dealt to Dorex2007 [Tc 9d]
mirko483: folds 
Dorex2007: folds 
spitzbuam: calls $0.02
dahlamanada: folds 
Alehta: raises $0.06 to $0.08
Alklishin: folds 
joelong: folds 
FALKONI333: folds 
spitzbuam: calls $0.06
*** FLOP *** [Kd 8h Ts]
spitzbuam: checks 
Alehta: bets $0.07
spitzbuam: folds 
Uncalled bet ($0.07) returned to Alehta
Alehta collected $0.18 from pot
Alehta: doesn't show hand 
*** SUMMARY ***
Total pot $0.19 | Rake $0.01 
Board [Kd 8h Ts]
Seat 2: Alehta collected ($0.18)
Seat 3: Alklishin (button) folded before Flop (didn't bet)
Seat 4: joelong (small blind) folded before Flop
Seat 5: FALKONI333 (big blind) folded before Flop
Seat 6: mirko483 folded before Flop (didn't bet)
Seat 7: Dorex2007 folded before Flop (didn't bet)
Seat 8: spitzbuam folded on the Flop
Seat 9: dahlamanada folded before Flop (didn't bet)



PokerStars Hand #224943942307:  Hold'em No Limit ($0.01/$0.02 USD) - 2021/03/18 13:51:17 PT [2021/03/18 16:51:17 ET]
Table 'Luyten IV' 9-max Seat #4 is the button
Seat 2: Alehta ($2.05 in chips) 
Seat 3: Alklishin ($0.80 in chips) 
Seat 4: joelong ($1.19 in chips) 
Seat 5: FALKONI333 ($1.58 in chips) 
Seat 6: mirko483 ($2.07 in chips) 
Seat 7: Dorex2007 ($2.92 in chips) 
Seat 8: spitzbuam ($0.95 in chips) 
Seat 9: dahlamanada ($1.35 in chips) 
FALKONI333: posts small blind $0.01
mirko483: posts big blind $0.02
Apostol108: sits out 
*** HOLE CARDS ***
Dealt to Dorex2007 [Qd Qh]
Dorex2007: raises $0.04 to $0.06
spitzbuam: calls $0.06
dahlamanada: folds 
Alehta: folds 
Alklishin: calls $0.06
joelong: folds 
FALKONI333: folds 
mirko483: calls $0.04
*** FLOP *** [Ts 7h Ah]
mirko483: bets $0.04
Dorex2007: calls $0.04
spitzbuam: calls $0.04
Alklishin: folds 
*** TURN *** [Ts 7h Ah] [Qc]
mirko483: bets $0.08
Dorex2007: raises $0.18 to $0.26
spitzbuam: folds 
mirko483: folds 
Uncalled bet ($0.18) returned to Dorex2007
Dorex2007 collected $0.51 from pot
Dorex2007: doesn't show hand 
*** SUMMARY ***
Total pot $0.53 | Rake $0.02 
Board [Ts 7h Ah Qc]
Seat 2: Alehta folded before Flop (didn't bet)
Seat 3: Alklishin folded on the Flop
Seat 4: joelong (button) folded before Flop (didn't bet)
Seat 5: FALKONI333 (small blind) folded before Flop
Seat 6: mirko483 (big blind) folded on the Turn
Seat 7: Dorex2007 collected ($0.51)
Seat 8: spitzbuam folded on the Turn
Seat 9: dahlamanada folded before Flop (didn't bet)



PokerStars Hand #224943978363:  Hold'em No Limit ($0.01/$0.02 USD) - 2021/03/18 13:52:12 PT [2021/03/18 16:52:12 ET]
Table 'Luyten IV' 9-max Seat #5 is the button
Seat 2: Alehta ($2.05 in chips) 
Seat 3: Alklishin ($0.80 in chips) 
Seat 4: joelong ($1.19 in chips) 
Seat 5: FALKONI333 ($1.57 in chips) 
Seat 6: mirko483 ($1.89 in chips) 
Seat 7: Dorex2007 ($3.25 in chips) 
Seat 8: spitzbuam ($0.85 in chips) 
Seat 9: dahlamanada ($1.35 in chips) 
mirko483: posts small blind $0.01
Dorex2007: posts big blind $0.02
Apostol108: sits out 
*** HOLE CARDS ***
Dealt to Dorex2007 [3h Ac]
spitzbuam: calls $0.02
dahlamanada: folds 
Alehta: folds 
Alklishin: calls $0.02
joelong: calls $0.02
FALKONI333: folds 
mirko483: folds 
Dorex2007: checks 
*** FLOP *** [4c Ts 6c]
Dorex2007: checks 
spitzbuam: checks 
Alklishin: bets $0.04
joelong: calls $0.04
Dorex2007: folds 
spitzbuam: calls $0.04
*** TURN *** [4c Ts 6c] [3d]
spitzbuam: bets $0.02
Alklishin: raises $0.16 to $0.18
joelong: calls $0.18
spitzbuam: calls $0.16
*** RIVER *** [4c Ts 6c 3d] [9s]
spitzbuam: checks 
Alklishin: bets $0.56 and is all-in
joelong: calls $0.56
spitzbuam: folds 
*** SHOW DOWN ***
Alklishin: shows [6d 6s] (three of a kind, Sixes)
joelong: shows [Tc Kc] (a pair of Tens)
Alklishin collected $1.80 from pot
*** SUMMARY ***
Total pot $1.87 | Rake $0.07 
Board [4c Ts 6c 3d 9s]
Seat 2: Alehta folded before Flop (didn't bet)
Seat 3: Alklishin showed [6d 6s] and won ($1.80) with three of a kind, Sixes
Seat 4: joelong showed [Tc Kc] and lost with a pair of Tens
Seat 5: FALKONI333 (button) folded before Flop (didn't bet)
Seat 6: mirko483 (small blind) folded before Flop
Seat 7: Dorex2007 (big blind) folded on the Flop
Seat 8: spitzbuam folded on the River
Seat 9: dahlamanada folded before Flop (didn't bet)



PokerStars Hand #224944034414:  Hold'em No Limit ($0.01/$0.02 USD) - 2021/03/18 13:53:36 PT [2021/03/18 16:53:36 ET]
Table 'Luyten IV' 9-max Seat #6 is the button
Seat 2: Alehta ($2.05 in chips) 
Seat 3: Alklishin ($1.80 in chips) 
Seat 4: joelong ($0.39 in chips) 
Seat 5: FALKONI333 ($1.57 in chips) 
Seat 6: mirko483 ($1.88 in chips) 
Seat 7: Dorex2007 ($3.23 in chips) 
Seat 8: spitzbuam ($0.61 in chips) 
Seat 9: dahlamanada ($1.35 in chips) 
Dorex2007: posts small blind $0.01
spitzbuam: posts big blind $0.02
Apostol108: sits out 
*** HOLE CARDS ***
Dealt to Dorex2007 [7d Jh]
dahlamanada: folds 
Alehta: folds 
Alklishin: folds 
joelong: folds 
FALKONI333: folds 
mirko483: folds 
Dorex2007: calls $0.01
spitzbuam: raises $0.02 to $0.04
Dorex2007: calls $0.02
*** FLOP *** [4s 4h 3c]
Dorex2007: checks 
spitzbuam: bets $0.02
Dorex2007: folds 
Uncalled bet ($0.02) returned to spitzbuam
spitzbuam collected $0.08 from pot
spitzbuam: doesn't show hand 
*** SUMMARY ***
Total pot $0.08 | Rake $0 
Board [4s 4h 3c]
Seat 2: Alehta folded before Flop (didn't bet)
Seat 3: Alklishin folded before Flop (didn't bet)
Seat 4: joelong folded before Flop (didn't bet)
Seat 5: FALKONI333 folded before Flop (didn't bet)
Seat 6: mirko483 (button) folded before Flop (didn't bet)
Seat 7: Dorex2007 (small blind) folded on the Flop
Seat 8: spitzbuam (big blind) collected ($0.08)
Seat 9: dahlamanada folded before Flop (didn't bet)



PokerStars Hand #224944054525:  Hold'em No Limit ($0.01/$0.02 USD) - 2021/03/18 13:54:06 PT [2021/03/18 16:54:06 ET]
Table 'Luyten IV' 9-max Seat #7 is the button
Seat 2: Alehta ($2.05 in chips) 
Seat 3: Alklishin ($1.80 in chips) 
Seat 4: joelong ($0.39 in chips) 
Seat 5: FALKONI333 ($1.57 in chips) 
Seat 6: mirko483 ($1.88 in chips) 
Seat 7: Dorex2007 ($3.19 in chips) 
Seat 8: spitzbuam ($0.65 in chips) 
Seat 9: dahlamanada ($1.35 in chips) 
spitzbuam: posts small blind $0.01
dahlamanada: posts big blind $0.02
Apostol108: sits out 
*** HOLE CARDS ***
Dealt to Dorex2007 [7s 5d]
Alehta: raises $0.03 to $0.05
Alklishin: folds 
joelong has timed out
joelong: folds 
FALKONI333: folds 
mirko483: folds 
Dorex2007: folds 
spitzbuam: calls $0.04
dahlamanada: folds 
*** FLOP *** [8s 5h 2c]
spitzbuam: checks 
Alehta: checks 
*** TURN *** [8s 5h 2c] [Tc]
spitzbuam: bets $0.02
Alehta: calls $0.02
*** RIVER *** [8s 5h 2c Tc] [2d]
spitzbuam: bets $0.02
Alehta: calls $0.02
*** SHOW DOWN ***
spitzbuam: shows [Qs Td] (two pair, Tens and Deuces)
Alehta: mucks hand 
spitzbuam collected $0.19 from pot
*** SUMMARY ***
Total pot $0.20 | Rake $0.01 
Board [8s 5h 2c Tc 2d]
Seat 2: Alehta mucked [9h Ah]
Seat 3: Alklishin folded before Flop (didn't bet)
Seat 4: joelong folded before Flop (didn't bet)
Seat 5: FALKONI333 folded before Flop (didn't bet)
Seat 6: mirko483 folded before Flop (didn't bet)
Seat 7: Dorex2007 (button) folded before Flop (didn't bet)
Seat 8: spitzbuam (small blind) showed [Qs Td] and won ($0.19) with two pair, Tens and Deuces
Seat 9: dahlamanada (big blind) folded before Flop



PokerStars Hand #224944088874:  Hold'em No Limit ($0.01/$0.02 USD) - 2021/03/18 13:54:58 PT [2021/03/18 16:54:58 ET]
Table 'Luyten IV' 9-max Seat #8 is the button
Seat 1: Apostol108 ($2 in chips) 
Seat 2: Alehta ($1.96 in chips) 
Seat 3: Alklishin ($1.80 in chips) 
Seat 4: joelong ($0.39 in chips) 
Seat 5: FALKONI333 ($1.57 in chips) 
Seat 6: mirko483 ($1.88 in chips) 
Seat 7: Dorex2007 ($3.19 in chips) 
Seat 8: spitzbuam ($0.75 in chips) 
Seat 9: dahlamanada ($1.33 in chips) 
dahlamanada: posts small blind $0.01
Apostol108: posts big blind $0.02
*** HOLE CARDS ***
Dealt to Dorex2007 [6h As]
Alehta: folds 
Alklishin: calls $0.02
joelong: calls $0.02
FALKONI333: folds 
mirko483: calls $0.02
Dorex2007: folds 
spitzbuam: folds 
dahlamanada: calls $0.01
Apostol108: checks 
*** FLOP *** [4s Jh Kh]
dahlamanada: checks 
Apostol108: checks 
Alklishin: bets $0.05
joelong: folds 
mirko483: folds 
dahlamanada: calls $0.05
Apostol108: folds 
*** TURN *** [4s Jh Kh] [6c]
dahlamanada: checks 
Alklishin: checks 
*** RIVER *** [4s Jh Kh 6c] [Td]
dahlamanada: bets $0.16
Alklishin: folds 
Uncalled bet ($0.16) returned to dahlamanada
dahlamanada collected $0.19 from pot
dahlamanada: doesn't show hand 
*** SUMMARY ***
Total pot $0.20 | Rake $0.01 
Board [4s Jh Kh 6c Td]
Seat 1: Apostol108 (big blind) folded on the Flop
Seat 2: Alehta folded before Flop (didn't bet)
Seat 3: Alklishin folded on the River
Seat 4: joelong folded on the Flop
Seat 5: FALKONI333 folded before Flop (didn't bet)
Seat 6: mirko483 folded on the Flop
Seat 7: Dorex2007 folded before Flop (didn't bet)
Seat 8: spitzbuam (button) folded before Flop (didn't bet)
Seat 9: dahlamanada (small blind) collected ($0.19)



PokerStars Hand #224944126841:  Hold'em No Limit ($0.01/$0.02 USD) - 2021/03/18 13:56:12 PT [2021/03/18 16:56:12 ET]
Table 'Luyten IV' 9-max Seat #9 is the button
Seat 1: Apostol108 ($2 in chips) 
Seat 2: Alehta ($1.96 in chips) 
Seat 3: Alklishin ($1.73 in chips) 
Seat 4: joelong ($0.37 in chips) 
Seat 5: FALKONI333 ($1.57 in chips) 
Seat 6: mirko483 ($1.86 in chips) 
Seat 7: Dorex2007 ($3.19 in chips) 
Seat 8: spitzbuam ($0.75 in chips) 
Seat 9: dahlamanada ($1.45 in chips) 
Apostol108: posts small blind $0.01
Alehta: posts big blind $0.02
*** HOLE CARDS ***
Dealt to Dorex2007 [Ks 9c]
Alklishin: folds 
joelong: calls $0.02
FALKONI333: folds 
mirko483: folds 
Dorex2007: folds 
spitzbuam: calls $0.02
dahlamanada: calls $0.02
Apostol108: calls $0.01
Alehta: raises $0.18 to $0.20
joelong: folds 
spitzbuam: folds 
dahlamanada: folds 
Apostol108: folds 
Uncalled bet ($0.18) returned to Alehta
Alehta collected $0.10 from pot
Alehta: doesn't show hand 
FALKONI333 leaves the table
*** SUMMARY ***
Total pot $0.10 | Rake $0 
Seat 1: Apostol108 (small blind) folded before Flop
Seat 2: Alehta (big blind) collected ($0.10)
Seat 3: Alklishin folded before Flop (didn't bet)
Seat 4: joelong folded before Flop
Seat 5: FALKONI333 folded before Flop (didn't bet)
Seat 6: mirko483 folded before Flop (didn't bet)
Seat 7: Dorex2007 folded before Flop (didn't bet)
Seat 8: spitzbuam folded before Flop
Seat 9: dahlamanada (button) folded before Flop



PokerStars Hand #224944153574:  Hold'em No Limit ($0.01/$0.02 USD) - 2021/03/18 13:57:09 PT [2021/03/18 16:57:09 ET]
Table 'Luyten IV' 9-max Seat #1 is the button
Seat 1: Apostol108 ($2 in chips) 
Seat 2: Alehta ($2.04 in chips) 
Seat 3: Alklishin ($1.73 in chips) 
Seat 4: joelong ($0.35 in chips) 
Seat 6: mirko483 ($1.86 in chips) 
Seat 7: Dorex2007 ($3.19 in chips) 
Seat 8: spitzbuam ($0.73 in chips) 
Seat 9: dahlamanada ($1.43 in chips) 
Alehta: posts small blind $0.01
Alklishin: posts big blind $0.02
*** HOLE CARDS ***
Dealt to Dorex2007 [3h Ad]
joelong: folds 
mirko483: folds 
Dorex2007: folds 
spitzbuam: calls $0.02
dahlamanada: folds 
Apostol108: folds 
Alehta: folds 
Alklishin: checks 
*** FLOP *** [Tc Kc Qs]
Alklishin: checks 
spitzbuam: bets $0.02
Alklishin: folds 
Uncalled bet ($0.02) returned to spitzbuam
spitzbuam collected $0.05 from pot
spitzbuam: doesn't show hand 
*** SUMMARY ***
Total pot $0.05 | Rake $0 
Board [Tc Kc Qs]
Seat 1: Apostol108 (button) folded before Flop (didn't bet)
Seat 2: Alehta (small blind) folded before Flop
Seat 3: Alklishin (big blind) folded on the Flop
Seat 4: joelong folded before Flop (didn't bet)
Seat 6: mirko483 folded before Flop (didn't bet)
Seat 7: Dorex2007 folded before Flop (didn't bet)
Seat 8: spitzbuam collected ($0.05)
Seat 9: dahlamanada folded before Flop (didn't bet)



PokerStars Hand #224944166112:  Hold'em No Limit ($0.01/$0.02 USD) - 2021/03/18 13:57:35 PT [2021/03/18 16:57:35 ET]
Table 'Luyten IV' 9-max Seat #2 is the button
Seat 1: Apostol108 ($2 in chips) 
Seat 2: Alehta ($2.03 in chips) 
Seat 3: Alklishin ($1.71 in chips) 
Seat 4: joelong ($0.35 in chips) 
Seat 6: mirko483 ($1.86 in chips) 
Seat 7: Dorex2007 ($3.19 in chips) 
Seat 8: spitzbuam ($0.76 in chips) 
Seat 9: dahlamanada ($1.43 in chips) 
Alklishin: posts small blind $0.01
joelong: posts big blind $0.02
*** HOLE CARDS ***
Dealt to Dorex2007 [2c 6h]
mirko483: folds 
Dorex2007: folds 
spitzbuam: calls $0.02
dahlamanada: folds 
Apostol108: folds 
Alehta: raises $0.08 to $0.10
Alklishin: folds 
joelong: folds 
spitzbuam: calls $0.08
*** FLOP *** [Ad 3h Qs]
spitzbuam: checks 
Alehta: bets $0.02
spitzbuam: folds 
Uncalled bet ($0.02) returned to Alehta
Alehta collected $0.22 from pot
Alehta: doesn't show hand 
*** SUMMARY ***
Total pot $0.23 | Rake $0.01 
Board [Ad 3h Qs]
Seat 1: Apostol108 folded before Flop (didn't bet)
Seat 2: Alehta (button) collected ($0.22)
Seat 3: Alklishin (small blind) folded before Flop
Seat 4: joelong (big blind) folded before Flop
Seat 6: mirko483 folded before Flop (didn't bet)
Seat 7: Dorex2007 folded before Flop (didn't bet)
Seat 8: spitzbuam folded on the Flop
Seat 9: dahlamanada folded before Flop (didn't bet)



PokerStars Hand #224944191712:  Hold'em No Limit ($0.01/$0.02 USD) - 2021/03/18 13:58:11 PT [2021/03/18 16:58:11 ET]
Table 'Luyten IV' 9-max Seat #3 is the button
Seat 1: Apostol108 ($2 in chips) 
Seat 2: Alehta ($2.15 in chips) 
Seat 3: Alklishin ($1.70 in chips) 
Seat 4: joelong ($0.33 in chips) 
Seat 6: mirko483 ($1.86 in chips) 
Seat 7: Dorex2007 ($3.19 in chips) 
Seat 8: spitzbuam ($0.66 in chips) 
Seat 9: dahlamanada ($1.43 in chips) 
joelong: posts small blind $0.01
mirko483: posts big blind $0.02
*** HOLE CARDS ***
Dealt to Dorex2007 [5d 9c]
Dorex2007: folds 
spitzbuam: calls $0.02
djbond07 joins the table at seat #5 
dahlamanada: folds 
Apostol108: folds 
Alehta: folds 
Alklishin: folds 
joelong: calls $0.01
mirko483: checks 
*** FLOP *** [3d 3h 4d]
joelong: checks 
mirko483: checks 
spitzbuam: checks 
*** TURN *** [3d 3h 4d] [8c]
joelong: checks 
mirko483: checks 
spitzbuam: checks 
*** RIVER *** [3d 3h 4d 8c] [3s]
joelong: checks 
mirko483: checks 
spitzbuam: checks 
*** SHOW DOWN ***
joelong: shows [7c Qd] (three of a kind, Threes)
mirko483: shows [Td Kh] (three of a kind, Threes - King kicker)
spitzbuam: mucks hand 
mirko483 collected $0.06 from pot
*** SUMMARY ***
Total pot $0.06 | Rake $0 
Board [3d 3h 4d 8c 3s]
Seat 1: Apostol108 folded before Flop (didn't bet)
Seat 2: Alehta folded before Flop (didn't bet)
Seat 3: Alklishin (button) folded before Flop (didn't bet)
Seat 4: joelong (small blind) showed [7c Qd] and lost with three of a kind, Threes
Seat 6: mirko483 (big blind) showed [Td Kh] and won ($0.06) with three of a kind, Threes
Seat 7: Dorex2007 folded before Flop (didn't bet)
Seat 8: spitzbuam mucked [Qh 6s]
Seat 9: dahlamanada folded before Flop (didn't bet)



PokerStars Hand #224944213138:  Hold'em No Limit ($0.01/$0.02 USD) - 2021/03/18 13:58:55 PT [2021/03/18 16:58:55 ET]
Table 'Luyten IV' 9-max Seat #4 is the button
Seat 1: Apostol108 ($2 in chips) 
Seat 2: Alehta ($2.15 in chips) 
Seat 3: Alklishin ($1.70 in chips) 
Seat 4: joelong ($0.31 in chips) 
Seat 6: mirko483 ($1.90 in chips) 
Seat 7: Dorex2007 ($3.19 in chips) 
Seat 8: spitzbuam ($0.64 in chips) 
Seat 9: dahlamanada ($1.43 in chips) 
mirko483: posts small blind $0.01
Dorex2007: posts big blind $0.02
*** HOLE CARDS ***
Dealt to Dorex2007 [7h Kh]
spitzbuam: calls $0.02
dahlamanada: folds 
Apostol108: raises $0.04 to $0.06
Alehta: folds 
Alklishin: calls $0.06
joelong: folds 
mirko483: folds 
dahlamanada leaves the table
Dorex2007: calls $0.04
spitzbuam: calls $0.04
*** FLOP *** [Ah Jd 9h]
Dorex2007: checks 
spitzbuam: checks 
Apostol108: bets $0.07
Alklishin: folds 
Whald023 joins the table at seat #9 
Dorex2007: raises $0.11 to $0.18
spitzbuam: folds 
Apostol108: folds 
Uncalled bet ($0.11) returned to Dorex2007
Dorex2007 collected $0.38 from pot
Dorex2007: doesn't show hand 
*** SUMMARY ***
Total pot $0.39 | Rake $0.01 
Board [Ah Jd 9h]
Seat 1: Apostol108 folded on the Flop
Seat 2: Alehta folded before Flop (didn't bet)
Seat 3: Alklishin folded on the Flop
Seat 4: joelong (button) folded before Flop (didn't bet)
Seat 6: mirko483 (small blind) folded before Flop
Seat 7: Dorex2007 (big blind) collected ($0.38)
Seat 8: spitzbuam folded on the Flop
Seat 9: dahlamanada folded before Flop (didn't bet)



PokerStars Hand #224944239191:  Hold'em No Limit ($0.01/$0.02 USD) - 2021/03/18 13:59:49 PT [2021/03/18 16:59:49 ET]
Table 'Luyten IV' 9-max Seat #6 is the button
Seat 1: Apostol108 ($2 in chips) 
Seat 2: Alehta ($2.15 in chips) 
Seat 3: Alklishin ($1.64 in chips) 
Seat 4: joelong ($0.31 in chips) 
Seat 6: mirko483 ($1.89 in chips) 
Seat 7: Dorex2007 ($3.44 in chips) 
Seat 8: spitzbuam ($0.58 in chips) 
Dorex2007: posts small blind $0.01
spitzbuam: posts big blind $0.02
Whald023: sits out 
djbond07: sits out 
*** HOLE CARDS ***
Dealt to Dorex2007 [4h 2h]
Apostol108: raises $0.04 to $0.06
Alehta: folds 
Alklishin: calls $0.06
joelong: calls $0.06
mirko483: folds 
Dorex2007: folds 
spitzbuam: folds 
*** FLOP *** [7c 8c 2s]
Apostol108: checks 
Alklishin: checks 
joelong: checks 
*** TURN *** [7c 8c 2s] [8h]
Apostol108: checks 
Alklishin: checks 
joelong: bets $0.25 and is all-in
Apostol108: folds 
Alklishin: folds 
Uncalled bet ($0.25) returned to joelong
joelong collected $0.20 from pot
joelong: doesn't show hand 
*** SUMMARY ***
Total pot $0.21 | Rake $0.01 
Board [7c 8c 2s 8h]
Seat 1: Apostol108 folded on the Turn
Seat 2: Alehta folded before Flop (didn't bet)
Seat 3: Alklishin folded on the Turn
Seat 4: joelong collected ($0.20)
Seat 6: mirko483 (button) folded before Flop (didn't bet)
Seat 7: Dorex2007 (small blind) folded before Flop
Seat 8: spitzbuam (big blind) folded before Flop



PokerStars Hand #224944262438:  Hold'em No Limit ($0.01/$0.02 USD) - 2021/03/18 14:00:36 PT [2021/03/18 17:00:36 ET]
Table 'Luyten IV' 9-max Seat #7 is the button
Seat 1: Apostol108 ($2 in chips) 
Seat 2: Alehta ($2.15 in chips) 
Seat 3: Alklishin ($1.58 in chips) 
Seat 4: joelong ($0.45 in chips) 
Seat 6: mirko483 ($1.89 in chips) 
Seat 7: Dorex2007 ($3.43 in chips) 
Seat 8: spitzbuam ($0.56 in chips) 
Seat 9: Whald023 ($2 in chips) 
spitzbuam: posts small blind $0.01
Whald023: posts big blind $0.02
djbond07: sits out 
*** HOLE CARDS ***
Dealt to Dorex2007 [2c 8s]
Apostol108: folds 
Alehta: folds 
Alklishin: folds 
joelong: folds 
mirko483 has timed out
mirko483: folds 
Dorex2007: folds 
spitzbuam: raises $0.02 to $0.04
Whald023: folds 
Uncalled bet ($0.02) returned to spitzbuam
spitzbuam collected $0.04 from pot
spitzbuam: doesn't show hand 
*** SUMMARY ***
Total pot $0.04 | Rake $0 
Seat 1: Apostol108 folded before Flop (didn't bet)
Seat 2: Alehta folded before Flop (didn't bet)
Seat 3: Alklishin folded before Flop (didn't bet)
Seat 4: joelong folded before Flop (didn't bet)
Seat 6: mirko483 folded before Flop (didn't bet)
Seat 7: Dorex2007 (button) folded before Flop (didn't bet)
Seat 8: spitzbuam (small blind) collected ($0.04)
Seat 9: Whald023 (big blind) folded before Flop



PokerStars Hand #224944284007:  Hold'em No Limit ($0.01/$0.02 USD) - 2021/03/18 14:01:15 PT [2021/03/18 17:01:15 ET]
Table 'Luyten IV' 9-max Seat #8 is the button
Seat 1: Apostol108 ($2 in chips) 
Seat 2: Alehta ($2.15 in chips) 
Seat 3: Alklishin ($1.58 in chips) 
Seat 4: joelong ($0.45 in chips) 
Seat 6: mirko483 ($1.89 in chips) 
Seat 7: Dorex2007 ($3.43 in chips) 
Seat 8: spitzbuam ($0.58 in chips) 
Seat 9: Whald023 ($2 in chips) 
Whald023: posts small blind $0.01
Apostol108: posts big blind $0.02
djbond07: sits out 
*** HOLE CARDS ***
Dealt to Dorex2007 [5h Kd]
Alehta: folds 
Alklishin: folds 
joelong: calls $0.02
mirko483: folds 
Dorex2007: folds 
spitzbuam: calls $0.02
Whald023: folds 
Apostol108: checks 
*** FLOP *** [Kc Tc 4s]
Apostol108: checks 
joelong: checks 
spitzbuam: bets $0.02
Apostol108: calls $0.02
joelong: calls $0.02
*** TURN *** [Kc Tc 4s] [Ad]
Apostol108: checks 
joelong: checks 
spitzbuam: checks 
*** RIVER *** [Kc Tc 4s Ad] [Ah]
Apostol108: checks 
joelong: bets $0.13
spitzbuam: folds 
Apostol108: folds 
Uncalled bet ($0.13) returned to joelong
joelong collected $0.13 from pot
joelong: doesn't show hand 
*** SUMMARY ***
Total pot $0.13 | Rake $0 
Board [Kc Tc 4s Ad Ah]
Seat 1: Apostol108 (big blind) folded on the River
Seat 2: Alehta folded before Flop (didn't bet)
Seat 3: Alklishin folded before Flop (didn't bet)
Seat 4: joelong collected ($0.13)
Seat 6: mirko483 folded before Flop (didn't bet)
Seat 7: Dorex2007 folded before Flop (didn't bet)
Seat 8: spitzbuam (button) folded on the River
Seat 9: Whald023 (small blind) folded before Flop



PokerStars Hand #224944345701:  Hold'em No Limit ($0.01/$0.02 USD) - 2021/03/18 14:02:40 PT [2021/03/18 17:02:40 ET]
Table 'Luyten IV' 9-max Seat #9 is the button
Seat 1: Apostol108 ($2 in chips) 
Seat 2: Alehta ($2.15 in chips) 
Seat 3: Alklishin ($1.58 in chips) 
Seat 4: joelong ($0.54 in chips) 
Seat 6: mirko483 ($1.89 in chips) 
Seat 7: Dorex2007 ($3.43 in chips) 
Seat 9: Whald023 ($2 in chips) 
Apostol108: posts small blind $0.01
Alehta: posts big blind $0.02
djbond07: sits out 
*** HOLE CARDS ***
Dealt to Dorex2007 [9h 2d]
Alklishin: folds 
spitzbuam leaves the table
joelong: folds 
mirko483: folds 
Dorex2007: folds 
Whald023: folds 
Apostol108: folds 
Uncalled bet ($0.01) returned to Alehta
Alehta collected $0.02 from pot
Alehta: doesn't show hand 
*** SUMMARY ***
Total pot $0.02 | Rake $0 
Seat 1: Apostol108 (small blind) folded before Flop
Seat 2: Alehta (big blind) collected ($0.02)
Seat 3: Alklishin folded before Flop (didn't bet)
Seat 4: joelong folded before Flop (didn't bet)
Seat 6: mirko483 folded before Flop (didn't bet)
Seat 7: Dorex2007 folded before Flop (didn't bet)
Seat 9: Whald023 (button) folded before Flop (didn't bet)



PokerStars Hand #224944358741:  Hold'em No Limit ($0.01/$0.02 USD) - 2021/03/18 14:03:00 PT [2021/03/18 17:03:00 ET]
Table 'Luyten IV' 9-max Seat #1 is the button
Seat 1: Apostol108 ($2 in chips) 
Seat 2: Alehta ($2.16 in chips) 
Seat 3: Alklishin ($1.58 in chips) 
Seat 4: joelong ($0.54 in chips) 
Seat 6: mirko483 ($1.89 in chips) 
Seat 7: Dorex2007 ($3.43 in chips) 
Seat 9: Whald023 ($2 in chips) 
Alehta: posts small blind $0.01
Alklishin: posts big blind $0.02
djbond07: sits out 
*** HOLE CARDS ***
Dealt to Dorex2007 [Tc 2h]
joelong: folds 
mirko483: calls $0.02
Dorex2007: folds 
Whald023: folds 
Apostol108: folds 
Alehta: folds 
Alklishin: checks 
*** FLOP *** [3h Qc 9s]
Alklishin: checks 
humbertopg2 joins the table at seat #8 
mirko483: bets $0.05
Alklishin: folds 
Uncalled bet ($0.05) returned to mirko483
mirko483 collected $0.05 from pot
mirko483: doesn't show hand 
*** SUMMARY ***
Total pot $0.05 | Rake $0 
Board [3h Qc 9s]
Seat 1: Apostol108 (button) folded before Flop (didn't bet)
Seat 2: Alehta (small blind) folded before Flop
Seat 3: Alklishin (big blind) folded on the Flop
Seat 4: joelong folded before Flop (didn't bet)
Seat 6: mirko483 collected ($0.05)
Seat 7: Dorex2007 folded before Flop (didn't bet)
Seat 9: Whald023 folded before Flop (didn't bet)



PokerStars Hand #224944385289:  Hold'em No Limit ($0.01/$0.02 USD) - 2021/03/18 14:03:40 PT [2021/03/18 17:03:40 ET]
Table 'Luyten IV' 9-max Seat #2 is the button
Seat 1: Apostol108 ($2 in chips) 
Seat 2: Alehta ($2.15 in chips) 
Seat 3: Alklishin ($1.56 in chips) 
Seat 4: joelong ($0.54 in chips) 
Seat 6: mirko483 ($1.92 in chips) 
Seat 7: Dorex2007 ($3.43 in chips) 
Seat 9: Whald023 ($2 in chips) 
Alklishin: posts small blind $0.01
joelong: posts big blind $0.02
djbond07: sits out 
humbertopg2: sits out 
*** HOLE CARDS ***
Dealt to Dorex2007 [Ad 8h]
mirko483: folds 
Dorex2007: folds 
Whald023: folds 
Apostol108: raises $0.04 to $0.06
Alehta: folds 
Alklishin: folds 
joelong: calls $0.04
*** FLOP *** [2d 3c 4s]
joelong: checks 
Apostol108: bets $0.07
joelong: calls $0.07
*** TURN *** [2d 3c 4s] [4h]
joelong: checks 
Apostol108: checks 
*** RIVER *** [2d 3c 4s 4h] [Qc]
joelong: bets $0.26
Apostol108: calls $0.26
*** SHOW DOWN ***
joelong: shows [5h 4d] (three of a kind, Fours)
Apostol108: mucks hand 
joelong collected $0.76 from pot
*** SUMMARY ***
Total pot $0.79 | Rake $0.03 
Board [2d 3c 4s 4h Qc]
Seat 1: Apostol108 mucked [Ah Qh]
Seat 2: Alehta (button) folded before Flop (didn't bet)
Seat 3: Alklishin (small blind) folded before Flop
Seat 4: joelong (big blind) showed [5h 4d] and won ($0.76) with three of a kind, Fours
Seat 6: mirko483 folded before Flop (didn't bet)
Seat 7: Dorex2007 folded before Flop (didn't bet)
Seat 9: Whald023 folded before Flop (didn't bet)



PokerStars Hand #224944429706:  Hold'em No Limit ($0.01/$0.02 USD) - 2021/03/18 14:04:46 PT [2021/03/18 17:04:46 ET]
Table 'Luyten IV' 9-max Seat #3 is the button
Seat 1: Apostol108 ($2 in chips) 
Seat 2: Alehta ($2.15 in chips) 
Seat 3: Alklishin ($1.55 in chips) 
Seat 4: joelong ($0.91 in chips) 
Seat 5: djbond07 ($0.80 in chips) 
Seat 6: mirko483 ($1.92 in chips) 
Seat 7: Dorex2007 ($3.43 in chips) 
Seat 8: humbertopg2 ($2 in chips) 
Seat 9: Whald023 ($2 in chips) 
joelong: posts small blind $0.01
djbond07: posts big blind $0.02
humbertopg2: posts big blind $0.02
*** HOLE CARDS ***
Dealt to Dorex2007 [3d Ac]
mirko483: folds 
Dorex2007: folds 
humbertopg2: checks 
Whald023: raises $0.06 to $0.08
Apostol108: calls $0.08
Alehta: folds 
Alklishin: folds 
joelong: folds 
djbond07: folds 
humbertopg2: folds 
*** FLOP *** [6s 2d 7c]
Whald023: bets $0.12
Apostol108: calls $0.12
*** TURN *** [6s 2d 7c] [Td]
humbertopg2 leaves the table
Whald023: bets $0.26
yjqian23 joins the table at seat #8 
Apostol108: folds 
Uncalled bet ($0.26) returned to Whald023
Whald023 collected $0.43 from pot
Whald023: doesn't show hand 
*** SUMMARY ***
Total pot $0.45 | Rake $0.02 
Board [6s 2d 7c Td]
Seat 1: Apostol108 folded on the Turn
Seat 2: Alehta folded before Flop (didn't bet)
Seat 3: Alklishin (button) folded before Flop (didn't bet)
Seat 4: joelong (small blind) folded before Flop
Seat 5: djbond07 (big blind) folded before Flop
Seat 6: mirko483 folded before Flop (didn't bet)
Seat 7: Dorex2007 folded before Flop (didn't bet)
Seat 8: humbertopg2 folded before Flop (didn't bet)
Seat 9: Whald023 collected ($0.43)



PokerStars Hand #224944474551:  Hold'em No Limit ($0.01/$0.02 USD) - 2021/03/18 14:05:54 PT [2021/03/18 17:05:54 ET]
Table 'Luyten IV' 9-max Seat #4 is the button
Seat 1: Apostol108 ($2 in chips) 
Seat 2: Alehta ($2.15 in chips) 
Seat 3: Alklishin ($1.55 in chips) 
Seat 4: joelong ($0.90 in chips) 
Seat 5: djbond07 ($0.78 in chips) 
Seat 6: mirko483 ($1.92 in chips) 
Seat 7: Dorex2007 ($3.43 in chips) 
Seat 9: Whald023 ($2.23 in chips) 
djbond07: posts small blind $0.01
mirko483: posts big blind $0.02
yjqian23: sits out 
*** HOLE CARDS ***
Dealt to Dorex2007 [Kh 9d]
Dorex2007: folds 
Whald023: folds 
Apostol108: folds 
Alehta: raises $0.02 to $0.04
Alklishin: folds 
joelong: calls $0.04
djbond07: folds 
mirko483: calls $0.02
*** FLOP *** [9c 9s 9h]
mirko483: checks 
Alehta: bets $0.04
joelong: folds 
mirko483: folds 
Uncalled bet ($0.04) returned to Alehta
Alehta collected $0.13 from pot
Alehta: doesn't show hand 
*** SUMMARY ***
Total pot $0.13 | Rake $0 
Board [9c 9s 9h]
Seat 1: Apostol108 folded before Flop (didn't bet)
Seat 2: Alehta collected ($0.13)
Seat 3: Alklishin folded before Flop (didn't bet)
Seat 4: joelong (button) folded on the Flop
Seat 5: djbond07 (small blind) folded before Flop
Seat 6: mirko483 (big blind) folded on the Flop
Seat 7: Dorex2007 folded before Flop (didn't bet)
Seat 9: Whald023 folded before Flop (didn't bet)



PokerStars Hand #224944502349:  Hold'em No Limit ($0.01/$0.02 USD) - 2021/03/18 14:06:35 PT [2021/03/18 17:06:35 ET]
Table 'Luyten IV' 9-max Seat #5 is the button
Seat 1: Apostol108 ($2 in chips) 
Seat 2: Alehta ($2.24 in chips) 
Seat 3: Alklishin ($1.55 in chips) 
Seat 4: joelong ($0.86 in chips) 
Seat 5: djbond07 ($0.77 in chips) 
Seat 6: mirko483 ($1.88 in chips) 
Seat 7: Dorex2007 ($3.43 in chips) 
Seat 9: Whald023 ($2.23 in chips) 
mirko483: posts small blind $0.01
Dorex2007: posts big blind $0.02
yjqian23: sits out 
*** HOLE CARDS ***
Dealt to Dorex2007 [Kh 8s]
Whald023: folds 
Apostol108: folds 
Alehta: folds 
Alklishin: folds 
joelong: folds 
djbond07: folds 
mirko483: calls $0.01
Dorex2007: checks 
*** FLOP *** [6c Ks 7s]
mirko483: bets $0.02
Dorex2007: raises $0.05 to $0.07
mirko483: calls $0.05
*** TURN *** [6c Ks 7s] [6d]
mirko483: checks 
Dorex2007: checks 
*** RIVER *** [6c Ks 7s 6d] [9s]
mirko483: checks 
Dorex2007: checks 
*** SHOW DOWN ***
mirko483: shows [7c Ac] (two pair, Sevens and Sixes)
Dorex2007: shows [Kh 8s] (two pair, Kings and Sixes)
Dorex2007 collected $0.17 from pot
*** SUMMARY ***
Total pot $0.18 | Rake $0.01 
Board [6c Ks 7s 6d 9s]
Seat 1: Apostol108 folded before Flop (didn't bet)
Seat 2: Alehta folded before Flop (didn't bet)
Seat 3: Alklishin folded before Flop (didn't bet)
Seat 4: joelong folded before Flop (didn't bet)
Seat 5: djbond07 (button) folded before Flop (didn't bet)
Seat 6: mirko483 (small blind) showed [7c Ac] and lost with two pair, Sevens and Sixes
Seat 7: Dorex2007 (big blind) showed [Kh 8s] and won ($0.17) with two pair, Kings and Sixes
Seat 9: Whald023 folded before Flop (didn't bet)



PokerStars Hand #224944531029:  Hold'em No Limit ($0.01/$0.02 USD) - 2021/03/18 14:07:20 PT [2021/03/18 17:07:20 ET]
Table 'Luyten IV' 9-max Seat #6 is the button
Seat 1: Apostol108 ($2 in chips) 
Seat 2: Alehta ($2.24 in chips) 
Seat 3: Alklishin ($1.55 in chips) 
Seat 4: joelong ($0.86 in chips) 
Seat 5: djbond07 ($0.77 in chips) 
Seat 6: mirko483 ($1.79 in chips) 
Seat 7: Dorex2007 ($3.51 in chips) 
Seat 8: yjqian23 ($2 in chips) 
Seat 9: Whald023 ($2.23 in chips) 
Dorex2007: posts small blind $0.01
yjqian23: posts big blind $0.02
*** HOLE CARDS ***
Dealt to Dorex2007 [5s 7s]
Whald023: folds 
Apostol108: folds 
Alehta: folds 
Alklishin: folds 
joelong: calls $0.02
djbond07: folds 
mirko483: folds 
Dorex2007: calls $0.01
yjqian23: checks 
*** FLOP *** [As Jh 8h]
Dorex2007: checks 
yjqian23: bets $0.02
joelong: calls $0.02
Dorex2007: folds 
*** TURN *** [As Jh 8h] [Th]
yjqian23: bets $0.02
joelong: calls $0.02
*** RIVER *** [As Jh 8h Th] [5h]
yjqian23: bets $0.02
joelong: folds 
Uncalled bet ($0.02) returned to yjqian23
yjqian23 collected $0.14 from pot
yjqian23: doesn't show hand 
*** SUMMARY ***
Total pot $0.14 | Rake $0 
Board [As Jh 8h Th 5h]
Seat 1: Apostol108 folded before Flop (didn't bet)
Seat 2: Alehta folded before Flop (didn't bet)
Seat 3: Alklishin folded before Flop (didn't bet)
Seat 4: joelong folded on the River
Seat 5: djbond07 folded before Flop (didn't bet)
Seat 6: mirko483 (button) folded before Flop (didn't bet)
Seat 7: Dorex2007 (small blind) folded on the Flop
Seat 8: yjqian23 (big blind) collected ($0.14)
Seat 9: Whald023 folded before Flop (didn't bet)



PokerStars Hand #224944560056:  Hold'em No Limit ($0.01/$0.02 USD) - 2021/03/18 14:08:05 PT [2021/03/18 17:08:05 ET]
Table 'Luyten IV' 9-max Seat #7 is the button
Seat 2: Alehta ($2.24 in chips) 
Seat 3: Alklishin ($1.55 in chips) 
Seat 4: joelong ($0.80 in chips) 
Seat 5: djbond07 ($0.77 in chips) 
Seat 6: mirko483 ($1.79 in chips) 
Seat 7: Dorex2007 ($3.49 in chips) 
Seat 8: yjqian23 ($2.08 in chips) 
Seat 9: Whald023 ($2.23 in chips) 
yjqian23: posts small blind $0.01
Whald023: posts big blind $0.02
*** HOLE CARDS ***
Dealt to Dorex2007 [Ac Th]
Alehta: folds 
Alklishin: folds 
joelong: calls $0.02
djbond07: folds 
mirko483: folds 
Dorex2007: raises $0.04 to $0.06
yjqian23: folds 
Whald023: folds 
joelong: calls $0.04
*** FLOP *** [Jd 7d 2h]
joelong: checks 
Dorex2007: bets $0.07
joelong: calls $0.07
*** TURN *** [Jd 7d 2h] [3c]
joelong: checks 
Dorex2007: checks 
*** RIVER *** [Jd 7d 2h 3c] [As]
joelong: checks 
Dorex2007: checks 
*** SHOW DOWN ***
joelong: shows [Jc Td] (a pair of Jacks)
Dorex2007: shows [Ac Th] (a pair of Aces)
Dorex2007 collected $0.28 from pot
*** SUMMARY ***
Total pot $0.29 | Rake $0.01 
Board [Jd 7d 2h 3c As]
Seat 2: Alehta folded before Flop (didn't bet)
Seat 3: Alklishin folded before Flop (didn't bet)
Seat 4: joelong showed [Jc Td] and lost with a pair of Jacks
Seat 5: djbond07 folded before Flop (didn't bet)
Seat 6: mirko483 folded before Flop (didn't bet)
Seat 7: Dorex2007 (button) showed [Ac Th] and won ($0.28) with a pair of Aces
Seat 8: yjqian23 (small blind) folded before Flop
Seat 9: Whald023 (big blind) folded before Flop



PokerStars Hand #224944599565:  Hold'em No Limit ($0.01/$0.02 USD) - 2021/03/18 14:09:05 PT [2021/03/18 17:09:05 ET]
Table 'Luyten IV' 9-max Seat #8 is the button
Seat 2: Alehta ($2.24 in chips) 
Seat 3: Alklishin ($1.55 in chips) 
Seat 4: joelong ($0.67 in chips) 
Seat 5: djbond07 ($0.77 in chips) 
Seat 6: mirko483 ($1.79 in chips) 
Seat 7: Dorex2007 ($3.64 in chips) 
Seat 8: yjqian23 ($2.07 in chips) 
Seat 9: Whald023 ($2.21 in chips) 
Whald023: posts small blind $0.01
Alehta: posts big blind $0.02
*** HOLE CARDS ***
Dealt to Dorex2007 [Jc Ac]
Alklishin: folds 
joelong: folds 
djbond07: folds 
mirko483: folds 
Dorex2007: raises $0.04 to $0.06
yjqian23: folds 
yjqian23 leaves the table
Whald023: folds 
Alehta: raises $0.17 to $0.23
Dorex2007: calls $0.17
*** FLOP *** [Qc 7d 2h]
Alehta: bets $0.15
Dorex2007: calls $0.15
*** TURN *** [Qc 7d 2h] [Td]
Alehta: checks 
Dorex2007: bets $0.37
Alehta: raises $0.64 to $1.01
Dorex2007: folds 
Uncalled bet ($0.64) returned to Alehta
Alehta collected $1.46 from pot
Alehta: doesn't show hand 
*** SUMMARY ***
Total pot $1.51 | Rake $0.05 
Board [Qc 7d 2h Td]
Seat 2: Alehta (big blind) collected ($1.46)
Seat 3: Alklishin folded before Flop (didn't bet)
Seat 4: joelong folded before Flop (didn't bet)
Seat 5: djbond07 folded before Flop (didn't bet)
Seat 6: mirko483 folded before Flop (didn't bet)
Seat 7: Dorex2007 folded on the Turn
Seat 8: yjqian23 (button) folded before Flop (didn't bet)
Seat 9: Whald023 (small blind) folded before Flop



PokerStars Hand #224944659087:  Hold'em No Limit ($0.01/$0.02 USD) - 2021/03/18 14:10:37 PT [2021/03/18 17:10:37 ET]
Table 'Luyten IV' 9-max Seat #9 is the button
Seat 2: Alehta ($2.95 in chips) 
Seat 3: Alklishin ($1.55 in chips) 
Seat 4: joelong ($0.67 in chips) 
Seat 5: djbond07 ($0.77 in chips) 
Seat 6: mirko483 ($1.79 in chips) 
Seat 7: Dorex2007 ($2.89 in chips) 
Seat 9: Whald023 ($2.20 in chips) 
Alehta: posts small blind $0.01
Alklishin: posts big blind $0.02
*** HOLE CARDS ***
Dealt to Dorex2007 [4h 3d]
joelong: calls $0.02
djbond07: folds 
mirko483: folds 
Dorex2007: folds 
Whald023: folds 
Alehta: raises $0.03 to $0.05
Alklishin: folds 
joelong: calls $0.03
*** FLOP *** [Js 5d 4s]
Alehta: checks 
joelong: checks 
*** TURN *** [Js 5d 4s] [Qc]
panb0bek joins the table at seat #8 
Alehta: checks 
joelong: checks 
*** RIVER *** [Js 5d 4s Qc] [3h]
Alehta: checks 
joelong: bets $0.12
Alehta: folds 
Uncalled bet ($0.12) returned to joelong
Alehta leaves the table
joelong collected $0.12 from pot
joelong: doesn't show hand 
*** SUMMARY ***
Total pot $0.12 | Rake $0 
Board [Js 5d 4s Qc 3h]
Seat 2: Alehta (small blind) folded on the River
Seat 3: Alklishin (big blind) folded before Flop
Seat 4: joelong collected ($0.12)
Seat 5: djbond07 folded before Flop (didn't bet)
Seat 6: mirko483 folded before Flop (didn't bet)
Seat 7: Dorex2007 folded before Flop (didn't bet)
Seat 9: Whald023 (button) folded before Flop (didn't bet)



PokerStars Hand #224944703160:  Hold'em No Limit ($0.01/$0.02 USD) - 2021/03/18 14:11:36 PT [2021/03/18 17:11:36 ET]
Table 'Luyten IV' 9-max Seat #3 is the button
Seat 3: Alklishin ($1.53 in chips) 
Seat 4: joelong ($0.74 in chips) 
Seat 5: djbond07 ($0.77 in chips) 
Seat 6: mirko483 ($1.79 in chips) 
Seat 7: Dorex2007 ($2.89 in chips) 
Seat 8: panb0bek ($0.80 in chips) 
Seat 9: Whald023 ($2.20 in chips) 
joelong: posts small blind $0.01
djbond07: posts big blind $0.02
panb0bek: posts big blind $0.02
*** HOLE CARDS ***
Dealt to Dorex2007 [Ad 9c]
mirko483: folds 
Dorex2007: folds 
panb0bek: checks 
Whald023: folds 
Alklishin: folds 
BlackHelioz joins the table at seat #2 
joelong: calls $0.01
djbond07: checks 
*** FLOP *** [9d Th 6h]
joelong: checks 
djbond07: checks 
panb0bek: bets $0.06
joelong: calls $0.06
djbond07: folds 
*** TURN *** [9d Th 6h] [Kh]
joelong: checks 
panb0bek: checks 
*** RIVER *** [9d Th 6h Kh] [6c]
joelong: checks 
panb0bek: checks 
*** SHOW DOWN ***
joelong: shows [8c Jd] (a pair of Sixes)
panb0bek: shows [Tc 7h] (two pair, Tens and Sixes)
panb0bek collected $0.17 from pot
*** SUMMARY ***
Total pot $0.18 | Rake $0.01 
Board [9d Th 6h Kh 6c]
Seat 3: Alklishin (button) folded before Flop (didn't bet)
Seat 4: joelong (small blind) showed [8c Jd] and lost with a pair of Sixes
Seat 5: djbond07 (big blind) folded on the Flop
Seat 6: mirko483 folded before Flop (didn't bet)
Seat 7: Dorex2007 folded before Flop (didn't bet)
Seat 8: panb0bek showed [Tc 7h] and won ($0.17) with two pair, Tens and Sixes
Seat 9: Whald023 folded before Flop (didn't bet)



PokerStars Hand #224944746185:  Hold'em No Limit ($0.01/$0.02 USD) - 2021/03/18 14:12:42 PT [2021/03/18 17:12:42 ET]
Table 'Luyten IV' 9-max Seat #4 is the button
Seat 2: BlackHelioz ($1.60 in chips) 
Seat 3: Alklishin ($1.53 in chips) 
Seat 4: joelong ($0.66 in chips) 
Seat 5: djbond07 ($0.75 in chips) 
Seat 6: mirko483 ($1.79 in chips) 
Seat 7: Dorex2007 ($2.89 in chips) 
Seat 8: panb0bek ($0.89 in chips) 
Seat 9: Whald023 ($2.20 in chips) 
djbond07: posts small blind $0.01
mirko483: posts big blind $0.02
BlackHelioz: posts big blind $0.02
*** HOLE CARDS ***
Dealt to Dorex2007 [4s Qc]
Dorex2007: folds 
panb0bek: calls $0.02
Whald023: folds 
BlackHelioz: checks 
Alklishin: folds 
joelong: folds 
djbond07: folds 
mirko483: checks 
*** FLOP *** [6s 9s 7s]
mirko483: checks 
panb0bek: checks 
BlackHelioz: bets $0.07
mirko483: folds 
panb0bek: folds 
Uncalled bet ($0.07) returned to BlackHelioz
BlackHelioz collected $0.07 from pot
BlackHelioz: doesn't show hand 
*** SUMMARY ***
Total pot $0.07 | Rake $0 
Board [6s 9s 7s]
Seat 2: BlackHelioz collected ($0.07)
Seat 3: Alklishin folded before Flop (didn't bet)
Seat 4: joelong (button) folded before Flop (didn't bet)
Seat 5: djbond07 (small blind) folded before Flop
Seat 6: mirko483 (big blind) folded on the Flop
Seat 7: Dorex2007 folded before Flop (didn't bet)
Seat 8: panb0bek folded on the Flop
Seat 9: Whald023 folded before Flop (didn't bet)



PokerStars Hand #224944774801:  Hold'em No Limit ($0.01/$0.02 USD) - 2021/03/18 14:13:26 PT [2021/03/18 17:13:26 ET]
Table 'Luyten IV' 9-max Seat #5 is the button
Seat 2: BlackHelioz ($1.65 in chips) 
Seat 3: Alklishin ($1.53 in chips) 
Seat 4: joelong ($0.66 in chips) 
Seat 5: djbond07 ($0.74 in chips) 
Seat 6: mirko483 ($1.77 in chips) 
Seat 7: Dorex2007 ($2.89 in chips) 
Seat 8: panb0bek ($0.87 in chips) 
Seat 9: Whald023 ($2.20 in chips) 
mirko483: posts small blind $0.01
Dorex2007: posts big blind $0.02
Apostol108: sits out 
*** HOLE CARDS ***
Dealt to Dorex2007 [7s 9d]
panb0bek: folds 
Whald023: raises $0.04 to $0.06
BlackHelioz: folds 
Alklishin: calls $0.06
joelong: folds 
djbond07: folds 
mirko483: folds 
Dorex2007: folds 
*** FLOP *** [As Jh 5s]
Whald023: checks 
Alklishin: checks 
*** TURN *** [As Jh 5s] [Td]
Whald023: checks 
Alklishin: checks 
*** RIVER *** [As Jh 5s Td] [7h]
Whald023: checks 
Alklishin: checks 
*** SHOW DOWN ***
Whald023: shows [8s 8h] (a pair of Eights)
Alklishin: mucks hand 
Whald023 collected $0.14 from pot
*** SUMMARY ***
Total pot $0.15 | Rake $0.01 
Board [As Jh 5s Td 7h]
Seat 2: BlackHelioz folded before Flop (didn't bet)
Seat 3: Alklishin mucked [6d 5d]
Seat 4: joelong folded before Flop (didn't bet)
Seat 5: djbond07 (button) folded before Flop (didn't bet)
Seat 6: mirko483 (small blind) folded before Flop
Seat 7: Dorex2007 (big blind) folded before Flop
Seat 8: panb0bek folded before Flop (didn't bet)
Seat 9: Whald023 showed [8s 8h] and won ($0.14) with a pair of Eights



PokerStars Hand #224944821801:  Hold'em No Limit ($0.01/$0.02 USD) - 2021/03/18 14:14:38 PT [2021/03/18 17:14:38 ET]
Table 'Luyten IV' 9-max Seat #6 is the button
Seat 2: BlackHelioz ($1.65 in chips) 
Seat 3: Alklishin ($1.47 in chips) 
Seat 4: joelong ($0.66 in chips) 
Seat 5: djbond07 ($0.74 in chips) 
Seat 6: mirko483 ($1.76 in chips) 
Seat 7: Dorex2007 ($2.87 in chips) 
Seat 8: panb0bek ($0.87 in chips) 
Seat 9: Whald023 ($2.28 in chips) 
Dorex2007: posts small blind $0.01
panb0bek: posts big blind $0.02
Apostol108: sits out 
*** HOLE CARDS ***
Dealt to Dorex2007 [Kh 4d]
Whald023: folds 
BlackHelioz: calls $0.02
Alklishin: folds 
joelong: calls $0.02
djbond07: folds 
mirko483: folds 
Dorex2007: calls $0.01
panb0bek: checks 
*** FLOP *** [4s 8c 8d]
Dorex2007: bets $0.05
panb0bek: folds 
BlackHelioz: raises $0.18 to $0.23
joelong: folds 
Dorex2007: folds 
Uncalled bet ($0.18) returned to BlackHelioz
BlackHelioz collected $0.17 from pot
BlackHelioz: doesn't show hand 
*** SUMMARY ***
Total pot $0.18 | Rake $0.01 
Board [4s 8c 8d]
Seat 2: BlackHelioz collected ($0.17)
Seat 3: Alklishin folded before Flop (didn't bet)
Seat 4: joelong folded on the Flop
Seat 5: djbond07 folded before Flop (didn't bet)
Seat 6: mirko483 (button) folded before Flop (didn't bet)
Seat 7: Dorex2007 (small blind) folded on the Flop
Seat 8: panb0bek (big blind) folded on the Flop
Seat 9: Whald023 folded before Flop (didn't bet)



PokerStars Hand #224944855366:  Hold'em No Limit ($0.01/$0.02 USD) - 2021/03/18 14:15:29 PT [2021/03/18 17:15:29 ET]
Table 'Luyten IV' 9-max Seat #7 is the button
Seat 2: BlackHelioz ($1.75 in chips) 
Seat 3: Alklishin ($1.47 in chips) 
Seat 4: joelong ($0.64 in chips) 
Seat 5: djbond07 ($0.74 in chips) 
Seat 6: mirko483 ($1.76 in chips) 
Seat 7: Dorex2007 ($2.80 in chips) 
Seat 8: panb0bek ($0.85 in chips) 
Seat 9: Whald023 ($2.28 in chips) 
panb0bek: posts small blind $0.01
Whald023: posts big blind $0.02
Apostol108: sits out 
*** HOLE CARDS ***
Dealt to Dorex2007 [7d 8s]
BlackHelioz: calls $0.02
Alklishin: folds 
joelong: folds 
djbond07: folds 
mirko483: raises $0.04 to $0.06
Dorex2007: folds 
panb0bek: folds 
Whald023: folds 
BlackHelioz: calls $0.04
*** FLOP *** [2s 7c As]
BlackHelioz: bets $0.14
mirko483: folds 
Uncalled bet ($0.14) returned to BlackHelioz
BlackHelioz collected $0.14 from pot
BlackHelioz: doesn't show hand 
*** SUMMARY ***
Total pot $0.15 | Rake $0.01 
Board [2s 7c As]
Seat 2: BlackHelioz collected ($0.14)
Seat 3: Alklishin folded before Flop (didn't bet)
Seat 4: joelong folded before Flop (didn't bet)
Seat 5: djbond07 folded before Flop (didn't bet)
Seat 6: mirko483 folded on the Flop
Seat 7: Dorex2007 (button) folded before Flop (didn't bet)
Seat 8: panb0bek (small blind) folded before Flop
Seat 9: Whald023 (big blind) folded before Flop



PokerStars Hand #224944877370:  Hold'em No Limit ($0.01/$0.02 USD) - 2021/03/18 14:16:03 PT [2021/03/18 17:16:03 ET]
Table 'Luyten IV' 9-max Seat #8 is the button
Seat 1: Apostol108 ($2 in chips) 
Seat 2: BlackHelioz ($1.83 in chips) 
Seat 3: Alklishin ($1.47 in chips) 
Seat 4: joelong ($0.64 in chips) 
Seat 5: djbond07 ($0.74 in chips) 
Seat 6: mirko483 ($1.70 in chips) 
Seat 7: Dorex2007 ($2.80 in chips) 
Seat 8: panb0bek ($0.84 in chips) 
Seat 9: Whald023 ($2.26 in chips) 
Whald023: posts small blind $0.01
Apostol108: posts big blind $0.02
*** HOLE CARDS ***
Dealt to Dorex2007 [Jc 7c]
BlackHelioz: folds 
Alklishin: folds 
joelong: folds 
djbond07: raises $0.06 to $0.08
mirko483: calls $0.08
Dorex2007: folds 
panb0bek: calls $0.08
Whald023: folds 
Apostol108: calls $0.06
*** FLOP *** [4c 5h Qc]
Apostol108: checks 
djbond07: bets $0.24
mirko483: folds 
panb0bek: calls $0.24
Apostol108: raises $1.68 to $1.92 and is all-in
djbond07: calls $0.42 and is all-in
panb0bek: calls $0.52 and is all-in
Uncalled bet ($1.16) returned to Apostol108
*** TURN *** [4c 5h Qc] [Ks]
*** RIVER *** [4c 5h Qc Ks] [9h]
*** SHOW DOWN ***
Apostol108: shows [Kh Qs] (two pair, Kings and Queens)
panb0bek: shows [Kc 5c] (two pair, Kings and Fives)
Apostol108 collected $0.19 from side pot
djbond07: shows [Qd Ad] (a pair of Queens)
Apostol108 collected $2.23 from main pot
djbond07 cashed out the hand for $1.07 | Cash Out Fee $0.01
*** SUMMARY ***
Total pot $2.51 Main pot $2.23. Side pot $0.19. | Rake $0.09 
Board [4c 5h Qc Ks 9h]
Seat 1: Apostol108 (big blind) showed [Kh Qs] and won ($2.42) with two pair, Kings and Queens
Seat 2: BlackHelioz folded before Flop (didn't bet)
Seat 3: Alklishin folded before Flop (didn't bet)
Seat 4: joelong folded before Flop (didn't bet)
Seat 5: djbond07 showed [Qd Ad] and lost with a pair of Queens (cashed out).
Seat 6: mirko483 folded on the Flop
Seat 7: Dorex2007 folded before Flop (didn't bet)
Seat 8: panb0bek (button) showed [Kc 5c] and lost with two pair, Kings and Fives
Seat 9: Whald023 (small blind) folded before Flop



PokerStars Hand #224944928595:  Hold'em No Limit ($0.01/$0.02 USD) - 2021/03/18 14:17:22 PT [2021/03/18 17:17:22 ET]
Table 'Luyten IV' 9-max Seat #9 is the button
Seat 1: Apostol108 ($3.58 in chips) 
Seat 2: BlackHelioz ($1.83 in chips) 
Seat 3: Alklishin ($1.47 in chips) 
Seat 4: joelong ($0.64 in chips) 
Seat 5: djbond07 ($1.07 in chips) 
Seat 6: mirko483 ($1.62 in chips) 
Seat 7: Dorex2007 ($2.80 in chips) 
Seat 9: Whald023 ($2.25 in chips) 
Apostol108: posts small blind $0.01
BlackHelioz: posts big blind $0.02
*** HOLE CARDS ***
Dealt to Dorex2007 [4h 2s]
Alklishin: folds 
panb0bek leaves the table
SUPERFISH35 joins the table at seat #8 
joelong: calls $0.02
djbond07: folds 
mirko483: folds 
Dorex2007: folds 
Whald023: folds 
Apostol108: calls $0.01
BlackHelioz: checks 
*** FLOP *** [Qd Ah 3c]
Apostol108: checks 
BlackHelioz: bets $0.06
joelong: calls $0.06
Apostol108: folds 
*** TURN *** [Qd Ah 3c] [2d]
BlackHelioz: checks 
joelong: checks 
*** RIVER *** [Qd Ah 3c 2d] [5h]
BlackHelioz: bets $0.28
joelong: folds 
Uncalled bet ($0.28) returned to BlackHelioz
BlackHelioz collected $0.17 from pot
BlackHelioz: doesn't show hand 
*** SUMMARY ***
Total pot $0.18 | Rake $0.01 
Board [Qd Ah 3c 2d 5h]
Seat 1: Apostol108 (small blind) folded on the Flop
Seat 2: BlackHelioz (big blind) collected ($0.17)
Seat 3: Alklishin folded before Flop (didn't bet)
Seat 4: joelong folded on the River
Seat 5: djbond07 folded before Flop (didn't bet)
Seat 6: mirko483 folded before Flop (didn't bet)
Seat 7: Dorex2007 folded before Flop (didn't bet)
Seat 9: Whald023 (button) folded before Flop (didn't bet)



PokerStars Hand #224944973461:  Hold'em No Limit ($0.01/$0.02 USD) - 2021/03/18 14:18:32 PT [2021/03/18 17:18:32 ET]
Table 'Luyten IV' 9-max Seat #1 is the button
Seat 1: Apostol108 ($3.56 in chips) 
Seat 2: BlackHelioz ($1.92 in chips) 
Seat 4: joelong ($0.56 in chips) 
Seat 5: djbond07 ($1.07 in chips) 
Seat 6: mirko483 ($1.62 in chips) 
Seat 7: Dorex2007 ($2.80 in chips) 
Seat 9: Whald023 ($2.25 in chips) 
BlackHelioz: posts small blind $0.01
Alklishin: is sitting out 
joelong: posts big blind $0.02
*** HOLE CARDS ***
Dealt to Dorex2007 [Kc 6s]
djbond07: folds 
Alklishin leaves the table
mirko483: calls $0.02
Dorex2007: folds 
Whald023: folds 
Apostol108: folds 
BlackHelioz: calls $0.01
joelong: raises $0.06 to $0.08
mirko483: folds 
reynalyn joins the table at seat #3 
BlackHelioz: calls $0.06
*** FLOP *** [8s 8c 2c]
BlackHelioz: bets $0.17
joelong: raises $0.31 to $0.48 and is all-in
BlackHelioz: calls $0.31
*** TURN *** [8s 8c 2c] [4s]
*** RIVER *** [8s 8c 2c 4s] [5d]
*** SHOW DOWN ***
BlackHelioz: shows [5c 5h] (a full house, Fives full of Eights)
joelong: shows [9d 9h] (two pair, Nines and Eights)
BlackHelioz cashed out the hand for $0.13
*** SUMMARY ***
Total pot $1.14 | Rake $0.04 
Board [8s 8c 2c 4s 5d]
Seat 1: Apostol108 (button) folded before Flop (didn't bet)
Seat 2: BlackHelioz (small blind) showed [5c 5h] and won ($1.10) with a full house, Fives full of Eights (pot not awarded as player cashed out)
Seat 4: joelong (big blind) showed [9d 9h] and lost with two pair, Nines and Eights
Seat 5: djbond07 folded before Flop (didn't bet)
Seat 6: mirko483 folded before Flop
Seat 7: Dorex2007 folded before Flop (didn't bet)
Seat 9: Whald023 folded before Flop (didn't bet)



PokerStars Hand #224945005987:  Hold'em No Limit ($0.01/$0.02 USD) - 2021/03/18 14:19:22 PT [2021/03/18 17:19:22 ET]
Table 'Luyten IV' 9-max Seat #2 is the button
Seat 1: Apostol108 ($3.56 in chips) 
Seat 2: BlackHelioz ($1.49 in chips) 
Seat 5: djbond07 ($1.07 in chips) 
Seat 6: mirko483 ($1.60 in chips) 
Seat 7: Dorex2007 ($2.80 in chips) 
Seat 9: Whald023 ($2.25 in chips) 
djbond07: posts small blind $0.01
mirko483: posts big blind $0.02
*** HOLE CARDS ***
Dealt to Dorex2007 [Tc Qs]
Dorex2007: folds 
Whald023: folds 
Apostol108: folds 
BlackHelioz: calls $0.02
djbond07: folds 
mirko483: checks 
*** FLOP *** [6c 8h Kd]
mirko483: checks 
BlackHelioz: bets $0.05
mirko483: folds 
Uncalled bet ($0.05) returned to BlackHelioz
BlackHelioz collected $0.05 from pot
BlackHelioz: doesn't show hand 
*** SUMMARY ***
Total pot $0.05 | Rake $0 
Board [6c 8h Kd]
Seat 1: Apostol108 folded before Flop (didn't bet)
Seat 2: BlackHelioz (button) collected ($0.05)
Seat 5: djbond07 (small blind) folded before Flop
Seat 6: mirko483 (big blind) folded on the Flop
Seat 7: Dorex2007 folded before Flop (didn't bet)
Seat 9: Whald023 folded before Flop (didn't bet)



PokerStars Hand #224945029205:  Hold'em No Limit ($0.01/$0.02 USD) - 2021/03/18 14:19:58 PT [2021/03/18 17:19:58 ET]
Table 'Luyten IV' 9-max Seat #5 is the button
Seat 1: Apostol108 ($3.56 in chips) 
Seat 2: BlackHelioz ($1.52 in chips) 
Seat 3: reynalyn ($0.80 in chips) 
Seat 4: joelong ($0.80 in chips) 
Seat 5: djbond07 ($1.06 in chips) 
Seat 6: mirko483 ($1.58 in chips) 
Seat 7: Dorex2007 ($2.80 in chips) 
Seat 9: Whald023 ($2.25 in chips) 
mirko483: posts small blind $0.01
Dorex2007: posts big blind $0.02
reynalyn: posts big blind $0.02
joelong: posts small blind $0.01
*** HOLE CARDS ***
Dealt to Dorex2007 [Js Qs]
Whald023: folds 
Apostol108: folds 
BlackHelioz: folds 
reynalyn: checks 
joelong: folds 
djbond07: folds 
mirko483: folds 
Dorex2007: raises $0.04 to $0.06
reynalyn: folds 
Uncalled bet ($0.04) returned to Dorex2007
Dorex2007 collected $0.06 from pot
Dorex2007: doesn't show hand 
*** SUMMARY ***
Total pot $0.06 | Rake $0 
Seat 1: Apostol108 folded before Flop (didn't bet)
Seat 2: BlackHelioz folded before Flop (didn't bet)
Seat 3: reynalyn folded before Flop (didn't bet)
Seat 4: joelong folded before Flop (didn't bet)
Seat 5: djbond07 (button) folded before Flop (didn't bet)
Seat 6: mirko483 (small blind) folded before Flop
Seat 7: Dorex2007 (big blind) collected ($0.06)
Seat 9: Whald023 folded before Flop (didn't bet)



PokerStars Hand #224945043742:  Hold'em No Limit ($0.01/$0.02 USD) - 2021/03/18 14:20:20 PT [2021/03/18 17:20:20 ET]
Table 'Luyten IV' 9-max Seat #6 is the button
Seat 1: Apostol108 ($3.56 in chips) 
Seat 2: BlackHelioz ($1.52 in chips) 
Seat 3: reynalyn ($0.78 in chips) 
Seat 4: joelong ($0.79 in chips) 
Seat 5: djbond07 ($1.06 in chips) 
Seat 6: mirko483 ($1.57 in chips) 
Seat 7: Dorex2007 ($2.84 in chips) 
Seat 9: Whald023 ($2.25 in chips) 
Dorex2007: posts small blind $0.01
Whald023: posts big blind $0.02
*** HOLE CARDS ***
Dealt to Dorex2007 [Ah 5h]
Apostol108: folds 
BlackHelioz: folds 
reynalyn: folds 
joelong: folds 
djbond07: folds 
mirko483: calls $0.02
Dorex2007: calls $0.01
Whald023: checks 
*** FLOP *** [Kd As 5c]
Dorex2007: checks 
Whald023: checks 
mirko483: checks 
*** TURN *** [Kd As 5c] [3h]
Dorex2007: checks 
Whald023: bets $0.04
mirko483: calls $0.04
Dorex2007: calls $0.04
*** RIVER *** [Kd As 5c 3h] [4c]
Dorex2007: checks 
Whald023: checks 
mirko483: checks 
*** SHOW DOWN ***
Dorex2007: shows [Ah 5h] (two pair, Aces and Fives)
Whald023: mucks hand 
mirko483: mucks hand 
Dorex2007 collected $0.17 from pot
*** SUMMARY ***
Total pot $0.18 | Rake $0.01 
Board [Kd As 5c 3h 4c]
Seat 1: Apostol108 folded before Flop (didn't bet)
Seat 2: BlackHelioz folded before Flop (didn't bet)
Seat 3: reynalyn folded before Flop (didn't bet)
Seat 4: joelong folded before Flop (didn't bet)
Seat 5: djbond07 folded before Flop (didn't bet)
Seat 6: mirko483 (button) mucked [Tc Jh]
Seat 7: Dorex2007 (small blind) showed [Ah 5h] and won ($0.17) with two pair, Aces and Fives
Seat 9: Whald023 (big blind) mucked [Qd Kc]



PokerStars Hand #224945091590:  Hold'em No Limit ($0.01/$0.02 USD) - 2021/03/18 14:21:34 PT [2021/03/18 17:21:34 ET]
Table 'Luyten IV' 9-max Seat #7 is the button
Seat 1: Apostol108 ($3.56 in chips) 
Seat 2: BlackHelioz ($1.52 in chips) 
Seat 3: reynalyn ($0.78 in chips) 
Seat 4: joelong ($0.79 in chips) 
Seat 5: djbond07 ($1.06 in chips) 
Seat 6: mirko483 ($1.51 in chips) 
Seat 7: Dorex2007 ($2.95 in chips) 
Seat 9: Whald023 ($2.19 in chips) 
Whald023: posts small blind $0.01
Apostol108: posts big blind $0.02
*** HOLE CARDS ***
Dealt to Dorex2007 [Jd Qc]
BlackHelioz: folds 
reynalyn: calls $0.02
joelong: folds 
djbond07: folds 
mirko483: calls $0.02
Dorex2007: raises $0.04 to $0.06
Whald023: folds 
Apostol108: folds 
reynalyn: folds 
mirko483: calls $0.04
*** FLOP *** [5s 4s Kc]
mirko483: checks 
Dorex2007: bets $0.11
mirko483: folds 
Uncalled bet ($0.11) returned to Dorex2007
Dorex2007 collected $0.16 from pot
Dorex2007: doesn't show hand 
*** SUMMARY ***
Total pot $0.17 | Rake $0.01 
Board [5s 4s Kc]
Seat 1: Apostol108 (big blind) folded before Flop
Seat 2: BlackHelioz folded before Flop (didn't bet)
Seat 3: reynalyn folded before Flop
Seat 4: joelong folded before Flop (didn't bet)
Seat 5: djbond07 folded before Flop (didn't bet)
Seat 6: mirko483 folded on the Flop
Seat 7: Dorex2007 (button) collected ($0.16)
Seat 9: Whald023 (small blind) folded before Flop



PokerStars Hand #224945115850:  Hold'em No Limit ($0.01/$0.02 USD) - 2021/03/18 14:22:12 PT [2021/03/18 17:22:12 ET]
Table 'Luyten IV' 9-max Seat #9 is the button
Seat 1: Apostol108 ($3.54 in chips) 
Seat 2: BlackHelioz ($1.52 in chips) 
Seat 3: reynalyn ($0.76 in chips) 
Seat 4: joelong ($0.79 in chips) 
Seat 5: djbond07 ($1.06 in chips) 
Seat 6: mirko483 ($1.45 in chips) 
Seat 7: Dorex2007 ($3.05 in chips) 
Seat 9: Whald023 ($2.18 in chips) 
Apostol108: posts small blind $0.01
BlackHelioz: posts big blind $0.02
*** HOLE CARDS ***
Dealt to Dorex2007 [3d 2c]
reynalyn: folds 
joelong: folds 
djbond07: folds 
mirko483: folds 
Dorex2007: folds 
Whald023: folds 
Apostol108: raises $0.04 to $0.06
BlackHelioz: calls $0.04
*** FLOP *** [3s 5h 9c]
Apostol108: bets $0.07
BlackHelioz: raises $0.07 to $0.14
Apostol108: calls $0.07
*** TURN *** [3s 5h 9c] [Qc]
Apostol108: checks 
BlackHelioz: bets $0.39
Apostol108: folds 
Uncalled bet ($0.39) returned to BlackHelioz
BlackHelioz collected $0.39 from pot
BlackHelioz: doesn't show hand 
*** SUMMARY ***
Total pot $0.40 | Rake $0.01 
Board [3s 5h 9c Qc]
Seat 1: Apostol108 (small blind) folded on the Turn
Seat 2: BlackHelioz (big blind) collected ($0.39)
Seat 3: reynalyn folded before Flop (didn't bet)
Seat 4: joelong folded before Flop (didn't bet)
Seat 5: djbond07 folded before Flop (didn't bet)
Seat 6: mirko483 folded before Flop (didn't bet)
Seat 7: Dorex2007 folded before Flop (didn't bet)
Seat 9: Whald023 (button) folded before Flop (didn't bet)



PokerStars Hand #224945144383:  Hold'em No Limit ($0.01/$0.02 USD) - 2021/03/18 14:22:56 PT [2021/03/18 17:22:56 ET]
Table 'Luyten IV' 9-max Seat #1 is the button
Seat 1: Apostol108 ($3.34 in chips) 
Seat 2: BlackHelioz ($1.71 in chips) 
Seat 3: reynalyn ($0.76 in chips) 
Seat 4: joelong ($0.79 in chips) 
Seat 5: djbond07 ($1.06 in chips) 
Seat 6: mirko483 ($1.45 in chips) 
Seat 7: Dorex2007 ($3.05 in chips) 
Seat 9: Whald023 ($2.18 in chips) 
BlackHelioz: posts small blind $0.01
reynalyn: posts big blind $0.02
*** HOLE CARDS ***
Dealt to Dorex2007 [Qh 6c]
joelong: folds 
djbond07: folds 
mirko483: folds 
Dorex2007: folds 
Whald023: folds 
Apostol108: folds 
BlackHelioz: calls $0.01
reynalyn: checks 
*** FLOP *** [Th Ac Kd]
BlackHelioz: bets $0.04
reynalyn: folds 
Uncalled bet ($0.04) returned to BlackHelioz
BlackHelioz collected $0.04 from pot
BlackHelioz: doesn't show hand 
*** SUMMARY ***
Total pot $0.04 | Rake $0 
Board [Th Ac Kd]
Seat 1: Apostol108 (button) folded before Flop (didn't bet)
Seat 2: BlackHelioz (small blind) collected ($0.04)
Seat 3: reynalyn (big blind) folded on the Flop
Seat 4: joelong folded before Flop (didn't bet)
Seat 5: djbond07 folded before Flop (didn't bet)
Seat 6: mirko483 folded before Flop (didn't bet)
Seat 7: Dorex2007 folded before Flop (didn't bet)
Seat 9: Whald023 folded before Flop (didn't bet)



PokerStars Hand #224945159595:  Hold'em No Limit ($0.01/$0.02 USD) - 2021/03/18 14:23:20 PT [2021/03/18 17:23:20 ET]
Table 'Luyten IV' 9-max Seat #2 is the button
Seat 1: Apostol108 ($3.34 in chips) 
Seat 2: BlackHelioz ($1.73 in chips) 
Seat 3: reynalyn ($0.74 in chips) 
Seat 4: joelong ($0.79 in chips) 
Seat 5: djbond07 ($1.06 in chips) 
Seat 6: mirko483 ($1.45 in chips) 
Seat 7: Dorex2007 ($3.05 in chips) 
Seat 9: Whald023 ($2.18 in chips) 
reynalyn: posts small blind $0.01
joelong: posts big blind $0.02
*** HOLE CARDS ***
Dealt to Dorex2007 [7h Ah]
djbond07: folds 
mirko483: folds 
Dorex2007: raises $0.04 to $0.06
Whald023: raises $0.14 to $0.20
Apostol108: folds 
BlackHelioz: folds 
reynalyn: folds 
joelong: folds 
Dorex2007: folds 
Uncalled bet ($0.14) returned to Whald023
Whald023 collected $0.15 from pot
Whald023: doesn't show hand 
*** SUMMARY ***
Total pot $0.15 | Rake $0 
Seat 1: Apostol108 folded before Flop (didn't bet)
Seat 2: BlackHelioz (button) folded before Flop (didn't bet)
Seat 3: reynalyn (small blind) folded before Flop
Seat 4: joelong (big blind) folded before Flop
Seat 5: djbond07 folded before Flop (didn't bet)
Seat 6: mirko483 folded before Flop (didn't bet)
Seat 7: Dorex2007 folded before Flop
Seat 9: Whald023 collected ($0.15)



PokerStars Hand #224945181887:  Hold'em No Limit ($0.01/$0.02 USD) - 2021/03/18 14:23:54 PT [2021/03/18 17:23:54 ET]
Table 'Luyten IV' 9-max Seat #3 is the button
Seat 1: Apostol108 ($3.34 in chips) 
Seat 2: BlackHelioz ($1.73 in chips) 
Seat 3: reynalyn ($0.73 in chips) 
Seat 4: joelong ($0.77 in chips) 
Seat 6: mirko483 ($1.45 in chips) 
Seat 7: Dorex2007 ($2.99 in chips) 
Seat 9: Whald023 ($2.27 in chips) 
joelong: posts small blind $0.01
djbond07: is sitting out 
mirko483: posts big blind $0.02
*** HOLE CARDS ***
Dealt to Dorex2007 [Th 4d]
djbond07 leaves the table
Dorex2007: folds 
Whald023: folds 
Apostol108: folds 
BlackHelioz: calls $0.02
reynalyn: folds 
joelong: calls $0.01
mirko483: checks 
*** FLOP *** [Qc 5d 9h]
joelong: checks 
mirko483: bets $0.02
BlackHelioz: calls $0.02
Storycube joins the table at seat #5 
joelong: raises $0.73 to $0.75 and is all-in
mirko483: folds 
BlackHelioz: folds 
Uncalled bet ($0.73) returned to joelong
joelong collected $0.12 from pot
joelong: doesn't show hand 
*** SUMMARY ***
Total pot $0.12 | Rake $0 
Board [Qc 5d 9h]
Seat 1: Apostol108 folded before Flop (didn't bet)
Seat 2: BlackHelioz folded on the Flop
Seat 3: reynalyn (button) folded before Flop (didn't bet)
Seat 4: joelong (small blind) collected ($0.12)
Seat 6: mirko483 (big blind) folded on the Flop
Seat 7: Dorex2007 folded before Flop (didn't bet)
Seat 9: Whald023 folded before Flop (didn't bet)



PokerStars Hand #224945216464:  Hold'em No Limit ($0.01/$0.02 USD) - 2021/03/18 14:24:42 PT [2021/03/18 17:24:42 ET]
Table 'Luyten IV' 9-max Seat #4 is the button
Seat 1: Apostol108 ($3.34 in chips) 
Seat 2: BlackHelioz ($1.69 in chips) 
Seat 3: reynalyn ($0.73 in chips) 
Seat 4: joelong ($0.85 in chips) 
Seat 6: mirko483 ($1.41 in chips) 
Seat 7: Dorex2007 ($2.99 in chips) 
Seat 9: Whald023 ($2.27 in chips) 
mirko483: posts small blind $0.01
Dorex2007: posts big blind $0.02
*** HOLE CARDS ***
Dealt to Dorex2007 [2d 8h]
Whald023: folds 
Apostol108: raises $0.04 to $0.06
BlackHelioz: folds 
reynalyn: folds 
joelong: calls $0.06
mirko483: folds 
Dorex2007: folds 
*** FLOP *** [9s 3d 5s]
Apostol108: bets $0.07
joelong: calls $0.07
*** TURN *** [9s 3d 5s] [6h]
Apostol108: bets $0.08
joelong: folds 
Uncalled bet ($0.08) returned to Apostol108
Apostol108 collected $0.28 from pot
Apostol108: doesn't show hand 
*** SUMMARY ***
Total pot $0.29 | Rake $0.01 
Board [9s 3d 5s 6h]
Seat 1: Apostol108 collected ($0.28)
Seat 2: BlackHelioz folded before Flop (didn't bet)
Seat 3: reynalyn folded before Flop (didn't bet)
Seat 4: joelong (button) folded on the Turn
Seat 6: mirko483 (small blind) folded before Flop
Seat 7: Dorex2007 (big blind) folded before Flop
Seat 9: Whald023 folded before Flop (didn't bet)



PokerStars Hand #224945250431:  Hold'em No Limit ($0.01/$0.02 USD) - 2021/03/18 14:25:34 PT [2021/03/18 17:25:34 ET]
Table 'Luyten IV' 9-max Seat #6 is the button
Seat 1: Apostol108 ($3.49 in chips) 
Seat 2: BlackHelioz ($1.69 in chips) 
Seat 3: reynalyn ($0.73 in chips) 
Seat 4: joelong ($0.72 in chips) 
Seat 5: Storycube ($1.60 in chips) 
Seat 6: mirko483 ($1.40 in chips) 
Seat 7: Dorex2007 ($2.97 in chips) 
Seat 9: Whald023 ($2.27 in chips) 
Dorex2007: posts small blind $0.01
Whald023: posts big blind $0.02
Storycube: posts big blind $0.02
*** HOLE CARDS ***
Dealt to Dorex2007 [7c 5h]
Apostol108: folds 
BlackHelioz: folds 
reynalyn: calls $0.02
joelong: calls $0.02
Storycube: checks 
mirko483: folds 
Dorex2007: folds 
Whald023: checks 
*** FLOP *** [2s 9h Kd]
Whald023: checks 
reynalyn: checks 
joelong: checks 
Storycube: checks 
*** TURN *** [2s 9h Kd] [3s]
Whald023: checks 
reynalyn: checks 
joelong: checks 
Storycube: checks 
*** RIVER *** [2s 9h Kd 3s] [8c]
Whald023: checks 
reynalyn: checks 
joelong: checks 
Storycube: bets $0.04
Whald023: folds 
reynalyn: folds 
joelong: folds 
Uncalled bet ($0.04) returned to Storycube
Storycube collected $0.09 from pot
Storycube: doesn't show hand 
*** SUMMARY ***
Total pot $0.09 | Rake $0 
Board [2s 9h Kd 3s 8c]
Seat 1: Apostol108 folded before Flop (didn't bet)
Seat 2: BlackHelioz folded before Flop (didn't bet)
Seat 3: reynalyn folded on the River
Seat 4: joelong folded on the River
Seat 5: Storycube collected ($0.09)
Seat 6: mirko483 (button) folded before Flop (didn't bet)
Seat 7: Dorex2007 (small blind) folded before Flop
Seat 9: Whald023 (big blind) folded on the River



PokerStars Hand #224945320709:  Hold'em No Limit ($0.01/$0.02 USD) - 2021/03/18 14:27:16 PT [2021/03/18 17:27:16 ET]
Table 'Luyten IV' 9-max Seat #7 is the button
Seat 1: Apostol108 ($3.49 in chips) 
Seat 2: BlackHelioz ($1.69 in chips) 
Seat 3: reynalyn ($0.71 in chips) 
Seat 4: joelong ($0.70 in chips) 
Seat 5: Storycube ($1.67 in chips) 
Seat 6: mirko483 ($1.40 in chips) 
Seat 7: Dorex2007 ($2.96 in chips) 
Seat 9: Whald023 ($2.25 in chips) 
Whald023: posts small blind $0.01
Apostol108: posts big blind $0.02
*** HOLE CARDS ***
Dealt to Dorex2007 [9d 5c]
BlackHelioz: folds 
reynalyn: calls $0.02
joelong: calls $0.02
Storycube: folds 
mirko483: folds 
Dorex2007: folds 
Whald023: folds 
Apostol108: checks 
*** FLOP *** [6d 6s 7d]
Apostol108: checks 
reynalyn: checks 
joelong: checks 
*** TURN *** [6d 6s 7d] [7s]
Apostol108: bets $0.04
reynalyn: folds 
joelong: folds 
Uncalled bet ($0.04) returned to Apostol108
Apostol108 collected $0.07 from pot
Apostol108: doesn't show hand 
*** SUMMARY ***
Total pot $0.07 | Rake $0 
Board [6d 6s 7d 7s]
Seat 1: Apostol108 (big blind) collected ($0.07)
Seat 2: BlackHelioz folded before Flop (didn't bet)
Seat 3: reynalyn folded on the Turn
Seat 4: joelong folded on the Turn
Seat 5: Storycube folded before Flop (didn't bet)
Seat 6: mirko483 folded before Flop (didn't bet)
Seat 7: Dorex2007 (button) folded before Flop (didn't bet)
Seat 9: Whald023 (small blind) folded before Flop



PokerStars Hand #224945349833:  Hold'em No Limit ($0.01/$0.02 USD) - 2021/03/18 14:28:02 PT [2021/03/18 17:28:02 ET]
Table 'Luyten IV' 9-max Seat #9 is the button
Seat 1: Apostol108 ($3.54 in chips) 
Seat 2: BlackHelioz ($1.69 in chips) 
Seat 3: reynalyn ($0.69 in chips) 
Seat 4: joelong ($0.68 in chips) 
Seat 5: Storycube ($1.67 in chips) 
Seat 7: Dorex2007 ($2.96 in chips) 
Seat 9: Whald023 ($2.24 in chips) 
Apostol108: posts small blind $0.01
BlackHelioz: posts big blind $0.02
*** HOLE CARDS ***
Dealt to Dorex2007 [Jh Ts]
reynalyn: folds 
joelong: folds 
Storycube: calls $0.02
Dorex2007: folds 
Whald023: folds 
Apostol108: calls $0.01
BlackHelioz: raises $0.02 to $0.04
Storycube: calls $0.02
Apostol108: calls $0.02
*** FLOP *** [6d Kd 3s]
Apostol108: checks 
BlackHelioz: bets $0.12
Storycube: folds 
Apostol108: calls $0.12
*** TURN *** [6d Kd 3s] [5h]
Apostol108: checks 
BlackHelioz: bets $0.35
Apostol108: folds 
Uncalled bet ($0.35) returned to BlackHelioz
BlackHelioz collected $0.35 from pot
BlackHelioz: doesn't show hand 
*** SUMMARY ***
Total pot $0.36 | Rake $0.01 
Board [6d Kd 3s 5h]
Seat 1: Apostol108 (small blind) folded on the Turn
Seat 2: BlackHelioz (big blind) collected ($0.35)
Seat 3: reynalyn folded before Flop (didn't bet)
Seat 4: joelong folded before Flop (didn't bet)
Seat 5: Storycube folded on the Flop
Seat 7: Dorex2007 folded before Flop (didn't bet)
Seat 9: Whald023 (button) folded before Flop (didn't bet)



PokerStars Hand #224945390413:  Hold'em No Limit ($0.01/$0.02 USD) - 2021/03/18 14:29:05 PT [2021/03/18 17:29:05 ET]
Table 'Luyten IV' 9-max Seat #1 is the button
Seat 1: Apostol108 ($3.38 in chips) 
Seat 2: BlackHelioz ($1.88 in chips) 
Seat 3: reynalyn ($0.69 in chips) 
Seat 4: joelong ($0.68 in chips) 
Seat 5: Storycube ($1.63 in chips) 
Seat 7: Dorex2007 ($2.96 in chips) 
Seat 9: Whald023 ($2.24 in chips) 
BlackHelioz: posts small blind $0.01
reynalyn: posts big blind $0.02
*** HOLE CARDS ***
Dealt to Dorex2007 [6h 9h]
joelong: calls $0.02
Storycube: calls $0.02
Dorex2007: folds 
Whald023: folds 
Apostol108: raises $0.04 to $0.06
BlackHelioz: folds 
reynalyn: folds 
joelong: calls $0.04
Storycube: calls $0.04
*** FLOP *** [Ad 6c 3c]
joelong: checks 
Storycube: checks 
Apostol108: bets $0.07
joelong: calls $0.07
Storycube: folds 
*** TURN *** [Ad 6c 3c] [5s]
joelong: checks 
Apostol108: checks 
*** RIVER *** [Ad 6c 3c 5s] [Jd]
joelong: bets $0.55 and is all-in
Apostol108: folds 
Uncalled bet ($0.55) returned to joelong
joelong collected $0.34 from pot
joelong: doesn't show hand 
*** SUMMARY ***
Total pot $0.35 | Rake $0.01 
Board [Ad 6c 3c 5s Jd]
Seat 1: Apostol108 (button) folded on the River
Seat 2: BlackHelioz (small blind) folded before Flop
Seat 3: reynalyn (big blind) folded before Flop
Seat 4: joelong collected ($0.34)
Seat 5: Storycube folded on the Flop
Seat 7: Dorex2007 folded before Flop (didn't bet)
Seat 9: Whald023 folded before Flop (didn't bet)



PokerStars Hand #224945430711:  Hold'em No Limit ($0.01/$0.02 USD) - 2021/03/18 14:30:07 PT [2021/03/18 17:30:07 ET]
Table 'Luyten IV' 9-max Seat #2 is the button
Seat 1: Apostol108 ($3.25 in chips) 
Seat 2: BlackHelioz ($1.87 in chips) 
Seat 3: reynalyn ($0.67 in chips) 
Seat 4: joelong ($0.89 in chips) 
Seat 5: Storycube ($1.57 in chips) 
Seat 6: mirko483 ($1.40 in chips) 
Seat 7: Dorex2007 ($2.96 in chips) 
Seat 9: Whald023 ($2.24 in chips) 
reynalyn: posts small blind $0.01
joelong: posts big blind $0.02
*** HOLE CARDS ***
Dealt to Dorex2007 [Ad 8h]
Storycube: folds 
mirko483: folds 
Dorex2007: folds 
Whald023: folds 
Apostol108: folds 
BlackHelioz: folds 
reynalyn: calls $0.01
joelong: checks 
*** FLOP *** [Js 5d 2d]
reynalyn: checks 
joelong: checks 
*** TURN *** [Js 5d 2d] [6d]
reynalyn: checks 
joelong: checks 
*** RIVER *** [Js 5d 2d 6d] [Qc]
reynalyn: bets $0.08
joelong: folds 
Uncalled bet ($0.08) returned to reynalyn
reynalyn collected $0.04 from pot
reynalyn: doesn't show hand 
*** SUMMARY ***
Total pot $0.04 | Rake $0 
Board [Js 5d 2d 6d Qc]
Seat 1: Apostol108 folded before Flop (didn't bet)
Seat 2: BlackHelioz (button) folded before Flop (didn't bet)
Seat 3: reynalyn (small blind) collected ($0.04)
Seat 4: joelong (big blind) folded on the River
Seat 5: Storycube folded before Flop (didn't bet)
Seat 6: mirko483 folded before Flop (didn't bet)
Seat 7: Dorex2007 folded before Flop (didn't bet)
Seat 9: Whald023 folded before Flop (didn't bet)



PokerStars Hand #224945465210:  Hold'em No Limit ($0.01/$0.02 USD) - 2021/03/18 14:31:02 PT [2021/03/18 17:31:02 ET]
Table 'Luyten IV' 9-max Seat #3 is the button
Seat 1: Apostol108 ($3.25 in chips) 
Seat 2: BlackHelioz ($1.87 in chips) 
Seat 3: reynalyn ($0.69 in chips) 
Seat 4: joelong ($0.87 in chips) 
Seat 5: Storycube ($1.57 in chips) 
Seat 6: mirko483 ($1.40 in chips) 
Seat 7: Dorex2007 ($2.96 in chips) 
Seat 9: Whald023 ($2.24 in chips) 
joelong: posts small blind $0.01
Storycube: posts big blind $0.02
*** HOLE CARDS ***
Dealt to Dorex2007 [9h Qs]
mirko483: folds 
Dorex2007: folds 
Whald023: raises $0.04 to $0.06
Apostol108: folds 
BlackHelioz: folds 
reynalyn: folds 
joelong: folds 
Storycube: calls $0.04
*** FLOP *** [5h 2h 9s]
Storycube: bets $0.10
Whald023: folds 
Uncalled bet ($0.10) returned to Storycube
Storycube collected $0.13 from pot
Storycube: doesn't show hand 
*** SUMMARY ***
Total pot $0.13 | Rake $0 
Board [5h 2h 9s]
Seat 1: Apostol108 folded before Flop (didn't bet)
Seat 2: BlackHelioz folded before Flop (didn't bet)
Seat 3: reynalyn (button) folded before Flop (didn't bet)
Seat 4: joelong (small blind) folded before Flop
Seat 5: Storycube (big blind) collected ($0.13)
Seat 6: mirko483 folded before Flop (didn't bet)
Seat 7: Dorex2007 folded before Flop (didn't bet)
Seat 9: Whald023 folded on the Flop



PokerStars Hand #224945488821:  Hold'em No Limit ($0.01/$0.02 USD) - 2021/03/18 14:31:39 PT [2021/03/18 17:31:39 ET]
Table 'Luyten IV' 9-max Seat #4 is the button
Seat 1: Apostol108 ($3.25 in chips) 
Seat 2: BlackHelioz ($1.87 in chips) 
Seat 3: reynalyn ($0.69 in chips) 
Seat 4: joelong ($0.86 in chips) 
Seat 5: Storycube ($1.64 in chips) 
Seat 6: mirko483 ($1.40 in chips) 
Seat 7: Dorex2007 ($2.96 in chips) 
Seat 9: Whald023 ($2.18 in chips) 
Storycube: posts small blind $0.01
mirko483: posts big blind $0.02
*** HOLE CARDS ***
Dealt to Dorex2007 [Kc 6d]
Dorex2007: folds 
Whald023: folds 
Apostol108: folds 
BlackHelioz: raises $0.04 to $0.06
reynalyn: folds 
joelong: calls $0.06
Storycube: calls $0.05
mirko483: folds 
*** FLOP *** [5d Ks Td]
Storycube: bets $0.06
BlackHelioz: raises $0.16 to $0.22
joelong: folds 
Storycube: folds 
Uncalled bet ($0.16) returned to BlackHelioz
BlackHelioz collected $0.31 from pot
BlackHelioz: doesn't show hand 
*** SUMMARY ***
Total pot $0.32 | Rake $0.01 
Board [5d Ks Td]
Seat 1: Apostol108 folded before Flop (didn't bet)
Seat 2: BlackHelioz collected ($0.31)
Seat 3: reynalyn folded before Flop (didn't bet)
Seat 4: joelong (button) folded on the Flop
Seat 5: Storycube (small blind) folded on the Flop
Seat 6: mirko483 (big blind) folded before Flop
Seat 7: Dorex2007 folded before Flop (didn't bet)
Seat 9: Whald023 folded before Flop (didn't bet)



PokerStars Hand #224945517475:  Hold'em No Limit ($0.01/$0.02 USD) - 2021/03/18 14:32:24 PT [2021/03/18 17:32:24 ET]
Table 'Luyten IV' 9-max Seat #5 is the button
Seat 1: Apostol108 ($3.25 in chips) 
Seat 2: BlackHelioz ($2.06 in chips) 
Seat 3: reynalyn ($0.69 in chips) 
Seat 4: joelong ($0.80 in chips) 
Seat 5: Storycube ($1.52 in chips) 
Seat 6: mirko483 ($1.38 in chips) 
Seat 7: Dorex2007 ($2.96 in chips) 
Seat 9: Whald023 ($2.18 in chips) 
mirko483: posts small blind $0.01
Dorex2007: posts big blind $0.02
*** HOLE CARDS ***
Dealt to Dorex2007 [Jc 7c]
Whald023: folds 
Apostol108: raises $0.04 to $0.06
BlackHelioz: folds 
reynalyn: folds 
joelong: folds 
Storycube: calls $0.06
mirko483: folds 
Dorex2007: folds 
*** FLOP *** [Kd Ks 3d]
Apostol108: bets $0.07
Storycube: folds 
Uncalled bet ($0.07) returned to Apostol108
Apostol108 collected $0.14 from pot
Apostol108: doesn't show hand 
*** SUMMARY ***
Total pot $0.15 | Rake $0.01 
Board [Kd Ks 3d]
Seat 1: Apostol108 collected ($0.14)
Seat 2: BlackHelioz folded before Flop (didn't bet)
Seat 3: reynalyn folded before Flop (didn't bet)
Seat 4: joelong folded before Flop (didn't bet)
Seat 5: Storycube (button) folded on the Flop
Seat 6: mirko483 (small blind) folded before Flop
Seat 7: Dorex2007 (big blind) folded before Flop
Seat 9: Whald023 folded before Flop (didn't bet)



PokerStars Hand #224945537787:  Hold'em No Limit ($0.01/$0.02 USD) - 2021/03/18 14:32:56 PT [2021/03/18 17:32:56 ET]
Table 'Luyten IV' 9-max Seat #6 is the button
Seat 1: Apostol108 ($3.33 in chips) 
Seat 3: reynalyn ($0.69 in chips) 
Seat 4: joelong ($0.80 in chips) 
Seat 5: Storycube ($1.46 in chips) 
Seat 6: mirko483 ($1.37 in chips) 
Seat 7: Dorex2007 ($2.94 in chips) 
Seat 9: Whald023 ($2.18 in chips) 
Dorex2007: posts small blind $0.01
Whald023: posts big blind $0.02
*** HOLE CARDS ***
Dealt to Dorex2007 [2d 4c]
Apostol108: folds 
reynalyn: folds 
joelong: calls $0.02
Storycube: calls $0.02
mirko483: folds 
Dorex2007: folds 
Whald023: checks 
*** FLOP *** [Jh Kd As]
Whald023: checks 
joelong: checks 
Storycube: bets $0.07
Whald023: folds 
joelong: calls $0.07
*** TURN *** [Jh Kd As] [6d]
joelong: checks 
Storycube: bets $0.10
joelong: raises $0.61 to $0.71 and is all-in
Storycube: calls $0.61
*** RIVER *** [Jh Kd As 6d] [6s]
*** SHOW DOWN ***
joelong: shows [Jd Js] (a full house, Jacks full of Sixes)
Storycube: shows [Qh Qs] (two pair, Queens and Sixes)
joelong cashed out the hand for $1.35 | Cash Out Fee $0.01
*** SUMMARY ***
Total pot $1.63 | Rake $0.06 
Board [Jh Kd As 6d 6s]
Seat 1: Apostol108 folded before Flop (didn't bet)
Seat 3: reynalyn folded before Flop (didn't bet)
Seat 4: joelong showed [Jd Js] and won ($1.57) with a full house, Jacks full of Sixes (pot not awarded as player cashed out)
Seat 5: Storycube showed [Qh Qs] and lost with two pair, Queens and Sixes
Seat 6: mirko483 (button) folded before Flop (didn't bet)
Seat 7: Dorex2007 (small blind) folded before Flop
Seat 9: Whald023 (big blind) folded on the Flop



PokerStars Hand #224945574138:  Hold'em No Limit ($0.01/$0.02 USD) - 2021/03/18 14:33:54 PT [2021/03/18 17:33:54 ET]
Table 'Luyten IV' 9-max Seat #7 is the button
Seat 1: Apostol108 ($3.33 in chips) 
Seat 3: reynalyn ($0.69 in chips) 
Seat 4: joelong ($1.35 in chips) 
Seat 5: Storycube ($0.66 in chips) 
Seat 6: mirko483 ($1.37 in chips) 
Seat 7: Dorex2007 ($2.93 in chips) 
Seat 9: Whald023 ($2.16 in chips) 
Whald023: posts small blind $0.01
Apostol108: posts big blind $0.02
*** HOLE CARDS ***
Dealt to Dorex2007 [Kh 9s]
reynalyn: folds 
joelong: calls $0.02
Storycube: folds 
mirko483: calls $0.02
Dorex2007: folds 
Whald023: folds 
Apostol108: checks 
*** FLOP *** [Qs 6s 4h]
Apostol108: bets $0.05
joelong: calls $0.05
mirko483: calls $0.05
*** TURN *** [Qs 6s 4h] [8c]
Apostol108: bets $0.10
joelong: calls $0.10
mirko483: calls $0.10
*** RIVER *** [Qs 6s 4h 8c] [7d]
Apostol108: bets $0.10
joelong: calls $0.10
mirko483: raises $0.28 to $0.38
Apostol108: folds 
joelong: folds 
Uncalled bet ($0.28) returned to mirko483
mirko483 collected $0.79 from pot
mirko483: doesn't show hand 
*** SUMMARY ***
Total pot $0.82 | Rake $0.03 
Board [Qs 6s 4h 8c 7d]
Seat 1: Apostol108 (big blind) folded on the River
Seat 3: reynalyn folded before Flop (didn't bet)
Seat 4: joelong folded on the River
Seat 5: Storycube folded before Flop (didn't bet)
Seat 6: mirko483 collected ($0.79)
Seat 7: Dorex2007 (button) folded before Flop (didn't bet)
Seat 9: Whald023 (small blind) folded before Flop



PokerStars Hand #224945643936:  Hold'em No Limit ($0.01/$0.02 USD) - 2021/03/18 14:35:30 PT [2021/03/18 17:35:30 ET]
Table 'Luyten IV' 9-max Seat #9 is the button
Seat 1: Apostol108 ($3.06 in chips) 
Seat 3: reynalyn ($0.69 in chips) 
Seat 4: joelong ($1.08 in chips) 
Seat 5: Storycube ($0.66 in chips) 
Seat 6: mirko483 ($1.89 in chips) 
Seat 7: Dorex2007 ($2.93 in chips) 
Seat 9: Whald023 ($2.15 in chips) 
Apostol108: posts small blind $0.01
reynalyn: posts big blind $0.02
*** HOLE CARDS ***
Dealt to Dorex2007 [2s 5c]
joelong has timed out
joelong: folds 
Storycube: calls $0.02
mirko483: calls $0.02
Dorex2007: folds 
Whald023: folds 
Apostol108: raises $0.08 to $0.10
reynalyn: folds 
Storycube: calls $0.08
mirko483: calls $0.08
*** FLOP *** [9h Kd 4h]
Apostol108: bets $0.21
Storycube: folds 
mirko483: folds 
Uncalled bet ($0.21) returned to Apostol108
Apostol108 collected $0.31 from pot
Apostol108: doesn't show hand 
*** SUMMARY ***
Total pot $0.32 | Rake $0.01 
Board [9h Kd 4h]
Seat 1: Apostol108 (small blind) collected ($0.31)
Seat 3: reynalyn (big blind) folded before Flop
Seat 4: joelong folded before Flop (didn't bet)
Seat 5: Storycube folded on the Flop
Seat 6: mirko483 folded on the Flop
Seat 7: Dorex2007 folded before Flop (didn't bet)
Seat 9: Whald023 (button) folded before Flop (didn't bet)



PokerStars Hand #224945671851:  Hold'em No Limit ($0.01/$0.02 USD) - 2021/03/18 14:36:14 PT [2021/03/18 17:36:14 ET]
Table 'Luyten IV' 9-max Seat #1 is the button
Seat 1: Apostol108 ($3.27 in chips) 
Seat 3: reynalyn ($0.67 in chips) 
Seat 4: joelong ($1.08 in chips) 
Seat 5: Storycube ($0.56 in chips) 
Seat 6: mirko483 ($1.79 in chips) 
Seat 7: Dorex2007 ($2.93 in chips) 
Seat 9: Whald023 ($2.15 in chips) 
reynalyn: posts small blind $0.01
joelong: posts big blind $0.02
*** HOLE CARDS ***
Dealt to Dorex2007 [Qh Th]
Storycube: folds 
mirko483: folds 
Dorex2007: raises $0.04 to $0.06
Whald023: folds 
Apostol108: folds 
reynalyn: folds 
joelong: calls $0.04
*** FLOP *** [Ac 3s 3c]
joelong: checks 
Dorex2007: checks 
*** TURN *** [Ac 3s 3c] [Js]
joelong: checks 
Dorex2007: checks 
*** RIVER *** [Ac 3s 3c Js] [4d]
joelong: bets $0.13
Dorex2007: folds 
Uncalled bet ($0.13) returned to joelong
joelong collected $0.13 from pot
joelong: doesn't show hand 
*** SUMMARY ***
Total pot $0.13 | Rake $0 
Board [Ac 3s 3c Js 4d]
Seat 1: Apostol108 (button) folded before Flop (didn't bet)
Seat 3: reynalyn (small blind) folded before Flop
Seat 4: joelong (big blind) collected ($0.13)
Seat 5: Storycube folded before Flop (didn't bet)
Seat 6: mirko483 folded before Flop (didn't bet)
Seat 7: Dorex2007 folded on the River
Seat 9: Whald023 folded before Flop (didn't bet)



PokerStars Hand #224945708105:  Hold'em No Limit ($0.01/$0.02 USD) - 2021/03/18 14:37:12 PT [2021/03/18 17:37:12 ET]
Table 'Luyten IV' 9-max Seat #3 is the button
Seat 1: Apostol108 ($3.27 in chips) 
Seat 2: BlackHelioz ($2.06 in chips) 
Seat 3: reynalyn ($0.66 in chips) 
Seat 4: joelong ($1.15 in chips) 
Seat 5: Storycube ($0.56 in chips) 
Seat 6: mirko483 ($1.79 in chips) 
Seat 7: Dorex2007 ($2.87 in chips) 
Seat 9: Whald023 ($2.15 in chips) 
joelong: posts small blind $0.01
Storycube: posts big blind $0.02
BlackHelioz: posts small & big blinds $0.03
*** HOLE CARDS ***
Dealt to Dorex2007 [3d 5d]
mirko483: calls $0.02
Dorex2007: folds 
Whald023: folds 
Apostol108: folds 
BlackHelioz: checks 
reynalyn: folds 
joelong: calls $0.01
Storycube: checks 
*** FLOP *** [3s Qh Ad]
joelong: checks 
Storycube: checks 
mirko483: checks 
BlackHelioz: bets $0.09
joelong: folds 
Storycube: folds 
mirko483: folds 
Uncalled bet ($0.09) returned to BlackHelioz
BlackHelioz collected $0.09 from pot
BlackHelioz: doesn't show hand 
*** SUMMARY ***
Total pot $0.09 | Rake $0 
Board [3s Qh Ad]
Seat 1: Apostol108 folded before Flop (didn't bet)
Seat 2: BlackHelioz collected ($0.09)
Seat 3: reynalyn (button) folded before Flop (didn't bet)
Seat 4: joelong (small blind) folded on the Flop
Seat 5: Storycube (big blind) folded on the Flop
Seat 6: mirko483 folded on the Flop
Seat 7: Dorex2007 folded before Flop (didn't bet)
Seat 9: Whald023 folded before Flop (didn't bet)



