PokerStars Hand #237127540912:  Hold'em No Limit ($0.01/$0.02 USD) - 2022/07/02 19:52:33 PT [2022/07/02 22:52:33 ET]
Table 'Medusa III' 9-max Seat #1 is the button
Seat 1: Dt_Hyde1 ($2.08 in chips) 
Seat 2: RealKoi ($2.20 in chips) 
Seat 3: ask-007 ($1.54 in chips) 
Seat 5: RosemontTony ($8.40 in chips) 
Seat 6: SkyDutra ($2.52 in chips) 
Seat 8: SeventhSon86 ($1.59 in chips) 
Seat 9: Dorex2007 ($2 in chips) 
RealKoi: posts small blind $0.01
ask-007: posts big blind $0.02
Dorex2007: posts big blind $0.02
*** HOLE CARDS ***
Dealt to Dorex2007 [8c 8s]
RosemontTony: folds 
SkyDutra: raises $0.02 to $0.04
SeventhSon86: folds 
Dorex2007: calls $0.02
Dt_Hyde1: raises $0.20 to $0.24
RealKoi: folds 
ask-007: folds 
SkyDutra: folds 
Dorex2007: folds 
Uncalled bet ($0.20) returned to Dt_Hyde1
Dt_Hyde1 collected $0.15 from pot
*** SUMMARY ***
Total pot $0.15 | Rake $0 
Seat 1: Dt_Hyde1 (button) collected ($0.15)
Seat 2: RealKoi (small blind) folded before Flop
Seat 3: ask-007 (big blind) folded before Flop
Seat 5: RosemontTony folded before Flop (didn't bet)
Seat 6: SkyDutra folded before Flop
Seat 8: SeventhSon86 folded before Flop (didn't bet)
Seat 9: Dorex2007 folded before Flop



PokerStars Hand #237127545760:  Hold'em No Limit ($0.01/$0.02 USD) - 2022/07/02 19:53:03 PT [2022/07/02 22:53:03 ET]
Table 'Medusa III' 9-max Seat #2 is the button
Seat 1: Dt_Hyde1 ($2.19 in chips) 
Seat 2: RealKoi ($2.19 in chips) 
Seat 3: ask-007 ($1.52 in chips) 
Seat 5: RosemontTony ($8.40 in chips) 
Seat 6: SkyDutra ($2.48 in chips) 
Seat 8: SeventhSon86 ($1.59 in chips) 
Seat 9: Dorex2007 ($2 in chips) 
ask-007: posts small blind $0.01
RosemontTony: posts big blind $0.02
*** HOLE CARDS ***
Dealt to Dorex2007 [6d Jd]
SkyDutra: folds 
SeventhSon86: raises $0.02 to $0.04
Dorex2007: folds 
Dt_Hyde1: folds 
RealKoi: folds 
ask-007: folds 
RosemontTony: calls $0.02
*** FLOP *** [Js Ts 9s]
RosemontTony: checks 
SeventhSon86: checks 
*** TURN *** [Js Ts 9s] [2h]
RosemontTony: bets $0.04
SeventhSon86: raises $0.04 to $0.08
RosemontTony: calls $0.04
*** RIVER *** [Js Ts 9s 2h] [2s]
RosemontTony: bets $0.10
SeventhSon86: folds 
Uncalled bet ($0.10) returned to RosemontTony
RosemontTony collected $0.24 from pot
*** SUMMARY ***
Total pot $0.25 | Rake $0.01 
Board [Js Ts 9s 2h 2s]
Seat 1: Dt_Hyde1 folded before Flop (didn't bet)
Seat 2: RealKoi (button) folded before Flop (didn't bet)
Seat 3: ask-007 (small blind) folded before Flop
Seat 5: RosemontTony (big blind) collected ($0.24)
Seat 6: SkyDutra folded before Flop (didn't bet)
Seat 8: SeventhSon86 folded on the River
Seat 9: Dorex2007 folded before Flop (didn't bet)



PokerStars Hand #237127558469:  Hold'em No Limit ($0.01/$0.02 USD) - 2022/07/02 19:54:23 PT [2022/07/02 22:54:23 ET]
Table 'Medusa III' 9-max Seat #3 is the button
Seat 1: Dt_Hyde1 ($2.19 in chips) 
Seat 2: RealKoi ($2.19 in chips) 
Seat 3: ask-007 ($1.51 in chips) 
Seat 5: RosemontTony ($8.52 in chips) 
Seat 6: SkyDutra ($2.48 in chips) 
Seat 8: SeventhSon86 ($1.47 in chips) 
Seat 9: Dorex2007 ($2 in chips) 
RosemontTony: posts small blind $0.01
SkyDutra: posts big blind $0.02
*** HOLE CARDS ***
Dealt to Dorex2007 [Kc Tc]
SeventhSon86: folds 
Dorex2007: raises $0.04 to $0.06
Dt_Hyde1: folds 
RealKoi: folds 
ask-007: folds 
RosemontTony: folds 
SkyDutra: calls $0.04
*** FLOP *** [9c 4c Ks]
SkyDutra: checks 
Dorex2007: bets $0.13
SkyDutra: folds 
Uncalled bet ($0.13) returned to Dorex2007
Dorex2007 collected $0.13 from pot
*** SUMMARY ***
Total pot $0.13 | Rake $0 
Board [9c 4c Ks]
Seat 1: Dt_Hyde1 folded before Flop (didn't bet)
Seat 2: RealKoi folded before Flop (didn't bet)
Seat 3: ask-007 (button) folded before Flop (didn't bet)
Seat 5: RosemontTony (small blind) folded before Flop
Seat 6: SkyDutra (big blind) folded on the Flop
Seat 8: SeventhSon86 folded before Flop (didn't bet)
Seat 9: Dorex2007 collected ($0.13)



PokerStars Hand #237127564104:  Hold'em No Limit ($0.01/$0.02 USD) - 2022/07/02 19:54:59 PT [2022/07/02 22:54:59 ET]
Table 'Medusa III' 9-max Seat #5 is the button
Seat 1: Dt_Hyde1 ($2.19 in chips) 
Seat 2: RealKoi ($2.19 in chips) 
Seat 3: ask-007 ($1.51 in chips) 
Seat 4: DonoBono10 ($2 in chips) 
Seat 5: RosemontTony ($8.51 in chips) 
Seat 6: SkyDutra ($2.42 in chips) 
Seat 8: SeventhSon86 ($1.47 in chips) 
Seat 9: Dorex2007 ($2.07 in chips) 
SkyDutra: posts small blind $0.01
SeventhSon86: posts big blind $0.02
DonoBono10: posts small & big blinds $0.03
*** HOLE CARDS ***
Dealt to Dorex2007 [2c Qh]
Dorex2007: folds 
Dt_Hyde1: folds 
RealKoi: folds 
ask-007: folds 
DonoBono10: checks 
RosemontTony: calls $0.02
SkyDutra: calls $0.01
SeventhSon86: checks 
*** FLOP *** [Qd 5s Jc]
SkyDutra: checks 
SeventhSon86: checks 
DonoBono10: checks 
RosemontTony: bets $0.04
SkyDutra: folds 
SeventhSon86: folds 
DonoBono10: folds 
Uncalled bet ($0.04) returned to RosemontTony
RosemontTony collected $0.09 from pot
*** SUMMARY ***
Total pot $0.09 | Rake $0 
Board [Qd 5s Jc]
Seat 1: Dt_Hyde1 folded before Flop (didn't bet)
Seat 2: RealKoi folded before Flop (didn't bet)
Seat 3: ask-007 folded before Flop (didn't bet)
Seat 4: DonoBono10 folded on the Flop (didn't bet)
Seat 5: RosemontTony (button) collected ($0.09)
Seat 6: SkyDutra (small blind) folded on the Flop
Seat 8: SeventhSon86 (big blind) folded on the Flop
Seat 9: Dorex2007 folded before Flop (didn't bet)



PokerStars Hand #237127572804:  Hold'em No Limit ($0.01/$0.02 USD) - 2022/07/02 19:56:05 PT [2022/07/02 22:56:05 ET]
Table 'Medusa III' 9-max Seat #6 is the button
Seat 1: Dt_Hyde1 ($2.19 in chips) 
Seat 2: RealKoi ($2.19 in chips) 
Seat 3: ask-007 ($1.51 in chips) 
Seat 4: DonoBono10 ($1.97 in chips) 
Seat 5: RosemontTony ($8.58 in chips) 
Seat 6: SkyDutra ($2.40 in chips) 
Seat 8: SeventhSon86 ($1.45 in chips) 
Seat 9: Dorex2007 ($2.07 in chips) 
SeventhSon86: posts small blind $0.01
Dorex2007: posts big blind $0.02
*** HOLE CARDS ***
Dealt to Dorex2007 [5h 6c]
Dt_Hyde1: folds 
RealKoi: calls $0.02
ask-007: calls $0.02
DonoBono10 has timed out
DonoBono10: folds 
RosemontTony: folds 
SkyDutra: folds 
SeventhSon86: raises $0.06 to $0.08
Dorex2007: folds 
RealKoi: calls $0.06
ask-007: calls $0.06
*** FLOP *** [Qs Ad 9d]
SeventhSon86: checks 
RealKoi: bets $0.08
ask-007: folds 
SeventhSon86: raises $0.42 to $0.50
RealKoi: calls $0.42
*** TURN *** [Qs Ad 9d] [Th]
SeventhSon86: bets $0.87 and is all-in
RealKoi: calls $0.87
*** RIVER *** [Qs Ad 9d Th] [3h]
*** SHOW DOWN ***
SeventhSon86: shows [Qd Ah] (two pair, Aces and Queens)
RealKoi: shows [8d Jd] (a straight, Eight to Queen)
RealKoi collected $2.90 from pot
SeventhSon86 cashed out the hand for $0.27
*** SUMMARY ***
Total pot $3 | Rake $0.10 
Board [Qs Ad 9d Th 3h]
Seat 1: Dt_Hyde1 folded before Flop (didn't bet)
Seat 2: RealKoi showed [8d Jd] and won ($2.90) with a straight, Eight to Queen
Seat 3: ask-007 folded on the Flop
Seat 4: DonoBono10 folded before Flop (didn't bet)
Seat 5: RosemontTony folded before Flop (didn't bet)
Seat 6: SkyDutra (button) folded before Flop (didn't bet)
Seat 8: SeventhSon86 (small blind) showed [Qd Ah] and lost with two pair, Aces and Queens (cashed out).
Seat 9: Dorex2007 (big blind) folded before Flop



PokerStars Hand #237127587479:  Hold'em No Limit ($0.01/$0.02 USD) - 2022/07/02 19:57:58 PT [2022/07/02 22:57:58 ET]
Table 'Medusa III' 9-max Seat #8 is the button
Seat 1: Dt_Hyde1 ($2.19 in chips) 
Seat 2: RealKoi ($3.64 in chips) 
Seat 3: ask-007 ($1.43 in chips) 
Seat 4: DonoBono10 ($1.97 in chips) 
Seat 5: RosemontTony ($8.58 in chips) 
Seat 6: SkyDutra ($2.40 in chips) 
Seat 8: SeventhSon86 ($0.27 in chips) 
Seat 9: Dorex2007 ($2.05 in chips) 
Dorex2007: posts small blind $0.01
Dt_Hyde1: posts big blind $0.02
*** HOLE CARDS ***
Dealt to Dorex2007 [Qs 7d]
RealKoi: calls $0.02
ask-007: calls $0.02
DonoBono10: raises $0.06 to $0.08
RosemontTony: folds 
SkyDutra: folds 
SeventhSon86: folds 
SeventhSon86 leaves the table
Dorex2007: folds 
Dt_Hyde1: folds 
RealKoi: calls $0.06
ask-007: folds 
*** FLOP *** [6c 5s 9h]
INTIMIDATOR69 joins the table at seat #8 
RealKoi: checks 
DonoBono10: bets $0.05
RealKoi: folds 
Uncalled bet ($0.05) returned to DonoBono10
DonoBono10 collected $0.20 from pot
*** SUMMARY ***
Total pot $0.21 | Rake $0.01 
Board [6c 5s 9h]
Seat 1: Dt_Hyde1 (big blind) folded before Flop
Seat 2: RealKoi folded on the Flop
Seat 3: ask-007 folded before Flop
Seat 4: DonoBono10 collected ($0.20)
Seat 5: RosemontTony folded before Flop (didn't bet)
Seat 6: SkyDutra folded before Flop (didn't bet)
Seat 8: SeventhSon86 (button) folded before Flop (didn't bet)
Seat 9: Dorex2007 (small blind) folded before Flop



PokerStars Hand #237127595960:  Hold'em No Limit ($0.01/$0.02 USD) - 2022/07/02 19:59:02 PT [2022/07/02 22:59:02 ET]
Table 'Medusa III' 9-max Seat #9 is the button
Seat 1: Dt_Hyde1 ($2.17 in chips) 
Seat 2: RealKoi ($3.56 in chips) 
Seat 3: ask-007 ($1.41 in chips) 
Seat 4: DonoBono10 ($2.09 in chips) 
Seat 5: RosemontTony ($8.58 in chips) 
Seat 6: SkyDutra ($2.40 in chips) 
Seat 8: INTIMIDATOR69 ($1 in chips) 
Seat 9: Dorex2007 ($2.04 in chips) 
Dt_Hyde1: posts small blind $0.01
RealKoi: posts big blind $0.02
INTIMIDATOR69: posts big blind $0.02
*** HOLE CARDS ***
Dealt to Dorex2007 [3h 8d]
ask-007 has timed out
ask-007: folds 
DonoBono10: raises $0.04 to $0.06
RosemontTony: folds 
SkyDutra: folds 
INTIMIDATOR69: calls $0.04
Dorex2007: folds 
Dt_Hyde1: calls $0.05
RealKoi: folds 
*** FLOP *** [6c 4h 9s]
Dt_Hyde1: checks 
DonoBono10: checks 
INTIMIDATOR69: bets $0.19
Dt_Hyde1: folds 
ondawarpaf leaves the table
DonoBono10: folds 
Uncalled bet ($0.19) returned to INTIMIDATOR69
INTIMIDATOR69 collected $0.19 from pot
*** SUMMARY ***
Total pot $0.20 | Rake $0.01 
Board [6c 4h 9s]
Seat 1: Dt_Hyde1 (small blind) folded on the Flop
Seat 2: RealKoi (big blind) folded before Flop
Seat 3: ask-007 folded before Flop (didn't bet)
Seat 4: DonoBono10 folded on the Flop
Seat 5: RosemontTony folded before Flop (didn't bet)
Seat 6: SkyDutra folded before Flop (didn't bet)
Seat 8: INTIMIDATOR69 collected ($0.19)
Seat 9: Dorex2007 (button) folded before Flop (didn't bet)



PokerStars Hand #237127606707:  Hold'em No Limit ($0.01/$0.02 USD) - 2022/07/02 20:00:23 PT [2022/07/02 23:00:23 ET]
Table 'Medusa III' 9-max Seat #1 is the button
Seat 1: Dt_Hyde1 ($2.11 in chips) 
Seat 2: RealKoi ($3.54 in chips) 
Seat 3: ask-007 ($1.41 in chips) 
Seat 4: DonoBono10 ($2.03 in chips) 
Seat 5: RosemontTony ($8.58 in chips) 
Seat 6: SkyDutra ($2.40 in chips) 
Seat 8: INTIMIDATOR69 ($1.13 in chips) 
Seat 9: Dorex2007 ($2.04 in chips) 
RealKoi: posts small blind $0.01
ask-007: posts big blind $0.02
*** HOLE CARDS ***
Dealt to Dorex2007 [Jc As]
DonoBono10: folds 
RosemontTony: raises $0.04 to $0.06
SkyDutra: folds 
INTIMIDATOR69: calls $0.06
Dorex2007: calls $0.06
Dt_Hyde1: folds 
RealKoi: folds 
ask-007: folds 
*** FLOP *** [4s Tc Ad]
RosemontTony: checks 
INTIMIDATOR69: checks 
Dorex2007: bets $0.13
RosemontTony: folds 
INTIMIDATOR69: folds 
Uncalled bet ($0.13) returned to Dorex2007
Dorex2007 collected $0.20 from pot
*** SUMMARY ***
Total pot $0.21 | Rake $0.01 
Board [4s Tc Ad]
Seat 1: Dt_Hyde1 (button) folded before Flop (didn't bet)
Seat 2: RealKoi (small blind) folded before Flop
Seat 3: ask-007 (big blind) folded before Flop
Seat 4: DonoBono10 folded before Flop (didn't bet)
Seat 5: RosemontTony folded on the Flop
Seat 6: SkyDutra folded before Flop (didn't bet)
Seat 8: INTIMIDATOR69 folded on the Flop
Seat 9: Dorex2007 collected ($0.20)



PokerStars Hand #237127613667:  Hold'em No Limit ($0.01/$0.02 USD) - 2022/07/02 20:01:10 PT [2022/07/02 23:01:10 ET]
Table 'Medusa III' 9-max Seat #2 is the button
Seat 1: Dt_Hyde1 ($2.11 in chips) 
Seat 2: RealKoi ($3.53 in chips) 
Seat 3: ask-007 ($1.39 in chips) 
Seat 4: DonoBono10 ($2.03 in chips) 
Seat 5: RosemontTony ($8.52 in chips) 
Seat 6: SkyDutra ($2.40 in chips) 
Seat 8: INTIMIDATOR69 ($1.07 in chips) 
Seat 9: Dorex2007 ($2.18 in chips) 
ask-007: posts small blind $0.01
DonoBono10: posts big blind $0.02
*** HOLE CARDS ***
Dealt to Dorex2007 [Jc 5d]
RosemontTony: folds 
SkyDutra: folds 
INTIMIDATOR69: folds 
Dorex2007: folds 
Dt_Hyde1: raises $0.06 to $0.08
RosemontTony leaves the table
RealKoi: calls $0.08
ask-007: folds 
DonoBono10: folds 
*** FLOP *** [2c Js Th]
Dt_Hyde1: checks 
RealKoi: checks 
*** TURN *** [2c Js Th] [Jh]
Dt_Hyde1: bets $0.09
SkyDutra leaves the table
RealKoi: calls $0.09
*** RIVER *** [2c Js Th Jh] [Ah]
Dt_Hyde1: checks 
RealKoi: checks 
*** SHOW DOWN ***
Dt_Hyde1: shows [6d 3d] (a pair of Jacks)
RealKoi: shows [Kd Ac] (two pair, Aces and Jacks)
RealKoi collected $0.36 from pot
*** SUMMARY ***
Total pot $0.37 | Rake $0.01 
Board [2c Js Th Jh Ah]
Seat 1: Dt_Hyde1 showed [6d 3d] and lost with a pair of Jacks
Seat 2: RealKoi (button) showed [Kd Ac] and won ($0.36) with two pair, Aces and Jacks
Seat 3: ask-007 (small blind) folded before Flop
Seat 4: DonoBono10 (big blind) folded before Flop
Seat 5: RosemontTony folded before Flop (didn't bet)
Seat 6: SkyDutra folded before Flop (didn't bet)
Seat 8: INTIMIDATOR69 folded before Flop (didn't bet)
Seat 9: Dorex2007 folded before Flop (didn't bet)



PokerStars Hand #237127630088:  Hold'em No Limit ($0.01/$0.02 USD) - 2022/07/02 20:02:29 PT [2022/07/02 23:02:29 ET]
Table 'Medusa III' 9-max Seat #3 is the button
Seat 1: Dt_Hyde1 ($2 in chips) 
Seat 2: RealKoi ($3.72 in chips) 
Seat 3: ask-007 ($1.38 in chips) 
Seat 4: DonoBono10 ($2.01 in chips) 
Seat 8: INTIMIDATOR69 ($1.07 in chips) 
Seat 9: Dorex2007 ($2.18 in chips) 
DonoBono10: posts small blind $0.01
INTIMIDATOR69: posts big blind $0.02
*** HOLE CARDS ***
Dealt to Dorex2007 [Kc 4d]
Dorex2007: folds 
Dt_Hyde1: folds 
RealKoi: calls $0.02
ask-007: folds 
DonoBono10: folds 
INTIMIDATOR69: checks 
*** FLOP *** [6d 8c 8s]
INTIMIDATOR69: checks 
RealKoi: checks 
*** TURN *** [6d 8c 8s] [7h]
INTIMIDATOR69: checks 
RealKoi: checks 
*** RIVER *** [6d 8c 8s 7h] [Qd]
INTIMIDATOR69: checks 
RealKoi: checks 
*** SHOW DOWN ***
INTIMIDATOR69: shows [3d Ts] (a pair of Eights)
RealKoi: shows [As 9d] (a pair of Eights - Ace kicker)
RealKoi collected $0.05 from pot
*** SUMMARY ***
Total pot $0.05 | Rake $0 
Board [6d 8c 8s 7h Qd]
Seat 1: Dt_Hyde1 folded before Flop (didn't bet)
Seat 2: RealKoi showed [As 9d] and won ($0.05) with a pair of Eights
Seat 3: ask-007 (button) folded before Flop (didn't bet)
Seat 4: DonoBono10 (small blind) folded before Flop
Seat 8: INTIMIDATOR69 (big blind) showed [3d Ts] and lost with a pair of Eights
Seat 9: Dorex2007 folded before Flop (didn't bet)



PokerStars Hand #237127636372:  Hold'em No Limit ($0.01/$0.02 USD) - 2022/07/02 20:03:10 PT [2022/07/02 23:03:10 ET]
Table 'Medusa III' 9-max Seat #4 is the button
Seat 1: Dt_Hyde1 ($2 in chips) 
Seat 2: RealKoi ($3.75 in chips) 
Seat 3: ask-007 ($1.38 in chips) 
Seat 4: DonoBono10 ($2 in chips) 
Seat 8: INTIMIDATOR69 ($1.05 in chips) 
Seat 9: Dorex2007 ($2.18 in chips) 
INTIMIDATOR69: posts small blind $0.01
Dorex2007: posts big blind $0.02
*** HOLE CARDS ***
Dealt to Dorex2007 [6h 4s]
Dt_Hyde1: folds 
RealKoi: calls $0.02
ask-007: folds 
DonoBono10: raises $0.04 to $0.06
INTIMIDATOR69: folds 
Dorex2007: folds 
RealKoi: folds 
Uncalled bet ($0.04) returned to DonoBono10
DonoBono10 collected $0.07 from pot
*** SUMMARY ***
Total pot $0.07 | Rake $0 
Seat 1: Dt_Hyde1 folded before Flop (didn't bet)
Seat 2: RealKoi folded before Flop
Seat 3: ask-007 folded before Flop (didn't bet)
Seat 4: DonoBono10 (button) collected ($0.07)
Seat 8: INTIMIDATOR69 (small blind) folded before Flop
Seat 9: Dorex2007 (big blind) folded before Flop



PokerStars Hand #237127640693:  Hold'em No Limit ($0.01/$0.02 USD) - 2022/07/02 20:03:38 PT [2022/07/02 23:03:38 ET]
Table 'Medusa III' 9-max Seat #8 is the button
Seat 1: Dt_Hyde1 ($2 in chips) 
Seat 2: RealKoi ($3.73 in chips) 
Seat 3: ask-007 ($1.38 in chips) 
Seat 8: INTIMIDATOR69 ($1.04 in chips) 
Seat 9: Dorex2007 ($2.16 in chips) 
Dorex2007: posts small blind $0.01
Dt_Hyde1: posts big blind $0.02
*** HOLE CARDS ***
Dealt to Dorex2007 [Jd 6d]
RealKoi: calls $0.02
ask-007 has timed out
ask-007: folds 
INTIMIDATOR69: folds 
Dorex2007: calls $0.01
Dt_Hyde1: raises $0.08 to $0.10
RealKoi: folds 
Dorex2007: folds 
Uncalled bet ($0.08) returned to Dt_Hyde1
Dt_Hyde1 collected $0.06 from pot
*** SUMMARY ***
Total pot $0.06 | Rake $0 
Seat 1: Dt_Hyde1 (big blind) collected ($0.06)
Seat 2: RealKoi folded before Flop
Seat 3: ask-007 folded before Flop (didn't bet)
Seat 8: INTIMIDATOR69 (button) folded before Flop (didn't bet)
Seat 9: Dorex2007 (small blind) folded before Flop



