PokerStars Hand #237070502244:  Hold'em No Limit ($0.01/$0.02 USD) - 2022/06/29 21:00:42 PT [2022/06/30 0:00:42 ET]
Table 'Peacock' 9-max Seat #5 is the button
Seat 1: Almanza63 ($2 in chips) 
Seat 2: perffect16 ($3.76 in chips) 
Seat 3: fuealejandro ($1.51 in chips) 
Seat 4: FelipeScr1pt ($3.04 in chips) 
Seat 5: lbathayde ($1.40 in chips) 
Seat 6: Montagnais ($3.59 in chips) 
Seat 7: Bdawgg17 ($0.91 in chips) 
Seat 8: Dr.RoccoPereira ($3.18 in chips) 
Seat 9: Dorex2007 ($2.37 in chips) 
Montagnais: posts small blind $0.01
Bdawgg17: posts big blind $0.02
*** HOLE CARDS ***
Dealt to Dorex2007 [9s Th]
Dr.RoccoPereira: calls $0.02
Dorex2007: folds 
Almanza63: folds 
perffect16: folds 
fuealejandro: folds 
FelipeScr1pt: folds 
lbathayde: calls $0.02
Montagnais: calls $0.01
Bdawgg17: checks 
*** FLOP *** [As 8s Ah]
Montagnais: checks 
Bdawgg17: checks 
Dr.RoccoPereira: bets $0.02
lbathayde: folds 
Montagnais: folds 
Bdawgg17: folds 
Uncalled bet ($0.02) returned to Dr.RoccoPereira
Dr.RoccoPereira collected $0.08 from pot
*** SUMMARY ***
Total pot $0.08 | Rake $0 
Board [As 8s Ah]
Seat 1: Almanza63 folded before Flop (didn't bet)
Seat 2: perffect16 folded before Flop (didn't bet)
Seat 3: fuealejandro folded before Flop (didn't bet)
Seat 4: FelipeScr1pt folded before Flop (didn't bet)
Seat 5: lbathayde (button) folded on the Flop
Seat 6: Montagnais (small blind) folded on the Flop
Seat 7: Bdawgg17 (big blind) folded on the Flop
Seat 8: Dr.RoccoPereira collected ($0.08)
Seat 9: Dorex2007 folded before Flop (didn't bet)



PokerStars Hand #237070507253:  Hold'em No Limit ($0.01/$0.02 USD) - 2022/06/29 21:01:23 PT [2022/06/30 0:01:23 ET]
Table 'Peacock' 9-max Seat #6 is the button
Seat 1: Almanza63 ($2 in chips) 
Seat 2: perffect16 ($3.76 in chips) 
Seat 3: fuealejandro ($1.51 in chips) 
Seat 4: FelipeScr1pt ($3.04 in chips) 
Seat 5: lbathayde ($1.40 in chips) 
Seat 6: Montagnais ($3.57 in chips) 
Seat 7: Bdawgg17 ($0.89 in chips) 
Seat 8: Dr.RoccoPereira ($3.24 in chips) 
Seat 9: Dorex2007 ($2.37 in chips) 
Bdawgg17: posts small blind $0.01
Dr.RoccoPereira: posts big blind $0.02
*** HOLE CARDS ***
Dealt to Dorex2007 [Qd Ts]
Dorex2007: folds 
Almanza63: folds 
perffect16: folds 
fuealejandro: folds 
FelipeScr1pt: raises $0.02 to $0.04
lbathayde: raises $0.11 to $0.15
Montagnais: folds 
Bdawgg17: folds 
Dr.RoccoPereira: folds 
FelipeScr1pt: raises $0.11 to $0.26
lbathayde: calls $0.11
*** FLOP *** [8c Js Kh]
FelipeScr1pt: checks 
lbathayde: bets $0.53
FelipeScr1pt: calls $0.53
*** TURN *** [8c Js Kh] [Tc]
FelipeScr1pt: checks 
lbathayde: bets $0.61 and is all-in
FelipeScr1pt: calls $0.61
*** RIVER *** [8c Js Kh Tc] [6h]
*** SHOW DOWN ***
FelipeScr1pt: shows [Ah Kd] (a pair of Kings)
lbathayde: shows [Qs Ks] (a pair of Kings - lower kicker)
FelipeScr1pt cashed out the hand for $2.28 | Cash Out Fee $0.02
*** SUMMARY ***
Total pot $2.83 | Rake $0.10 
Board [8c Js Kh Tc 6h]
Seat 1: Almanza63 folded before Flop (didn't bet)
Seat 2: perffect16 folded before Flop (didn't bet)
Seat 3: fuealejandro folded before Flop (didn't bet)
Seat 4: FelipeScr1pt showed [Ah Kd] and won ($2.73) with a pair of Kings (pot not awarded as player cashed out)
Seat 5: lbathayde showed [Qs Ks] and lost with a pair of Kings
Seat 6: Montagnais (button) folded before Flop (didn't bet)
Seat 7: Bdawgg17 (small blind) folded before Flop
Seat 8: Dr.RoccoPereira (big blind) folded before Flop
Seat 9: Dorex2007 folded before Flop (didn't bet)



PokerStars Hand #237070517973:  Hold'em No Limit ($0.01/$0.02 USD) - 2022/06/29 21:02:49 PT [2022/06/30 0:02:49 ET]
Table 'Peacock' 9-max Seat #7 is the button
Seat 1: Almanza63 ($2 in chips) 
Seat 2: perffect16 ($3.76 in chips) 
Seat 3: fuealejandro ($1.51 in chips) 
Seat 4: FelipeScr1pt ($3.92 in chips) 
Seat 5: lbathayde ($1.40 in chips) 
Seat 6: Montagnais ($3.57 in chips) 
Seat 7: Bdawgg17 ($0.88 in chips) 
Seat 8: Dr.RoccoPereira ($3.22 in chips) 
Seat 9: Dorex2007 ($2.37 in chips) 
Dr.RoccoPereira: posts small blind $0.01
Dorex2007: posts big blind $0.02
*** HOLE CARDS ***
Dealt to Dorex2007 [9s Ad]
Almanza63: folds 
perffect16: folds 
fuealejandro: folds 
FelipeScr1pt: folds 
lbathayde: folds 
Montagnais: folds 
Bdawgg17: folds 
Dr.RoccoPereira: calls $0.01
Dorex2007: checks 
*** FLOP *** [3s Kc Kd]
Dr.RoccoPereira: bets $0.02
Dorex2007: folds 
Uncalled bet ($0.02) returned to Dr.RoccoPereira
Dr.RoccoPereira collected $0.04 from pot
*** SUMMARY ***
Total pot $0.04 | Rake $0 
Board [3s Kc Kd]
Seat 1: Almanza63 folded before Flop (didn't bet)
Seat 2: perffect16 folded before Flop (didn't bet)
Seat 3: fuealejandro folded before Flop (didn't bet)
Seat 4: FelipeScr1pt folded before Flop (didn't bet)
Seat 5: lbathayde folded before Flop (didn't bet)
Seat 6: Montagnais folded before Flop (didn't bet)
Seat 7: Bdawgg17 (button) folded before Flop (didn't bet)
Seat 8: Dr.RoccoPereira (small blind) collected ($0.04)
Seat 9: Dorex2007 (big blind) folded on the Flop



PokerStars Hand #237070522226:  Hold'em No Limit ($0.01/$0.02 USD) - 2022/06/29 21:03:23 PT [2022/06/30 0:03:23 ET]
Table 'Peacock' 9-max Seat #8 is the button
Seat 1: Almanza63 ($2 in chips) 
Seat 2: perffect16 ($3.76 in chips) 
Seat 3: fuealejandro ($1.51 in chips) 
Seat 4: FelipeScr1pt ($3.92 in chips) 
Seat 5: lbathayde ($1.40 in chips) 
Seat 6: Montagnais ($3.57 in chips) 
Seat 7: Bdawgg17 ($0.88 in chips) 
Seat 8: Dr.RoccoPereira ($3.24 in chips) 
Seat 9: Dorex2007 ($2.35 in chips) 
Dorex2007: posts small blind $0.01
Almanza63: posts big blind $0.02
*** HOLE CARDS ***
Dealt to Dorex2007 [7c Js]
perffect16: folds 
fuealejandro: folds 
FelipeScr1pt: calls $0.02
lbathayde: folds 
Montagnais: calls $0.02
Bdawgg17: folds 
Dr.RoccoPereira: calls $0.02
Dorex2007: folds 
Almanza63: checks 
*** FLOP *** [2s 9c 4s]
Almanza63: checks 
FelipeScr1pt: checks 
Montagnais: bets $0.09
Dr.RoccoPereira: calls $0.09
Almanza63: folds 
FelipeScr1pt: folds 
*** TURN *** [2s 9c 4s] [As]
Montagnais: checks 
Dr.RoccoPereira: bets $0.02
Montagnais: folds 
Uncalled bet ($0.02) returned to Dr.RoccoPereira
Dr.RoccoPereira collected $0.26 from pot
*** SUMMARY ***
Total pot $0.27 | Rake $0.01 
Board [2s 9c 4s As]
Seat 1: Almanza63 (big blind) folded on the Flop
Seat 2: perffect16 folded before Flop (didn't bet)
Seat 3: fuealejandro folded before Flop (didn't bet)
Seat 4: FelipeScr1pt folded on the Flop
Seat 5: lbathayde folded before Flop (didn't bet)
Seat 6: Montagnais folded on the Turn
Seat 7: Bdawgg17 folded before Flop (didn't bet)
Seat 8: Dr.RoccoPereira (button) collected ($0.26)
Seat 9: Dorex2007 (small blind) folded before Flop



PokerStars Hand #237070528623:  Hold'em No Limit ($0.01/$0.02 USD) - 2022/06/29 21:04:14 PT [2022/06/30 0:04:14 ET]
Table 'Peacock' 9-max Seat #9 is the button
Seat 1: Almanza63 ($1.98 in chips) 
Seat 2: perffect16 ($3.76 in chips) 
Seat 3: fuealejandro ($1.51 in chips) 
Seat 4: FelipeScr1pt ($3.90 in chips) 
Seat 5: lbathayde ($1.40 in chips) 
Seat 6: Montagnais ($3.46 in chips) 
Seat 7: Bdawgg17 ($0.88 in chips) 
Seat 8: Dr.RoccoPereira ($3.39 in chips) 
Seat 9: Dorex2007 ($2.34 in chips) 
Almanza63: posts small blind $0.01
perffect16: posts big blind $0.02
*** HOLE CARDS ***
Dealt to Dorex2007 [5c 9c]
fuealejandro has timed out
fuealejandro: folds 
FelipeScr1pt: folds 
lbathayde: raises $0.02 to $0.04
Montagnais: raises $3.42 to $3.46 and is all-in
Bdawgg17: folds 
Dr.RoccoPereira: folds 
Dorex2007: folds 
Almanza63: folds 
perffect16: folds 
lbathayde: folds 
Uncalled bet ($3.42) returned to Montagnais
Montagnais collected $0.11 from pot
*** SUMMARY ***
Total pot $0.11 | Rake $0 
Seat 1: Almanza63 (small blind) folded before Flop
Seat 2: perffect16 (big blind) folded before Flop
Seat 3: fuealejandro folded before Flop (didn't bet)
Seat 4: FelipeScr1pt folded before Flop (didn't bet)
Seat 5: lbathayde folded before Flop
Seat 6: Montagnais collected ($0.11)
Seat 7: Bdawgg17 folded before Flop (didn't bet)
Seat 8: Dr.RoccoPereira folded before Flop (didn't bet)
Seat 9: Dorex2007 (button) folded before Flop (didn't bet)



PokerStars Hand #237070532792:  Hold'em No Limit ($0.01/$0.02 USD) - 2022/06/29 21:04:47 PT [2022/06/30 0:04:47 ET]
Table 'Peacock' 9-max Seat #1 is the button
Seat 1: Almanza63 ($1.97 in chips) 
Seat 2: perffect16 ($3.74 in chips) 
Seat 3: fuealejandro ($1.51 in chips) 
Seat 4: FelipeScr1pt ($3.90 in chips) 
Seat 5: lbathayde ($1.40 in chips) 
Seat 6: Montagnais ($3.53 in chips) 
Seat 7: Bdawgg17 ($0.88 in chips) 
Seat 8: Dr.RoccoPereira ($3.39 in chips) 
Seat 9: Dorex2007 ($2.34 in chips) 
perffect16: posts small blind $0.01
fuealejandro: posts big blind $0.02
*** HOLE CARDS ***
Dealt to Dorex2007 [9s 6d]
FelipeScr1pt: raises $0.02 to $0.04
lbathayde: folds 
Montagnais: folds 
Bdawgg17: folds 
Dr.RoccoPereira: calls $0.04
Dorex2007: folds 
Almanza63: calls $0.04
perffect16: calls $0.03
fuealejandro: folds 
*** FLOP *** [Js 7c 9h]
perffect16: checks 
FelipeScr1pt: bets $0.08
Dr.RoccoPereira: calls $0.08
Almanza63: folds 
perffect16: folds 
*** TURN *** [Js 7c 9h] [Ks]
FelipeScr1pt: bets $0.16
Dr.RoccoPereira: folds 
Uncalled bet ($0.16) returned to FelipeScr1pt
FelipeScr1pt collected $0.33 from pot
*** SUMMARY ***
Total pot $0.34 | Rake $0.01 
Board [Js 7c 9h Ks]
Seat 1: Almanza63 (button) folded on the Flop
Seat 2: perffect16 (small blind) folded on the Flop
Seat 3: fuealejandro (big blind) folded before Flop
Seat 4: FelipeScr1pt collected ($0.33)
Seat 5: lbathayde folded before Flop (didn't bet)
Seat 6: Montagnais folded before Flop (didn't bet)
Seat 7: Bdawgg17 folded before Flop (didn't bet)
Seat 8: Dr.RoccoPereira folded on the Turn
Seat 9: Dorex2007 folded before Flop (didn't bet)



PokerStars Hand #237070539846:  Hold'em No Limit ($0.01/$0.02 USD) - 2022/06/29 21:05:44 PT [2022/06/30 0:05:44 ET]
Table 'Peacock' 9-max Seat #2 is the button
Seat 1: Almanza63 ($1.93 in chips) 
Seat 2: perffect16 ($3.70 in chips) 
Seat 3: fuealejandro ($1.49 in chips) 
Seat 4: FelipeScr1pt ($4.11 in chips) 
Seat 5: lbathayde ($1.40 in chips) 
Seat 6: Montagnais ($3.53 in chips) 
Seat 7: Bdawgg17 ($0.88 in chips) 
Seat 8: Dr.RoccoPereira ($3.27 in chips) 
Seat 9: Dorex2007 ($2.34 in chips) 
fuealejandro: posts small blind $0.01
FelipeScr1pt: posts big blind $0.02
*** HOLE CARDS ***
Dealt to Dorex2007 [Ad 4h]
lbathayde: folds 
Montagnais: folds 
Bdawgg17: folds 
Dr.RoccoPereira: calls $0.02
Dorex2007: folds 
Almanza63: folds 
perffect16: calls $0.02
fuealejandro: calls $0.01
FelipeScr1pt: checks 
*** FLOP *** [Kh Qs Jh]
fuealejandro: checks 
FelipeScr1pt: checks 
Dr.RoccoPereira: bets $0.02
perffect16: folds 
fuealejandro: calls $0.02
FelipeScr1pt: calls $0.02
*** TURN *** [Kh Qs Jh] [3s]
fuealejandro: bets $0.06
FelipeScr1pt: calls $0.06
Dr.RoccoPereira: raises $0.06 to $0.12
fuealejandro: raises $0.18 to $0.30
FelipeScr1pt: folds 
Dr.RoccoPereira: calls $0.18
*** RIVER *** [Kh Qs Jh 3s] [7d]
fuealejandro: bets $1.15 and is all-in
Dr.RoccoPereira: calls $1.15
*** SHOW DOWN ***
fuealejandro: shows [9s Ts] (a straight, Nine to King)
Dr.RoccoPereira: shows [Js 3h] (two pair, Jacks and Threes)
fuealejandro collected $2.99 from pot
*** SUMMARY ***
Total pot $3.10 | Rake $0.11 
Board [Kh Qs Jh 3s 7d]
Seat 1: Almanza63 folded before Flop (didn't bet)
Seat 2: perffect16 (button) folded on the Flop
Seat 3: fuealejandro (small blind) showed [9s Ts] and won ($2.99) with a straight, Nine to King
Seat 4: FelipeScr1pt (big blind) folded on the Turn
Seat 5: lbathayde folded before Flop (didn't bet)
Seat 6: Montagnais folded before Flop (didn't bet)
Seat 7: Bdawgg17 folded before Flop (didn't bet)
Seat 8: Dr.RoccoPereira showed [Js 3h] and lost with two pair, Jacks and Threes
Seat 9: Dorex2007 folded before Flop (didn't bet)



PokerStars Hand #237070553322:  Hold'em No Limit ($0.01/$0.02 USD) - 2022/06/29 21:07:34 PT [2022/06/30 0:07:34 ET]
Table 'Peacock' 9-max Seat #3 is the button
Seat 1: Almanza63 ($1.93 in chips) 
Seat 2: perffect16 ($3.68 in chips) 
Seat 3: fuealejandro ($2.99 in chips) 
Seat 4: FelipeScr1pt ($4.01 in chips) 
Seat 5: lbathayde ($1.40 in chips) 
Seat 6: Montagnais ($3.53 in chips) 
Seat 7: Bdawgg17 ($0.88 in chips) 
Seat 8: Dr.RoccoPereira ($1.78 in chips) 
Seat 9: Dorex2007 ($2.34 in chips) 
FelipeScr1pt: posts small blind $0.01
lbathayde: posts big blind $0.02
*** HOLE CARDS ***
Dealt to Dorex2007 [5h Th]
Montagnais: calls $0.02
Bdawgg17: folds 
Dr.RoccoPereira: calls $0.02
Dorex2007: folds 
Almanza63: folds 
perffect16: folds 
fuealejandro: folds 
FelipeScr1pt: folds 
lbathayde: checks 
*** FLOP *** [2h 6h 3d]
lbathayde: checks 
Montagnais: checks 
Dr.RoccoPereira: bets $0.02
lbathayde: folds 
Montagnais: folds 
Uncalled bet ($0.02) returned to Dr.RoccoPereira
Dr.RoccoPereira collected $0.07 from pot
*** SUMMARY ***
Total pot $0.07 | Rake $0 
Board [2h 6h 3d]
Seat 1: Almanza63 folded before Flop (didn't bet)
Seat 2: perffect16 folded before Flop (didn't bet)
Seat 3: fuealejandro (button) folded before Flop (didn't bet)
Seat 4: FelipeScr1pt (small blind) folded before Flop
Seat 5: lbathayde (big blind) folded on the Flop
Seat 6: Montagnais folded on the Flop
Seat 7: Bdawgg17 folded before Flop (didn't bet)
Seat 8: Dr.RoccoPereira collected ($0.07)
Seat 9: Dorex2007 folded before Flop (didn't bet)



PokerStars Hand #237070563596:  Hold'em No Limit ($0.01/$0.02 USD) - 2022/06/29 21:08:08 PT [2022/06/30 0:08:08 ET]
Table 'Peacock' 9-max Seat #4 is the button
Seat 1: Almanza63 ($1.93 in chips) 
Seat 2: perffect16 ($3.68 in chips) 
Seat 3: fuealejandro ($2.99 in chips) 
Seat 4: FelipeScr1pt ($4 in chips) 
Seat 5: lbathayde ($1.40 in chips) 
Seat 6: Montagnais ($3.51 in chips) 
Seat 7: Bdawgg17 ($0.88 in chips) 
Seat 8: Dr.RoccoPereira ($1.83 in chips) 
Seat 9: Dorex2007 ($2.34 in chips) 
lbathayde: posts small blind $0.01
Montagnais: posts big blind $0.02
*** HOLE CARDS ***
Dealt to Dorex2007 [4s Jh]
Bdawgg17: folds 
Dr.RoccoPereira: calls $0.02
Dorex2007: folds 
Almanza63: folds 
perffect16: folds 
fuealejandro: folds 
FelipeScr1pt: folds 
lbathayde: calls $0.01
Montagnais: checks 
*** FLOP *** [Ts 4c Kh]
lbathayde: bets $0.06
Montagnais: folds 
Dr.RoccoPereira: folds 
Uncalled bet ($0.06) returned to lbathayde
lbathayde collected $0.06 from pot
*** SUMMARY ***
Total pot $0.06 | Rake $0 
Board [Ts 4c Kh]
Seat 1: Almanza63 folded before Flop (didn't bet)
Seat 2: perffect16 folded before Flop (didn't bet)
Seat 3: fuealejandro folded before Flop (didn't bet)
Seat 4: FelipeScr1pt (button) folded before Flop (didn't bet)
Seat 5: lbathayde (small blind) collected ($0.06)
Seat 6: Montagnais (big blind) folded on the Flop
Seat 7: Bdawgg17 folded before Flop (didn't bet)
Seat 8: Dr.RoccoPereira folded on the Flop
Seat 9: Dorex2007 folded before Flop (didn't bet)



PokerStars Hand #237070570087:  Hold'em No Limit ($0.01/$0.02 USD) - 2022/06/29 21:09:00 PT [2022/06/30 0:09:00 ET]
Table 'Peacock' 9-max Seat #5 is the button
Seat 1: Almanza63 ($1.93 in chips) 
Seat 2: perffect16 ($3.68 in chips) 
Seat 3: fuealejandro ($2.99 in chips) 
Seat 4: FelipeScr1pt ($4 in chips) 
Seat 5: lbathayde ($1.44 in chips) 
Seat 6: Montagnais ($3.49 in chips) 
Seat 7: Bdawgg17 ($0.88 in chips) 
Seat 8: Dr.RoccoPereira ($1.81 in chips) 
Seat 9: Dorex2007 ($2.34 in chips) 
Montagnais: posts small blind $0.01
Bdawgg17: posts big blind $0.02
*** HOLE CARDS ***
Dealt to Dorex2007 [Qh 2d]
Dr.RoccoPereira: calls $0.02
Dorex2007: folds 
Almanza63: folds 
perffect16: folds 
fuealejandro: folds 
FelipeScr1pt: calls $0.02
lbathayde: folds 
Montagnais: raises $0.08 to $0.10
Bdawgg17: folds 
Dr.RoccoPereira: calls $0.08
FelipeScr1pt: folds 
*** FLOP *** [Th 4d Jd]
Montagnais: bets $0.11
Dr.RoccoPereira: calls $0.11
*** TURN *** [Th 4d Jd] [8s]
Montagnais: checks 
Dr.RoccoPereira: bets $0.02
Montagnais: calls $0.02
*** RIVER *** [Th 4d Jd 8s] [3h]
Montagnais: checks 
Dr.RoccoPereira: bets $0.02
Montagnais: folds 
Uncalled bet ($0.02) returned to Dr.RoccoPereira
Dr.RoccoPereira collected $0.48 from pot
*** SUMMARY ***
Total pot $0.50 | Rake $0.02 
Board [Th 4d Jd 8s 3h]
Seat 1: Almanza63 folded before Flop (didn't bet)
Seat 2: perffect16 folded before Flop (didn't bet)
Seat 3: fuealejandro folded before Flop (didn't bet)
Seat 4: FelipeScr1pt folded before Flop
Seat 5: lbathayde (button) folded before Flop (didn't bet)
Seat 6: Montagnais (small blind) folded on the River
Seat 7: Bdawgg17 (big blind) folded before Flop
Seat 8: Dr.RoccoPereira collected ($0.48)
Seat 9: Dorex2007 folded before Flop (didn't bet)



PokerStars Hand #237070576804:  Hold'em No Limit ($0.01/$0.02 USD) - 2022/06/29 21:09:54 PT [2022/06/30 0:09:54 ET]
Table 'Peacock' 9-max Seat #6 is the button
Seat 1: Almanza63 ($1.93 in chips) 
Seat 2: perffect16 ($3.68 in chips) 
Seat 3: fuealejandro ($2.99 in chips) 
Seat 4: FelipeScr1pt ($3.98 in chips) 
Seat 5: lbathayde ($1.44 in chips) 
Seat 6: Montagnais ($3.26 in chips) 
Seat 7: Bdawgg17 ($0.86 in chips) 
Seat 8: Dr.RoccoPereira ($2.06 in chips) 
Seat 9: Dorex2007 ($2.34 in chips) 
Bdawgg17: posts small blind $0.01
Dr.RoccoPereira: posts big blind $0.02
*** HOLE CARDS ***
Dealt to Dorex2007 [2s Qs]
Dorex2007: folds 
Almanza63: folds 
perffect16: folds 
fuealejandro: folds 
FelipeScr1pt: folds 
lbathayde: folds 
Montagnais: raises $3.24 to $3.26 and is all-in
Bdawgg17: folds 
Dr.RoccoPereira: folds 
Uncalled bet ($3.24) returned to Montagnais
Montagnais collected $0.05 from pot
*** SUMMARY ***
Total pot $0.05 | Rake $0 
Seat 1: Almanza63 folded before Flop (didn't bet)
Seat 2: perffect16 folded before Flop (didn't bet)
Seat 3: fuealejandro folded before Flop (didn't bet)
Seat 4: FelipeScr1pt folded before Flop (didn't bet)
Seat 5: lbathayde folded before Flop (didn't bet)
Seat 6: Montagnais (button) collected ($0.05)
Seat 7: Bdawgg17 (small blind) folded before Flop
Seat 8: Dr.RoccoPereira (big blind) folded before Flop
Seat 9: Dorex2007 folded before Flop (didn't bet)



PokerStars Hand #237070580671:  Hold'em No Limit ($0.01/$0.02 USD) - 2022/06/29 21:10:25 PT [2022/06/30 0:10:25 ET]
Table 'Peacock' 9-max Seat #7 is the button
Seat 1: Almanza63 ($1.93 in chips) 
Seat 2: perffect16 ($3.68 in chips) 
Seat 3: fuealejandro ($2.99 in chips) 
Seat 4: FelipeScr1pt ($3.98 in chips) 
Seat 5: lbathayde ($1.44 in chips) 
Seat 6: Montagnais ($3.29 in chips) 
Seat 7: Bdawgg17 ($0.85 in chips) 
Seat 8: Dr.RoccoPereira ($2.04 in chips) 
Seat 9: Dorex2007 ($2.34 in chips) 
Dr.RoccoPereira: posts small blind $0.01
Dorex2007: posts big blind $0.02
*** HOLE CARDS ***
Dealt to Dorex2007 [Kc 3s]
Almanza63: folds 
perffect16: folds 
fuealejandro: folds 
FelipeScr1pt: folds 
lbathayde: folds 
Montagnais: folds 
Bdawgg17: folds 
Dr.RoccoPereira: calls $0.01
Dorex2007: checks 
*** FLOP *** [3h 7h Th]
Dr.RoccoPereira: bets $0.02
Dorex2007: folds 
Uncalled bet ($0.02) returned to Dr.RoccoPereira
Dr.RoccoPereira collected $0.04 from pot
*** SUMMARY ***
Total pot $0.04 | Rake $0 
Board [3h 7h Th]
Seat 1: Almanza63 folded before Flop (didn't bet)
Seat 2: perffect16 folded before Flop (didn't bet)
Seat 3: fuealejandro folded before Flop (didn't bet)
Seat 4: FelipeScr1pt folded before Flop (didn't bet)
Seat 5: lbathayde folded before Flop (didn't bet)
Seat 6: Montagnais folded before Flop (didn't bet)
Seat 7: Bdawgg17 (button) folded before Flop (didn't bet)
Seat 8: Dr.RoccoPereira (small blind) collected ($0.04)
Seat 9: Dorex2007 (big blind) folded on the Flop



PokerStars Hand #237070583183:  Hold'em No Limit ($0.01/$0.02 USD) - 2022/06/29 21:10:46 PT [2022/06/30 0:10:46 ET]
Table 'Peacock' 9-max Seat #8 is the button
Seat 1: Almanza63 ($1.93 in chips) 
Seat 2: perffect16 ($3.68 in chips) 
Seat 3: fuealejandro ($2.99 in chips) 
Seat 4: FelipeScr1pt ($3.98 in chips) 
Seat 5: lbathayde ($1.44 in chips) 
Seat 6: Montagnais ($3.29 in chips) 
Seat 7: Bdawgg17 ($0.85 in chips) 
Seat 8: Dr.RoccoPereira ($2.06 in chips) 
Seat 9: Dorex2007 ($2.32 in chips) 
Dorex2007: posts small blind $0.01
Almanza63: posts big blind $0.02
*** HOLE CARDS ***
Dealt to Dorex2007 [3s 9d]
perffect16: folds 
fuealejandro: folds 
FelipeScr1pt: raises $0.02 to $0.04
lbathayde: raises $0.06 to $0.10
Montagnais: calls $0.10
Bdawgg17: folds 
Dr.RoccoPereira: folds 
Dorex2007: folds 
Almanza63: folds 
FelipeScr1pt: calls $0.06
*** FLOP *** [2h 7s 4c]
FelipeScr1pt: checks 
lbathayde: checks 
Montagnais: checks 
*** TURN *** [2h 7s 4c] [9s]
FelipeScr1pt: checks 
lbathayde: checks 
Montagnais: bets $0.42
FelipeScr1pt: folds 
lbathayde: folds 
Uncalled bet ($0.42) returned to Montagnais
Montagnais collected $0.32 from pot
*** SUMMARY ***
Total pot $0.33 | Rake $0.01 
Board [2h 7s 4c 9s]
Seat 1: Almanza63 (big blind) folded before Flop
Seat 2: perffect16 folded before Flop (didn't bet)
Seat 3: fuealejandro folded before Flop (didn't bet)
Seat 4: FelipeScr1pt folded on the Turn
Seat 5: lbathayde folded on the Turn
Seat 6: Montagnais collected ($0.32)
Seat 7: Bdawgg17 folded before Flop (didn't bet)
Seat 8: Dr.RoccoPereira (button) folded before Flop (didn't bet)
Seat 9: Dorex2007 (small blind) folded before Flop



PokerStars Hand #237070589637:  Hold'em No Limit ($0.01/$0.02 USD) - 2022/06/29 21:11:38 PT [2022/06/30 0:11:38 ET]
Table 'Peacock' 9-max Seat #9 is the button
Seat 1: Almanza63 ($1.91 in chips) 
Seat 2: perffect16 ($3.68 in chips) 
Seat 3: fuealejandro ($2.99 in chips) 
Seat 4: FelipeScr1pt ($3.88 in chips) 
Seat 5: lbathayde ($1.40 in chips) 
Seat 6: Montagnais ($3.51 in chips) 
Seat 7: Bdawgg17 ($0.85 in chips) 
Seat 8: Dr.RoccoPereira ($2.06 in chips) 
Seat 9: Dorex2007 ($2.31 in chips) 
Almanza63: posts small blind $0.01
perffect16: posts big blind $0.02
*** HOLE CARDS ***
Dealt to Dorex2007 [Th Kd]
fuealejandro: folds 
FelipeScr1pt: folds 
lbathayde: folds 
Montagnais: raises $0.02 to $0.04
Bdawgg17: raises $0.10 to $0.14
Dr.RoccoPereira: calls $0.14
Dorex2007: folds 
Almanza63: folds 
perffect16: folds 
Montagnais: calls $0.10
*** FLOP *** [6d 9d 7h]
Montagnais: checks 
Bdawgg17: bets $0.71 and is all-in
Dr.RoccoPereira: folds 
Montagnais: folds 
Uncalled bet ($0.71) returned to Bdawgg17
Bdawgg17 collected $0.43 from pot
*** SUMMARY ***
Total pot $0.45 | Rake $0.02 
Board [6d 9d 7h]
Seat 1: Almanza63 (small blind) folded before Flop
Seat 2: perffect16 (big blind) folded before Flop
Seat 3: fuealejandro folded before Flop (didn't bet)
Seat 4: FelipeScr1pt folded before Flop (didn't bet)
Seat 5: lbathayde folded before Flop (didn't bet)
Seat 6: Montagnais folded on the Flop
Seat 7: Bdawgg17 collected ($0.43)
Seat 8: Dr.RoccoPereira folded on the Flop
Seat 9: Dorex2007 (button) folded before Flop (didn't bet)



PokerStars Hand #237070597169:  Hold'em No Limit ($0.01/$0.02 USD) - 2022/06/29 21:12:39 PT [2022/06/30 0:12:39 ET]
Table 'Peacock' 9-max Seat #1 is the button
Seat 1: Almanza63 ($1.90 in chips) 
Seat 2: perffect16 ($3.66 in chips) 
Seat 3: fuealejandro ($2.99 in chips) 
Seat 4: FelipeScr1pt ($3.88 in chips) 
Seat 5: lbathayde ($1.40 in chips) 
Seat 6: Montagnais ($3.37 in chips) 
Seat 7: Bdawgg17 ($1.14 in chips) 
Seat 8: Dr.RoccoPereira ($1.92 in chips) 
Seat 9: Dorex2007 ($2.31 in chips) 
perffect16: posts small blind $0.01
fuealejandro: posts big blind $0.02
*** HOLE CARDS ***
Dealt to Dorex2007 [4s Jc]
FelipeScr1pt: folds 
lbathayde: folds 
Montagnais: folds 
Bdawgg17: raises $0.04 to $0.06
Dr.RoccoPereira: calls $0.06
Dorex2007: folds 
Almanza63: folds 
perffect16: folds 
fuealejandro: folds 
*** FLOP *** [9c 6c 9s]
Bdawgg17: bets $0.07
Dr.RoccoPereira: calls $0.07
*** TURN *** [9c 6c 9s] [5h]
Bdawgg17: checks 
Dr.RoccoPereira: checks 
*** RIVER *** [9c 6c 9s 5h] [5c]
Bdawgg17: bets $0.18
Dr.RoccoPereira: folds 
Uncalled bet ($0.18) returned to Bdawgg17
Bdawgg17 collected $0.28 from pot
*** SUMMARY ***
Total pot $0.29 | Rake $0.01 
Board [9c 6c 9s 5h 5c]
Seat 1: Almanza63 (button) folded before Flop (didn't bet)
Seat 2: perffect16 (small blind) folded before Flop
Seat 3: fuealejandro (big blind) folded before Flop
Seat 4: FelipeScr1pt folded before Flop (didn't bet)
Seat 5: lbathayde folded before Flop (didn't bet)
Seat 6: Montagnais folded before Flop (didn't bet)
Seat 7: Bdawgg17 collected ($0.28)
Seat 8: Dr.RoccoPereira folded on the River
Seat 9: Dorex2007 folded before Flop (didn't bet)



PokerStars Hand #237070604677:  Hold'em No Limit ($0.01/$0.02 USD) - 2022/06/29 21:13:40 PT [2022/06/30 0:13:40 ET]
Table 'Peacock' 9-max Seat #2 is the button
Seat 1: Almanza63 ($1.90 in chips) 
Seat 2: perffect16 ($3.65 in chips) 
Seat 3: fuealejandro ($2.97 in chips) 
Seat 4: FelipeScr1pt ($3.88 in chips) 
Seat 5: lbathayde ($1.40 in chips) 
Seat 6: Montagnais ($3.37 in chips) 
Seat 7: Bdawgg17 ($1.29 in chips) 
Seat 8: Dr.RoccoPereira ($1.79 in chips) 
Seat 9: Dorex2007 ($2.31 in chips) 
fuealejandro: posts small blind $0.01
FelipeScr1pt: posts big blind $0.02
*** HOLE CARDS ***
Dealt to Dorex2007 [3s 8h]
lbathayde: raises $0.02 to $0.04
Montagnais: raises $0.11 to $0.15
Bdawgg17: folds 
Dr.RoccoPereira: folds 
Dorex2007: folds 
Almanza63: folds 
perffect16: folds 
fuealejandro: folds 
FelipeScr1pt: folds 
lbathayde: calls $0.11
*** FLOP *** [9h 6c Ts]
lbathayde: checks 
Montagnais: bets $3.22 and is all-in
fuealejandro is disconnected 
lbathayde: calls $1.25 and is all-in
Uncalled bet ($1.97) returned to Montagnais
*** TURN *** [9h 6c Ts] [4h]
*** RIVER *** [9h 6c Ts 4h] [8s]
*** SHOW DOWN ***
lbathayde: shows [Jd Qc] (a straight, Eight to Queen)
Montagnais: shows [Ks Qs] (high card King)
lbathayde collected $2.73 from pot
*** SUMMARY ***
Total pot $2.83 | Rake $0.10 
Board [9h 6c Ts 4h 8s]
Seat 1: Almanza63 folded before Flop (didn't bet)
Seat 2: perffect16 (button) folded before Flop (didn't bet)
Seat 3: fuealejandro (small blind) folded before Flop
Seat 4: FelipeScr1pt (big blind) folded before Flop
Seat 5: lbathayde showed [Jd Qc] and won ($2.73) with a straight, Eight to Queen
Seat 6: Montagnais showed [Ks Qs] and lost with high card King
Seat 7: Bdawgg17 folded before Flop (didn't bet)
Seat 8: Dr.RoccoPereira folded before Flop (didn't bet)
Seat 9: Dorex2007 folded before Flop (didn't bet)



PokerStars Hand #237070612962:  Hold'em No Limit ($0.01/$0.02 USD) - 2022/06/29 21:14:47 PT [2022/06/30 0:14:47 ET]
Table 'Peacock' 9-max Seat #3 is the button
Seat 1: Almanza63 ($1.90 in chips) 
Seat 2: perffect16 ($3.65 in chips) 
Seat 3: fuealejandro ($2.96 in chips) 
Seat 4: FelipeScr1pt ($3.86 in chips) 
Seat 5: lbathayde ($2.73 in chips) 
Seat 6: Montagnais ($1.97 in chips) 
Seat 7: Bdawgg17 ($1.29 in chips) 
Seat 8: Dr.RoccoPereira ($1.79 in chips) 
Seat 9: Dorex2007 ($2.31 in chips) 
FelipeScr1pt: posts small blind $0.01
lbathayde: posts big blind $0.02
*** HOLE CARDS ***
Dealt to Dorex2007 [7d 8s]
Montagnais: folds 
Bdawgg17: raises $0.04 to $0.06
Dr.RoccoPereira: calls $0.06
Dorex2007: folds 
Almanza63: folds 
perffect16: folds 
fuealejandro: folds 
FelipeScr1pt: calls $0.05
lbathayde: folds 
*** FLOP *** [2h 9s 5d]
FelipeScr1pt: checks 
Bdawgg17: checks 
Dr.RoccoPereira: checks 
*** TURN *** [2h 9s 5d] [5c]
FelipeScr1pt: checks 
Bdawgg17: bets $0.06
Dr.RoccoPereira: calls $0.06
FelipeScr1pt: calls $0.06
*** RIVER *** [2h 9s 5d 5c] [Qs]
FelipeScr1pt: bets $0.28
Bdawgg17: folds 
Dr.RoccoPereira: folds 
Uncalled bet ($0.28) returned to FelipeScr1pt
FelipeScr1pt collected $0.37 from pot
*** SUMMARY ***
Total pot $0.38 | Rake $0.01 
Board [2h 9s 5d 5c Qs]
Seat 1: Almanza63 folded before Flop (didn't bet)
Seat 2: perffect16 folded before Flop (didn't bet)
Seat 3: fuealejandro (button) folded before Flop (didn't bet)
Seat 4: FelipeScr1pt (small blind) collected ($0.37)
Seat 5: lbathayde (big blind) folded before Flop
Seat 6: Montagnais folded before Flop (didn't bet)
Seat 7: Bdawgg17 folded on the River
Seat 8: Dr.RoccoPereira folded on the River
Seat 9: Dorex2007 folded before Flop (didn't bet)



PokerStars Hand #237070621026:  Hold'em No Limit ($0.01/$0.02 USD) - 2022/06/29 21:15:52 PT [2022/06/30 0:15:52 ET]
Table 'Peacock' 9-max Seat #4 is the button
Seat 1: Almanza63 ($1.90 in chips) 
Seat 2: perffect16 ($3.65 in chips) 
Seat 3: fuealejandro ($2.96 in chips) 
Seat 4: FelipeScr1pt ($4.11 in chips) 
Seat 5: lbathayde ($2.71 in chips) 
Seat 6: Montagnais ($1.97 in chips) 
Seat 7: Bdawgg17 ($1.17 in chips) 
Seat 8: Dr.RoccoPereira ($1.67 in chips) 
Seat 9: Dorex2007 ($2.31 in chips) 
lbathayde: posts small blind $0.01
Montagnais: posts big blind $0.02
*** HOLE CARDS ***
Dealt to Dorex2007 [Jh 8h]
Bdawgg17: calls $0.02
Dr.RoccoPereira: calls $0.02
Dorex2007: folds 
Almanza63: raises $0.05 to $0.07
perffect16: calls $0.07
fuealejandro: folds 
FelipeScr1pt: folds 
lbathayde: calls $0.06
Montagnais: raises $1.90 to $1.97 and is all-in
Bdawgg17: folds 
Dr.RoccoPereira: folds 
Almanza63: folds 
perffect16: folds 
lbathayde: folds 
Uncalled bet ($1.90) returned to Montagnais
Montagnais collected $0.32 from pot
*** SUMMARY ***
Total pot $0.32 | Rake $0 
Seat 1: Almanza63 folded before Flop
Seat 2: perffect16 folded before Flop
Seat 3: fuealejandro folded before Flop (didn't bet)
Seat 4: FelipeScr1pt (button) folded before Flop (didn't bet)
Seat 5: lbathayde (small blind) folded before Flop
Seat 6: Montagnais (big blind) collected ($0.32)
Seat 7: Bdawgg17 folded before Flop
Seat 8: Dr.RoccoPereira folded before Flop
Seat 9: Dorex2007 folded before Flop (didn't bet)



PokerStars Hand #237070626192:  Hold'em No Limit ($0.01/$0.02 USD) - 2022/06/29 21:16:34 PT [2022/06/30 0:16:34 ET]
Table 'Peacock' 9-max Seat #5 is the button
Seat 1: Almanza63 ($1.83 in chips) 
Seat 2: perffect16 ($3.58 in chips) 
Seat 3: fuealejandro ($2.96 in chips) 
Seat 4: FelipeScr1pt ($4.11 in chips) 
Seat 5: lbathayde ($2.64 in chips) 
Seat 6: Montagnais ($2.22 in chips) 
Seat 7: Bdawgg17 ($1.15 in chips) 
Seat 8: Dr.RoccoPereira ($1.65 in chips) 
Seat 9: Dorex2007 ($2.31 in chips) 
Montagnais: posts small blind $0.01
Bdawgg17: posts big blind $0.02
*** HOLE CARDS ***
Dealt to Dorex2007 [5c 2d]
Dr.RoccoPereira: calls $0.02
Dorex2007: folds 
Almanza63: raises $0.07 to $0.09
perffect16: folds 
fuealejandro: folds 
FelipeScr1pt: folds 
lbathayde: folds 
Montagnais: folds 
Bdawgg17: folds 
Dr.RoccoPereira: folds 
Uncalled bet ($0.07) returned to Almanza63
Almanza63 collected $0.07 from pot
*** SUMMARY ***
Total pot $0.07 | Rake $0 
Seat 1: Almanza63 collected ($0.07)
Seat 2: perffect16 folded before Flop (didn't bet)
Seat 3: fuealejandro folded before Flop (didn't bet)
Seat 4: FelipeScr1pt folded before Flop (didn't bet)
Seat 5: lbathayde (button) folded before Flop (didn't bet)
Seat 6: Montagnais (small blind) folded before Flop
Seat 7: Bdawgg17 (big blind) folded before Flop
Seat 8: Dr.RoccoPereira folded before Flop
Seat 9: Dorex2007 folded before Flop (didn't bet)



PokerStars Hand #237070629506:  Hold'em No Limit ($0.01/$0.02 USD) - 2022/06/29 21:17:02 PT [2022/06/30 0:17:02 ET]
Table 'Peacock' 9-max Seat #6 is the button
Seat 1: Almanza63 ($1.88 in chips) 
Seat 2: perffect16 ($3.58 in chips) 
Seat 3: fuealejandro ($2.96 in chips) 
Seat 4: FelipeScr1pt ($4.11 in chips) 
Seat 5: lbathayde ($2.64 in chips) 
Seat 6: Montagnais ($2.21 in chips) 
Seat 7: Bdawgg17 ($1.13 in chips) 
Seat 8: Dr.RoccoPereira ($1.63 in chips) 
Seat 9: Dorex2007 ($2.31 in chips) 
Bdawgg17: posts small blind $0.01
Dr.RoccoPereira: posts big blind $0.02
*** HOLE CARDS ***
Dealt to Dorex2007 [Ad 9c]
Dorex2007: folds 
Almanza63: folds 
perffect16: folds 
fuealejandro: folds 
FelipeScr1pt: folds 
lbathayde: folds 
Montagnais: raises $0.14 to $0.16
Bdawgg17: folds 
Dr.RoccoPereira: calls $0.14
*** FLOP *** [6s Kh 8c]
Dr.RoccoPereira: bets $0.02
Montagnais: calls $0.02
*** TURN *** [6s Kh 8c] [6h]
Dr.RoccoPereira: bets $0.02
Montagnais: raises $0.14 to $0.16
Dr.RoccoPereira: calls $0.14
*** RIVER *** [6s Kh 8c 6h] [4s]
Dr.RoccoPereira: bets $0.02
Montagnais: raises $0.32 to $0.34
Dr.RoccoPereira: calls $0.32
*** SHOW DOWN ***
Montagnais: shows [Qc Jc] (a pair of Sixes)
Dr.RoccoPereira: shows [As 9d] (a pair of Sixes - Ace kicker)
Dr.RoccoPereira collected $1.32 from pot
*** SUMMARY ***
Total pot $1.37 | Rake $0.05 
Board [6s Kh 8c 6h 4s]
Seat 1: Almanza63 folded before Flop (didn't bet)
Seat 2: perffect16 folded before Flop (didn't bet)
Seat 3: fuealejandro folded before Flop (didn't bet)
Seat 4: FelipeScr1pt folded before Flop (didn't bet)
Seat 5: lbathayde folded before Flop (didn't bet)
Seat 6: Montagnais (button) showed [Qc Jc] and lost with a pair of Sixes
Seat 7: Bdawgg17 (small blind) folded before Flop
Seat 8: Dr.RoccoPereira (big blind) showed [As 9d] and won ($1.32) with a pair of Sixes
Seat 9: Dorex2007 folded before Flop (didn't bet)



PokerStars Hand #237070636463:  Hold'em No Limit ($0.01/$0.02 USD) - 2022/06/29 21:17:58 PT [2022/06/30 0:17:58 ET]
Table 'Peacock' 9-max Seat #7 is the button
Seat 1: Almanza63 ($1.88 in chips) 
Seat 2: perffect16 ($3.58 in chips) 
Seat 3: fuealejandro ($2.96 in chips) 
Seat 4: FelipeScr1pt ($4.11 in chips) 
Seat 5: lbathayde ($2.64 in chips) 
Seat 6: Montagnais ($1.53 in chips) 
Seat 7: Bdawgg17 ($1.12 in chips) 
Seat 8: Dr.RoccoPereira ($2.27 in chips) 
Seat 9: Dorex2007 ($2.31 in chips) 
Dr.RoccoPereira: posts small blind $0.01
Dorex2007: posts big blind $0.02
*** HOLE CARDS ***
Dealt to Dorex2007 [5d Ac]
Almanza63: folds 
perffect16: calls $0.02
fuealejandro: folds 
FelipeScr1pt: folds 
lbathayde: raises $0.11 to $0.13
Montagnais: raises $1.40 to $1.53 and is all-in
Bdawgg17: folds 
Dr.RoccoPereira: folds 
Dorex2007: folds 
perffect16: folds 
lbathayde: calls $1.40
*** FLOP *** [2s Ks 4c]
*** TURN *** [2s Ks 4c] [As]
*** RIVER *** [2s Ks 4c As] [3c]
*** SHOW DOWN ***
lbathayde: shows [Qc Qs] (a pair of Queens)
Montagnais: shows [Tc 6h] (high card Ace)
lbathayde cashed out the hand for $2.56 | Cash Out Fee $0.03
*** SUMMARY ***
Total pot $3.11 | Rake $0.11 
Board [2s Ks 4c As 3c]
Seat 1: Almanza63 folded before Flop (didn't bet)
Seat 2: perffect16 folded before Flop
Seat 3: fuealejandro folded before Flop (didn't bet)
Seat 4: FelipeScr1pt folded before Flop (didn't bet)
Seat 5: lbathayde showed [Qc Qs] and won ($3) with a pair of Queens (pot not awarded as player cashed out)
Seat 6: Montagnais showed [Tc 6h] and lost with high card Ace
Seat 7: Bdawgg17 (button) folded before Flop (didn't bet)
Seat 8: Dr.RoccoPereira (small blind) folded before Flop
Seat 9: Dorex2007 (big blind) folded before Flop



PokerStars Hand #237070640735:  Hold'em No Limit ($0.01/$0.02 USD) - 2022/06/29 21:18:34 PT [2022/06/30 0:18:34 ET]
Table 'Peacock' 9-max Seat #8 is the button
Seat 1: Almanza63 ($1.88 in chips) 
Seat 2: perffect16 ($3.56 in chips) 
Seat 3: fuealejandro ($2.96 in chips) 
Seat 4: FelipeScr1pt ($4.11 in chips) 
Seat 5: lbathayde ($3.67 in chips) 
Seat 7: Bdawgg17 ($1.12 in chips) 
Seat 8: Dr.RoccoPereira ($2.26 in chips) 
Seat 9: Dorex2007 ($2.29 in chips) 
Dorex2007: posts small blind $0.01
Almanza63: posts big blind $0.02
*** HOLE CARDS ***
Dealt to Dorex2007 [Td 3d]
perffect16: folds 
fuealejandro: folds 
FelipeScr1pt: folds 
lbathayde: folds 
Bdawgg17: folds 
Dr.RoccoPereira: calls $0.02
Dorex2007: calls $0.01
Almanza63: checks 
*** FLOP *** [Kc Qc 7s]
Dorex2007: checks 
Almanza63: bets $0.04
Montagnais leaves the table
Dr.RoccoPereira: calls $0.04
Dorex2007: folds 
*** TURN *** [Kc Qc 7s] [Js]
DBA5 joins the table at seat #6 
Almanza63: bets $0.11
Dr.RoccoPereira: calls $0.11
*** RIVER *** [Kc Qc 7s Js] [Th]
Almanza63: checks 
Dr.RoccoPereira: bets $0.02
Almanza63: calls $0.02
*** SHOW DOWN ***
Dr.RoccoPereira: shows [4d 7d] (a pair of Sevens)
Almanza63: shows [Ks 6c] (a pair of Kings)
Almanza63 collected $0.39 from pot
*** SUMMARY ***
Total pot $0.40 | Rake $0.01 
Board [Kc Qc 7s Js Th]
Seat 1: Almanza63 (big blind) showed [Ks 6c] and won ($0.39) with a pair of Kings
Seat 2: perffect16 folded before Flop (didn't bet)
Seat 3: fuealejandro folded before Flop (didn't bet)
Seat 4: FelipeScr1pt folded before Flop (didn't bet)
Seat 5: lbathayde folded before Flop (didn't bet)
Seat 7: Bdawgg17 folded before Flop (didn't bet)
Seat 8: Dr.RoccoPereira (button) showed [4d 7d] and lost with a pair of Sevens
Seat 9: Dorex2007 (small blind) folded on the Flop



PokerStars Hand #237070647740:  Hold'em No Limit ($0.01/$0.02 USD) - 2022/06/29 21:19:31 PT [2022/06/30 0:19:31 ET]
Table 'Peacock' 9-max Seat #9 is the button
Seat 1: Almanza63 ($2.08 in chips) 
Seat 2: perffect16 ($3.56 in chips) 
Seat 3: fuealejandro ($2.96 in chips) 
Seat 4: FelipeScr1pt ($4.11 in chips) 
Seat 5: lbathayde ($3.67 in chips) 
Seat 6: DBA5 ($1.60 in chips) 
Seat 7: Bdawgg17 ($1.12 in chips) 
Seat 8: Dr.RoccoPereira ($2.07 in chips) 
Seat 9: Dorex2007 ($2.27 in chips) 
Almanza63: posts small blind $0.01
perffect16: posts big blind $0.02
DBA5: posts big blind $0.02
*** HOLE CARDS ***
Dealt to Dorex2007 [2h Jc]
fuealejandro: folds 
FelipeScr1pt: folds 
lbathayde: folds 
DBA5: checks 
Bdawgg17: folds 
Dr.RoccoPereira: calls $0.02
Dorex2007: folds 
Almanza63: calls $0.01
perffect16: checks 
*** FLOP *** [9s Ks 6d]
Almanza63: checks 
perffect16: checks 
DBA5: bets $0.02
Dr.RoccoPereira: calls $0.02
Almanza63: folds 
perffect16: folds 
*** TURN *** [9s Ks 6d] [2d]
DBA5: bets $0.02
Dr.RoccoPereira: folds 
Uncalled bet ($0.02) returned to DBA5
DBA5 collected $0.12 from pot
*** SUMMARY ***
Total pot $0.12 | Rake $0 
Board [9s Ks 6d 2d]
Seat 1: Almanza63 (small blind) folded on the Flop
Seat 2: perffect16 (big blind) folded on the Flop
Seat 3: fuealejandro folded before Flop (didn't bet)
Seat 4: FelipeScr1pt folded before Flop (didn't bet)
Seat 5: lbathayde folded before Flop (didn't bet)
Seat 6: DBA5 collected ($0.12)
Seat 7: Bdawgg17 folded before Flop (didn't bet)
Seat 8: Dr.RoccoPereira folded on the Turn
Seat 9: Dorex2007 (button) folded before Flop (didn't bet)



PokerStars Hand #237070656075:  Hold'em No Limit ($0.01/$0.02 USD) - 2022/06/29 21:20:40 PT [2022/06/30 0:20:40 ET]
Table 'Peacock' 9-max Seat #1 is the button
Seat 1: Almanza63 ($2.06 in chips) 
Seat 3: fuealejandro ($2.96 in chips) 
Seat 4: FelipeScr1pt ($4.11 in chips) 
Seat 5: lbathayde ($3.67 in chips) 
Seat 6: DBA5 ($1.68 in chips) 
Seat 7: Bdawgg17 ($1.12 in chips) 
Seat 8: Dr.RoccoPereira ($2.03 in chips) 
Seat 9: Dorex2007 ($2.27 in chips) 
perffect16 is disconnected 
perffect16 has timed out while disconnected
perffect16: is sitting out 
fuealejandro: posts small blind $0.01
FelipeScr1pt: posts big blind $0.02
*** HOLE CARDS ***
Dealt to Dorex2007 [8d Qs]
lbathayde: folds 
DBA5: folds 
Bdawgg17: folds 
lbathayde leaves the table
Dr.RoccoPereira: calls $0.02
Dorex2007: folds 
Almanza63: folds 
fuealejandro: folds 
FelipeScr1pt: checks 
*** FLOP *** [3h 4h 2c]
FelipeScr1pt: checks 
Dr.RoccoPereira: bets $0.66
FelipeScr1pt: folds 
Uncalled bet ($0.66) returned to Dr.RoccoPereira
Dr.RoccoPereira collected $0.05 from pot
*** SUMMARY ***
Total pot $0.05 | Rake $0 
Board [3h 4h 2c]
Seat 1: Almanza63 (button) folded before Flop (didn't bet)
Seat 3: fuealejandro (small blind) folded before Flop
Seat 4: FelipeScr1pt (big blind) folded on the Flop
Seat 5: lbathayde folded before Flop (didn't bet)
Seat 6: DBA5 folded before Flop (didn't bet)
Seat 7: Bdawgg17 folded before Flop (didn't bet)
Seat 8: Dr.RoccoPereira collected ($0.05)
Seat 9: Dorex2007 folded before Flop (didn't bet)



PokerStars Hand #237070662348:  Hold'em No Limit ($0.01/$0.02 USD) - 2022/06/29 21:21:33 PT [2022/06/30 0:21:33 ET]
Table 'Peacock' 9-max Seat #3 is the button
Seat 1: Almanza63 ($2.06 in chips) 
Seat 3: fuealejandro ($2.95 in chips) 
Seat 4: FelipeScr1pt ($4.09 in chips) 
Seat 6: DBA5 ($1.68 in chips) 
Seat 7: Bdawgg17 ($1.12 in chips) 
Seat 8: Dr.RoccoPereira ($2.06 in chips) 
Seat 9: Dorex2007 ($2.27 in chips) 
FelipeScr1pt: posts small blind $0.01
DBA5: posts big blind $0.02
perffect16: sits out 
*** HOLE CARDS ***
Dealt to Dorex2007 [6c 4h]
Bdawgg17: folds 
Dr.RoccoPereira: calls $0.02
Dorex2007: folds 
Almanza63: raises $0.03 to $0.05
fuealejandro: folds 
FelipeScr1pt: folds 
DBA5: calls $0.03
Dr.RoccoPereira: calls $0.03
*** FLOP *** [7d 6d 3d]
DBA5: checks 
Dr.RoccoPereira: bets $0.02
Almanza63: folds 
DBA5: folds 
Uncalled bet ($0.02) returned to Dr.RoccoPereira
Dr.RoccoPereira collected $0.15 from pot
*** SUMMARY ***
Total pot $0.16 | Rake $0.01 
Board [7d 6d 3d]
Seat 1: Almanza63 folded on the Flop
Seat 3: fuealejandro (button) folded before Flop (didn't bet)
Seat 4: FelipeScr1pt (small blind) folded before Flop
Seat 6: DBA5 (big blind) folded on the Flop
Seat 7: Bdawgg17 folded before Flop (didn't bet)
Seat 8: Dr.RoccoPereira collected ($0.15)
Seat 9: Dorex2007 folded before Flop (didn't bet)



PokerStars Hand #237070668469:  Hold'em No Limit ($0.01/$0.02 USD) - 2022/06/29 21:22:24 PT [2022/06/30 0:22:24 ET]
Table 'Peacock' 9-max Seat #4 is the button
Seat 1: Almanza63 ($2.01 in chips) 
Seat 2: perffect16 ($3.54 in chips) 
Seat 3: fuealejandro ($2.95 in chips) 
Seat 4: FelipeScr1pt ($4.08 in chips) 
Seat 6: DBA5 ($1.63 in chips) 
Seat 7: Bdawgg17 ($1.12 in chips) 
Seat 8: Dr.RoccoPereira ($2.16 in chips) 
Seat 9: Dorex2007 ($2.27 in chips) 
DBA5: posts small blind $0.01
Bdawgg17: posts big blind $0.02
perffect16: posts small blind $0.01
*** HOLE CARDS ***
Dealt to Dorex2007 [Ah Kd]
Dr.RoccoPereira: calls $0.02
Dorex2007: raises $0.04 to $0.06
Almanza63: folds 
Nakuru24 joins the table at seat #5 
perffect16 has timed out
perffect16: folds 
fuealejandro: folds 
FelipeScr1pt: folds 
DBA5: folds 
Bdawgg17: folds 
Dr.RoccoPereira: calls $0.04
*** FLOP *** [3c 4d Qh]
Dr.RoccoPereira: checks 
Dorex2007: checks 
*** TURN *** [3c 4d Qh] [Kc]
Dr.RoccoPereira: checks 
Dorex2007: bets $0.15
Dr.RoccoPereira: folds 
Uncalled bet ($0.15) returned to Dorex2007
Dorex2007 collected $0.15 from pot
*** SUMMARY ***
Total pot $0.16 | Rake $0.01 
Board [3c 4d Qh Kc]
Seat 1: Almanza63 folded before Flop (didn't bet)
Seat 2: perffect16 folded before Flop (didn't bet)
Seat 3: fuealejandro folded before Flop (didn't bet)
Seat 4: FelipeScr1pt (button) folded before Flop (didn't bet)
Seat 6: DBA5 (small blind) folded before Flop
Seat 7: Bdawgg17 (big blind) folded before Flop
Seat 8: Dr.RoccoPereira folded on the Turn
Seat 9: Dorex2007 collected ($0.15)



PokerStars Hand #237070674938:  Hold'em No Limit ($0.01/$0.02 USD) - 2022/06/29 21:23:17 PT [2022/06/30 0:23:17 ET]
Table 'Peacock' 9-max Seat #6 is the button
Seat 1: Almanza63 ($2.01 in chips) 
Seat 3: fuealejandro ($2.95 in chips) 
Seat 4: FelipeScr1pt ($4.08 in chips) 
Seat 5: Nakuru24 ($1.60 in chips) 
Seat 6: DBA5 ($1.62 in chips) 
Seat 7: Bdawgg17 ($1.10 in chips) 
Seat 8: Dr.RoccoPereira ($2.10 in chips) 
Seat 9: Dorex2007 ($2.36 in chips) 
Bdawgg17: posts small blind $0.01
Dr.RoccoPereira: posts big blind $0.02
Nakuru24: posts big blind $0.02
*** HOLE CARDS ***
Dealt to Dorex2007 [3h 4d]
Dorex2007: folds 
Almanza63: folds 
fuealejandro: raises $0.03 to $0.05
FelipeScr1pt: folds 
Nakuru24: folds 
DBA5: folds 
Bdawgg17: folds 
Dr.RoccoPereira: calls $0.03
*** FLOP *** [2s 8c 8s]
Dr.RoccoPereira: bets $0.02
fuealejandro: calls $0.02
*** TURN *** [2s 8c 8s] [3s]
Dr.RoccoPereira: bets $0.28
fuealejandro: folds 
Uncalled bet ($0.28) returned to Dr.RoccoPereira
Dr.RoccoPereira collected $0.16 from pot
*** SUMMARY ***
Total pot $0.17 | Rake $0.01 
Board [2s 8c 8s 3s]
Seat 1: Almanza63 folded before Flop (didn't bet)
Seat 3: fuealejandro folded on the Turn
Seat 4: FelipeScr1pt folded before Flop (didn't bet)
Seat 5: Nakuru24 folded before Flop (didn't bet)
Seat 6: DBA5 (button) folded before Flop (didn't bet)
Seat 7: Bdawgg17 (small blind) folded before Flop
Seat 8: Dr.RoccoPereira (big blind) collected ($0.16)
Seat 9: Dorex2007 folded before Flop (didn't bet)



PokerStars Hand #237070681535:  Hold'em No Limit ($0.01/$0.02 USD) - 2022/06/29 21:24:11 PT [2022/06/30 0:24:11 ET]
Table 'Peacock' 9-max Seat #7 is the button
Seat 1: Almanza63 ($2.01 in chips) 
Seat 2: perffect16 ($3.53 in chips) 
Seat 3: fuealejandro ($2.88 in chips) 
Seat 4: FelipeScr1pt ($4.08 in chips) 
Seat 5: Nakuru24 ($1.58 in chips) 
Seat 6: DBA5 ($1.62 in chips) 
Seat 7: Bdawgg17 ($1.09 in chips) 
Seat 8: Dr.RoccoPereira ($2.19 in chips) 
Seat 9: Dorex2007 ($2.36 in chips) 
Dr.RoccoPereira: posts small blind $0.01
Dorex2007: posts big blind $0.02
*** HOLE CARDS ***
Dealt to Dorex2007 [6c 3d]
Almanza63: raises $0.05 to $0.07
perffect16: raises $0.05 to $0.12
fuealejandro: folds 
FelipeScr1pt: folds 
Nakuru24: folds 
DBA5: folds 
Bdawgg17: folds 
Dr.RoccoPereira: calls $0.11
Dorex2007: folds 
Almanza63: calls $0.05
*** FLOP *** [2h 9h 4d]
Dr.RoccoPereira: bets $0.02
Almanza63: raises $0.19 to $0.21
perffect16: folds 
Dr.RoccoPereira: calls $0.19
*** TURN *** [2h 9h 4d] [5d]
Dr.RoccoPereira: checks 
Almanza63: bets $0.58
Dr.RoccoPereira: folds 
Uncalled bet ($0.58) returned to Almanza63
Almanza63 collected $0.77 from pot
*** SUMMARY ***
Total pot $0.80 | Rake $0.03 
Board [2h 9h 4d 5d]
Seat 1: Almanza63 collected ($0.77)
Seat 2: perffect16 folded on the Flop
Seat 3: fuealejandro folded before Flop (didn't bet)
Seat 4: FelipeScr1pt folded before Flop (didn't bet)
Seat 5: Nakuru24 folded before Flop (didn't bet)
Seat 6: DBA5 folded before Flop (didn't bet)
Seat 7: Bdawgg17 (button) folded before Flop (didn't bet)
Seat 8: Dr.RoccoPereira (small blind) folded on the Turn
Seat 9: Dorex2007 (big blind) folded before Flop



PokerStars Hand #237070692982:  Hold'em No Limit ($0.01/$0.02 USD) - 2022/06/29 21:25:46 PT [2022/06/30 0:25:46 ET]
Table 'Peacock' 9-max Seat #8 is the button
Seat 1: Almanza63 ($2.45 in chips) 
Seat 2: perffect16 ($3.41 in chips) 
Seat 3: fuealejandro ($2.88 in chips) 
Seat 4: FelipeScr1pt ($4.08 in chips) 
Seat 5: Nakuru24 ($1.58 in chips) 
Seat 6: DBA5 ($1.62 in chips) 
Seat 7: Bdawgg17 ($1.09 in chips) 
Seat 8: Dr.RoccoPereira ($1.86 in chips) 
Seat 9: Dorex2007 ($2.34 in chips) 
Dorex2007: posts small blind $0.01
Almanza63: posts big blind $0.02
*** HOLE CARDS ***
Dealt to Dorex2007 [9c Kd]
perffect16: folds 
fuealejandro: folds 
FelipeScr1pt: calls $0.02
Nakuru24: folds 
DBA5: calls $0.02
Bdawgg17: folds 
Dr.RoccoPereira: calls $0.02
Dorex2007: folds 
Almanza63: checks 
*** FLOP *** [Kc Ks Ad]
Almanza63: checks 
FelipeScr1pt: checks 
DBA5: checks 
Dr.RoccoPereira: bets $0.02
Almanza63: folds 
FelipeScr1pt: calls $0.02
DBA5: calls $0.02
*** TURN *** [Kc Ks Ad] [3d]
FelipeScr1pt: checks 
DBA5: checks 
Dr.RoccoPereira: bets $0.26
FelipeScr1pt: folds 
DBA5: calls $0.26
*** RIVER *** [Kc Ks Ad 3d] [4s]
DBA5: checks 
Dr.RoccoPereira: bets $0.76
DBA5: calls $0.76
*** SHOW DOWN ***
Dr.RoccoPereira: shows [Ac 9h] (two pair, Aces and Kings)
DBA5: shows [Kh 2h] (three of a kind, Kings)
DBA5 collected $2.11 from pot
*** SUMMARY ***
Total pot $2.19 | Rake $0.08 
Board [Kc Ks Ad 3d 4s]
Seat 1: Almanza63 (big blind) folded on the Flop
Seat 2: perffect16 folded before Flop (didn't bet)
Seat 3: fuealejandro folded before Flop (didn't bet)
Seat 4: FelipeScr1pt folded on the Turn
Seat 5: Nakuru24 folded before Flop (didn't bet)
Seat 6: DBA5 showed [Kh 2h] and won ($2.11) with three of a kind, Kings
Seat 7: Bdawgg17 folded before Flop (didn't bet)
Seat 8: Dr.RoccoPereira (button) showed [Ac 9h] and lost with two pair, Aces and Kings
Seat 9: Dorex2007 (small blind) folded before Flop



PokerStars Hand #237070701950:  Hold'em No Limit ($0.01/$0.02 USD) - 2022/06/29 21:27:01 PT [2022/06/30 0:27:01 ET]
Table 'Peacock' 9-max Seat #9 is the button
Seat 1: Almanza63 ($2.43 in chips) 
Seat 2: perffect16 ($3.41 in chips) 
Seat 3: fuealejandro ($2.88 in chips) 
Seat 4: FelipeScr1pt ($4.04 in chips) 
Seat 5: Nakuru24 ($1.58 in chips) 
Seat 6: DBA5 ($2.67 in chips) 
Seat 7: Bdawgg17 ($1.09 in chips) 
Seat 8: Dr.RoccoPereira ($0.80 in chips) 
Seat 9: Dorex2007 ($2.33 in chips) 
Almanza63: posts small blind $0.01
perffect16: posts big blind $0.02
*** HOLE CARDS ***
Dealt to Dorex2007 [3c 6h]
fuealejandro: raises $0.03 to $0.05
FelipeScr1pt: folds 
Nakuru24: folds 
DBA5: folds 
Bdawgg17: folds 
Dr.RoccoPereira: folds 
Dorex2007: folds 
Almanza63: calls $0.04
perffect16: folds 
*** FLOP *** [9h Th Ac]
Almanza63: checks 
fuealejandro: bets $0.06
Almanza63: folds 
Uncalled bet ($0.06) returned to fuealejandro
fuealejandro collected $0.12 from pot
*** SUMMARY ***
Total pot $0.12 | Rake $0 
Board [9h Th Ac]
Seat 1: Almanza63 (small blind) folded on the Flop
Seat 2: perffect16 (big blind) folded before Flop
Seat 3: fuealejandro collected ($0.12)
Seat 4: FelipeScr1pt folded before Flop (didn't bet)
Seat 5: Nakuru24 folded before Flop (didn't bet)
Seat 6: DBA5 folded before Flop (didn't bet)
Seat 7: Bdawgg17 folded before Flop (didn't bet)
Seat 8: Dr.RoccoPereira folded before Flop (didn't bet)
Seat 9: Dorex2007 (button) folded before Flop (didn't bet)



PokerStars Hand #237070706729:  Hold'em No Limit ($0.01/$0.02 USD) - 2022/06/29 21:27:40 PT [2022/06/30 0:27:40 ET]
Table 'Peacock' 9-max Seat #1 is the button
Seat 1: Almanza63 ($2.38 in chips) 
Seat 2: perffect16 ($3.39 in chips) 
Seat 3: fuealejandro ($2.95 in chips) 
Seat 4: FelipeScr1pt ($4.04 in chips) 
Seat 5: Nakuru24 ($1.58 in chips) 
Seat 6: DBA5 ($2.67 in chips) 
Seat 7: Bdawgg17 ($1.09 in chips) 
Seat 8: Dr.RoccoPereira ($0.80 in chips) 
Seat 9: Dorex2007 ($2.33 in chips) 
perffect16: posts small blind $0.01
fuealejandro: posts big blind $0.02
*** HOLE CARDS ***
Dealt to Dorex2007 [As 2s]
FelipeScr1pt: folds 
Nakuru24: folds 
DBA5: folds 
Bdawgg17: calls $0.02
Dr.RoccoPereira: calls $0.02
Dorex2007: calls $0.02
Almanza63: calls $0.02
perffect16: calls $0.01
fuealejandro: raises $0.10 to $0.12
Bdawgg17: folds 
Dr.RoccoPereira: calls $0.10
Dorex2007: folds 
Almanza63: folds 
perffect16: folds 
*** FLOP *** [7s 2h 4c]
fuealejandro: checks 
Dr.RoccoPereira: bets $0.68 and is all-in
fuealejandro: folds 
Uncalled bet ($0.68) returned to Dr.RoccoPereira
Dr.RoccoPereira collected $0.31 from pot
*** SUMMARY ***
Total pot $0.32 | Rake $0.01 
Board [7s 2h 4c]
Seat 1: Almanza63 (button) folded before Flop
Seat 2: perffect16 (small blind) folded before Flop
Seat 3: fuealejandro (big blind) folded on the Flop
Seat 4: FelipeScr1pt folded before Flop (didn't bet)
Seat 5: Nakuru24 folded before Flop (didn't bet)
Seat 6: DBA5 folded before Flop (didn't bet)
Seat 7: Bdawgg17 folded before Flop
Seat 8: Dr.RoccoPereira collected ($0.31)
Seat 9: Dorex2007 folded before Flop



PokerStars Hand #237070723479:  Hold'em No Limit ($0.01/$0.02 USD) - 2022/06/29 21:29:06 PT [2022/06/30 0:29:06 ET]
Table 'Peacock' 9-max Seat #2 is the button
Seat 1: Almanza63 ($2.36 in chips) 
Seat 2: perffect16 ($3.37 in chips) 
Seat 3: fuealejandro ($2.83 in chips) 
Seat 4: FelipeScr1pt ($4.04 in chips) 
Seat 5: Nakuru24 ($1.58 in chips) 
Seat 6: DBA5 ($2.67 in chips) 
Seat 7: Bdawgg17 ($1.07 in chips) 
Seat 8: Dr.RoccoPereira ($0.99 in chips) 
Seat 9: Dorex2007 ($2.31 in chips) 
fuealejandro: posts small blind $0.01
FelipeScr1pt: posts big blind $0.02
*** HOLE CARDS ***
Dealt to Dorex2007 [2s 8c]
Nakuru24: folds 
DBA5: folds 
Bdawgg17: folds 
Dr.RoccoPereira: calls $0.02
Dorex2007: folds 
Almanza63: folds 
perffect16: raises $0.04 to $0.06
fuealejandro: folds 
FelipeScr1pt: folds 
Dr.RoccoPereira: calls $0.04
*** FLOP *** [Kc 2c 2d]
Dr.RoccoPereira: checks 
FelipeScr1pt leaves the table
perffect16: bets $0.07
Dr.RoccoPereira: folds 
Uncalled bet ($0.07) returned to perffect16
perffect16 collected $0.14 from pot
*** SUMMARY ***
Total pot $0.15 | Rake $0.01 
Board [Kc 2c 2d]
Seat 1: Almanza63 folded before Flop (didn't bet)
Seat 2: perffect16 (button) collected ($0.14)
Seat 3: fuealejandro (small blind) folded before Flop
Seat 4: FelipeScr1pt (big blind) folded before Flop
Seat 5: Nakuru24 folded before Flop (didn't bet)
Seat 6: DBA5 folded before Flop (didn't bet)
Seat 7: Bdawgg17 folded before Flop (didn't bet)
Seat 8: Dr.RoccoPereira folded on the Flop
Seat 9: Dorex2007 folded before Flop (didn't bet)



PokerStars Hand #237070729050:  Hold'em No Limit ($0.01/$0.02 USD) - 2022/06/29 21:29:52 PT [2022/06/30 0:29:52 ET]
Table 'Peacock' 9-max Seat #3 is the button
Seat 1: Almanza63 ($2.36 in chips) 
Seat 2: perffect16 ($3.45 in chips) 
Seat 3: fuealejandro ($2.82 in chips) 
Seat 5: Nakuru24 ($1.58 in chips) 
Seat 6: DBA5 ($2.67 in chips) 
Seat 7: Bdawgg17 ($1.07 in chips) 
Seat 8: Dr.RoccoPereira ($0.93 in chips) 
Seat 9: Dorex2007 ($2.31 in chips) 
Nakuru24: posts small blind $0.01
Tarmans joins the table at seat #4 
DBA5: posts big blind $0.02
*** HOLE CARDS ***
Dealt to Dorex2007 [Ah 8c]
Bdawgg17: folds 
Dr.RoccoPereira: calls $0.02
Dorex2007: folds 
Almanza63: folds 
perffect16: folds 
fuealejandro: folds 
Nakuru24: calls $0.01
DBA5: checks 
*** FLOP *** [Ts 2d Td]
Nakuru24: checks 
DBA5: checks 
Dr.RoccoPereira: bets $0.02
Nakuru24: raises $0.02 to $0.04
DBA5: folds 
Dr.RoccoPereira: calls $0.02
*** TURN *** [Ts 2d Td] [6h]
Nakuru24: checks 
Dr.RoccoPereira: bets $0.02
Nakuru24: raises $0.02 to $0.04
Dr.RoccoPereira: calls $0.02
*** RIVER *** [Ts 2d Td 6h] [Ad]
Nakuru24: bets $0.04
Dr.RoccoPereira: raises $0.79 to $0.83 and is all-in
Nakuru24: folds 
Uncalled bet ($0.79) returned to Dr.RoccoPereira
Dr.RoccoPereira collected $0.29 from pot
*** SUMMARY ***
Total pot $0.30 | Rake $0.01 
Board [Ts 2d Td 6h Ad]
Seat 1: Almanza63 folded before Flop (didn't bet)
Seat 2: perffect16 folded before Flop (didn't bet)
Seat 3: fuealejandro (button) folded before Flop (didn't bet)
Seat 5: Nakuru24 (small blind) folded on the River
Seat 6: DBA5 (big blind) folded on the Flop
Seat 7: Bdawgg17 folded before Flop (didn't bet)
Seat 8: Dr.RoccoPereira collected ($0.29)
Seat 9: Dorex2007 folded before Flop (didn't bet)



PokerStars Hand #237070738673:  Hold'em No Limit ($0.01/$0.02 USD) - 2022/06/29 21:31:12 PT [2022/06/30 0:31:12 ET]
Table 'Peacock' 9-max Seat #5 is the button
Seat 1: Almanza63 ($2.36 in chips) 
Seat 2: perffect16 ($3.45 in chips) 
Seat 3: fuealejandro ($2.82 in chips) 
Seat 4: Tarmans ($1.40 in chips) 
Seat 5: Nakuru24 ($1.44 in chips) 
Seat 6: DBA5 ($2.65 in chips) 
Seat 7: Bdawgg17 ($1.07 in chips) 
Seat 8: Dr.RoccoPereira ($1.08 in chips) 
Seat 9: Dorex2007 ($2.31 in chips) 
DBA5: posts small blind $0.01
Bdawgg17: posts big blind $0.02
Tarmans: posts big blind $0.02
*** HOLE CARDS ***
Dealt to Dorex2007 [Jc 9s]
Dr.RoccoPereira: calls $0.02
Dorex2007: folds 
Almanza63: raises $0.06 to $0.08
perffect16: folds 
fuealejandro: folds 
Tarmans: folds 
Nakuru24: folds 
DBA5: folds 
Bdawgg17: folds 
Dr.RoccoPereira: calls $0.06
*** FLOP *** [9h 3s 4d]
Dr.RoccoPereira: bets $0.02
Almanza63: calls $0.02
*** TURN *** [9h 3s 4d] [9d]
Dr.RoccoPereira: bets $0.02
Almanza63: raises $0.17 to $0.19
Dr.RoccoPereira: raises $0.17 to $0.36
Almanza63: calls $0.17
*** RIVER *** [9h 3s 4d 9d] [Qh]
Dr.RoccoPereira: bets $0.62 and is all-in
Almanza63: folds 
Uncalled bet ($0.62) returned to Dr.RoccoPereira
Dr.RoccoPereira collected $0.94 from pot
*** SUMMARY ***
Total pot $0.97 | Rake $0.03 
Board [9h 3s 4d 9d Qh]
Seat 1: Almanza63 folded on the River
Seat 2: perffect16 folded before Flop (didn't bet)
Seat 3: fuealejandro folded before Flop (didn't bet)
Seat 4: Tarmans folded before Flop (didn't bet)
Seat 5: Nakuru24 (button) folded before Flop (didn't bet)
Seat 6: DBA5 (small blind) folded before Flop
Seat 7: Bdawgg17 (big blind) folded before Flop
Seat 8: Dr.RoccoPereira collected ($0.94)
Seat 9: Dorex2007 folded before Flop (didn't bet)



PokerStars Hand #237070747131:  Hold'em No Limit ($0.01/$0.02 USD) - 2022/06/29 21:32:24 PT [2022/06/30 0:32:24 ET]
Table 'Peacock' 9-max Seat #6 is the button
Seat 1: Almanza63 ($1.90 in chips) 
Seat 2: perffect16 ($3.45 in chips) 
Seat 3: fuealejandro ($2.82 in chips) 
Seat 4: Tarmans ($1.40 in chips) 
Seat 5: Nakuru24 ($1.44 in chips) 
Seat 6: DBA5 ($2.64 in chips) 
Seat 7: Bdawgg17 ($1.05 in chips) 
Seat 8: Dr.RoccoPereira ($1.56 in chips) 
Seat 9: Dorex2007 ($2.31 in chips) 
Bdawgg17: posts small blind $0.01
Dr.RoccoPereira: posts big blind $0.02
*** HOLE CARDS ***
Dealt to Dorex2007 [4c Qd]
Dorex2007: folds 
Almanza63: raises $0.03 to $0.05
perffect16: folds 
fuealejandro: folds 
Tarmans: folds 
Nakuru24: folds 
DBA5: folds 
Bdawgg17: folds 
Dr.RoccoPereira: folds 
Uncalled bet ($0.03) returned to Almanza63
Almanza63 collected $0.05 from pot
*** SUMMARY ***
Total pot $0.05 | Rake $0 
Seat 1: Almanza63 collected ($0.05)
Seat 2: perffect16 folded before Flop (didn't bet)
Seat 3: fuealejandro folded before Flop (didn't bet)
Seat 4: Tarmans folded before Flop (didn't bet)
Seat 5: Nakuru24 folded before Flop (didn't bet)
Seat 6: DBA5 (button) folded before Flop (didn't bet)
Seat 7: Bdawgg17 (small blind) folded before Flop
Seat 8: Dr.RoccoPereira (big blind) folded before Flop
Seat 9: Dorex2007 folded before Flop (didn't bet)



PokerStars Hand #237070750645:  Hold'em No Limit ($0.01/$0.02 USD) - 2022/06/29 21:32:54 PT [2022/06/30 0:32:54 ET]
Table 'Peacock' 9-max Seat #7 is the button
Seat 1: Almanza63 ($2 in chips) 
Seat 2: perffect16 ($3.45 in chips) 
Seat 3: fuealejandro ($2.82 in chips) 
Seat 4: Tarmans ($1.40 in chips) 
Seat 5: Nakuru24 ($1.44 in chips) 
Seat 6: DBA5 ($2.64 in chips) 
Seat 7: Bdawgg17 ($1.04 in chips) 
Seat 8: Dr.RoccoPereira ($1.54 in chips) 
Seat 9: Dorex2007 ($2.31 in chips) 
Dr.RoccoPereira: posts small blind $0.01
Dorex2007: posts big blind $0.02
*** HOLE CARDS ***
Dealt to Dorex2007 [6s 4c]
Almanza63: folds 
perffect16: folds 
fuealejandro: folds 
Tarmans: folds 
Nakuru24: calls $0.02
DBA5: calls $0.02
Bdawgg17: folds 
Dr.RoccoPereira: calls $0.01
Dorex2007: checks 
*** FLOP *** [4h 3d 7h]
Dr.RoccoPereira: bets $0.02
Dorex2007: calls $0.02
Nakuru24: folds 
DBA5: calls $0.02
*** TURN *** [4h 3d 7h] [8s]
Dr.RoccoPereira: bets $0.02
Dorex2007: calls $0.02
DBA5: calls $0.02
*** RIVER *** [4h 3d 7h 8s] [Qh]
Dr.RoccoPereira: bets $0.02
Dorex2007: folds 
DBA5: calls $0.02
*** SHOW DOWN ***
Dr.RoccoPereira: shows [6d 4s] (a pair of Fours)
DBA5: mucks hand 
Dr.RoccoPereira collected $0.23 from pot
*** SUMMARY ***
Total pot $0.24 | Rake $0.01 
Board [4h 3d 7h 8s Qh]
Seat 1: Almanza63 folded before Flop (didn't bet)
Seat 2: perffect16 folded before Flop (didn't bet)
Seat 3: fuealejandro folded before Flop (didn't bet)
Seat 4: Tarmans folded before Flop (didn't bet)
Seat 5: Nakuru24 folded on the Flop
Seat 6: DBA5 mucked [Ac 9s]
Seat 7: Bdawgg17 (button) folded before Flop (didn't bet)
Seat 8: Dr.RoccoPereira (small blind) showed [6d 4s] and won ($0.23) with a pair of Fours
Seat 9: Dorex2007 (big blind) folded on the River



PokerStars Hand #237070757717:  Hold'em No Limit ($0.01/$0.02 USD) - 2022/06/29 21:33:54 PT [2022/06/30 0:33:54 ET]
Table 'Peacock' 9-max Seat #8 is the button
Seat 1: Almanza63 ($2 in chips) 
Seat 2: perffect16 ($3.45 in chips) 
Seat 3: fuealejandro ($2.82 in chips) 
Seat 4: Tarmans ($1.40 in chips) 
Seat 5: Nakuru24 ($1.42 in chips) 
Seat 6: DBA5 ($2.56 in chips) 
Seat 7: Bdawgg17 ($1.04 in chips) 
Seat 8: Dr.RoccoPereira ($1.69 in chips) 
Seat 9: Dorex2007 ($2.25 in chips) 
Dorex2007: posts small blind $0.01
Almanza63: posts big blind $0.02
*** HOLE CARDS ***
Dealt to Dorex2007 [2d Jc]
perffect16: calls $0.02
fuealejandro: folds 
Tarmans: folds 
Nakuru24: calls $0.02
DBA5: calls $0.02
Bdawgg17: folds 
Dr.RoccoPereira: calls $0.02
Dorex2007: folds 
Almanza63: checks 
*** FLOP *** [8s 6h 5h]
Almanza63: checks 
perffect16: checks 
Nakuru24: checks 
DBA5: checks 
Dr.RoccoPereira: bets $0.02
Almanza63: folds 
perffect16: raises $0.02 to $0.04
Nakuru24: folds 
DBA5: calls $0.04
Dr.RoccoPereira: raises $0.02 to $0.06
perffect16: calls $0.02
DBA5: calls $0.02
*** TURN *** [8s 6h 5h] [8c]
perffect16: checks 
DBA5: checks 
Dr.RoccoPereira: bets $0.02
perffect16: calls $0.02
DBA5: calls $0.02
*** RIVER *** [8s 6h 5h 8c] [3h]
perffect16: checks 
DBA5: checks 
Dr.RoccoPereira: bets $1.59 and is all-in
perffect16: folds 
DBA5: folds 
Uncalled bet ($1.59) returned to Dr.RoccoPereira
Dr.RoccoPereira collected $0.34 from pot
*** SUMMARY ***
Total pot $0.35 | Rake $0.01 
Board [8s 6h 5h 8c 3h]
Seat 1: Almanza63 (big blind) folded on the Flop
Seat 2: perffect16 folded on the River
Seat 3: fuealejandro folded before Flop (didn't bet)
Seat 4: Tarmans folded before Flop (didn't bet)
Seat 5: Nakuru24 folded on the Flop
Seat 6: DBA5 folded on the River
Seat 7: Bdawgg17 folded before Flop (didn't bet)
Seat 8: Dr.RoccoPereira (button) collected ($0.34)
Seat 9: Dorex2007 (small blind) folded before Flop



PokerStars Hand #237070771669:  Hold'em No Limit ($0.01/$0.02 USD) - 2022/06/29 21:35:51 PT [2022/06/30 0:35:51 ET]
Table 'Peacock' 9-max Seat #9 is the button
Seat 1: Almanza63 ($1.98 in chips) 
Seat 2: perffect16 ($3.35 in chips) 
Seat 3: fuealejandro ($2.82 in chips) 
Seat 4: Tarmans ($1.40 in chips) 
Seat 5: Nakuru24 ($1.40 in chips) 
Seat 6: DBA5 ($2.46 in chips) 
Seat 7: Bdawgg17 ($1.04 in chips) 
Seat 8: Dr.RoccoPereira ($1.93 in chips) 
Seat 9: Dorex2007 ($2.24 in chips) 
Almanza63: posts small blind $0.01
perffect16: posts big blind $0.02
*** HOLE CARDS ***
Dealt to Dorex2007 [6c 7h]
fuealejandro: folds 
Tarmans: folds 
Nakuru24: folds 
DBA5: folds 
Bdawgg17: folds 
Dr.RoccoPereira: calls $0.02
Dorex2007: folds 
Almanza63: folds 
perffect16: checks 
*** FLOP *** [7c 2s Qc]
perffect16: checks 
Dr.RoccoPereira: checks 
*** TURN *** [7c 2s Qc] [Qh]
perffect16: checks 
Dr.RoccoPereira: checks 
*** RIVER *** [7c 2s Qc Qh] [7d]
perffect16: bets $0.05
Dr.RoccoPereira: calls $0.05
*** SHOW DOWN ***
perffect16: shows [7s 5h] (a full house, Sevens full of Queens)
Dr.RoccoPereira: mucks hand 
perffect16 collected $0.14 from pot
*** SUMMARY ***
Total pot $0.15 | Rake $0.01 
Board [7c 2s Qc Qh 7d]
Seat 1: Almanza63 (small blind) folded before Flop
Seat 2: perffect16 (big blind) showed [7s 5h] and won ($0.14) with a full house, Sevens full of Queens
Seat 3: fuealejandro folded before Flop (didn't bet)
Seat 4: Tarmans folded before Flop (didn't bet)
Seat 5: Nakuru24 folded before Flop (didn't bet)
Seat 6: DBA5 folded before Flop (didn't bet)
Seat 7: Bdawgg17 folded before Flop (didn't bet)
Seat 8: Dr.RoccoPereira mucked [Js 5s]
Seat 9: Dorex2007 (button) folded before Flop (didn't bet)



PokerStars Hand #237070777844:  Hold'em No Limit ($0.01/$0.02 USD) - 2022/06/29 21:36:44 PT [2022/06/30 0:36:44 ET]
Table 'Peacock' 9-max Seat #1 is the button
Seat 1: Almanza63 ($1.97 in chips) 
Seat 2: perffect16 ($3.42 in chips) 
Seat 3: fuealejandro ($2.82 in chips) 
Seat 4: Tarmans ($1.40 in chips) 
Seat 5: Nakuru24 ($1.40 in chips) 
Seat 6: DBA5 ($2.46 in chips) 
Seat 7: Bdawgg17 ($1.04 in chips) 
Seat 8: Dr.RoccoPereira ($1.86 in chips) 
Seat 9: Dorex2007 ($2.24 in chips) 
perffect16: posts small blind $0.01
fuealejandro: posts big blind $0.02
*** HOLE CARDS ***
Dealt to Dorex2007 [Ad 5c]
Tarmans: folds 
Nakuru24: calls $0.02
DBA5: calls $0.02
Bdawgg17: folds 
Dr.RoccoPereira: folds 
Dorex2007: folds 
Almanza63: folds 
perffect16: calls $0.01
fuealejandro: checks 
*** FLOP *** [Jd 8h 2d]
perffect16: bets $0.08
fuealejandro: folds 
Nakuru24: calls $0.08
DBA5: folds 
*** TURN *** [Jd 8h 2d] [6d]
perffect16: checks 
Nakuru24: bets $0.08
perffect16: calls $0.08
*** RIVER *** [Jd 8h 2d 6d] [6s]
perffect16: checks 
Nakuru24: checks 
*** SHOW DOWN ***
perffect16: shows [8d Jh] (two pair, Jacks and Eights)
Nakuru24: mucks hand 
perffect16 collected $0.39 from pot
*** SUMMARY ***
Total pot $0.40 | Rake $0.01 
Board [Jd 8h 2d 6d 6s]
Seat 1: Almanza63 (button) folded before Flop (didn't bet)
Seat 2: perffect16 (small blind) showed [8d Jh] and won ($0.39) with two pair, Jacks and Eights
Seat 3: fuealejandro (big blind) folded on the Flop
Seat 4: Tarmans folded before Flop (didn't bet)
Seat 5: Nakuru24 mucked [Ts Td]
Seat 6: DBA5 folded on the Flop
Seat 7: Bdawgg17 folded before Flop (didn't bet)
Seat 8: Dr.RoccoPereira folded before Flop (didn't bet)
Seat 9: Dorex2007 folded before Flop (didn't bet)



PokerStars Hand #237070792479:  Hold'em No Limit ($0.01/$0.02 USD) - 2022/06/29 21:37:34 PT [2022/06/30 0:37:34 ET]
Table 'Peacock' 9-max Seat #2 is the button
Seat 1: Almanza63 ($1.97 in chips) 
Seat 2: perffect16 ($3.63 in chips) 
Seat 3: fuealejandro ($2.80 in chips) 
Seat 4: Tarmans ($1.40 in chips) 
Seat 5: Nakuru24 ($1.22 in chips) 
Seat 6: DBA5 ($2.44 in chips) 
Seat 7: Bdawgg17 ($1.04 in chips) 
Seat 8: Dr.RoccoPereira ($1.86 in chips) 
Seat 9: Dorex2007 ($2.24 in chips) 
fuealejandro: posts small blind $0.01
Tarmans: posts big blind $0.02
*** HOLE CARDS ***
Dealt to Dorex2007 [7c 5h]
Nakuru24: folds 
DBA5: folds 
Bdawgg17: folds 
Dr.RoccoPereira: folds 
Dorex2007: folds 
Almanza63: folds 
perffect16: calls $0.02
fuealejandro: folds 
Tarmans: checks 
*** FLOP *** [5c Kc 9c]
Tarmans: checks 
perffect16: checks 
*** TURN *** [5c Kc 9c] [8h]
Tarmans: checks 
perffect16: bets $0.02
Tarmans: folds 
Uncalled bet ($0.02) returned to perffect16
perffect16 collected $0.05 from pot
*** SUMMARY ***
Total pot $0.05 | Rake $0 
Board [5c Kc 9c 8h]
Seat 1: Almanza63 folded before Flop (didn't bet)
Seat 2: perffect16 (button) collected ($0.05)
Seat 3: fuealejandro (small blind) folded before Flop
Seat 4: Tarmans (big blind) folded on the Turn
Seat 5: Nakuru24 folded before Flop (didn't bet)
Seat 6: DBA5 folded before Flop (didn't bet)
Seat 7: Bdawgg17 folded before Flop (didn't bet)
Seat 8: Dr.RoccoPereira folded before Flop (didn't bet)
Seat 9: Dorex2007 folded before Flop (didn't bet)



PokerStars Hand #237070797583:  Hold'em No Limit ($0.01/$0.02 USD) - 2022/06/29 21:38:18 PT [2022/06/30 0:38:18 ET]
Table 'Peacock' 9-max Seat #3 is the button
Seat 1: Almanza63 ($1.97 in chips) 
Seat 2: perffect16 ($3.66 in chips) 
Seat 3: fuealejandro ($2.79 in chips) 
Seat 4: Tarmans ($1.40 in chips) 
Seat 5: Nakuru24 ($1.22 in chips) 
Seat 6: DBA5 ($2.44 in chips) 
Seat 7: Bdawgg17 ($1.04 in chips) 
Seat 8: Dr.RoccoPereira ($1.86 in chips) 
Seat 9: Dorex2007 ($2.24 in chips) 
Tarmans: posts small blind $0.01
Nakuru24: posts big blind $0.02
*** HOLE CARDS ***
Dealt to Dorex2007 [8s 7h]
DBA5: folds 
Bdawgg17: folds 
Dr.RoccoPereira: calls $0.02
Dorex2007: folds 
Almanza63: folds 
perffect16: calls $0.02
fuealejandro: folds 
Tarmans: folds 
Nakuru24: checks 
*** FLOP *** [Kd Jc 3d]
Nakuru24: checks 
Dr.RoccoPereira: bets $0.02
perffect16: folds 
Nakuru24: calls $0.02
*** TURN *** [Kd Jc 3d] [6c]
Nakuru24: checks 
Dr.RoccoPereira: checks 
*** RIVER *** [Kd Jc 3d 6c] [Ac]
Nakuru24: bets $0.02
Dr.RoccoPereira: calls $0.02
*** SHOW DOWN ***
Nakuru24: shows [Jd Tc] (a pair of Jacks)
Dr.RoccoPereira: mucks hand 
Nakuru24 collected $0.14 from pot
*** SUMMARY ***
Total pot $0.15 | Rake $0.01 
Board [Kd Jc 3d 6c Ac]
Seat 1: Almanza63 folded before Flop (didn't bet)
Seat 2: perffect16 folded on the Flop
Seat 3: fuealejandro (button) folded before Flop (didn't bet)
Seat 4: Tarmans (small blind) folded before Flop
Seat 5: Nakuru24 (big blind) showed [Jd Tc] and won ($0.14) with a pair of Jacks
Seat 6: DBA5 folded before Flop (didn't bet)
Seat 7: Bdawgg17 folded before Flop (didn't bet)
Seat 8: Dr.RoccoPereira mucked [4h 4c]
Seat 9: Dorex2007 folded before Flop (didn't bet)



PokerStars Hand #237070803765:  Hold'em No Limit ($0.01/$0.02 USD) - 2022/06/29 21:39:11 PT [2022/06/30 0:39:11 ET]
Table 'Peacock' 9-max Seat #4 is the button
Seat 1: Almanza63 ($1.97 in chips) 
Seat 2: perffect16 ($3.64 in chips) 
Seat 3: fuealejandro ($2.79 in chips) 
Seat 4: Tarmans ($1.40 in chips) 
Seat 5: Nakuru24 ($1.30 in chips) 
Seat 6: DBA5 ($2.44 in chips) 
Seat 7: Bdawgg17 ($1.04 in chips) 
Seat 8: Dr.RoccoPereira ($1.80 in chips) 
Seat 9: Dorex2007 ($2.24 in chips) 
Nakuru24: posts small blind $0.01
DBA5: posts big blind $0.02
*** HOLE CARDS ***
Dealt to Dorex2007 [Th 8d]
Bdawgg17: folds 
Dr.RoccoPereira: calls $0.02
Dorex2007: folds 
Almanza63: raises $0.03 to $0.05
perffect16: folds 
fuealejandro: folds 
Tarmans: folds 
Nakuru24: folds 
DBA5: folds 
Dr.RoccoPereira: calls $0.03
*** FLOP *** [8s 5s 4s]
Dr.RoccoPereira: checks 
Almanza63: checks 
*** TURN *** [8s 5s 4s] [Ts]
Dr.RoccoPereira: checks 
Almanza63: checks 
*** RIVER *** [8s 5s 4s Ts] [Jh]
Dr.RoccoPereira: checks 
Almanza63: checks 
*** SHOW DOWN ***
Dr.RoccoPereira: shows [6h Qd] (high card Queen)
Almanza63: shows [Jc Kh] (a pair of Jacks)
Almanza63 collected $0.13 from pot
*** SUMMARY ***
Total pot $0.13 | Rake $0 
Board [8s 5s 4s Ts Jh]
Seat 1: Almanza63 showed [Jc Kh] and won ($0.13) with a pair of Jacks
Seat 2: perffect16 folded before Flop (didn't bet)
Seat 3: fuealejandro folded before Flop (didn't bet)
Seat 4: Tarmans (button) folded before Flop (didn't bet)
Seat 5: Nakuru24 (small blind) folded before Flop
Seat 6: DBA5 (big blind) folded before Flop
Seat 7: Bdawgg17 folded before Flop (didn't bet)
Seat 8: Dr.RoccoPereira showed [6h Qd] and lost with high card Queen
Seat 9: Dorex2007 folded before Flop (didn't bet)



