PokerStars Hand #230414924496:  Hold'em No Limit ($0.01/$0.02 USD) - 2021/10/06 22:16:02 PT [2021/10/07 1:16:02 ET]
Table 'Massalia II' 9-max Seat #3 is the button
Seat 1: Dorex2007 ($2 in chips) 
Seat 2: bobi_armani ($2.06 in chips) 
Seat 3: PokerMedo ($2 in chips) 
Seat 4: 1Payou ($2.03 in chips) 
Seat 5: fisherman_loz ($2.15 in chips) 
Seat 6: JuanDiego7 ($5.93 in chips) 
Seat 7: woffinden1 ($1.79 in chips) 
Seat 8: Thunderbird65 ($1.98 in chips) 
Seat 9: edvards92 ($3.90 in chips) 
1Payou: posts small blind $0.01
fisherman_loz: posts big blind $0.02
Dorex2007: posts big blind $0.02
*** HOLE CARDS ***
Dealt to Dorex2007 [6s Th]
JuanDiego7: raises $0.02 to $0.04
woffinden1: folds 
Thunderbird65: folds 
edvards92: folds 
Dorex2007: folds 
bobi_armani: folds 
PokerMedo: folds 
1Payou: folds 
fisherman_loz: calls $0.02
*** FLOP *** [Ts Ac 5s]
fisherman_loz: checks 
JuanDiego7: checks 
*** TURN *** [Ts Ac 5s] [Qd]
fisherman_loz: checks 
JuanDiego7: bets $0.04
fisherman_loz: folds 
Uncalled bet ($0.04) returned to JuanDiego7
JuanDiego7 collected $0.11 from pot
JuanDiego7: doesn't show hand 
*** SUMMARY ***
Total pot $0.11 | Rake $0 
Board [Ts Ac 5s Qd]
Seat 1: Dorex2007 folded before Flop (didn't bet)
Seat 2: bobi_armani folded before Flop (didn't bet)
Seat 3: PokerMedo (button) folded before Flop (didn't bet)
Seat 4: 1Payou (small blind) folded before Flop
Seat 5: fisherman_loz (big blind) folded on the Turn
Seat 6: JuanDiego7 collected ($0.11)
Seat 7: woffinden1 folded before Flop (didn't bet)
Seat 8: Thunderbird65 folded before Flop (didn't bet)
Seat 9: edvards92 folded before Flop (didn't bet)



PokerStars Hand #230414928982:  Hold'em No Limit ($0.01/$0.02 USD) - 2021/10/06 22:16:37 PT [2021/10/07 1:16:37 ET]
Table 'Massalia II' 9-max Seat #4 is the button
Seat 1: Dorex2007 ($1.98 in chips) 
Seat 2: bobi_armani ($2.06 in chips) 
Seat 3: PokerMedo ($2 in chips) 
Seat 4: 1Payou ($2.02 in chips) 
Seat 5: fisherman_loz ($2.11 in chips) 
Seat 6: JuanDiego7 ($6 in chips) 
Seat 7: woffinden1 ($1.79 in chips) 
Seat 8: Thunderbird65 ($1.98 in chips) 
Seat 9: edvards92 ($3.90 in chips) 
fisherman_loz: posts small blind $0.01
JuanDiego7: posts big blind $0.02
*** HOLE CARDS ***
Dealt to Dorex2007 [5h 3d]
woffinden1: folds 
Thunderbird65: raises $0.02 to $0.04
edvards92: folds 
Dorex2007: folds 
bobi_armani: calls $0.04
PokerMedo: folds 
1Payou: calls $0.04
fisherman_loz: folds 
JuanDiego7: calls $0.02
*** FLOP *** [Ks 3c 8d]
JuanDiego7: checks 
Thunderbird65: bets $0.08
bobi_armani: folds 
1Payou: folds 
JuanDiego7: folds 
Uncalled bet ($0.08) returned to Thunderbird65
JuanDiego7 leaves the table
Thunderbird65 collected $0.16 from pot
Thunderbird65: doesn't show hand 
*** SUMMARY ***
Total pot $0.17 | Rake $0.01 
Board [Ks 3c 8d]
Seat 1: Dorex2007 folded before Flop (didn't bet)
Seat 2: bobi_armani folded on the Flop
Seat 3: PokerMedo folded before Flop (didn't bet)
Seat 4: 1Payou (button) folded on the Flop
Seat 5: fisherman_loz (small blind) folded before Flop
Seat 6: JuanDiego7 (big blind) folded on the Flop
Seat 7: woffinden1 folded before Flop (didn't bet)
Seat 8: Thunderbird65 collected ($0.16)
Seat 9: edvards92 folded before Flop (didn't bet)



PokerStars Hand #230414934801:  Hold'em No Limit ($0.01/$0.02 USD) - 2021/10/06 22:17:21 PT [2021/10/07 1:17:21 ET]
Table 'Massalia II' 9-max Seat #5 is the button
Seat 1: Dorex2007 ($1.98 in chips) 
Seat 2: bobi_armani ($2.02 in chips) 
Seat 3: PokerMedo ($2 in chips) 
Seat 4: 1Payou ($1.98 in chips) 
Seat 5: fisherman_loz ($2.10 in chips) 
Seat 7: woffinden1 ($1.79 in chips) 
Seat 8: Thunderbird65 ($2.10 in chips) 
Seat 9: edvards92 ($3.90 in chips) 
woffinden1: posts small blind $0.01
Thunderbird65: posts big blind $0.02
*** HOLE CARDS ***
Dealt to Dorex2007 [Jd 8s]
edvards92: folds 
Dorex2007: folds 
bobi_armani: calls $0.02
PokerMedo: folds 
1Payou: folds 
1Payou leaves the table
fisherman_loz: raises $0.02 to $0.04
woffinden1: folds 
Thunderbird65: calls $0.02
bobi_armani: calls $0.02
*** FLOP *** [7h 2s 9h]
Thunderbird65: checks 
bobi_armani: checks 
fisherman_loz: checks 
*** TURN *** [7h 2s 9h] [Js]
Thunderbird65: bets $0.02
bobi_armani: raises $0.02 to $0.04
fisherman_loz: calls $0.04
Thunderbird65: folds 
*** RIVER *** [7h 2s 9h Js] [Ac]
bobi_armani: bets $0.22
fisherman_loz: calls $0.22
*** SHOW DOWN ***
bobi_armani: shows [9d 7s] (two pair, Nines and Sevens)
fisherman_loz: mucks hand 
bobi_armani collected $0.65 from pot
*** SUMMARY ***
Total pot $0.67 | Rake $0.02 
Board [7h 2s 9h Js Ac]
Seat 1: Dorex2007 folded before Flop (didn't bet)
Seat 2: bobi_armani showed [9d 7s] and won ($0.65) with two pair, Nines and Sevens
Seat 3: PokerMedo folded before Flop (didn't bet)
Seat 4: 1Payou folded before Flop (didn't bet)
Seat 5: fisherman_loz (button) mucked [Jc Ts]
Seat 7: woffinden1 (small blind) folded before Flop
Seat 8: Thunderbird65 (big blind) folded on the Turn
Seat 9: edvards92 folded before Flop (didn't bet)



PokerStars Hand #230414943274:  Hold'em No Limit ($0.01/$0.02 USD) - 2021/10/06 22:18:27 PT [2021/10/07 1:18:27 ET]
Table 'Massalia II' 9-max Seat #7 is the button
Seat 1: Dorex2007 ($1.98 in chips) 
Seat 2: bobi_armani ($2.37 in chips) 
Seat 3: PokerMedo ($2 in chips) 
Seat 5: fisherman_loz ($1.80 in chips) 
Seat 7: woffinden1 ($1.78 in chips) 
Seat 8: Thunderbird65 ($2.04 in chips) 
Seat 9: edvards92 ($3.90 in chips) 
Thunderbird65: posts small blind $0.01
edvards92: posts big blind $0.02
*** HOLE CARDS ***
Dealt to Dorex2007 [3c 5d]
Dorex2007: folds 
bobi_armani: calls $0.02
PokerMedo: calls $0.02
fisherman_loz: folds 
woffinden1: raises $0.08 to $0.10
Thunderbird65: folds 
edvards92: folds 
bobi_armani: calls $0.08
PokerMedo: calls $0.08
*** FLOP *** [4d 8d 7h]
bobi_armani: checks 
PokerMedo: checks 
woffinden1: checks 
*** TURN *** [4d 8d 7h] [Qs]
bobi_armani: checks 
PokerMedo: checks 
woffinden1: bets $0.16
bobi_armani: folds 
PokerMedo: folds 
Uncalled bet ($0.16) returned to woffinden1
woffinden1 collected $0.32 from pot
woffinden1: doesn't show hand 
*** SUMMARY ***
Total pot $0.33 | Rake $0.01 
Board [4d 8d 7h Qs]
Seat 1: Dorex2007 folded before Flop (didn't bet)
Seat 2: bobi_armani folded on the Turn
Seat 3: PokerMedo folded on the Turn
Seat 5: fisherman_loz folded before Flop (didn't bet)
Seat 7: woffinden1 (button) collected ($0.32)
Seat 8: Thunderbird65 (small blind) folded before Flop
Seat 9: edvards92 (big blind) folded before Flop



PokerStars Hand #230414952036:  Hold'em No Limit ($0.01/$0.02 USD) - 2021/10/06 22:19:35 PT [2021/10/07 1:19:35 ET]
Table 'Massalia II' 9-max Seat #8 is the button
Seat 1: Dorex2007 ($1.98 in chips) 
Seat 2: bobi_armani ($2.27 in chips) 
Seat 3: PokerMedo ($2 in chips) 
Seat 5: fisherman_loz ($1.80 in chips) 
Seat 7: woffinden1 ($2 in chips) 
Seat 8: Thunderbird65 ($2.03 in chips) 
Seat 9: edvards92 ($3.88 in chips) 
edvards92: posts small blind $0.01
Dorex2007: posts big blind $0.02
*** HOLE CARDS ***
Dealt to Dorex2007 [Kh 6d]
bobi_armani: folds 
PokerMedo: folds 
Matias Jesus N joins the table at seat #4 
fisherman_loz: folds 
woffinden1: folds 
Thunderbird65: folds 
edvards92: raises $0.04 to $0.06
Dorex2007: folds 
Uncalled bet ($0.04) returned to edvards92
edvards92 collected $0.04 from pot
edvards92: doesn't show hand 
*** SUMMARY ***
Total pot $0.04 | Rake $0 
Seat 1: Dorex2007 (big blind) folded before Flop
Seat 2: bobi_armani folded before Flop (didn't bet)
Seat 3: PokerMedo folded before Flop (didn't bet)
Seat 5: fisherman_loz folded before Flop (didn't bet)
Seat 7: woffinden1 folded before Flop (didn't bet)
Seat 8: Thunderbird65 (button) folded before Flop (didn't bet)
Seat 9: edvards92 (small blind) collected ($0.04)



PokerStars Hand #230414956060:  Hold'em No Limit ($0.01/$0.02 USD) - 2021/10/06 22:20:07 PT [2021/10/07 1:20:07 ET]
Table 'Massalia II' 9-max Seat #9 is the button
Seat 1: Dorex2007 ($1.96 in chips) 
Seat 2: bobi_armani ($2.27 in chips) 
Seat 3: PokerMedo ($2 in chips) 
Seat 4: Matias Jesus N ($1.60 in chips) 
Seat 5: fisherman_loz ($1.80 in chips) 
Seat 7: woffinden1 ($2 in chips) 
Seat 8: Thunderbird65 ($2.03 in chips) 
Seat 9: edvards92 ($3.90 in chips) 
Dorex2007: posts small blind $0.01
bobi_armani: posts big blind $0.02
Matias Jesus N: posts big blind $0.02
*** HOLE CARDS ***
Dealt to Dorex2007 [5s Ah]
PokerMedo: calls $0.02
Matias Jesus N: checks 
fisherman_loz: folds 
woffinden1: raises $0.06 to $0.08
Thunderbird65: folds 
edvards92: folds 
Dorex2007: folds 
bobi_armani: calls $0.06
PokerMedo: calls $0.06
Matias Jesus N: folds 
*** FLOP *** [Tc 3c 4d]
bobi_armani: checks 
PokerMedo: checks 
woffinden1: bets $0.13
bobi_armani: folds 
PokerMedo: calls $0.13
*** TURN *** [Tc 3c 4d] [Qd]
PokerMedo: checks 
woffinden1: checks 
*** RIVER *** [Tc 3c 4d Qd] [Ts]
PokerMedo: checks 
woffinden1: checks 
*** SHOW DOWN ***
PokerMedo: shows [Qc Jc] (two pair, Queens and Tens)
woffinden1: mucks hand 
PokerMedo collected $0.51 from pot
*** SUMMARY ***
Total pot $0.53 | Rake $0.02 
Board [Tc 3c 4d Qd Ts]
Seat 1: Dorex2007 (small blind) folded before Flop
Seat 2: bobi_armani (big blind) folded on the Flop
Seat 3: PokerMedo showed [Qc Jc] and won ($0.51) with two pair, Queens and Tens
Seat 4: Matias Jesus N folded before Flop (didn't bet)
Seat 5: fisherman_loz folded before Flop (didn't bet)
Seat 7: woffinden1 mucked [2c 2s]
Seat 8: Thunderbird65 folded before Flop (didn't bet)
Seat 9: edvards92 (button) folded before Flop (didn't bet)



PokerStars Hand #230414964887:  Hold'em No Limit ($0.01/$0.02 USD) - 2021/10/06 22:21:15 PT [2021/10/07 1:21:15 ET]
Table 'Massalia II' 9-max Seat #1 is the button
Seat 1: Dorex2007 ($1.95 in chips) 
Seat 2: bobi_armani ($2.19 in chips) 
Seat 3: PokerMedo ($2.30 in chips) 
Seat 4: Matias Jesus N ($1.58 in chips) 
Seat 5: fisherman_loz ($1.80 in chips) 
Seat 7: woffinden1 ($1.79 in chips) 
Seat 8: Thunderbird65 ($2.03 in chips) 
Seat 9: edvards92 ($3.90 in chips) 
bobi_armani: posts small blind $0.01
PokerMedo: posts big blind $0.02
*** HOLE CARDS ***
Dealt to Dorex2007 [8d Kh]
Matias Jesus N: folds 
fisherman_loz: folds 
woffinden1: folds 
Thunderbird65: folds 
edvards92: raises $0.03 to $0.05
Dorex2007: folds 
bobi_armani: folds 
PokerMedo: folds 
Uncalled bet ($0.03) returned to edvards92
edvards92 collected $0.05 from pot
edvards92: doesn't show hand 
*** SUMMARY ***
Total pot $0.05 | Rake $0 
Seat 1: Dorex2007 (button) folded before Flop (didn't bet)
Seat 2: bobi_armani (small blind) folded before Flop
Seat 3: PokerMedo (big blind) folded before Flop
Seat 4: Matias Jesus N folded before Flop (didn't bet)
Seat 5: fisherman_loz folded before Flop (didn't bet)
Seat 7: woffinden1 folded before Flop (didn't bet)
Seat 8: Thunderbird65 folded before Flop (didn't bet)
Seat 9: edvards92 collected ($0.05)



PokerStars Hand #230414967615:  Hold'em No Limit ($0.01/$0.02 USD) - 2021/10/06 22:21:36 PT [2021/10/07 1:21:36 ET]
Table 'Massalia II' 9-max Seat #2 is the button
Seat 1: Dorex2007 ($2 in chips) 
Seat 2: bobi_armani ($2.18 in chips) 
Seat 3: PokerMedo ($2.28 in chips) 
Seat 4: Matias Jesus N ($1.58 in chips) 
Seat 5: fisherman_loz ($1.80 in chips) 
Seat 7: woffinden1 ($1.79 in chips) 
Seat 8: Thunderbird65 ($2.03 in chips) 
Seat 9: edvards92 ($3.93 in chips) 
PokerMedo: posts small blind $0.01
Matias Jesus N: posts big blind $0.02
*** HOLE CARDS ***
Dealt to Dorex2007 [9s 6s]
fisherman_loz: folds 
woffinden1: folds 
Thunderbird65: calls $0.02
edvards92: folds 
Dorex2007: folds 
bobi_armani: folds 
PokerMedo: calls $0.01
Matias Jesus N: checks 
*** FLOP *** [Th 7d 9c]
PokerMedo: checks 
Matias Jesus N: checks 
Thunderbird65: checks 
*** TURN *** [Th 7d 9c] [5s]
PokerMedo: bets $0.06
Matias Jesus N: folds 
Thunderbird65: folds 
Uncalled bet ($0.06) returned to PokerMedo
PokerMedo collected $0.06 from pot
PokerMedo: doesn't show hand 
*** SUMMARY ***
Total pot $0.06 | Rake $0 
Board [Th 7d 9c 5s]
Seat 1: Dorex2007 folded before Flop (didn't bet)
Seat 2: bobi_armani (button) folded before Flop (didn't bet)
Seat 3: PokerMedo (small blind) collected ($0.06)
Seat 4: Matias Jesus N (big blind) folded on the Turn
Seat 5: fisherman_loz folded before Flop (didn't bet)
Seat 7: woffinden1 folded before Flop (didn't bet)
Seat 8: Thunderbird65 folded on the Turn
Seat 9: edvards92 folded before Flop (didn't bet)



PokerStars Hand #230414973995:  Hold'em No Limit ($0.01/$0.02 USD) - 2021/10/06 22:22:25 PT [2021/10/07 1:22:25 ET]
Table 'Massalia II' 9-max Seat #3 is the button
Seat 1: Dorex2007 ($2 in chips) 
Seat 2: bobi_armani ($2.18 in chips) 
Seat 3: PokerMedo ($2.32 in chips) 
Seat 4: Matias Jesus N ($1.56 in chips) 
Seat 5: fisherman_loz ($1.80 in chips) 
Seat 7: woffinden1 ($1.79 in chips) 
Seat 8: Thunderbird65 ($2.01 in chips) 
Seat 9: edvards92 ($3.93 in chips) 
Matias Jesus N: posts small blind $0.01
fisherman_loz: posts big blind $0.02
*** HOLE CARDS ***
Dealt to Dorex2007 [7h 6d]
woffinden1: folds 
Thunderbird65: calls $0.02
edvards92: folds 
Dorex2007: folds 
bobi_armani: calls $0.02
PokerMedo: folds 
Matias Jesus N: calls $0.01
fisherman_loz: folds 
*** FLOP *** [4d 3c 2h]
fisherman_loz leaves the table
Matias Jesus N: checks 
Thunderbird65: checks 
bobi_armani: bets $0.04
Matias Jesus N: folds 
Thunderbird65: calls $0.04
*** TURN *** [4d 3c 2h] [5h]
Thunderbird65: checks 
bobi_armani: checks 
*** RIVER *** [4d 3c 2h 5h] [5s]
Thunderbird65: bets $0.04
bobi_armani: raises $0.04 to $0.08
Thunderbird65: calls $0.04
*** SHOW DOWN ***
bobi_armani: shows [Qc Qd] (two pair, Queens and Fives)
Thunderbird65: shows [7c 5c] (three of a kind, Fives)
Thunderbird65 collected $0.31 from pot
*** SUMMARY ***
Total pot $0.32 | Rake $0.01 
Board [4d 3c 2h 5h 5s]
Seat 1: Dorex2007 folded before Flop (didn't bet)
Seat 2: bobi_armani showed [Qc Qd] and lost with two pair, Queens and Fives
Seat 3: PokerMedo (button) folded before Flop (didn't bet)
Seat 4: Matias Jesus N (small blind) folded on the Flop
Seat 5: fisherman_loz (big blind) folded before Flop
Seat 7: woffinden1 folded before Flop (didn't bet)
Seat 8: Thunderbird65 showed [7c 5c] and won ($0.31) with three of a kind, Fives
Seat 9: edvards92 folded before Flop (didn't bet)



PokerStars Hand #230415002833:  Hold'em No Limit ($0.01/$0.02 USD) - 2021/10/06 22:24:50 PT [2021/10/07 1:24:50 ET]
Table 'Massalia II' 9-max Seat #8 is the button
Seat 1: Dorex2007 ($2 in chips) 
Seat 2: bobi_armani ($2.43 in chips) 
Seat 3: PokerMedo ($2.26 in chips) 
Seat 4: Matias Jesus N ($1.28 in chips) 
Seat 7: woffinden1 ($1.78 in chips) 
Seat 8: Thunderbird65 ($2.11 in chips) 
Seat 9: edvards92 ($3.91 in chips) 
edvards92: posts small blind $0.01
Dorex2007: posts big blind $0.02
pb!bak: sits out 
isurusa: sits out 
*** HOLE CARDS ***
Dealt to Dorex2007 [Th 2c]
bobi_armani: calls $0.02
PokerMedo: folds 
Matias Jesus N: raises $0.04 to $0.06
woffinden1: folds 
Thunderbird65: folds 
edvards92: folds 
Dorex2007: folds 
bobi_armani: calls $0.04
*** FLOP *** [Jc 6d 7s]
bobi_armani: checks 
Matias Jesus N: checks 
*** TURN *** [Jc 6d 7s] [8h]
bobi_armani: checks 
Matias Jesus N: checks 
*** RIVER *** [Jc 6d 7s 8h] [4d]
bobi_armani: checks 
Matias Jesus N: bets $0.14
bobi_armani: calls $0.14
*** SHOW DOWN ***
Matias Jesus N: shows [2s As] (high card Ace)
bobi_armani: shows [Ts 8c] (a pair of Eights)
bobi_armani collected $0.41 from pot
*** SUMMARY ***
Total pot $0.43 | Rake $0.02 
Board [Jc 6d 7s 8h 4d]
Seat 1: Dorex2007 (big blind) folded before Flop
Seat 2: bobi_armani showed [Ts 8c] and won ($0.41) with a pair of Eights
Seat 3: PokerMedo folded before Flop (didn't bet)
Seat 4: Matias Jesus N showed [2s As] and lost with high card Ace
Seat 7: woffinden1 folded before Flop (didn't bet)
Seat 8: Thunderbird65 (button) folded before Flop (didn't bet)
Seat 9: edvards92 (small blind) folded before Flop



PokerStars Hand #230415008455:  Hold'em No Limit ($0.01/$0.02 USD) - 2021/10/06 22:25:33 PT [2021/10/07 1:25:33 ET]
Table 'Massalia II' 9-max Seat #9 is the button
Seat 1: Dorex2007 ($2 in chips) 
Seat 2: bobi_armani ($2.64 in chips) 
Seat 3: PokerMedo ($2.26 in chips) 
Seat 4: Matias Jesus N ($1.08 in chips) 
Seat 7: woffinden1 ($1.78 in chips) 
Seat 8: Thunderbird65 ($2.11 in chips) 
Seat 9: edvards92 ($3.90 in chips) 
Dorex2007: posts small blind $0.01
bobi_armani: posts big blind $0.02
pb!bak: sits out 
isurusa: sits out 
*** HOLE CARDS ***
Dealt to Dorex2007 [5c Kh]
PokerMedo: calls $0.02
Matias Jesus N: folds 
woffinden1: folds 
Thunderbird65: calls $0.02
edvards92: folds 
Dorex2007: folds 
bobi_armani: raises $0.02 to $0.04
PokerMedo: calls $0.02
Thunderbird65: calls $0.02
*** FLOP *** [As 7d Ks]
bobi_armani: checks 
PokerMedo: bets $0.13
Thunderbird65: folds 
bobi_armani: folds 
Uncalled bet ($0.13) returned to PokerMedo
PokerMedo collected $0.13 from pot
PokerMedo: doesn't show hand 
*** SUMMARY ***
Total pot $0.13 | Rake $0 
Board [As 7d Ks]
Seat 1: Dorex2007 (small blind) folded before Flop
Seat 2: bobi_armani (big blind) folded on the Flop
Seat 3: PokerMedo collected ($0.13)
Seat 4: Matias Jesus N folded before Flop (didn't bet)
Seat 7: woffinden1 folded before Flop (didn't bet)
Seat 8: Thunderbird65 folded on the Flop
Seat 9: edvards92 (button) folded before Flop (didn't bet)



PokerStars Hand #230415014668:  Hold'em No Limit ($0.01/$0.02 USD) - 2021/10/06 22:26:17 PT [2021/10/07 1:26:17 ET]
Table 'Massalia II' 9-max Seat #1 is the button
Seat 1: Dorex2007 ($2 in chips) 
Seat 2: bobi_armani ($2.60 in chips) 
Seat 3: PokerMedo ($2.35 in chips) 
Seat 4: Matias Jesus N ($1.08 in chips) 
Seat 7: woffinden1 ($1.78 in chips) 
Seat 8: Thunderbird65 ($2.07 in chips) 
Seat 9: edvards92 ($3.90 in chips) 
bobi_armani: posts small blind $0.01
PokerMedo: posts big blind $0.02
pb!bak: sits out 
isurusa: sits out 
*** HOLE CARDS ***
Dealt to Dorex2007 [Jd 8s]
Matias Jesus N: folds 
woffinden1: raises $0.06 to $0.08
Thunderbird65: folds 
edvards92: folds 
Dorex2007: folds 
bobi_armani: calls $0.07
PokerMedo: calls $0.06
*** FLOP *** [Qd 2h Qc]
bobi_armani: checks 
PokerMedo: checks 
woffinden1: bets $0.12
bobi_armani: folds 
PokerMedo: folds 
Uncalled bet ($0.12) returned to woffinden1
woffinden1 collected $0.23 from pot
*** SUMMARY ***
Total pot $0.24 | Rake $0.01 
Board [Qd 2h Qc]
Seat 1: Dorex2007 (button) folded before Flop (didn't bet)
Seat 2: bobi_armani (small blind) folded on the Flop
Seat 3: PokerMedo (big blind) folded on the Flop
Seat 4: Matias Jesus N folded before Flop (didn't bet)
Seat 7: woffinden1 collected ($0.23)
Seat 8: Thunderbird65 folded before Flop (didn't bet)
Seat 9: edvards92 folded before Flop (didn't bet)



PokerStars Hand #230415019879:  Hold'em No Limit ($0.01/$0.02 USD) - 2021/10/06 22:26:57 PT [2021/10/07 1:26:57 ET]
Table 'Massalia II' 9-max Seat #2 is the button
Seat 1: Dorex2007 ($2 in chips) 
Seat 2: bobi_armani ($2.52 in chips) 
Seat 3: PokerMedo ($2.27 in chips) 
Seat 4: Matias Jesus N ($1.08 in chips) 
Seat 7: woffinden1 ($1.93 in chips) 
Seat 8: Thunderbird65 ($2.07 in chips) 
Seat 9: edvards92 ($3.90 in chips) 
PokerMedo: posts small blind $0.01
Matias Jesus N: posts big blind $0.02
pb!bak: sits out 
isurusa: sits out 
*** HOLE CARDS ***
Dealt to Dorex2007 [4d 8c]
woffinden1: folds 
Thunderbird65: folds 
edvards92: raises $0.03 to $0.05
Dorex2007: folds 
bobi_armani: calls $0.05
PokerMedo: folds 
Matias Jesus N: calls $0.03
*** FLOP *** [Td 9h Ad]
Matias Jesus N: bets $0.08
edvards92: folds 
bobi_armani: calls $0.08
*** TURN *** [Td 9h Ad] [Kh]
Matias Jesus N: checks 
bobi_armani: bets $0.10
Matias Jesus N: calls $0.10
*** RIVER *** [Td 9h Ad Kh] [7c]
Matias Jesus N: bets $0.25
bobi_armani: raises $0.31 to $0.56
Matias Jesus N: raises $0.29 to $0.85 and is all-in
bobi_armani: calls $0.29
*** SHOW DOWN ***
Matias Jesus N: shows [Qh Ah] (a pair of Aces)
bobi_armani: shows [Kc 9d] (two pair, Kings and Nines)
bobi_armani collected $2.14 from pot
*** SUMMARY ***
Total pot $2.22 | Rake $0.08 
Board [Td 9h Ad Kh 7c]
Seat 1: Dorex2007 folded before Flop (didn't bet)
Seat 2: bobi_armani (button) showed [Kc 9d] and won ($2.14) with two pair, Kings and Nines
Seat 3: PokerMedo (small blind) folded before Flop
Seat 4: Matias Jesus N (big blind) showed [Qh Ah] and lost with a pair of Aces
Seat 7: woffinden1 folded before Flop (didn't bet)
Seat 8: Thunderbird65 folded before Flop (didn't bet)
Seat 9: edvards92 folded on the Flop



PokerStars Hand #230415028155:  Hold'em No Limit ($0.01/$0.02 USD) - 2021/10/06 22:28:01 PT [2021/10/07 1:28:01 ET]
Table 'Massalia II' 9-max Seat #3 is the button
Seat 1: Dorex2007 ($2 in chips) 
Seat 2: bobi_armani ($3.58 in chips) 
Seat 3: PokerMedo ($2.26 in chips) 
Seat 7: woffinden1 ($1.93 in chips) 
Seat 8: Thunderbird65 ($2.07 in chips) 
Seat 9: edvards92 ($3.85 in chips) 
woffinden1: posts small blind $0.01
Thunderbird65: posts big blind $0.02
*** HOLE CARDS ***
Dealt to Dorex2007 [3c 5s]
edvards92: folds 
Dorex2007: folds 
bobi_armani: raises $0.02 to $0.04
PokerMedo: folds 
woffinden1: folds 
Thunderbird65: calls $0.02
*** FLOP *** [Ac 2c Th]
Thunderbird65: bets $0.02
bobi_armani: calls $0.02
*** TURN *** [Ac 2c Th] [Jh]
Thunderbird65: bets $0.04
bobi_armani: calls $0.04
*** RIVER *** [Ac 2c Th Jh] [Js]
Thunderbird65: bets $0.02
bobi_armani: raises $0.98 to $1
Thunderbird65: folds 
Uncalled bet ($0.98) returned to bobi_armani
bobi_armani collected $0.24 from pot
bobi_armani: doesn't show hand 
*** SUMMARY ***
Total pot $0.25 | Rake $0.01 
Board [Ac 2c Th Jh Js]
Seat 1: Dorex2007 folded before Flop (didn't bet)
Seat 2: bobi_armani collected ($0.24)
Seat 3: PokerMedo (button) folded before Flop (didn't bet)
Seat 7: woffinden1 (small blind) folded before Flop
Seat 8: Thunderbird65 (big blind) folded on the River
Seat 9: edvards92 folded before Flop (didn't bet)



PokerStars Hand #230415034006:  Hold'em No Limit ($0.01/$0.02 USD) - 2021/10/06 22:28:46 PT [2021/10/07 1:28:46 ET]
Table 'Massalia II' 9-max Seat #7 is the button
Seat 1: Dorex2007 ($2 in chips) 
Seat 2: bobi_armani ($3.70 in chips) 
Seat 3: PokerMedo ($2.26 in chips) 
Seat 4: Matias Jesus N ($1.44 in chips) 
Seat 7: woffinden1 ($1.92 in chips) 
Seat 8: Thunderbird65 ($1.95 in chips) 
Seat 9: edvards92 ($3.85 in chips) 
Thunderbird65: posts small blind $0.01
edvards92: posts big blind $0.02
Matias Jesus N: posts small blind $0.01
pb!bak: sits out 
isurusa: sits out 
*** HOLE CARDS ***
Dealt to Dorex2007 [5d Qc]
Dorex2007: folds 
bobi_armani: folds 
PokerMedo: folds 
Matias Jesus N: folds 
woffinden1: raises $0.06 to $0.08
Thunderbird65: folds 
edvards92: folds 
Uncalled bet ($0.06) returned to woffinden1
woffinden1 collected $0.06 from pot
woffinden1: doesn't show hand 
*** SUMMARY ***
Total pot $0.06 | Rake $0 
Seat 1: Dorex2007 folded before Flop (didn't bet)
Seat 2: bobi_armani folded before Flop (didn't bet)
Seat 3: PokerMedo folded before Flop (didn't bet)
Seat 4: Matias Jesus N folded before Flop (didn't bet)
Seat 7: woffinden1 (button) collected ($0.06)
Seat 8: Thunderbird65 (small blind) folded before Flop
Seat 9: edvards92 (big blind) folded before Flop



PokerStars Hand #230415037045:  Hold'em No Limit ($0.01/$0.02 USD) - 2021/10/06 22:29:09 PT [2021/10/07 1:29:09 ET]
Table 'Massalia II' 9-max Seat #8 is the button
Seat 1: Dorex2007 ($2 in chips) 
Seat 2: bobi_armani ($3.70 in chips) 
Seat 3: PokerMedo ($2.26 in chips) 
Seat 4: Matias Jesus N ($1.43 in chips) 
Seat 7: woffinden1 ($1.96 in chips) 
Seat 8: Thunderbird65 ($1.94 in chips) 
Seat 9: edvards92 ($3.83 in chips) 
edvards92: posts small blind $0.01
Dorex2007: posts big blind $0.02
pb!bak: sits out 
isurusa: sits out 
*** HOLE CARDS ***
Dealt to Dorex2007 [Kc 7d]
bobi_armani: raises $0.02 to $0.04
PokerMedo: folds 
Matias Jesus N: folds 
woffinden1: folds 
Thunderbird65: folds 
edvards92: folds 
Dorex2007: folds 
Uncalled bet ($0.02) returned to bobi_armani
bobi_armani collected $0.05 from pot
bobi_armani: doesn't show hand 
*** SUMMARY ***
Total pot $0.05 | Rake $0 
Seat 1: Dorex2007 (big blind) folded before Flop
Seat 2: bobi_armani collected ($0.05)
Seat 3: PokerMedo folded before Flop (didn't bet)
Seat 4: Matias Jesus N folded before Flop (didn't bet)
Seat 7: woffinden1 folded before Flop (didn't bet)
Seat 8: Thunderbird65 (button) folded before Flop (didn't bet)
Seat 9: edvards92 (small blind) folded before Flop



PokerStars Hand #230415038877:  Hold'em No Limit ($0.01/$0.02 USD) - 2021/10/06 22:29:24 PT [2021/10/07 1:29:24 ET]
Table 'Massalia II' 9-max Seat #9 is the button
Seat 1: Dorex2007 ($2 in chips) 
Seat 2: bobi_armani ($3.73 in chips) 
Seat 3: PokerMedo ($2.26 in chips) 
Seat 4: Matias Jesus N ($1.43 in chips) 
Seat 7: woffinden1 ($1.96 in chips) 
Seat 8: Thunderbird65 ($1.94 in chips) 
Seat 9: edvards92 ($3.82 in chips) 
Dorex2007: posts small blind $0.01
bobi_armani: posts big blind $0.02
pb!bak: sits out 
isurusa: sits out 
*** HOLE CARDS ***
Dealt to Dorex2007 [Kc Qh]
PokerMedo: calls $0.02
Matias Jesus N: folds 
woffinden1: folds 
Thunderbird65: folds 
edvards92: folds 
Dorex2007: raises $0.04 to $0.06
bobi_armani: raises $0.04 to $0.10
PokerMedo: calls $0.08
Dorex2007: calls $0.04
*** FLOP *** [Ad 3d 6d]
Dorex2007: checks 
bobi_armani: bets $0.06
PokerMedo: calls $0.06
Dorex2007: folds 
*** TURN *** [Ad 3d 6d] [Ac]
bobi_armani: bets $0.21
PokerMedo: calls $0.21
*** RIVER *** [Ad 3d 6d Ac] [4h]
bobi_armani: bets $0.81
PokerMedo: folds 
Uncalled bet ($0.81) returned to bobi_armani
bobi_armani collected $0.81 from pot
bobi_armani: doesn't show hand 
*** SUMMARY ***
Total pot $0.84 | Rake $0.03 
Board [Ad 3d 6d Ac 4h]
Seat 1: Dorex2007 (small blind) folded on the Flop
Seat 2: bobi_armani (big blind) collected ($0.81)
Seat 3: PokerMedo folded on the River
Seat 4: Matias Jesus N folded before Flop (didn't bet)
Seat 7: woffinden1 folded before Flop (didn't bet)
Seat 8: Thunderbird65 folded before Flop (didn't bet)
Seat 9: edvards92 (button) folded before Flop (didn't bet)



PokerStars Hand #230415048380:  Hold'em No Limit ($0.01/$0.02 USD) - 2021/10/06 22:30:38 PT [2021/10/07 1:30:38 ET]
Table 'Massalia II' 9-max Seat #1 is the button
Seat 1: Dorex2007 ($2 in chips) 
Seat 2: bobi_armani ($4.17 in chips) 
Seat 3: PokerMedo ($2 in chips) 
Seat 4: Matias Jesus N ($1.43 in chips) 
Seat 7: woffinden1 ($1.96 in chips) 
Seat 8: Thunderbird65 ($1.94 in chips) 
Seat 9: edvards92 ($3.82 in chips) 
bobi_armani: posts small blind $0.01
PokerMedo: posts big blind $0.02
pb!bak: sits out 
isurusa: sits out 
*** HOLE CARDS ***
Dealt to Dorex2007 [Td 5d]
Matias Jesus N: folds 
woffinden1: folds 
Thunderbird65: folds 
edvards92: folds 
Dorex2007: raises $0.02 to $0.04
bobi_armani: calls $0.03
PokerMedo: calls $0.02
*** FLOP *** [4d 5c Jd]
bobi_armani: checks 
PokerMedo: checks 
Dorex2007: bets $0.12
bobi_armani: folds 
PokerMedo: folds 
Uncalled bet ($0.12) returned to Dorex2007
Dorex2007 collected $0.12 from pot
Dorex2007: doesn't show hand 
*** SUMMARY ***
Total pot $0.12 | Rake $0 
Board [4d 5c Jd]
Seat 1: Dorex2007 (button) collected ($0.12)
Seat 2: bobi_armani (small blind) folded on the Flop
Seat 3: PokerMedo (big blind) folded on the Flop
Seat 4: Matias Jesus N folded before Flop (didn't bet)
Seat 7: woffinden1 folded before Flop (didn't bet)
Seat 8: Thunderbird65 folded before Flop (didn't bet)
Seat 9: edvards92 folded before Flop (didn't bet)



PokerStars Hand #230415053445:  Hold'em No Limit ($0.01/$0.02 USD) - 2021/10/06 22:31:17 PT [2021/10/07 1:31:17 ET]
Table 'Massalia II' 9-max Seat #2 is the button
Seat 1: Dorex2007 ($2.08 in chips) 
Seat 2: bobi_armani ($4.13 in chips) 
Seat 3: PokerMedo ($2 in chips) 
Seat 4: Matias Jesus N ($1.43 in chips) 
Seat 7: woffinden1 ($1.96 in chips) 
Seat 8: Thunderbird65 ($1.94 in chips) 
Seat 9: edvards92 ($3.82 in chips) 
PokerMedo: posts small blind $0.01
Matias Jesus N: posts big blind $0.02
pb!bak: sits out 
isurusa: sits out 
*** HOLE CARDS ***
Dealt to Dorex2007 [Ah 2h]
woffinden1: folds 
Thunderbird65: calls $0.02
edvards92: folds 
Dorex2007: calls $0.02
bobi_armani: raises $0.02 to $0.04
PokerMedo: folds 
Matias Jesus N: folds 
Thunderbird65: calls $0.02
Dorex2007: calls $0.02
*** FLOP *** [Qs Tc 9c]
Thunderbird65: bets $0.02
Dorex2007: calls $0.02
bobi_armani: calls $0.02
*** TURN *** [Qs Tc 9c] [2c]
Thunderbird65: bets $0.08
Dorex2007: folds 
bobi_armani: calls $0.08
*** RIVER *** [Qs Tc 9c 2c] [5d]
Thunderbird65: bets $0.02
bobi_armani: calls $0.02
*** SHOW DOWN ***
Thunderbird65: shows [Qc Js] (a pair of Queens)
bobi_armani: mucks hand 
Thunderbird65 collected $0.40 from pot
*** SUMMARY ***
Total pot $0.41 | Rake $0.01 
Board [Qs Tc 9c 2c 5d]
Seat 1: Dorex2007 folded on the Turn
Seat 2: bobi_armani (button) mucked [Kd Th]
Seat 3: PokerMedo (small blind) folded before Flop
Seat 4: Matias Jesus N (big blind) folded before Flop
Seat 7: woffinden1 folded before Flop (didn't bet)
Seat 8: Thunderbird65 showed [Qc Js] and won ($0.40) with a pair of Queens
Seat 9: edvards92 folded before Flop (didn't bet)



PokerStars Hand #230415063226:  Hold'em No Limit ($0.01/$0.02 USD) - 2021/10/06 22:32:03 PT [2021/10/07 1:32:03 ET]
Table 'Massalia II' 9-max Seat #3 is the button
Seat 1: Dorex2007 ($2.02 in chips) 
Seat 2: bobi_armani ($3.97 in chips) 
Seat 3: PokerMedo ($2 in chips) 
Seat 4: Matias Jesus N ($1.41 in chips) 
Seat 5: pb!bak ($2 in chips) 
Seat 7: woffinden1 ($1.96 in chips) 
Seat 8: Thunderbird65 ($2.18 in chips) 
Seat 9: edvards92 ($3.82 in chips) 
Matias Jesus N: posts small blind $0.01
pb!bak: posts big blind $0.02
isurusa: sits out 
*** HOLE CARDS ***
Dealt to Dorex2007 [3s Qd]
woffinden1: folds 
Thunderbird65: folds 
edvards92: raises $0.03 to $0.05
Dorex2007: folds 
bobi_armani: folds 
PokerMedo: folds 
Matias Jesus N: calls $0.04
pb!bak: folds 
*** FLOP *** [2s Kd Kc]
Matias Jesus N: checks 
edvards92: bets $0.04
Matias Jesus N: folds 
Uncalled bet ($0.04) returned to edvards92
edvards92 collected $0.12 from pot
edvards92: doesn't show hand 
*** SUMMARY ***
Total pot $0.12 | Rake $0 
Board [2s Kd Kc]
Seat 1: Dorex2007 folded before Flop (didn't bet)
Seat 2: bobi_armani folded before Flop (didn't bet)
Seat 3: PokerMedo (button) folded before Flop (didn't bet)
Seat 4: Matias Jesus N (small blind) folded on the Flop
Seat 5: pb!bak (big blind) folded before Flop
Seat 7: woffinden1 folded before Flop (didn't bet)
Seat 8: Thunderbird65 folded before Flop (didn't bet)
Seat 9: edvards92 collected ($0.12)



PokerStars Hand #230415067861:  Hold'em No Limit ($0.01/$0.02 USD) - 2021/10/06 22:32:39 PT [2021/10/07 1:32:39 ET]
Table 'Massalia II' 9-max Seat #4 is the button
Seat 1: Dorex2007 ($2.02 in chips) 
Seat 2: bobi_armani ($3.97 in chips) 
Seat 3: PokerMedo ($2 in chips) 
Seat 4: Matias Jesus N ($1.36 in chips) 
Seat 5: pb!bak ($1.98 in chips) 
Seat 6: isurusa ($2 in chips) 
Seat 7: woffinden1 ($1.96 in chips) 
Seat 8: Thunderbird65 ($2.18 in chips) 
Seat 9: edvards92 ($3.89 in chips) 
pb!bak: posts small blind $0.01
isurusa: posts big blind $0.02
*** HOLE CARDS ***
Dealt to Dorex2007 [3c 6s]
woffinden1: folds 
Thunderbird65: folds 
edvards92: folds 
Dorex2007: folds 
bobi_armani: folds 
PokerMedo: folds 
Matias Jesus N: raises $0.05 to $0.07
pb!bak: folds 
isurusa: calls $0.05
*** FLOP *** [Th Jc 9s]
isurusa: checks 
Matias Jesus N: bets $0.07
isurusa: calls $0.07
*** TURN *** [Th Jc 9s] [5c]
isurusa: checks 
Matias Jesus N: bets $0.14
isurusa: calls $0.14
*** RIVER *** [Th Jc 9s 5c] [Jh]
isurusa: bets $0.28
Matias Jesus N: folds 
Uncalled bet ($0.28) returned to isurusa
isurusa collected $0.55 from pot
isurusa: doesn't show hand 
*** SUMMARY ***
Total pot $0.57 | Rake $0.02 
Board [Th Jc 9s 5c Jh]
Seat 1: Dorex2007 folded before Flop (didn't bet)
Seat 2: bobi_armani folded before Flop (didn't bet)
Seat 3: PokerMedo folded before Flop (didn't bet)
Seat 4: Matias Jesus N (button) folded on the River
Seat 5: pb!bak (small blind) folded before Flop
Seat 6: isurusa (big blind) collected ($0.55)
Seat 7: woffinden1 folded before Flop (didn't bet)
Seat 8: Thunderbird65 folded before Flop (didn't bet)
Seat 9: edvards92 folded before Flop (didn't bet)



PokerStars Hand #230415074286:  Hold'em No Limit ($0.01/$0.02 USD) - 2021/10/06 22:33:29 PT [2021/10/07 1:33:29 ET]
Table 'Massalia II' 9-max Seat #5 is the button
Seat 1: Dorex2007 ($2.02 in chips) 
Seat 2: bobi_armani ($3.97 in chips) 
Seat 3: PokerMedo ($2 in chips) 
Seat 4: Matias Jesus N ($1.08 in chips) 
Seat 5: pb!bak ($1.97 in chips) 
Seat 6: isurusa ($2.27 in chips) 
Seat 7: woffinden1 ($1.96 in chips) 
Seat 8: Thunderbird65 ($2.18 in chips) 
Seat 9: edvards92 ($3.89 in chips) 
isurusa: posts small blind $0.01
woffinden1: posts big blind $0.02
*** HOLE CARDS ***
Dealt to Dorex2007 [8c Kd]
Thunderbird65: folds 
edvards92: folds 
Dorex2007: folds 
bobi_armani: folds 
PokerMedo: raises $0.04 to $0.06
Matias Jesus N: calls $0.06
pb!bak: folds 
isurusa: folds 
woffinden1: folds 
*** FLOP *** [4s 6d Th]
PokerMedo: bets $0.07
Matias Jesus N: folds 
Uncalled bet ($0.07) returned to PokerMedo
PokerMedo collected $0.14 from pot
PokerMedo: doesn't show hand 
*** SUMMARY ***
Total pot $0.15 | Rake $0.01 
Board [4s 6d Th]
Seat 1: Dorex2007 folded before Flop (didn't bet)
Seat 2: bobi_armani folded before Flop (didn't bet)
Seat 3: PokerMedo collected ($0.14)
Seat 4: Matias Jesus N folded on the Flop
Seat 5: pb!bak (button) folded before Flop (didn't bet)
Seat 6: isurusa (small blind) folded before Flop
Seat 7: woffinden1 (big blind) folded before Flop
Seat 8: Thunderbird65 folded before Flop (didn't bet)
Seat 9: edvards92 folded before Flop (didn't bet)



PokerStars Hand #230415077360:  Hold'em No Limit ($0.01/$0.02 USD) - 2021/10/06 22:33:52 PT [2021/10/07 1:33:52 ET]
Table 'Massalia II' 9-max Seat #6 is the button
Seat 1: Dorex2007 ($2.02 in chips) 
Seat 2: bobi_armani ($3.97 in chips) 
Seat 3: PokerMedo ($2.08 in chips) 
Seat 4: Matias Jesus N ($1.02 in chips) 
Seat 5: pb!bak ($1.97 in chips) 
Seat 6: isurusa ($2.26 in chips) 
Seat 7: woffinden1 ($1.94 in chips) 
Seat 8: Thunderbird65 ($2.18 in chips) 
Seat 9: edvards92 ($3.89 in chips) 
woffinden1: posts small blind $0.01
Thunderbird65: posts big blind $0.02
*** HOLE CARDS ***
Dealt to Dorex2007 [2d Kd]
edvards92: folds 
Dorex2007: folds 
bobi_armani: calls $0.02
PokerMedo: folds 
Matias Jesus N: folds 
pb!bak: folds 
isurusa: folds 
woffinden1: folds 
Thunderbird65: checks 
*** FLOP *** [Ts Tc 5s]
Thunderbird65: checks 
bobi_armani: bets $0.02
Thunderbird65: calls $0.02
*** TURN *** [Ts Tc 5s] [5c]
Thunderbird65: checks 
bobi_armani: bets $0.02
Thunderbird65: calls $0.02
*** RIVER *** [Ts Tc 5s 5c] [9h]
Thunderbird65: checks 
bobi_armani: bets $0.13
Thunderbird65: folds 
Uncalled bet ($0.13) returned to bobi_armani
bobi_armani collected $0.13 from pot
bobi_armani: doesn't show hand 
*** SUMMARY ***
Total pot $0.13 | Rake $0 
Board [Ts Tc 5s 5c 9h]
Seat 1: Dorex2007 folded before Flop (didn't bet)
Seat 2: bobi_armani collected ($0.13)
Seat 3: PokerMedo folded before Flop (didn't bet)
Seat 4: Matias Jesus N folded before Flop (didn't bet)
Seat 5: pb!bak folded before Flop (didn't bet)
Seat 6: isurusa (button) folded before Flop (didn't bet)
Seat 7: woffinden1 (small blind) folded before Flop
Seat 8: Thunderbird65 (big blind) folded on the River
Seat 9: edvards92 folded before Flop (didn't bet)



PokerStars Hand #230415081748:  Hold'em No Limit ($0.01/$0.02 USD) - 2021/10/06 22:34:26 PT [2021/10/07 1:34:26 ET]
Table 'Massalia II' 9-max Seat #7 is the button
Seat 1: Dorex2007 ($2.02 in chips) 
Seat 2: bobi_armani ($4.04 in chips) 
Seat 3: PokerMedo ($2.08 in chips) 
Seat 4: Matias Jesus N ($1.02 in chips) 
Seat 5: pb!bak ($1.97 in chips) 
Seat 6: isurusa ($2.26 in chips) 
Seat 7: woffinden1 ($1.93 in chips) 
Seat 8: Thunderbird65 ($2.12 in chips) 
Seat 9: edvards92 ($3.89 in chips) 
Thunderbird65: posts small blind $0.01
edvards92: posts big blind $0.02
*** HOLE CARDS ***
Dealt to Dorex2007 [8s 8d]
Dorex2007: raises $0.02 to $0.04
bobi_armani: folds 
PokerMedo: folds 
Matias Jesus N: folds 
pb!bak: folds 
isurusa: folds 
woffinden1: folds 
Thunderbird65: calls $0.03
edvards92: calls $0.02
*** FLOP *** [3d 8h 3h]
Thunderbird65: checks 
edvards92: checks 
Dorex2007: checks 
*** TURN *** [3d 8h 3h] [Qs]
Thunderbird65: bets $0.02
edvards92: raises $0.07 to $0.09
Dorex2007: calls $0.09
Thunderbird65: calls $0.07
*** RIVER *** [3d 8h 3h Qs] [5s]
Thunderbird65: checks 
edvards92: checks 
Dorex2007: bets $0.10
Thunderbird65: calls $0.10
edvards92: calls $0.10
*** SHOW DOWN ***
Dorex2007: shows [8s 8d] (a full house, Eights full of Threes)
Thunderbird65: mucks hand 
edvards92: mucks hand 
Dorex2007 collected $0.67 from pot
*** SUMMARY ***
Total pot $0.69 | Rake $0.02 
Board [3d 8h 3h Qs 5s]
Seat 1: Dorex2007 showed [8s 8d] and won ($0.67) with a full house, Eights full of Threes
Seat 2: bobi_armani folded before Flop (didn't bet)
Seat 3: PokerMedo folded before Flop (didn't bet)
Seat 4: Matias Jesus N folded before Flop (didn't bet)
Seat 5: pb!bak folded before Flop (didn't bet)
Seat 6: isurusa folded before Flop (didn't bet)
Seat 7: woffinden1 (button) folded before Flop (didn't bet)
Seat 8: Thunderbird65 (small blind) mucked [Td Qh]
Seat 9: edvards92 (big blind) mucked [Qd Jc]



PokerStars Hand #230415088502:  Hold'em No Limit ($0.01/$0.02 USD) - 2021/10/06 22:35:19 PT [2021/10/07 1:35:19 ET]
Table 'Massalia II' 9-max Seat #8 is the button
Seat 1: Dorex2007 ($2.46 in chips) 
Seat 2: bobi_armani ($4.04 in chips) 
Seat 3: PokerMedo ($2.08 in chips) 
Seat 4: Matias Jesus N ($1.02 in chips) 
Seat 5: pb!bak ($1.97 in chips) 
Seat 6: isurusa ($2.26 in chips) 
Seat 7: woffinden1 ($1.93 in chips) 
Seat 8: Thunderbird65 ($1.89 in chips) 
Seat 9: edvards92 ($3.66 in chips) 
edvards92: posts small blind $0.01
Dorex2007: posts big blind $0.02
*** HOLE CARDS ***
Dealt to Dorex2007 [Jd 7h]
bobi_armani: raises $0.02 to $0.04
PokerMedo: folds 
Matias Jesus N: folds 
Matias Jesus N leaves the table
pb!bak: folds 
isurusa: calls $0.04
Desyatov A joins the table at seat #4 
woffinden1: folds 
Thunderbird65: folds 
edvards92: folds 
Dorex2007: folds 
*** FLOP *** [Kd Qc Ad]
bobi_armani: bets $0.02
isurusa: folds 
Uncalled bet ($0.02) returned to bobi_armani
bobi_armani collected $0.11 from pot
bobi_armani: doesn't show hand 
*** SUMMARY ***
Total pot $0.11 | Rake $0 
Board [Kd Qc Ad]
Seat 1: Dorex2007 (big blind) folded before Flop
Seat 2: bobi_armani collected ($0.11)
Seat 3: PokerMedo folded before Flop (didn't bet)
Seat 4: Matias Jesus N folded before Flop (didn't bet)
Seat 5: pb!bak folded before Flop (didn't bet)
Seat 6: isurusa folded on the Flop
Seat 7: woffinden1 folded before Flop (didn't bet)
Seat 8: Thunderbird65 (button) folded before Flop (didn't bet)
Seat 9: edvards92 (small blind) folded before Flop



PokerStars Hand #230415092018:  Hold'em No Limit ($0.01/$0.02 USD) - 2021/10/06 22:35:46 PT [2021/10/07 1:35:46 ET]
Table 'Massalia II' 9-max Seat #9 is the button
Seat 1: Dorex2007 ($2.44 in chips) 
Seat 2: bobi_armani ($4.11 in chips) 
Seat 3: PokerMedo ($2.08 in chips) 
Seat 4: Desyatov A ($0.80 in chips) 
Seat 5: pb!bak ($1.97 in chips) 
Seat 6: isurusa ($2.22 in chips) 
Seat 7: woffinden1 ($1.93 in chips) 
Seat 8: Thunderbird65 ($1.89 in chips) 
Seat 9: edvards92 ($3.65 in chips) 
Dorex2007: posts small blind $0.01
bobi_armani: posts big blind $0.02
Desyatov A: posts big blind $0.02
*** HOLE CARDS ***
Dealt to Dorex2007 [2d Jh]
PokerMedo: raises $0.04 to $0.06
Desyatov A: folds 
pb!bak: folds 
isurusa: calls $0.06
woffinden1: folds 
Thunderbird65: folds 
edvards92: folds 
Dorex2007: folds 
bobi_armani: calls $0.04
*** FLOP *** [Ah 7d 5d]
bobi_armani: checks 
PokerMedo: bets $0.10
isurusa: raises $0.10 to $0.20
bobi_armani: folds 
PokerMedo: raises $0.30 to $0.50
isurusa: raises $1.20 to $1.70
PokerMedo: raises $0.32 to $2.02 and is all-in
isurusa: calls $0.32
*** TURN *** [Ah 7d 5d] [6s]
*** RIVER *** [Ah 7d 5d 6s] [Kc]
*** SHOW DOWN ***
PokerMedo: shows [Qh Qs] (a pair of Queens)
isurusa: shows [5h 5s] (three of a kind, Fives)
isurusa cashed out the hand for $3.68 | Cash Out Fee $0.04
*** SUMMARY ***
Total pot $4.25 | Rake $0.15 
Board [Ah 7d 5d 6s Kc]
Seat 1: Dorex2007 (small blind) folded before Flop
Seat 2: bobi_armani (big blind) folded on the Flop
Seat 3: PokerMedo showed [Qh Qs] and lost with a pair of Queens
Seat 4: Desyatov A folded before Flop (didn't bet)
Seat 5: pb!bak folded before Flop (didn't bet)
Seat 6: isurusa showed [5h 5s] and won ($4.10) with three of a kind, Fives (pot not awarded as player cashed out)
Seat 7: woffinden1 folded before Flop (didn't bet)
Seat 8: Thunderbird65 folded before Flop (didn't bet)
Seat 9: edvards92 (button) folded before Flop (didn't bet)



PokerStars Hand #230415100611:  Hold'em No Limit ($0.01/$0.02 USD) - 2021/10/06 22:36:55 PT [2021/10/07 1:36:55 ET]
Table 'Massalia II' 9-max Seat #1 is the button
Seat 1: Dorex2007 ($2.43 in chips) 
Seat 2: bobi_armani ($4.05 in chips) 
Seat 3: PokerMedo ($2 in chips) 
Seat 4: Desyatov A ($0.78 in chips) 
Seat 5: pb!bak ($1.97 in chips) 
Seat 6: isurusa ($3.82 in chips) 
Seat 7: woffinden1 ($1.93 in chips) 
Seat 8: Thunderbird65 ($1.89 in chips) 
Seat 9: edvards92 ($3.65 in chips) 
bobi_armani: posts small blind $0.01
PokerMedo: posts big blind $0.02
*** HOLE CARDS ***
Dealt to Dorex2007 [9h Ac]
Desyatov A: folds 
pb!bak: folds 
isurusa: folds 
woffinden1: folds 
Thunderbird65: calls $0.02
edvards92: folds 
Dorex2007: calls $0.02
bobi_armani: calls $0.01
PokerMedo: checks 
*** FLOP *** [9c Ts 2d]
bobi_armani: checks 
PokerMedo: checks 
Thunderbird65: checks 
Dorex2007: bets $0.08
bobi_armani: folds 
PokerMedo: folds 
Thunderbird65: calls $0.08
*** TURN *** [9c Ts 2d] [Ah]
Thunderbird65: checks 
Dorex2007: bets $0.12
Thunderbird65: calls $0.12
*** RIVER *** [9c Ts 2d Ah] [4s]
Thunderbird65: checks 
Dorex2007: bets $0.46
Thunderbird65: folds 
Uncalled bet ($0.46) returned to Dorex2007
Dorex2007 collected $0.46 from pot
Dorex2007: doesn't show hand 
*** SUMMARY ***
Total pot $0.48 | Rake $0.02 
Board [9c Ts 2d Ah 4s]
Seat 1: Dorex2007 (button) collected ($0.46)
Seat 2: bobi_armani (small blind) folded on the Flop
Seat 3: PokerMedo (big blind) folded on the Flop
Seat 4: Desyatov A folded before Flop (didn't bet)
Seat 5: pb!bak folded before Flop (didn't bet)
Seat 6: isurusa folded before Flop (didn't bet)
Seat 7: woffinden1 folded before Flop (didn't bet)
Seat 8: Thunderbird65 folded on the River
Seat 9: edvards92 folded before Flop (didn't bet)



PokerStars Hand #230415108703:  Hold'em No Limit ($0.01/$0.02 USD) - 2021/10/06 22:37:58 PT [2021/10/07 1:37:58 ET]
Table 'Massalia II' 9-max Seat #2 is the button
Seat 1: Dorex2007 ($2.67 in chips) 
Seat 2: bobi_armani ($4.03 in chips) 
Seat 3: PokerMedo ($2 in chips) 
Seat 4: Desyatov A ($0.78 in chips) 
Seat 5: pb!bak ($1.97 in chips) 
Seat 6: isurusa ($3.82 in chips) 
Seat 7: woffinden1 ($1.93 in chips) 
Seat 8: Thunderbird65 ($1.67 in chips) 
Seat 9: edvards92 ($3.65 in chips) 
PokerMedo: posts small blind $0.01
Desyatov A: posts big blind $0.02
*** HOLE CARDS ***
Dealt to Dorex2007 [2h 7h]
pb!bak: folds 
isurusa: folds 
woffinden1: folds 
Thunderbird65: calls $0.02
edvards92: folds 
Dorex2007: folds 
bobi_armani: folds 
PokerMedo: folds 
Desyatov A: raises $0.05 to $0.07
Thunderbird65: calls $0.05
*** FLOP *** [3d 4h Ac]
Desyatov A: bets $0.07
Thunderbird65: calls $0.07
*** TURN *** [3d 4h Ac] [7d]
Desyatov A: bets $0.28
Thunderbird65: calls $0.28
*** RIVER *** [3d 4h Ac 7d] [2d]
Desyatov A: bets $0.36 and is all-in
Thunderbird65: calls $0.36
*** SHOW DOWN ***
Desyatov A: shows [Ad Kc] (a pair of Aces)
Thunderbird65: shows [As 9s] (a pair of Aces - lower kicker)
Desyatov A collected $1.52 from pot
*** SUMMARY ***
Total pot $1.57 | Rake $0.05 
Board [3d 4h Ac 7d 2d]
Seat 1: Dorex2007 folded before Flop (didn't bet)
Seat 2: bobi_armani (button) folded before Flop (didn't bet)
Seat 3: PokerMedo (small blind) folded before Flop
Seat 4: Desyatov A (big blind) showed [Ad Kc] and won ($1.52) with a pair of Aces
Seat 5: pb!bak folded before Flop (didn't bet)
Seat 6: isurusa folded before Flop (didn't bet)
Seat 7: woffinden1 folded before Flop (didn't bet)
Seat 8: Thunderbird65 showed [As 9s] and lost with a pair of Aces
Seat 9: edvards92 folded before Flop (didn't bet)



PokerStars Hand #230415113489:  Hold'em No Limit ($0.01/$0.02 USD) - 2021/10/06 22:38:36 PT [2021/10/07 1:38:36 ET]
Table 'Massalia II' 9-max Seat #3 is the button
Seat 1: Dorex2007 ($2.67 in chips) 
Seat 2: bobi_armani ($4.03 in chips) 
Seat 3: PokerMedo ($2 in chips) 
Seat 4: Desyatov A ($1.52 in chips) 
Seat 5: pb!bak ($1.97 in chips) 
Seat 6: isurusa ($3.82 in chips) 
Seat 7: woffinden1 ($1.93 in chips) 
Seat 8: Thunderbird65 ($0.89 in chips) 
Seat 9: edvards92 ($3.65 in chips) 
Desyatov A: posts small blind $0.01
pb!bak: posts big blind $0.02
*** HOLE CARDS ***
Dealt to Dorex2007 [Kh 4d]
isurusa: folds 
woffinden1: folds 
Thunderbird65: folds 
edvards92: folds 
Dorex2007: folds 
bobi_armani: folds 
PokerMedo: folds 
Desyatov A: raises $0.04 to $0.06
pb!bak: calls $0.04
*** FLOP *** [3h Qs 6d]
Desyatov A: bets $0.06
pb!bak: calls $0.06
*** TURN *** [3h Qs 6d] [Kd]
Desyatov A: checks 
pb!bak: checks 
*** RIVER *** [3h Qs 6d Kd] [9c]
Desyatov A: checks 
pb!bak: checks 
*** SHOW DOWN ***
Desyatov A: shows [Ks Qh] (two pair, Kings and Queens)
pb!bak: mucks hand 
Desyatov A collected $0.23 from pot
*** SUMMARY ***
Total pot $0.24 | Rake $0.01 
Board [3h Qs 6d Kd 9c]
Seat 1: Dorex2007 folded before Flop (didn't bet)
Seat 2: bobi_armani folded before Flop (didn't bet)
Seat 3: PokerMedo (button) folded before Flop (didn't bet)
Seat 4: Desyatov A (small blind) showed [Ks Qh] and won ($0.23) with two pair, Kings and Queens
Seat 5: pb!bak (big blind) mucked [Ac 5c]
Seat 6: isurusa folded before Flop (didn't bet)
Seat 7: woffinden1 folded before Flop (didn't bet)
Seat 8: Thunderbird65 folded before Flop (didn't bet)
Seat 9: edvards92 folded before Flop (didn't bet)



PokerStars Hand #230415120457:  Hold'em No Limit ($0.01/$0.02 USD) - 2021/10/06 22:39:29 PT [2021/10/07 1:39:29 ET]
Table 'Massalia II' 9-max Seat #4 is the button
Seat 1: Dorex2007 ($2.67 in chips) 
Seat 2: bobi_armani ($4.03 in chips) 
Seat 3: PokerMedo ($2 in chips) 
Seat 4: Desyatov A ($1.63 in chips) 
Seat 5: pb!bak ($1.85 in chips) 
Seat 7: woffinden1 ($1.93 in chips) 
Seat 8: Thunderbird65 ($0.89 in chips) 
Seat 9: edvards92 ($3.65 in chips) 
pb!bak: posts small blind $0.01
isurusa: is sitting out 
woffinden1: posts big blind $0.02
*** HOLE CARDS ***
Dealt to Dorex2007 [Kh 6d]
Thunderbird65: raises $0.02 to $0.04
edvards92: folds 
Dorex2007: folds 
bobi_armani: folds 
PokerMedo: folds 
Desyatov A: folds 
pb!bak: folds 
woffinden1: folds 
Uncalled bet ($0.02) returned to Thunderbird65
Thunderbird65 collected $0.05 from pot
Thunderbird65: doesn't show hand 
*** SUMMARY ***
Total pot $0.05 | Rake $0 
Seat 1: Dorex2007 folded before Flop (didn't bet)
Seat 2: bobi_armani folded before Flop (didn't bet)
Seat 3: PokerMedo folded before Flop (didn't bet)
Seat 4: Desyatov A (button) folded before Flop (didn't bet)
Seat 5: pb!bak (small blind) folded before Flop
Seat 7: woffinden1 (big blind) folded before Flop
Seat 8: Thunderbird65 collected ($0.05)
Seat 9: edvards92 folded before Flop (didn't bet)



PokerStars Hand #230415123234:  Hold'em No Limit ($0.01/$0.02 USD) - 2021/10/06 22:39:50 PT [2021/10/07 1:39:50 ET]
Table 'Massalia II' 9-max Seat #5 is the button
Seat 1: Dorex2007 ($2.67 in chips) 
Seat 2: bobi_armani ($4.03 in chips) 
Seat 3: PokerMedo ($2 in chips) 
Seat 4: Desyatov A ($1.63 in chips) 
Seat 5: pb!bak ($1.84 in chips) 
Seat 7: woffinden1 ($1.91 in chips) 
Seat 8: Thunderbird65 ($0.92 in chips) 
Seat 9: edvards92 ($3.65 in chips) 
woffinden1: posts small blind $0.01
Thunderbird65: posts big blind $0.02
*** HOLE CARDS ***
Dealt to Dorex2007 [Tc Ks]
edvards92: folds 
Dorex2007: folds 
bobi_armani: folds 
PokerMedo: folds 
Desyatov A: folds 
pb!bak: folds 
woffinden1: raises $0.04 to $0.06
Thunderbird65: calls $0.04
*** FLOP *** [4s 2d 5c]
woffinden1: bets $0.06
Thunderbird65: calls $0.06
*** TURN *** [4s 2d 5c] [Ts]
woffinden1: checks 
Thunderbird65: checks 
*** RIVER *** [4s 2d 5c Ts] [Ad]
woffinden1: checks 
Thunderbird65: bets $0.06
woffinden1: folds 
Uncalled bet ($0.06) returned to Thunderbird65
Thunderbird65 collected $0.23 from pot
Thunderbird65: doesn't show hand 
*** SUMMARY ***
Total pot $0.24 | Rake $0.01 
Board [4s 2d 5c Ts Ad]
Seat 1: Dorex2007 folded before Flop (didn't bet)
Seat 2: bobi_armani folded before Flop (didn't bet)
Seat 3: PokerMedo folded before Flop (didn't bet)
Seat 4: Desyatov A folded before Flop (didn't bet)
Seat 5: pb!bak (button) folded before Flop (didn't bet)
Seat 7: woffinden1 (small blind) folded on the River
Seat 8: Thunderbird65 (big blind) collected ($0.23)
Seat 9: edvards92 folded before Flop (didn't bet)



PokerStars Hand #230415130105:  Hold'em No Limit ($0.01/$0.02 USD) - 2021/10/06 22:40:43 PT [2021/10/07 1:40:43 ET]
Table 'Massalia II' 9-max Seat #7 is the button
Seat 1: Dorex2007 ($2.67 in chips) 
Seat 2: bobi_armani ($4.03 in chips) 
Seat 3: PokerMedo ($2 in chips) 
Seat 4: Desyatov A ($1.63 in chips) 
Seat 5: pb!bak ($1.84 in chips) 
Seat 7: woffinden1 ($1.79 in chips) 
Seat 8: Thunderbird65 ($1.03 in chips) 
Seat 9: edvards92 ($3.65 in chips) 
Thunderbird65: posts small blind $0.01
edvards92: posts big blind $0.02
*** HOLE CARDS ***
Dealt to Dorex2007 [2c 8h]
Dorex2007: folds 
bobi_armani: calls $0.02
PokerMedo: folds 
Desyatov A: calls $0.02
pb!bak: folds 
woffinden1: folds 
Thunderbird65: calls $0.01
edvards92: checks 
*** FLOP *** [5s 4c 9h]
Thunderbird65: checks 
edvards92: checks 
bobi_armani: checks 
Desyatov A: checks 
*** TURN *** [5s 4c 9h] [Qd]
Thunderbird65: checks 
edvards92: checks 
bobi_armani: checks 
Desyatov A: checks 
*** RIVER *** [5s 4c 9h Qd] [9s]
Thunderbird65: bets $0.02
edvards92: folds 
bobi_armani: folds 
Desyatov A: folds 
Uncalled bet ($0.02) returned to Thunderbird65
Thunderbird65 collected $0.08 from pot
Thunderbird65: doesn't show hand 
*** SUMMARY ***
Total pot $0.08 | Rake $0 
Board [5s 4c 9h Qd 9s]
Seat 1: Dorex2007 folded before Flop (didn't bet)
Seat 2: bobi_armani folded on the River
Seat 3: PokerMedo folded before Flop (didn't bet)
Seat 4: Desyatov A folded on the River
Seat 5: pb!bak folded before Flop (didn't bet)
Seat 7: woffinden1 (button) folded before Flop (didn't bet)
Seat 8: Thunderbird65 (small blind) collected ($0.08)
Seat 9: edvards92 (big blind) folded on the River



PokerStars Hand #230415136791:  Hold'em No Limit ($0.01/$0.02 USD) - 2021/10/06 22:41:35 PT [2021/10/07 1:41:35 ET]
Table 'Massalia II' 9-max Seat #8 is the button
Seat 1: Dorex2007 ($2.67 in chips) 
Seat 2: bobi_armani ($4.01 in chips) 
Seat 3: PokerMedo ($2 in chips) 
Seat 4: Desyatov A ($1.61 in chips) 
Seat 5: pb!bak ($1.84 in chips) 
Seat 7: woffinden1 ($1.79 in chips) 
Seat 8: Thunderbird65 ($1.09 in chips) 
Seat 9: edvards92 ($3.63 in chips) 
edvards92: posts small blind $0.01
Dorex2007: posts big blind $0.02
*** HOLE CARDS ***
Dealt to Dorex2007 [8c 7c]
bobi_armani: raises $0.02 to $0.04
PokerMedo: folds 
Desyatov A: folds 
pb!bak: folds 
woffinden1: folds 
Thunderbird65: folds 
edvards92: folds 
Dorex2007: calls $0.02
*** FLOP *** [3h 8s Ac]
Dorex2007: checks 
bobi_armani: bets $0.02
Dorex2007: calls $0.02
*** TURN *** [3h 8s Ac] [Ks]
Dorex2007: checks 
bobi_armani: bets $0.07
Dorex2007: calls $0.07
*** RIVER *** [3h 8s Ac Ks] [Kh]
Dorex2007: bets $0.26
bobi_armani: raises $1.20 to $1.46
Dorex2007: folds 
Uncalled bet ($1.20) returned to bobi_armani
bobi_armani collected $0.76 from pot
bobi_armani: doesn't show hand 
*** SUMMARY ***
Total pot $0.79 | Rake $0.03 
Board [3h 8s Ac Ks Kh]
Seat 1: Dorex2007 (big blind) folded on the River
Seat 2: bobi_armani collected ($0.76)
Seat 3: PokerMedo folded before Flop (didn't bet)
Seat 4: Desyatov A folded before Flop (didn't bet)
Seat 5: pb!bak folded before Flop (didn't bet)
Seat 7: woffinden1 folded before Flop (didn't bet)
Seat 8: Thunderbird65 (button) folded before Flop (didn't bet)
Seat 9: edvards92 (small blind) folded before Flop



PokerStars Hand #230415144005:  Hold'em No Limit ($0.01/$0.02 USD) - 2021/10/06 22:42:29 PT [2021/10/07 1:42:29 ET]
Table 'Massalia II' 9-max Seat #9 is the button
Seat 1: Dorex2007 ($2.28 in chips) 
Seat 2: bobi_armani ($4.38 in chips) 
Seat 3: PokerMedo ($2 in chips) 
Seat 4: Desyatov A ($1.61 in chips) 
Seat 5: pb!bak ($1.84 in chips) 
Seat 7: woffinden1 ($1.79 in chips) 
Seat 8: Thunderbird65 ($1.09 in chips) 
Seat 9: edvards92 ($3.62 in chips) 
Dorex2007: posts small blind $0.01
bobi_armani: posts big blind $0.02
*** HOLE CARDS ***
Dealt to Dorex2007 [8s 7s]
PokerMedo: folds 
Desyatov A: raises $0.02 to $0.04
pb!bak: folds 
woffinden1: folds 
Thunderbird65: folds 
edvards92: folds 
Dorex2007: calls $0.03
bobi_armani: calls $0.02
*** FLOP *** [2d As 3h]
Dorex2007: checks 
bobi_armani: checks 
Desyatov A: bets $0.06
Dorex2007: folds 
bobi_armani: folds 
Uncalled bet ($0.06) returned to Desyatov A
Desyatov A collected $0.12 from pot
Desyatov A: doesn't show hand 
*** SUMMARY ***
Total pot $0.12 | Rake $0 
Board [2d As 3h]
Seat 1: Dorex2007 (small blind) folded on the Flop
Seat 2: bobi_armani (big blind) folded on the Flop
Seat 3: PokerMedo folded before Flop (didn't bet)
Seat 4: Desyatov A collected ($0.12)
Seat 5: pb!bak folded before Flop (didn't bet)
Seat 7: woffinden1 folded before Flop (didn't bet)
Seat 8: Thunderbird65 folded before Flop (didn't bet)
Seat 9: edvards92 (button) folded before Flop (didn't bet)



PokerStars Hand #230415147124:  Hold'em No Limit ($0.01/$0.02 USD) - 2021/10/06 22:42:53 PT [2021/10/07 1:42:53 ET]
Table 'Massalia II' 9-max Seat #1 is the button
Seat 1: Dorex2007 ($2.24 in chips) 
Seat 2: bobi_armani ($4.34 in chips) 
Seat 3: PokerMedo ($2 in chips) 
Seat 4: Desyatov A ($1.69 in chips) 
Seat 5: pb!bak ($1.84 in chips) 
Seat 7: woffinden1 ($1.79 in chips) 
Seat 8: Thunderbird65 ($1.09 in chips) 
Seat 9: edvards92 ($3.62 in chips) 
bobi_armani: posts small blind $0.01
PokerMedo: posts big blind $0.02
*** HOLE CARDS ***
Dealt to Dorex2007 [9s Jd]
Desyatov A: folds 
pb!bak: folds 
woffinden1: raises $0.04 to $0.06
Thunderbird65: folds 
edvards92: folds 
Dorex2007: folds 
bobi_armani: calls $0.05
PokerMedo: folds 
*** FLOP *** [Kh 5s Th]
bobi_armani: checks 
woffinden1: bets $0.07
bobi_armani: calls $0.07
*** TURN *** [Kh 5s Th] [7d]
bobi_armani: checks 
woffinden1: checks 
*** RIVER *** [Kh 5s Th 7d] [3h]
bobi_armani: checks 
woffinden1: checks 
*** SHOW DOWN ***
bobi_armani: shows [9d Qs] (high card King)
woffinden1: shows [Js As] (high card Ace)
woffinden1 collected $0.27 from pot
*** SUMMARY ***
Total pot $0.28 | Rake $0.01 
Board [Kh 5s Th 7d 3h]
Seat 1: Dorex2007 (button) folded before Flop (didn't bet)
Seat 2: bobi_armani (small blind) showed [9d Qs] and lost with high card King
Seat 3: PokerMedo (big blind) folded before Flop
Seat 4: Desyatov A folded before Flop (didn't bet)
Seat 5: pb!bak folded before Flop (didn't bet)
Seat 7: woffinden1 showed [Js As] and won ($0.27) with high card Ace
Seat 8: Thunderbird65 folded before Flop (didn't bet)
Seat 9: edvards92 folded before Flop (didn't bet)



PokerStars Hand #230415151830:  Hold'em No Limit ($0.01/$0.02 USD) - 2021/10/06 22:43:30 PT [2021/10/07 1:43:30 ET]
Table 'Massalia II' 9-max Seat #2 is the button
Seat 1: Dorex2007 ($2.24 in chips) 
Seat 2: bobi_armani ($4.21 in chips) 
Seat 3: PokerMedo ($2 in chips) 
Seat 4: Desyatov A ($1.69 in chips) 
Seat 5: pb!bak ($1.84 in chips) 
Seat 7: woffinden1 ($1.93 in chips) 
Seat 8: Thunderbird65 ($1.09 in chips) 
Seat 9: edvards92 ($3.62 in chips) 
PokerMedo: posts small blind $0.01
Desyatov A: posts big blind $0.02
*** HOLE CARDS ***
Dealt to Dorex2007 [6d Kh]
pb!bak: folds 
woffinden1: folds 
Thunderbird65: folds 
edvards92: folds 
Dorex2007: folds 
bobi_armani: calls $0.02
PokerMedo: raises $0.04 to $0.06
Desyatov A: folds 
bobi_armani: calls $0.04
*** FLOP *** [Ks 9h 3d]
PokerMedo: bets $0.07
bobi_armani: calls $0.07
*** TURN *** [Ks 9h 3d] [8d]
PokerMedo: bets $0.13
bobi_armani: folds 
Uncalled bet ($0.13) returned to PokerMedo
PokerMedo collected $0.27 from pot
PokerMedo: doesn't show hand 
*** SUMMARY ***
Total pot $0.28 | Rake $0.01 
Board [Ks 9h 3d 8d]
Seat 1: Dorex2007 folded before Flop (didn't bet)
Seat 2: bobi_armani (button) folded on the Turn
Seat 3: PokerMedo (small blind) collected ($0.27)
Seat 4: Desyatov A (big blind) folded before Flop
Seat 5: pb!bak folded before Flop (didn't bet)
Seat 7: woffinden1 folded before Flop (didn't bet)
Seat 8: Thunderbird65 folded before Flop (didn't bet)
Seat 9: edvards92 folded before Flop (didn't bet)



PokerStars Hand #230415156597:  Hold'em No Limit ($0.01/$0.02 USD) - 2021/10/06 22:44:06 PT [2021/10/07 1:44:06 ET]
Table 'Massalia II' 9-max Seat #3 is the button
Seat 1: Dorex2007 ($2.24 in chips) 
Seat 2: bobi_armani ($4.08 in chips) 
Seat 3: PokerMedo ($2.14 in chips) 
Seat 4: Desyatov A ($1.67 in chips) 
Seat 5: pb!bak ($1.84 in chips) 
Seat 7: woffinden1 ($1.93 in chips) 
Seat 8: Thunderbird65 ($1.09 in chips) 
Seat 9: edvards92 ($3.62 in chips) 
Desyatov A: posts small blind $0.01
pb!bak: posts big blind $0.02
*** HOLE CARDS ***
Dealt to Dorex2007 [3h Ac]
woffinden1: folds 
Thunderbird65: folds 
edvards92: raises $0.03 to $0.05
Dorex2007: folds 
bobi_armani: calls $0.05
PokerMedo: folds 
Desyatov A: folds 
pb!bak: folds 
*** FLOP *** [2d 7s 6s]
edvards92: bets $0.07
bobi_armani: calls $0.07
*** TURN *** [2d 7s 6s] [Tc]
edvards92: checks 
bobi_armani: bets $0.26
edvards92: folds 
Uncalled bet ($0.26) returned to bobi_armani
bobi_armani collected $0.26 from pot
bobi_armani: doesn't show hand 
*** SUMMARY ***
Total pot $0.27 | Rake $0.01 
Board [2d 7s 6s Tc]
Seat 1: Dorex2007 folded before Flop (didn't bet)
Seat 2: bobi_armani collected ($0.26)
Seat 3: PokerMedo (button) folded before Flop (didn't bet)
Seat 4: Desyatov A (small blind) folded before Flop
Seat 5: pb!bak (big blind) folded before Flop
Seat 7: woffinden1 folded before Flop (didn't bet)
Seat 8: Thunderbird65 folded before Flop (didn't bet)
Seat 9: edvards92 folded on the Turn



PokerStars Hand #230415162534:  Hold'em No Limit ($0.01/$0.02 USD) - 2021/10/06 22:44:52 PT [2021/10/07 1:44:52 ET]
Table 'Massalia II' 9-max Seat #4 is the button
Seat 1: Dorex2007 ($2.24 in chips) 
Seat 2: bobi_armani ($4.22 in chips) 
Seat 3: PokerMedo ($2.14 in chips) 
Seat 4: Desyatov A ($1.66 in chips) 
Seat 5: pb!bak ($1.82 in chips) 
Seat 7: woffinden1 ($1.93 in chips) 
Seat 8: Thunderbird65 ($1.09 in chips) 
Seat 9: edvards92 ($3.50 in chips) 
pb!bak: posts small blind $0.01
woffinden1: posts big blind $0.02
*** HOLE CARDS ***
Dealt to Dorex2007 [Qs 5d]
Thunderbird65: folds 
edvards92: folds 
Dorex2007: folds 
bobi_armani: folds 
PokerMedo: folds 
Desyatov A: folds 
pb!bak: folds 
Uncalled bet ($0.01) returned to woffinden1
woffinden1 collected $0.02 from pot
woffinden1: doesn't show hand 
*** SUMMARY ***
Total pot $0.02 | Rake $0 
Seat 1: Dorex2007 folded before Flop (didn't bet)
Seat 2: bobi_armani folded before Flop (didn't bet)
Seat 3: PokerMedo folded before Flop (didn't bet)
Seat 4: Desyatov A (button) folded before Flop (didn't bet)
Seat 5: pb!bak (small blind) folded before Flop
Seat 7: woffinden1 (big blind) collected ($0.02)
Seat 8: Thunderbird65 folded before Flop (didn't bet)
Seat 9: edvards92 folded before Flop (didn't bet)



PokerStars Hand #230415164303:  Hold'em No Limit ($0.01/$0.02 USD) - 2021/10/06 22:45:05 PT [2021/10/07 1:45:05 ET]
Table 'Massalia II' 9-max Seat #5 is the button
Seat 1: Dorex2007 ($2.24 in chips) 
Seat 2: bobi_armani ($4.22 in chips) 
Seat 3: PokerMedo ($2.14 in chips) 
Seat 4: Desyatov A ($1.66 in chips) 
Seat 5: pb!bak ($1.81 in chips) 
Seat 7: woffinden1 ($1.94 in chips) 
Seat 8: Thunderbird65 ($1.09 in chips) 
Seat 9: edvards92 ($3.50 in chips) 
woffinden1: posts small blind $0.01
Thunderbird65: posts big blind $0.02
*** HOLE CARDS ***
Dealt to Dorex2007 [6h 8c]
edvards92: folds 
Dorex2007: folds 
bobi_armani: folds 
PokerMedo: raises $0.04 to $0.06
Desyatov A: calls $0.06
pb!bak: folds 
woffinden1: folds 
Thunderbird65: folds 
*** FLOP *** [9d Jh Qs]
PokerMedo: bets $0.14
Desyatov A: raises $1.46 to $1.60 and is all-in
PokerMedo: calls $1.46
*** TURN *** [9d Jh Qs] [Js]
*** RIVER *** [9d Jh Qs Js] [3h]
*** SHOW DOWN ***
PokerMedo: shows [Qd Qh] (a full house, Queens full of Jacks)
Desyatov A: shows [Ks Kd] (two pair, Kings and Jacks)
PokerMedo cashed out the hand for $2.52 | Cash Out Fee $0.03
Desyatov A cashed out the hand for $0.67 | Cash Out Fee $0.01
*** SUMMARY ***
Total pot $3.35 | Rake $0.12 
Board [9d Jh Qs Js 3h]
Seat 1: Dorex2007 folded before Flop (didn't bet)
Seat 2: bobi_armani folded before Flop (didn't bet)
Seat 3: PokerMedo showed [Qd Qh] and won ($3.23) with a full house, Queens full of Jacks (pot not awarded as player cashed out)
Seat 4: Desyatov A showed [Ks Kd] and lost with two pair, Kings and Jacks (cashed out).
Seat 5: pb!bak (button) folded before Flop (didn't bet)
Seat 7: woffinden1 (small blind) folded before Flop
Seat 8: Thunderbird65 (big blind) folded before Flop
Seat 9: edvards92 folded before Flop (didn't bet)



PokerStars Hand #230415169793:  Hold'em No Limit ($0.01/$0.02 USD) - 2021/10/06 22:45:47 PT [2021/10/07 1:45:47 ET]
Table 'Massalia II' 9-max Seat #7 is the button
Seat 1: Dorex2007 ($2.24 in chips) 
Seat 2: bobi_armani ($4.22 in chips) 
Seat 3: PokerMedo ($3 in chips) 
Seat 4: Desyatov A ($0.67 in chips) 
Seat 5: pb!bak ($1.81 in chips) 
Seat 7: woffinden1 ($1.93 in chips) 
Seat 8: Thunderbird65 ($1.07 in chips) 
Seat 9: edvards92 ($3.50 in chips) 
Thunderbird65: posts small blind $0.01
edvards92: posts big blind $0.02
*** HOLE CARDS ***
Dealt to Dorex2007 [4c 5h]
Dorex2007: folds 
bobi_armani: raises $0.02 to $0.04
PokerMedo: folds 
Desyatov A: calls $0.04
pb!bak: folds 
woffinden1: folds 
Thunderbird65: calls $0.03
edvards92: folds 
*** FLOP *** [9h As 6h]
Thunderbird65: checks 
bobi_armani: checks 
Desyatov A: bets $0.07
Thunderbird65: folds 
bobi_armani: calls $0.07
*** TURN *** [9h As 6h] [5d]
bobi_armani: checks 
Desyatov A: checks 
*** RIVER *** [9h As 6h 5d] [9s]
isurusa leaves the table
bobi_armani: bets $0.27
Desyatov A: folds 
Uncalled bet ($0.27) returned to bobi_armani
bobi_armani collected $0.27 from pot
bobi_armani: doesn't show hand 
*** SUMMARY ***
Total pot $0.28 | Rake $0.01 
Board [9h As 6h 5d 9s]
Seat 1: Dorex2007 folded before Flop (didn't bet)
Seat 2: bobi_armani collected ($0.27)
Seat 3: PokerMedo folded before Flop (didn't bet)
Seat 4: Desyatov A folded on the River
Seat 5: pb!bak folded before Flop (didn't bet)
Seat 7: woffinden1 (button) folded before Flop (didn't bet)
Seat 8: Thunderbird65 (small blind) folded on the Flop
Seat 9: edvards92 (big blind) folded before Flop



PokerStars Hand #230415176492:  Hold'em No Limit ($0.01/$0.02 USD) - 2021/10/06 22:46:38 PT [2021/10/07 1:46:38 ET]
Table 'Massalia II' 9-max Seat #8 is the button
Seat 1: Dorex2007 ($2.24 in chips) 
Seat 2: bobi_armani ($4.38 in chips) 
Seat 3: PokerMedo ($3 in chips) 
Seat 4: Desyatov A ($0.56 in chips) 
Seat 5: pb!bak ($1.81 in chips) 
Seat 7: woffinden1 ($1.93 in chips) 
Seat 8: Thunderbird65 ($1.03 in chips) 
Seat 9: edvards92 ($3.48 in chips) 
edvards92: posts small blind $0.01
Dorex2007: posts big blind $0.02
*** HOLE CARDS ***
Dealt to Dorex2007 [6c 4h]
bobi_armani: calls $0.02
PokerMedo: calls $0.02
Desyatov A: folds 
pb!bak: folds 
woffinden1: folds 
Thunderbird65: calls $0.02
edvards92: calls $0.01
Dorex2007: checks 
*** FLOP *** [Ah Jd 7d]
edvards92: checks 
Dorex2007: checks 
bobi_armani: checks 
Mikhail754 joins the table at seat #6 
PokerMedo: checks 
Thunderbird65: checks 
*** TURN *** [Ah Jd 7d] [Th]
edvards92: checks 
Dorex2007: checks 
bobi_armani: checks 
PokerMedo: checks 
Thunderbird65: checks 
*** RIVER *** [Ah Jd 7d Th] [4s]
edvards92: checks 
Dorex2007: checks 
bobi_armani: checks 
PokerMedo: checks 
Thunderbird65: checks 
*** SHOW DOWN ***
edvards92: shows [5s 5c] (a pair of Fives)
Dorex2007: mucks hand 
bobi_armani: mucks hand 
PokerMedo: shows [8s 8h] (a pair of Eights)
Thunderbird65: shows [Td Qh] (a pair of Tens)
Thunderbird65 collected $0.10 from pot
*** SUMMARY ***
Total pot $0.10 | Rake $0 
Board [Ah Jd 7d Th 4s]
Seat 1: Dorex2007 (big blind) mucked [6c 4h]
Seat 2: bobi_armani mucked [2d Qc]
Seat 3: PokerMedo showed [8s 8h] and lost with a pair of Eights
Seat 4: Desyatov A folded before Flop (didn't bet)
Seat 5: pb!bak folded before Flop (didn't bet)
Seat 7: woffinden1 folded before Flop (didn't bet)
Seat 8: Thunderbird65 (button) showed [Td Qh] and won ($0.10) with a pair of Tens
Seat 9: edvards92 (small blind) showed [5s 5c] and lost with a pair of Fives



PokerStars Hand #230415186806:  Hold'em No Limit ($0.01/$0.02 USD) - 2021/10/06 22:47:56 PT [2021/10/07 1:47:56 ET]
Table 'Massalia II' 9-max Seat #9 is the button
Seat 1: Dorex2007 ($2.22 in chips) 
Seat 2: bobi_armani ($4.36 in chips) 
Seat 3: PokerMedo ($2.98 in chips) 
Seat 4: Desyatov A ($0.56 in chips) 
Seat 5: pb!bak ($1.81 in chips) 
Seat 6: Mikhail754 ($1 in chips) 
Seat 7: woffinden1 ($1.93 in chips) 
Seat 8: Thunderbird65 ($1.11 in chips) 
Seat 9: edvards92 ($3.46 in chips) 
Dorex2007: posts small blind $0.01
bobi_armani: posts big blind $0.02
Mikhail754: posts big blind $0.02
*** HOLE CARDS ***
Dealt to Dorex2007 [9c 4c]
PokerMedo: calls $0.02
Desyatov A: calls $0.02
pb!bak: folds 
Mikhail754: checks 
woffinden1: folds 
Thunderbird65: folds 
edvards92: raises $0.11 to $0.13
Dorex2007: folds 
bobi_armani: folds 
PokerMedo: calls $0.11
Desyatov A: calls $0.11
Mikhail754: folds 
*** FLOP *** [Jd Ac Th]
PokerMedo: checks 
Desyatov A: checks 
edvards92: bets $0.23
PokerMedo: folds 
Desyatov A: folds 
Uncalled bet ($0.23) returned to edvards92
edvards92 collected $0.42 from pot
edvards92: doesn't show hand 
*** SUMMARY ***
Total pot $0.44 | Rake $0.02 
Board [Jd Ac Th]
Seat 1: Dorex2007 (small blind) folded before Flop
Seat 2: bobi_armani (big blind) folded before Flop
Seat 3: PokerMedo folded on the Flop
Seat 4: Desyatov A folded on the Flop
Seat 5: pb!bak folded before Flop (didn't bet)
Seat 6: Mikhail754 folded before Flop (didn't bet)
Seat 7: woffinden1 folded before Flop (didn't bet)
Seat 8: Thunderbird65 folded before Flop (didn't bet)
Seat 9: edvards92 (button) collected ($0.42)



PokerStars Hand #230415192885:  Hold'em No Limit ($0.01/$0.02 USD) - 2021/10/06 22:48:42 PT [2021/10/07 1:48:42 ET]
Table 'Massalia II' 9-max Seat #1 is the button
Seat 1: Dorex2007 ($2.21 in chips) 
Seat 2: bobi_armani ($4.34 in chips) 
Seat 3: PokerMedo ($2.85 in chips) 
Seat 4: Desyatov A ($0.43 in chips) 
Seat 5: pb!bak ($1.81 in chips) 
Seat 6: Mikhail754 ($0.98 in chips) 
Seat 7: woffinden1 ($1.93 in chips) 
Seat 8: Thunderbird65 ($1.11 in chips) 
Seat 9: edvards92 ($3.75 in chips) 
bobi_armani: posts small blind $0.01
PokerMedo: posts big blind $0.02
*** HOLE CARDS ***
Dealt to Dorex2007 [Jh 6d]
Desyatov A: folds 
pb!bak: folds 
Mikhail754: folds 
woffinden1: folds 
Thunderbird65: folds 
edvards92: folds 
Dorex2007: folds 
bobi_armani: raises $0.02 to $0.04
PokerMedo: folds 
Uncalled bet ($0.02) returned to bobi_armani
bobi_armani collected $0.04 from pot
bobi_armani: doesn't show hand 
*** SUMMARY ***
Total pot $0.04 | Rake $0 
Seat 1: Dorex2007 (button) folded before Flop (didn't bet)
Seat 2: bobi_armani (small blind) collected ($0.04)
Seat 3: PokerMedo (big blind) folded before Flop
Seat 4: Desyatov A folded before Flop (didn't bet)
Seat 5: pb!bak folded before Flop (didn't bet)
Seat 6: Mikhail754 folded before Flop (didn't bet)
Seat 7: woffinden1 folded before Flop (didn't bet)
Seat 8: Thunderbird65 folded before Flop (didn't bet)
Seat 9: edvards92 folded before Flop (didn't bet)



PokerStars Hand #230415195276:  Hold'em No Limit ($0.01/$0.02 USD) - 2021/10/06 22:49:01 PT [2021/10/07 1:49:01 ET]
Table 'Massalia II' 9-max Seat #2 is the button
Seat 1: Dorex2007 ($2.21 in chips) 
Seat 2: bobi_armani ($4.36 in chips) 
Seat 3: PokerMedo ($2.83 in chips) 
Seat 4: Desyatov A ($0.43 in chips) 
Seat 5: pb!bak ($1.81 in chips) 
Seat 6: Mikhail754 ($0.98 in chips) 
Seat 7: woffinden1 ($1.93 in chips) 
Seat 8: Thunderbird65 ($1.11 in chips) 
Seat 9: edvards92 ($3.75 in chips) 
PokerMedo: posts small blind $0.01
Desyatov A: posts big blind $0.02
*** HOLE CARDS ***
Dealt to Dorex2007 [Ac 5c]
pb!bak: folds 
Mikhail754: folds 
woffinden1: folds 
Thunderbird65: folds 
edvards92: folds 
Dorex2007: calls $0.02
bobi_armani: folds 
PokerMedo: folds 
Desyatov A: checks 
*** FLOP *** [2d 3s Qs]
Desyatov A: checks 
Dorex2007: checks 
*** TURN *** [2d 3s Qs] [9c]
Desyatov A: bets $0.02
Dorex2007: calls $0.02
*** RIVER *** [2d 3s Qs 9c] [4h]
Desyatov A: checks 
Dorex2007: bets $0.12
Desyatov A: folds 
Uncalled bet ($0.12) returned to Dorex2007
Dorex2007 collected $0.09 from pot
Dorex2007: doesn't show hand 
*** SUMMARY ***
Total pot $0.09 | Rake $0 
Board [2d 3s Qs 9c 4h]
Seat 1: Dorex2007 collected ($0.09)
Seat 2: bobi_armani (button) folded before Flop (didn't bet)
Seat 3: PokerMedo (small blind) folded before Flop
Seat 4: Desyatov A (big blind) folded on the River
Seat 5: pb!bak folded before Flop (didn't bet)
Seat 6: Mikhail754 folded before Flop (didn't bet)
Seat 7: woffinden1 folded before Flop (didn't bet)
Seat 8: Thunderbird65 folded before Flop (didn't bet)
Seat 9: edvards92 folded before Flop (didn't bet)



PokerStars Hand #230415200344:  Hold'em No Limit ($0.01/$0.02 USD) - 2021/10/06 22:49:39 PT [2021/10/07 1:49:39 ET]
Table 'Massalia II' 9-max Seat #3 is the button
Seat 1: Dorex2007 ($2.26 in chips) 
Seat 2: bobi_armani ($4.36 in chips) 
Seat 3: PokerMedo ($2.82 in chips) 
Seat 4: Desyatov A ($0.39 in chips) 
Seat 5: pb!bak ($1.81 in chips) 
Seat 6: Mikhail754 ($0.98 in chips) 
Seat 7: woffinden1 ($1.93 in chips) 
Seat 8: Thunderbird65 ($1.11 in chips) 
Seat 9: edvards92 ($3.75 in chips) 
Desyatov A: posts small blind $0.01
pb!bak: posts big blind $0.02
*** HOLE CARDS ***
Dealt to Dorex2007 [Jh 4d]
Mikhail754: folds 
woffinden1: folds 
Thunderbird65: folds 
edvards92: folds 
Dorex2007: folds 
bobi_armani: calls $0.02
PokerMedo: calls $0.02
Desyatov A: raises $0.08 to $0.10
pb!bak: calls $0.08
bobi_armani: calls $0.08
PokerMedo: calls $0.08
*** FLOP *** [5c 3s 8s]
Desyatov A: bets $0.29 and is all-in
pb!bak: raises $0.29 to $0.58
bobi_armani: folds 
PokerMedo: folds 
Uncalled bet ($0.29) returned to pb!bak
*** TURN *** [5c 3s 8s] [9c]
*** RIVER *** [5c 3s 8s 9c] [3d]
*** SHOW DOWN ***
Desyatov A: shows [9s 9d] (a full house, Nines full of Threes)
pb!bak: shows [Ts Th] (two pair, Tens and Threes)
Desyatov A collected $0.95 from pot
pb!bak cashed out the hand for $0.84 | Cash Out Fee $0.01
*** SUMMARY ***
Total pot $0.98 | Rake $0.03 
Board [5c 3s 8s 9c 3d]
Seat 1: Dorex2007 folded before Flop (didn't bet)
Seat 2: bobi_armani folded on the Flop
Seat 3: PokerMedo (button) folded on the Flop
Seat 4: Desyatov A (small blind) showed [9s 9d] and won ($0.95) with a full house, Nines full of Threes
Seat 5: pb!bak (big blind) showed [Ts Th] and lost with two pair, Tens and Threes (cashed out).
Seat 6: Mikhail754 folded before Flop (didn't bet)
Seat 7: woffinden1 folded before Flop (didn't bet)
Seat 8: Thunderbird65 folded before Flop (didn't bet)
Seat 9: edvards92 folded before Flop (didn't bet)



PokerStars Hand #230415207546:  Hold'em No Limit ($0.01/$0.02 USD) - 2021/10/06 22:50:35 PT [2021/10/07 1:50:35 ET]
Table 'Massalia II' 9-max Seat #4 is the button
Seat 1: Dorex2007 ($2.26 in chips) 
Seat 2: bobi_armani ($4.26 in chips) 
Seat 3: PokerMedo ($2.72 in chips) 
Seat 4: Desyatov A ($0.95 in chips) 
Seat 5: pb!bak ($2.26 in chips) 
Seat 6: Mikhail754 ($0.98 in chips) 
Seat 7: woffinden1 ($1.93 in chips) 
Seat 8: Thunderbird65 ($1.11 in chips) 
Seat 9: edvards92 ($3.75 in chips) 
pb!bak: posts small blind $0.01
Mikhail754: posts big blind $0.02
*** HOLE CARDS ***
Dealt to Dorex2007 [9h Qc]
woffinden1: folds 
Thunderbird65: folds 
edvards92: folds 
Dorex2007: folds 
bobi_armani: calls $0.02
PokerMedo: folds 
Desyatov A: raises $0.07 to $0.09
pb!bak: folds 
Mikhail754: folds 
bobi_armani: calls $0.07
*** FLOP *** [Kd 5c 5s]
bobi_armani: checks 
Desyatov A: bets $0.10
bobi_armani: folds 
Uncalled bet ($0.10) returned to Desyatov A
Desyatov A collected $0.20 from pot
Desyatov A: doesn't show hand 
*** SUMMARY ***
Total pot $0.21 | Rake $0.01 
Board [Kd 5c 5s]
Seat 1: Dorex2007 folded before Flop (didn't bet)
Seat 2: bobi_armani folded on the Flop
Seat 3: PokerMedo folded before Flop (didn't bet)
Seat 4: Desyatov A (button) collected ($0.20)
Seat 5: pb!bak (small blind) folded before Flop
Seat 6: Mikhail754 (big blind) folded before Flop
Seat 7: woffinden1 folded before Flop (didn't bet)
Seat 8: Thunderbird65 folded before Flop (didn't bet)
Seat 9: edvards92 folded before Flop (didn't bet)



PokerStars Hand #230415211560:  Hold'em No Limit ($0.01/$0.02 USD) - 2021/10/06 22:51:05 PT [2021/10/07 1:51:05 ET]
Table 'Massalia II' 9-max Seat #5 is the button
Seat 1: Dorex2007 ($2.26 in chips) 
Seat 2: bobi_armani ($4.17 in chips) 
Seat 3: PokerMedo ($2.72 in chips) 
Seat 4: Desyatov A ($1.06 in chips) 
Seat 5: pb!bak ($2.25 in chips) 
Seat 6: Mikhail754 ($0.96 in chips) 
Seat 8: Thunderbird65 ($1.11 in chips) 
Seat 9: edvards92 ($3.75 in chips) 
Mikhail754: posts small blind $0.01
woffinden1: is sitting out 
Thunderbird65: posts big blind $0.02
*** HOLE CARDS ***
Dealt to Dorex2007 [Js As]
edvards92: folds 
Dorex2007: raises $0.04 to $0.06
bobi_armani: calls $0.06
PokerMedo: folds 
Desyatov A: calls $0.06
pb!bak: folds 
Mikhail754: folds 
Thunderbird65: calls $0.04
*** FLOP *** [Th Td 3h]
Thunderbird65: checks 
Dorex2007: checks 
bobi_armani: checks 
Desyatov A: checks 
*** TURN *** [Th Td 3h] [5c]
Thunderbird65: checks 
Dorex2007: bets $0.24
bobi_armani: folds 
Desyatov A: calls $0.24
Thunderbird65: folds 
*** RIVER *** [Th Td 3h 5c] [4s]
woffinden1 leaves the table
Dorex2007: bets $0.70
Desyatov A: folds 
Uncalled bet ($0.70) returned to Dorex2007
Dorex2007 collected $0.70 from pot
Dorex2007: doesn't show hand 
*** SUMMARY ***
Total pot $0.73 | Rake $0.03 
Board [Th Td 3h 5c 4s]
Seat 1: Dorex2007 collected ($0.70)
Seat 2: bobi_armani folded on the Turn
Seat 3: PokerMedo folded before Flop (didn't bet)
Seat 4: Desyatov A folded on the River
Seat 5: pb!bak (button) folded before Flop (didn't bet)
Seat 6: Mikhail754 (small blind) folded before Flop
Seat 8: Thunderbird65 (big blind) folded on the Turn
Seat 9: edvards92 folded before Flop (didn't bet)



PokerStars Hand #230415217891:  Hold'em No Limit ($0.01/$0.02 USD) - 2021/10/06 22:51:52 PT [2021/10/07 1:51:52 ET]
Table 'Massalia II' 9-max Seat #6 is the button
Seat 1: Dorex2007 ($2.66 in chips) 
Seat 2: bobi_armani ($4.11 in chips) 
Seat 3: PokerMedo ($2.72 in chips) 
Seat 4: Desyatov A ($0.76 in chips) 
Seat 5: pb!bak ($2.25 in chips) 
Seat 6: Mikhail754 ($0.95 in chips) 
Seat 8: Thunderbird65 ($1.05 in chips) 
Seat 9: edvards92 ($3.75 in chips) 
Thunderbird65: posts small blind $0.01
edvards92: posts big blind $0.02
*** HOLE CARDS ***
Dealt to Dorex2007 [7d Tc]
Dorex2007: folds 
bobi_armani: calls $0.02
PokerMedo: folds 
Desyatov A: folds 
pb!bak: folds 
Mikhail754: folds 
Thunderbird65: calls $0.01
edvards92: checks 
*** FLOP *** [2d Ks 3c]
Thunderbird65: bets $0.04
edvards92: folds 
bobi_armani: calls $0.04
*** TURN *** [2d Ks 3c] [Th]
Thunderbird65: bets $0.02
bobi_armani: folds 
Uncalled bet ($0.02) returned to Thunderbird65
Thunderbird65 collected $0.14 from pot
Thunderbird65: doesn't show hand 
*** SUMMARY ***
Total pot $0.14 | Rake $0 
Board [2d Ks 3c Th]
Seat 1: Dorex2007 folded before Flop (didn't bet)
Seat 2: bobi_armani folded on the Turn
Seat 3: PokerMedo folded before Flop (didn't bet)
Seat 4: Desyatov A folded before Flop (didn't bet)
Seat 5: pb!bak folded before Flop (didn't bet)
Seat 6: Mikhail754 (button) folded before Flop (didn't bet)
Seat 8: Thunderbird65 (small blind) collected ($0.14)
Seat 9: edvards92 (big blind) folded on the Flop



PokerStars Hand #230415221706:  Hold'em No Limit ($0.01/$0.02 USD) - 2021/10/06 22:52:22 PT [2021/10/07 1:52:22 ET]
Table 'Massalia II' 9-max Seat #8 is the button
Seat 1: Dorex2007 ($2.66 in chips) 
Seat 2: bobi_armani ($4.05 in chips) 
Seat 3: PokerMedo ($2.72 in chips) 
Seat 4: Desyatov A ($0.76 in chips) 
Seat 5: pb!bak ($2.25 in chips) 
Seat 6: Mikhail754 ($0.95 in chips) 
Seat 8: Thunderbird65 ($1.13 in chips) 
Seat 9: edvards92 ($3.73 in chips) 
edvards92: posts small blind $0.01
Dorex2007: posts big blind $0.02
*** HOLE CARDS ***
Dealt to Dorex2007 [4s 8h]
bobi_armani: calls $0.02
PokerMedo: folds 
Desyatov A: calls $0.02
pb!bak: raises $0.05 to $0.07
Mikhail754: folds 
Thunderbird65: folds 
edvards92: raises $0.20 to $0.27
Dorex2007: folds 
bobi_armani: folds 
Desyatov A: folds 
pb!bak: calls $0.20
*** FLOP *** [3c 5d 5s]
edvards92: bets $0.19
pb!bak: calls $0.19
*** TURN *** [3c 5d 5s] [Td]
Darek223 joins the table at seat #7 
edvards92: checks 
pb!bak: checks 
*** RIVER *** [3c 5d 5s Td] [8c]
edvards92: bets $0.40
pb!bak: calls $0.40
*** SHOW DOWN ***
edvards92: shows [Th Ts] (a full house, Tens full of Fives)
pb!bak: mucks hand 
edvards92 collected $1.72 from pot
*** SUMMARY ***
Total pot $1.78 | Rake $0.06 
Board [3c 5d 5s Td 8c]
Seat 1: Dorex2007 (big blind) folded before Flop
Seat 2: bobi_armani folded before Flop
Seat 3: PokerMedo folded before Flop (didn't bet)
Seat 4: Desyatov A folded before Flop
Seat 5: pb!bak mucked [Ac Ks]
Seat 6: Mikhail754 folded before Flop (didn't bet)
Seat 8: Thunderbird65 (button) folded before Flop (didn't bet)
Seat 9: edvards92 (small blind) showed [Th Ts] and won ($1.72) with a full house, Tens full of Fives



PokerStars Hand #230415229517:  Hold'em No Limit ($0.01/$0.02 USD) - 2021/10/06 22:53:22 PT [2021/10/07 1:53:22 ET]
Table 'Massalia II' 9-max Seat #9 is the button
Seat 1: Dorex2007 ($2.64 in chips) 
Seat 2: bobi_armani ($4.03 in chips) 
Seat 3: PokerMedo ($2.72 in chips) 
Seat 4: Desyatov A ($0.74 in chips) 
Seat 5: pb!bak ($1.39 in chips) 
Seat 6: Mikhail754 ($0.95 in chips) 
Seat 7: Darek223 ($1.60 in chips) 
Seat 8: Thunderbird65 ($1.13 in chips) 
Seat 9: edvards92 ($4.59 in chips) 
Dorex2007: posts small blind $0.01
bobi_armani: posts big blind $0.02
Darek223: posts big blind $0.02
*** HOLE CARDS ***
Dealt to Dorex2007 [6c 7d]
PokerMedo: calls $0.02
Desyatov A: folds 
pb!bak: folds 
Mikhail754: folds 
Darek223: checks 
Thunderbird65: calls $0.02
edvards92: folds 
Dorex2007: folds 
bobi_armani: checks 
*** FLOP *** [Ac Ts 6d]
bobi_armani: checks 
PokerMedo: checks 
Darek223: checks 
Thunderbird65: bets $0.04
bobi_armani: folds 
PokerMedo: calls $0.04
Darek223: folds 
*** TURN *** [Ac Ts 6d] [Td]
Darek223 leaves the table
PokerMedo: checks 
Thunderbird65: bets $0.02
PokerMedo: calls $0.02
*** RIVER *** [Ac Ts 6d Td] [Qd]
PokerMedo: checks 
Thunderbird65: checks 
*** SHOW DOWN ***
PokerMedo: shows [8c 8h] (two pair, Tens and Eights)
Thunderbird65: shows [Ah 9s] (two pair, Aces and Tens)
Thunderbird65 collected $0.20 from pot
*** SUMMARY ***
Total pot $0.21 | Rake $0.01 
Board [Ac Ts 6d Td Qd]
Seat 1: Dorex2007 (small blind) folded before Flop
Seat 2: bobi_armani (big blind) folded on the Flop
Seat 3: PokerMedo showed [8c 8h] and lost with two pair, Tens and Eights
Seat 4: Desyatov A folded before Flop (didn't bet)
Seat 5: pb!bak folded before Flop (didn't bet)
Seat 6: Mikhail754 folded before Flop (didn't bet)
Seat 7: Darek223 folded on the Flop (didn't bet)
Seat 8: Thunderbird65 showed [Ah 9s] and won ($0.20) with two pair, Aces and Tens
Seat 9: edvards92 (button) folded before Flop (didn't bet)



PokerStars Hand #230415236599:  Hold'em No Limit ($0.01/$0.02 USD) - 2021/10/06 22:54:16 PT [2021/10/07 1:54:16 ET]
Table 'Massalia II' 9-max Seat #1 is the button
Seat 1: Dorex2007 ($2.63 in chips) 
Seat 2: bobi_armani ($4.01 in chips) 
Seat 3: PokerMedo ($2.64 in chips) 
Seat 4: Desyatov A ($0.74 in chips) 
Seat 5: pb!bak ($1.39 in chips) 
Seat 6: Mikhail754 ($0.95 in chips) 
Seat 8: Thunderbird65 ($1.25 in chips) 
Seat 9: edvards92 ($4.59 in chips) 
bobi_armani: posts small blind $0.01
PokerMedo: posts big blind $0.02
*** HOLE CARDS ***
Dealt to Dorex2007 [5s 6h]
Desyatov A: folds 
pb!bak: folds 
Mikhail754: folds 
Thunderbird65: calls $0.02
edvards92: folds 
Dorex2007: folds 
bobi_armani: calls $0.01
PokerMedo: checks 
*** FLOP *** [Kd 7d Ac]
bobi_armani: checks 
PokerMedo: checks 
Thunderbird65: checks 
*** TURN *** [Kd 7d Ac] [8c]
bobi_armani: bets $0.02
PokerMedo: folds 
Thunderbird65: calls $0.02
*** RIVER *** [Kd 7d Ac 8c] [3h]
bobi_armani: bets $0.02
Thunderbird65: folds 
Uncalled bet ($0.02) returned to bobi_armani
bobi_armani collected $0.10 from pot
bobi_armani: doesn't show hand 
*** SUMMARY ***
Total pot $0.10 | Rake $0 
Board [Kd 7d Ac 8c 3h]
Seat 1: Dorex2007 (button) folded before Flop (didn't bet)
Seat 2: bobi_armani (small blind) collected ($0.10)
Seat 3: PokerMedo (big blind) folded on the Turn
Seat 4: Desyatov A folded before Flop (didn't bet)
Seat 5: pb!bak folded before Flop (didn't bet)
Seat 6: Mikhail754 folded before Flop (didn't bet)
Seat 8: Thunderbird65 folded on the River
Seat 9: edvards92 folded before Flop (didn't bet)



PokerStars Hand #230415241930:  Hold'em No Limit ($0.01/$0.02 USD) - 2021/10/06 22:54:57 PT [2021/10/07 1:54:57 ET]
Table 'Massalia II' 9-max Seat #2 is the button
Seat 1: Dorex2007 ($2.63 in chips) 
Seat 2: bobi_armani ($4.07 in chips) 
Seat 3: PokerMedo ($2.62 in chips) 
Seat 4: Desyatov A ($0.74 in chips) 
Seat 5: pb!bak ($1.39 in chips) 
Seat 6: Mikhail754 ($0.95 in chips) 
Seat 8: Thunderbird65 ($1.21 in chips) 
Seat 9: edvards92 ($4.59 in chips) 
PokerMedo: posts small blind $0.01
Desyatov A: posts big blind $0.02
*** HOLE CARDS ***
Dealt to Dorex2007 [9d 3c]
pb!bak: folds 
Mikhail754: folds 
Thunderbird65: folds 
edvards92: folds 
Dorex2007: folds 
bobi_armani: calls $0.02
PokerMedo: calls $0.01
Desyatov A: checks 
*** FLOP *** [Kc 2s 6c]
PokerMedo: checks 
Desyatov A: checks 
bobi_armani: bets $0.02
PokerMedo: folds 
Desyatov A: calls $0.02
*** TURN *** [Kc 2s 6c] [7h]
Desyatov A: checks 
bobi_armani: checks 
*** RIVER *** [Kc 2s 6c 7h] [Jc]
Desyatov A: checks 
bobi_armani: bets $0.10
Desyatov A: folds 
Uncalled bet ($0.10) returned to bobi_armani
bobi_armani collected $0.10 from pot
bobi_armani: doesn't show hand 
*** SUMMARY ***
Total pot $0.10 | Rake $0 
Board [Kc 2s 6c 7h Jc]
Seat 1: Dorex2007 folded before Flop (didn't bet)
Seat 2: bobi_armani (button) collected ($0.10)
Seat 3: PokerMedo (small blind) folded on the Flop
Seat 4: Desyatov A (big blind) folded on the River
Seat 5: pb!bak folded before Flop (didn't bet)
Seat 6: Mikhail754 folded before Flop (didn't bet)
Seat 8: Thunderbird65 folded before Flop (didn't bet)
Seat 9: edvards92 folded before Flop (didn't bet)



PokerStars Hand #230415247187:  Hold'em No Limit ($0.01/$0.02 USD) - 2021/10/06 22:55:40 PT [2021/10/07 1:55:40 ET]
Table 'Massalia II' 9-max Seat #3 is the button
Seat 1: Dorex2007 ($2.63 in chips) 
Seat 2: bobi_armani ($4.13 in chips) 
Seat 3: PokerMedo ($2.60 in chips) 
Seat 4: Desyatov A ($0.70 in chips) 
Seat 5: pb!bak ($1.39 in chips) 
Seat 6: Mikhail754 ($0.95 in chips) 
Seat 8: Thunderbird65 ($1.21 in chips) 
Seat 9: edvards92 ($4.59 in chips) 
Desyatov A: posts small blind $0.01
pb!bak: posts big blind $0.02
*** HOLE CARDS ***
Dealt to Dorex2007 [Ad 3d]
Mikhail754: folds 
Thunderbird65: folds 
edvards92: folds 
Dorex2007: raises $0.02 to $0.04
bobi_armani: calls $0.04
PokerMedo: calls $0.04
Desyatov A: folds 
pb!bak: folds 
*** FLOP *** [2s Ac Qs]
Dorex2007: bets $0.14
bobi_armani: calls $0.14
PokerMedo: folds 
*** TURN *** [2s Ac Qs] [3c]
MrEntsMan joins the table at seat #7 
Dorex2007: bets $2.45 and is all-in
bobi_armani: folds 
Uncalled bet ($2.45) returned to Dorex2007
Dorex2007 collected $0.41 from pot
Dorex2007: doesn't show hand 
*** SUMMARY ***
Total pot $0.43 | Rake $0.02 
Board [2s Ac Qs 3c]
Seat 1: Dorex2007 collected ($0.41)
Seat 2: bobi_armani folded on the Turn
Seat 3: PokerMedo (button) folded on the Flop
Seat 4: Desyatov A (small blind) folded before Flop
Seat 5: pb!bak (big blind) folded before Flop
Seat 6: Mikhail754 folded before Flop (didn't bet)
Seat 8: Thunderbird65 folded before Flop (didn't bet)
Seat 9: edvards92 folded before Flop (didn't bet)



PokerStars Hand #230415252320:  Hold'em No Limit ($0.01/$0.02 USD) - 2021/10/06 22:56:26 PT [2021/10/07 1:56:26 ET]
Table 'Massalia II' 9-max Seat #4 is the button
Seat 1: Dorex2007 ($2.86 in chips) 
Seat 2: bobi_armani ($3.95 in chips) 
Seat 3: PokerMedo ($2.56 in chips) 
Seat 4: Desyatov A ($0.69 in chips) 
Seat 5: pb!bak ($1.37 in chips) 
Seat 6: Mikhail754 ($0.95 in chips) 
Seat 8: Thunderbird65 ($1.21 in chips) 
Seat 9: edvards92 ($4.59 in chips) 
pb!bak: posts small blind $0.01
Mikhail754: posts big blind $0.02
MrEntsMan: sits out 
*** HOLE CARDS ***
Dealt to Dorex2007 [Kc 9c]
Thunderbird65: folds 
edvards92: folds 
Dorex2007: folds 
bobi_armani: calls $0.02
PokerMedo: folds 
Desyatov A: calls $0.02
pb!bak: folds 
Mikhail754: checks 
*** FLOP *** [2c Qc Tc]
Mikhail754: checks 
bobi_armani: checks 
Desyatov A: bets $0.02
Mikhail754: folds 
bobi_armani: calls $0.02
*** TURN *** [2c Qc Tc] [7d]
bobi_armani: checks 
Desyatov A: checks 
*** RIVER *** [2c Qc Tc 7d] [7c]
bobi_armani: bets $0.11
Desyatov A: folds 
Uncalled bet ($0.11) returned to bobi_armani
bobi_armani collected $0.11 from pot
bobi_armani: doesn't show hand 
*** SUMMARY ***
Total pot $0.11 | Rake $0 
Board [2c Qc Tc 7d 7c]
Seat 1: Dorex2007 folded before Flop (didn't bet)
Seat 2: bobi_armani collected ($0.11)
Seat 3: PokerMedo folded before Flop (didn't bet)
Seat 4: Desyatov A (button) folded on the River
Seat 5: pb!bak (small blind) folded before Flop
Seat 6: Mikhail754 (big blind) folded on the Flop
Seat 8: Thunderbird65 folded before Flop (didn't bet)
Seat 9: edvards92 folded before Flop (didn't bet)



PokerStars Hand #230415256617:  Hold'em No Limit ($0.01/$0.02 USD) - 2021/10/06 22:57:04 PT [2021/10/07 1:57:04 ET]
Table 'Massalia II' 9-max Seat #5 is the button
Seat 1: Dorex2007 ($2.86 in chips) 
Seat 2: bobi_armani ($4.02 in chips) 
Seat 3: PokerMedo ($2.56 in chips) 
Seat 4: Desyatov A ($0.65 in chips) 
Seat 5: pb!bak ($1.36 in chips) 
Seat 6: Mikhail754 ($0.93 in chips) 
Seat 7: MrEntsMan ($2 in chips) 
Seat 8: Thunderbird65 ($1.21 in chips) 
Seat 9: edvards92 ($4.59 in chips) 
Mikhail754: posts small blind $0.01
MrEntsMan: posts big blind $0.02
*** HOLE CARDS ***
Dealt to Dorex2007 [8c 7s]
Thunderbird65: folds 
edvards92: folds 
Dorex2007: folds 
bobi_armani: calls $0.02
PokerMedo: folds 
Desyatov A: calls $0.02
pb!bak: folds 
Mikhail754: calls $0.01
MrEntsMan: checks 
*** FLOP *** [6d Kd 4d]
Mikhail754: bets $0.04
MrEntsMan: folds 
bobi_armani: folds 
Desyatov A: calls $0.04
*** TURN *** [6d Kd 4d] [Kh]
Mikhail754: bets $0.04
Desyatov A: calls $0.04
*** RIVER *** [6d Kd 4d Kh] [2d]
Mikhail754: bets $0.04
Desyatov A: calls $0.04
*** SHOW DOWN ***
Mikhail754: shows [8d 7d] (a flush, King high)
Desyatov A: shows [Ts 9d] (a flush, King high - Nine higher)
Desyatov A collected $0.31 from pot
*** SUMMARY ***
Total pot $0.32 | Rake $0.01 
Board [6d Kd 4d Kh 2d]
Seat 1: Dorex2007 folded before Flop (didn't bet)
Seat 2: bobi_armani folded on the Flop
Seat 3: PokerMedo folded before Flop (didn't bet)
Seat 4: Desyatov A showed [Ts 9d] and won ($0.31) with a flush, King high
Seat 5: pb!bak (button) folded before Flop (didn't bet)
Seat 6: Mikhail754 (small blind) showed [8d 7d] and lost with a flush, King high
Seat 7: MrEntsMan (big blind) folded on the Flop
Seat 8: Thunderbird65 folded before Flop (didn't bet)
Seat 9: edvards92 folded before Flop (didn't bet)



PokerStars Hand #230415260560:  Hold'em No Limit ($0.01/$0.02 USD) - 2021/10/06 22:57:38 PT [2021/10/07 1:57:38 ET]
Table 'Massalia II' 9-max Seat #6 is the button
Seat 1: Dorex2007 ($2.86 in chips) 
Seat 2: bobi_armani ($4 in chips) 
Seat 3: PokerMedo ($2.56 in chips) 
Seat 4: Desyatov A ($0.82 in chips) 
Seat 5: pb!bak ($1.36 in chips) 
Seat 6: Mikhail754 ($0.79 in chips) 
Seat 7: MrEntsMan ($1.98 in chips) 
Seat 8: Thunderbird65 ($1.21 in chips) 
Seat 9: edvards92 ($4.59 in chips) 
MrEntsMan: posts small blind $0.01
Thunderbird65: posts big blind $0.02
*** HOLE CARDS ***
Dealt to Dorex2007 [Tc 2s]
edvards92: raises $0.03 to $0.05
Dorex2007: folds 
bobi_armani has timed out
bobi_armani: folds 
PokerMedo: folds 
Desyatov A: calls $0.05
pb!bak: folds 
Mikhail754: folds 
MrEntsMan: folds 
Thunderbird65: calls $0.03
*** FLOP *** [2h 2d Ah]
Thunderbird65: checks 
edvards92: checks 
Desyatov A: bets $0.07
Thunderbird65: folds 
edvards92: calls $0.07
*** TURN *** [2h 2d Ah] [7s]
edvards92: checks 
Desyatov A: checks 
*** RIVER *** [2h 2d Ah 7s] [6c]
edvards92: checks 
Desyatov A: checks 
*** SHOW DOWN ***
edvards92: shows [Td Ts] (two pair, Tens and Deuces)
Desyatov A: mucks hand 
edvards92 collected $0.29 from pot
*** SUMMARY ***
Total pot $0.30 | Rake $0.01 
Board [2h 2d Ah 7s 6c]
Seat 1: Dorex2007 folded before Flop (didn't bet)
Seat 2: bobi_armani folded before Flop (didn't bet)
Seat 3: PokerMedo folded before Flop (didn't bet)
Seat 4: Desyatov A mucked [7h 8h]
Seat 5: pb!bak folded before Flop (didn't bet)
Seat 6: Mikhail754 (button) folded before Flop (didn't bet)
Seat 7: MrEntsMan (small blind) folded before Flop
Seat 8: Thunderbird65 (big blind) folded on the Flop
Seat 9: edvards92 showed [Td Ts] and won ($0.29) with two pair, Tens and Deuces



PokerStars Hand #230415276190:  Hold'em No Limit ($0.01/$0.02 USD) - 2021/10/06 22:58:49 PT [2021/10/07 1:58:49 ET]
Table 'Massalia II' 9-max Seat #7 is the button
Seat 1: Dorex2007 ($2.86 in chips) 
Seat 3: PokerMedo ($2.56 in chips) 
Seat 4: Desyatov A ($0.70 in chips) 
Seat 5: pb!bak ($1.36 in chips) 
Seat 6: Mikhail754 ($0.79 in chips) 
Seat 7: MrEntsMan ($1.97 in chips) 
Seat 8: Thunderbird65 ($1.16 in chips) 
Seat 9: edvards92 ($4.76 in chips) 
Thunderbird65: posts small blind $0.01
edvards92: posts big blind $0.02
*** HOLE CARDS ***
Dealt to Dorex2007 [Kd 2c]
Dorex2007: folds 
PokerMedo: raises $0.04 to $0.06
Desyatov A: folds 
pb!bak: folds 
Mikhail754: folds 
MrEntsMan: folds 
Thunderbird65: folds 
edvards92: folds 
Uncalled bet ($0.04) returned to PokerMedo
PokerMedo collected $0.05 from pot
PokerMedo: doesn't show hand 
*** SUMMARY ***
Total pot $0.05 | Rake $0 
Seat 1: Dorex2007 folded before Flop (didn't bet)
Seat 3: PokerMedo collected ($0.05)
Seat 4: Desyatov A folded before Flop (didn't bet)
Seat 5: pb!bak folded before Flop (didn't bet)
Seat 6: Mikhail754 folded before Flop (didn't bet)
Seat 7: MrEntsMan (button) folded before Flop (didn't bet)
Seat 8: Thunderbird65 (small blind) folded before Flop
Seat 9: edvards92 (big blind) folded before Flop



PokerStars Hand #230415278735:  Hold'em No Limit ($0.01/$0.02 USD) - 2021/10/06 22:59:11 PT [2021/10/07 1:59:11 ET]
Table 'Massalia II' 9-max Seat #8 is the button
Seat 1: Dorex2007 ($2.86 in chips) 
Seat 3: PokerMedo ($2.59 in chips) 
Seat 4: Desyatov A ($0.70 in chips) 
Seat 5: pb!bak ($1.36 in chips) 
Seat 6: Mikhail754 ($0.79 in chips) 
Seat 7: MrEntsMan ($1.97 in chips) 
Seat 8: Thunderbird65 ($1.15 in chips) 
Seat 9: edvards92 ($4.74 in chips) 
edvards92: posts small blind $0.01
Dorex2007: posts big blind $0.02
*** HOLE CARDS ***
Dealt to Dorex2007 [Kc 2d]
PokerMedo: raises $0.04 to $0.06
Desyatov A: folds 
pb!bak: folds 
Mikhail754: folds 
MrEntsMan: folds 
Thunderbird65: folds 
edvards92: folds 
Dorex2007: folds 
Uncalled bet ($0.04) returned to PokerMedo
PokerMedo collected $0.05 from pot
PokerMedo: doesn't show hand 
*** SUMMARY ***
Total pot $0.05 | Rake $0 
Seat 1: Dorex2007 (big blind) folded before Flop
Seat 3: PokerMedo collected ($0.05)
Seat 4: Desyatov A folded before Flop (didn't bet)
Seat 5: pb!bak folded before Flop (didn't bet)
Seat 6: Mikhail754 folded before Flop (didn't bet)
Seat 7: MrEntsMan folded before Flop (didn't bet)
Seat 8: Thunderbird65 (button) folded before Flop (didn't bet)
Seat 9: edvards92 (small blind) folded before Flop



PokerStars Hand #230415280681:  Hold'em No Limit ($0.01/$0.02 USD) - 2021/10/06 22:59:28 PT [2021/10/07 1:59:28 ET]
Table 'Massalia II' 9-max Seat #9 is the button
Seat 1: Dorex2007 ($2.84 in chips) 
Seat 3: PokerMedo ($2.62 in chips) 
Seat 4: Desyatov A ($0.70 in chips) 
Seat 5: pb!bak ($1.36 in chips) 
Seat 6: Mikhail754 ($0.79 in chips) 
Seat 7: MrEntsMan ($1.97 in chips) 
Seat 8: Thunderbird65 ($1.15 in chips) 
Seat 9: edvards92 ($4.73 in chips) 
Dorex2007: posts small blind $0.01
PokerMedo: posts big blind $0.02
*** HOLE CARDS ***
Dealt to Dorex2007 [2h Td]
Desyatov A: folds 
pb!bak: folds 
Mikhail754: folds 
Mikhail754 leaves the table
MrEntsMan: raises $0.04 to $0.06
Thunderbird65: folds 
edvards92: folds 
Dorex2007: folds 
tomashovka55 joins the table at seat #6 
PokerMedo: calls $0.04
*** FLOP *** [7h 3h 7c]
PokerMedo: checks 
MrEntsMan: bets $0.07
PokerMedo: calls $0.07
*** TURN *** [7h 3h 7c] [Jd]
PokerMedo: checks 
MrEntsMan: bets $0.13
PokerMedo: folds 
Uncalled bet ($0.13) returned to MrEntsMan
MrEntsMan collected $0.26 from pot
MrEntsMan: doesn't show hand 
*** SUMMARY ***
Total pot $0.27 | Rake $0.01 
Board [7h 3h 7c Jd]
Seat 1: Dorex2007 (small blind) folded before Flop
Seat 3: PokerMedo (big blind) folded on the Turn
Seat 4: Desyatov A folded before Flop (didn't bet)
Seat 5: pb!bak folded before Flop (didn't bet)
Seat 6: Mikhail754 folded before Flop (didn't bet)
Seat 7: MrEntsMan collected ($0.26)
Seat 8: Thunderbird65 folded before Flop (didn't bet)
Seat 9: edvards92 (button) folded before Flop (didn't bet)



PokerStars Hand #230415286676:  Hold'em No Limit ($0.01/$0.02 USD) - 2021/10/06 23:00:21 PT [2021/10/07 2:00:21 ET]
Table 'Massalia II' 9-max Seat #1 is the button
Seat 1: Dorex2007 ($2.83 in chips) 
Seat 3: PokerMedo ($2.49 in chips) 
Seat 4: Desyatov A ($0.70 in chips) 
Seat 5: pb!bak ($1.36 in chips) 
Seat 7: MrEntsMan ($2.10 in chips) 
Seat 8: Thunderbird65 ($1.15 in chips) 
Seat 9: edvards92 ($4.73 in chips) 
PokerMedo: posts small blind $0.01
Desyatov A: posts big blind $0.02
tomashovka55: sits out 
*** HOLE CARDS ***
Dealt to Dorex2007 [7s Kc]
pb!bak: folds 
MrEntsMan: folds 
Thunderbird65: folds 
edvards92: folds 
Dorex2007: folds 
PokerMedo: folds 
Uncalled bet ($0.01) returned to Desyatov A
Desyatov A collected $0.02 from pot
Desyatov A: doesn't show hand 
*** SUMMARY ***
Total pot $0.02 | Rake $0 
Seat 1: Dorex2007 (button) folded before Flop (didn't bet)
Seat 3: PokerMedo (small blind) folded before Flop
Seat 4: Desyatov A (big blind) collected ($0.02)
Seat 5: pb!bak folded before Flop (didn't bet)
Seat 7: MrEntsMan folded before Flop (didn't bet)
Seat 8: Thunderbird65 folded before Flop (didn't bet)
Seat 9: edvards92 folded before Flop (didn't bet)



PokerStars Hand #230415288372:  Hold'em No Limit ($0.01/$0.02 USD) - 2021/10/06 23:00:35 PT [2021/10/07 2:00:35 ET]
Table 'Massalia II' 9-max Seat #3 is the button
Seat 1: Dorex2007 ($2.83 in chips) 
Seat 2: bobi_armani ($4 in chips) 
Seat 3: PokerMedo ($2.48 in chips) 
Seat 4: Desyatov A ($0.71 in chips) 
Seat 5: pb!bak ($1.36 in chips) 
Seat 7: MrEntsMan ($2.10 in chips) 
Seat 8: Thunderbird65 ($1.15 in chips) 
Seat 9: edvards92 ($4.73 in chips) 
Desyatov A: posts small blind $0.01
pb!bak: posts big blind $0.02
bobi_armani: posts small & big blinds $0.03
*** HOLE CARDS ***
Dealt to Dorex2007 [3d 3c]
MrEntsMan: calls $0.02
Thunderbird65: calls $0.02
edvards92: folds 
Dorex2007: calls $0.02
bobi_armani: checks 
PokerMedo: calls $0.02
Desyatov A: calls $0.01
pb!bak: checks 
*** FLOP *** [Qc 2h Jh]
Desyatov A: checks 
pb!bak: checks 
MrEntsMan: checks 
Thunderbird65: checks 
Dorex2007: checks 
bobi_armani: bets $0.07
PokerMedo: calls $0.07
Desyatov A: calls $0.07
pb!bak: calls $0.07
MrEntsMan: folds 
Thunderbird65: calls $0.07
Dorex2007: folds 
*** TURN *** [Qc 2h Jh] [8h]
Desyatov A: checks 
pb!bak: checks 
Thunderbird65: checks 
bobi_armani: bets $0.24
PokerMedo: calls $0.24
Desyatov A: folds 
pb!bak: calls $0.24
Thunderbird65: calls $0.24
*** RIVER *** [Qc 2h Jh 8h] [5d]
pb!bak: checks 
Thunderbird65: checks 
bobi_armani: bets $0.71
PokerMedo: raises $0.71 to $1.42
pb!bak: folds 
Thunderbird65: folds 
bobi_armani: calls $0.71
*** SHOW DOWN ***
PokerMedo: shows [Ah 9h] (a flush, Ace high)
bobi_armani: mucks hand 
PokerMedo collected $4.11 from pot
*** SUMMARY ***
Total pot $4.30 | Rake $0.19 
Board [Qc 2h Jh 8h 5d]
Seat 1: Dorex2007 folded on the Flop
Seat 2: bobi_armani mucked [7h Qh]
Seat 3: PokerMedo (button) showed [Ah 9h] and won ($4.11) with a flush, Ace high
Seat 4: Desyatov A (small blind) folded on the Turn
Seat 5: pb!bak (big blind) folded on the River
Seat 7: MrEntsMan folded on the Flop
Seat 8: Thunderbird65 folded on the River
Seat 9: edvards92 folded before Flop (didn't bet)



PokerStars Hand #230415303118:  Hold'em No Limit ($0.01/$0.02 USD) - 2021/10/06 23:02:31 PT [2021/10/07 2:02:31 ET]
Table 'Massalia II' 9-max Seat #4 is the button
Seat 1: Dorex2007 ($2.81 in chips) 
Seat 2: bobi_armani ($2.24 in chips) 
Seat 3: PokerMedo ($4.84 in chips) 
Seat 4: Desyatov A ($0.62 in chips) 
Seat 5: pb!bak ($1.03 in chips) 
Seat 7: MrEntsMan ($2.08 in chips) 
Seat 8: Thunderbird65 ($0.82 in chips) 
Seat 9: edvards92 ($4.73 in chips) 
pb!bak: posts small blind $0.01
MrEntsMan: posts big blind $0.02
*** HOLE CARDS ***
Dealt to Dorex2007 [Th 3s]
Thunderbird65: folds 
edvards92: folds 
Dorex2007: folds 
bobi_armani: folds 
bobi_armani leaves the table
PokerMedo: folds 
Desyatov A: raises $0.04 to $0.06
pb!bak: calls $0.05
MrEntsMan: folds 
*** FLOP *** [Jh 5h Js]
pb!bak: checks 
Desyatov A: bets $0.07
pb!bak: folds 
Uncalled bet ($0.07) returned to Desyatov A
Desyatov A collected $0.14 from pot
Desyatov A: doesn't show hand 
*** SUMMARY ***
Total pot $0.14 | Rake $0 
Board [Jh 5h Js]
Seat 1: Dorex2007 folded before Flop (didn't bet)
Seat 2: bobi_armani folded before Flop (didn't bet)
Seat 3: PokerMedo folded before Flop (didn't bet)
Seat 4: Desyatov A (button) collected ($0.14)
Seat 5: pb!bak (small blind) folded on the Flop
Seat 7: MrEntsMan (big blind) folded before Flop
Seat 8: Thunderbird65 folded before Flop (didn't bet)
Seat 9: edvards92 folded before Flop (didn't bet)



PokerStars Hand #230415308196:  Hold'em No Limit ($0.01/$0.02 USD) - 2021/10/06 23:03:10 PT [2021/10/07 2:03:10 ET]
Table 'Massalia II' 9-max Seat #5 is the button
Seat 1: Dorex2007 ($2.81 in chips) 
Seat 3: PokerMedo ($4.84 in chips) 
Seat 4: Desyatov A ($0.70 in chips) 
Seat 5: pb!bak ($0.97 in chips) 
Seat 7: MrEntsMan ($2.06 in chips) 
Seat 8: Thunderbird65 ($0.82 in chips) 
Seat 9: edvards92 ($4.73 in chips) 
MrEntsMan: posts small blind $0.01
Thunderbird65: posts big blind $0.02
*** HOLE CARDS ***
Dealt to Dorex2007 [Qh 4h]
edvards92: folds 
Dorex2007: folds 
PokerMedo: folds 
Desyatov A: folds 
Desyatov A leaves the table
pb!bak: folds 
MrEntsMan: folds 
Uncalled bet ($0.01) returned to Thunderbird65
Thunderbird65 collected $0.02 from pot
Thunderbird65: doesn't show hand 
*** SUMMARY ***
Total pot $0.02 | Rake $0 
Seat 1: Dorex2007 folded before Flop (didn't bet)
Seat 3: PokerMedo folded before Flop (didn't bet)
Seat 4: Desyatov A folded before Flop (didn't bet)
Seat 5: pb!bak (button) folded before Flop (didn't bet)
Seat 7: MrEntsMan (small blind) folded before Flop
Seat 8: Thunderbird65 (big blind) collected ($0.02)
Seat 9: edvards92 folded before Flop (didn't bet)



PokerStars Hand #230415309348:  Hold'em No Limit ($0.01/$0.02 USD) - 2021/10/06 23:03:19 PT [2021/10/07 2:03:19 ET]
Table 'Massalia II' 9-max Seat #7 is the button
Seat 1: Dorex2007 ($2.81 in chips) 
Seat 3: PokerMedo ($4.84 in chips) 
Seat 5: pb!bak ($0.97 in chips) 
Seat 6: tomashovka55 ($2 in chips) 
Seat 7: MrEntsMan ($2.05 in chips) 
Seat 8: Thunderbird65 ($0.83 in chips) 
Seat 9: edvards92 ($4.73 in chips) 
Thunderbird65: posts small blind $0.01
edvards92: posts big blind $0.02
tomashovka55: posts big blind $0.02
*** HOLE CARDS ***
Dealt to Dorex2007 [Kc Js]
Dorex2007: folds 
PokerMedo: calls $0.02
pb!bak: folds 
tomashovka55: checks 
MrEntsMan: folds 
Thunderbird65: calls $0.01
edvards92: checks 
*** FLOP *** [Qc Jc Kd]
Thunderbird65: checks 
edvards92: checks 
PokerMedo: bets $0.08
tomashovka55: calls $0.08
Thunderbird65: folds 
edvards92: folds 
*** TURN *** [Qc Jc Kd] [4s]
PokerMedo: bets $0.23
tomashovka55: calls $0.23
*** RIVER *** [Qc Jc Kd 4s] [9d]
PokerMedo: bets $4.51 and is all-in
tomashovka55: folds 
Uncalled bet ($4.51) returned to PokerMedo
PokerMedo collected $0.68 from pot
PokerMedo: doesn't show hand 
*** SUMMARY ***
Total pot $0.70 | Rake $0.02 
Board [Qc Jc Kd 4s 9d]
Seat 1: Dorex2007 folded before Flop (didn't bet)
Seat 3: PokerMedo collected ($0.68)
Seat 5: pb!bak folded before Flop (didn't bet)
Seat 6: tomashovka55 folded on the River
Seat 7: MrEntsMan (button) folded before Flop (didn't bet)
Seat 8: Thunderbird65 (small blind) folded on the Flop
Seat 9: edvards92 (big blind) folded on the Flop



PokerStars Hand #230415317627:  Hold'em No Limit ($0.01/$0.02 USD) - 2021/10/06 23:04:23 PT [2021/10/07 2:04:23 ET]
Table 'Massalia II' 9-max Seat #8 is the button
Seat 1: Dorex2007 ($2.81 in chips) 
Seat 3: PokerMedo ($5.19 in chips) 
Seat 5: pb!bak ($2 in chips) 
Seat 6: tomashovka55 ($2 in chips) 
Seat 7: MrEntsMan ($2.05 in chips) 
Seat 8: Thunderbird65 ($0.81 in chips) 
Seat 9: edvards92 ($4.71 in chips) 
edvards92: posts small blind $0.01
Dorex2007: posts big blind $0.02
*** HOLE CARDS ***
Dealt to Dorex2007 [3h 5d]
PokerMedo: folds 
pb!bak: folds 
tomashovka55: raises $0.03 to $0.05
MrEntsMan: folds 
Thunderbird65: calls $0.05
edvards92: calls $0.04
Dorex2007: folds 
*** FLOP *** [Ts 4d 4c]
edvards92: checks 
tomashovka55: bets $0.07
Thunderbird65: folds 
edvards92: calls $0.07
*** TURN *** [Ts 4d 4c] [4h]
edvards92: checks 
tomashovka55: bets $0.21
edvards92: folds 
Uncalled bet ($0.21) returned to tomashovka55
tomashovka55 collected $0.30 from pot
*** SUMMARY ***
Total pot $0.31 | Rake $0.01 
Board [Ts 4d 4c 4h]
Seat 1: Dorex2007 (big blind) folded before Flop
Seat 3: PokerMedo folded before Flop (didn't bet)
Seat 5: pb!bak folded before Flop (didn't bet)
Seat 6: tomashovka55 collected ($0.30)
Seat 7: MrEntsMan folded before Flop (didn't bet)
Seat 8: Thunderbird65 (button) folded on the Flop
Seat 9: edvards92 (small blind) folded on the Turn



PokerStars Hand #230415323938:  Hold'em No Limit ($0.01/$0.02 USD) - 2021/10/06 23:05:12 PT [2021/10/07 2:05:12 ET]
Table 'Massalia II' 9-max Seat #9 is the button
Seat 1: Dorex2007 ($2.79 in chips) 
Seat 3: PokerMedo ($5.19 in chips) 
Seat 5: pb!bak ($2 in chips) 
Seat 6: tomashovka55 ($2.18 in chips) 
Seat 7: MrEntsMan ($2.05 in chips) 
Seat 8: Thunderbird65 ($0.76 in chips) 
Seat 9: edvards92 ($4.59 in chips) 
Dorex2007: posts small blind $0.01
PokerMedo: posts big blind $0.02
*** HOLE CARDS ***
Dealt to Dorex2007 [Kh Ks]
pb!bak: raises $0.04 to $0.06
tomashovka55: calls $0.06
MrEntsMan: folds 
Thunderbird65: folds 
edvards92: folds 
Stefan111161 joins the table at seat #4 
Dorex2007: raises $0.12 to $0.18
PokerMedo: folds 
pb!bak: calls $0.12
tomashovka55: calls $0.12
*** FLOP *** [5s 2c 5d]
Dorex2007: bets $2.61 and is all-in
pb!bak: folds 
tomashovka55: folds 
Uncalled bet ($2.61) returned to Dorex2007
Dorex2007 collected $0.54 from pot
Dorex2007: doesn't show hand 
*** SUMMARY ***
Total pot $0.56 | Rake $0.02 
Board [5s 2c 5d]
Seat 1: Dorex2007 (small blind) collected ($0.54)
Seat 3: PokerMedo (big blind) folded before Flop
Seat 5: pb!bak folded on the Flop
Seat 6: tomashovka55 folded on the Flop
Seat 7: MrEntsMan folded before Flop (didn't bet)
Seat 8: Thunderbird65 folded before Flop (didn't bet)
Seat 9: edvards92 (button) folded before Flop (didn't bet)



PokerStars Hand #230415329380:  Hold'em No Limit ($0.01/$0.02 USD) - 2021/10/06 23:05:54 PT [2021/10/07 2:05:54 ET]
Table 'Massalia II' 9-max Seat #1 is the button
Seat 1: Dorex2007 ($3.15 in chips) 
Seat 3: PokerMedo ($5.17 in chips) 
Seat 4: Stefan111161 ($0.80 in chips) 
Seat 5: pb!bak ($1.82 in chips) 
Seat 6: tomashovka55 ($2 in chips) 
Seat 7: MrEntsMan ($2.05 in chips) 
Seat 8: Thunderbird65 ($0.76 in chips) 
Seat 9: edvards92 ($4.59 in chips) 
PokerMedo: posts small blind $0.01
Stefan111161: posts big blind $0.02
*** HOLE CARDS ***
Dealt to Dorex2007 [Kh 5s]
pb!bak: folds 
tomashovka55: folds 
MrEntsMan: folds 
Thunderbird65: folds 
edvards92: raises $0.03 to $0.05
Dorex2007: folds 
pinbotani joins the table at seat #2 
PokerMedo: folds 
Stefan111161: folds 
Uncalled bet ($0.03) returned to edvards92
edvards92 collected $0.05 from pot
edvards92: doesn't show hand 
*** SUMMARY ***
Total pot $0.05 | Rake $0 
Seat 1: Dorex2007 (button) folded before Flop (didn't bet)
Seat 3: PokerMedo (small blind) folded before Flop
Seat 4: Stefan111161 (big blind) folded before Flop
Seat 5: pb!bak folded before Flop (didn't bet)
Seat 6: tomashovka55 folded before Flop (didn't bet)
Seat 7: MrEntsMan folded before Flop (didn't bet)
Seat 8: Thunderbird65 folded before Flop (didn't bet)
Seat 9: edvards92 collected ($0.05)



PokerStars Hand #230415332741:  Hold'em No Limit ($0.01/$0.02 USD) - 2021/10/06 23:06:19 PT [2021/10/07 2:06:19 ET]
Table 'Massalia II' 9-max Seat #3 is the button
Seat 1: Dorex2007 ($3.15 in chips) 
Seat 3: PokerMedo ($5.16 in chips) 
Seat 4: Stefan111161 ($0.78 in chips) 
Seat 5: pb!bak ($1.82 in chips) 
Seat 6: tomashovka55 ($2 in chips) 
Seat 7: MrEntsMan ($2.05 in chips) 
Seat 8: Thunderbird65 ($0.76 in chips) 
Seat 9: edvards92 ($4.62 in chips) 
Stefan111161: posts small blind $0.01
pb!bak: posts big blind $0.02
pinbotani: sits out 
*** HOLE CARDS ***
Dealt to Dorex2007 [Js 4h]
tomashovka55: folds 
MrEntsMan: folds 
Thunderbird65: folds 
edvards92: folds 
Dorex2007: folds 
PokerMedo: folds 
Stefan111161: folds 
Uncalled bet ($0.01) returned to pb!bak
pb!bak collected $0.02 from pot
pb!bak: doesn't show hand 
*** SUMMARY ***
Total pot $0.02 | Rake $0 
Seat 1: Dorex2007 folded before Flop (didn't bet)
Seat 3: PokerMedo (button) folded before Flop (didn't bet)
Seat 4: Stefan111161 (small blind) folded before Flop
Seat 5: pb!bak (big blind) collected ($0.02)
Seat 6: tomashovka55 folded before Flop (didn't bet)
Seat 7: MrEntsMan folded before Flop (didn't bet)
Seat 8: Thunderbird65 folded before Flop (didn't bet)
Seat 9: edvards92 folded before Flop (didn't bet)



PokerStars Hand #230415334845:  Hold'em No Limit ($0.01/$0.02 USD) - 2021/10/06 23:06:35 PT [2021/10/07 2:06:35 ET]
Table 'Massalia II' 9-max Seat #4 is the button
Seat 1: Dorex2007 ($3.15 in chips) 
Seat 3: PokerMedo ($5.16 in chips) 
Seat 4: Stefan111161 ($0.77 in chips) 
Seat 5: pb!bak ($1.83 in chips) 
Seat 6: tomashovka55 ($2 in chips) 
Seat 7: MrEntsMan ($2.05 in chips) 
Seat 8: Thunderbird65 ($0.76 in chips) 
Seat 9: edvards92 ($4.62 in chips) 
pb!bak: posts small blind $0.01
tomashovka55: posts big blind $0.02
pinbotani: sits out 
*** HOLE CARDS ***
Dealt to Dorex2007 [7s Qd]
MrEntsMan: folds 
Thunderbird65: folds 
edvards92: folds 
Dorex2007: folds 
PokerMedo: folds 
Stefan111161: folds 
pb!bak: folds 
Uncalled bet ($0.01) returned to tomashovka55
tomashovka55 collected $0.02 from pot
*** SUMMARY ***
Total pot $0.02 | Rake $0 
Seat 1: Dorex2007 folded before Flop (didn't bet)
Seat 3: PokerMedo folded before Flop (didn't bet)
Seat 4: Stefan111161 (button) folded before Flop (didn't bet)
Seat 5: pb!bak (small blind) folded before Flop
Seat 6: tomashovka55 (big blind) collected ($0.02)
Seat 7: MrEntsMan folded before Flop (didn't bet)
Seat 8: Thunderbird65 folded before Flop (didn't bet)
Seat 9: edvards92 folded before Flop (didn't bet)



PokerStars Hand #230415338220:  Hold'em No Limit ($0.01/$0.02 USD) - 2021/10/06 23:07:00 PT [2021/10/07 2:07:00 ET]
Table 'Massalia II' 9-max Seat #5 is the button
Seat 1: Dorex2007 ($3.15 in chips) 
Seat 3: PokerMedo ($5.16 in chips) 
Seat 4: Stefan111161 ($0.77 in chips) 
Seat 5: pb!bak ($1.82 in chips) 
Seat 6: tomashovka55 ($2.01 in chips) 
Seat 7: MrEntsMan ($2.05 in chips) 
Seat 8: Thunderbird65 ($0.76 in chips) 
Seat 9: edvards92 ($4.62 in chips) 
tomashovka55: posts small blind $0.01
MrEntsMan: posts big blind $0.02
pinbotani: sits out 
*** HOLE CARDS ***
Dealt to Dorex2007 [Td Ad]
Thunderbird65: folds 
edvards92: folds 
Dorex2007: raises $0.02 to $0.04
PokerMedo: folds 
Stefan111161: calls $0.04
pb!bak: folds 
tomashovka55: folds 
MrEntsMan: folds 
*** FLOP *** [Qc Tc 3d]
Dorex2007: checks 
Stefan111161: bets $0.04
Dorex2007: calls $0.04
*** TURN *** [Qc Tc 3d] [8c]
Dorex2007: bets $0.12
Stefan111161: raises $0.57 to $0.69 and is all-in
Dorex2007: calls $0.57
*** RIVER *** [Qc Tc 3d 8c] [Ah]
*** SHOW DOWN ***
Dorex2007: shows [Td Ad] (two pair, Aces and Tens)
Stefan111161: shows [Kh Qh] (a pair of Queens)
Dorex2007 cashed out the hand for $0.18
Stefan111161 cashed out the hand for $1.33 | Cash Out Fee $0.01
*** SUMMARY ***
Total pot $1.57 | Rake $0.05 
Board [Qc Tc 3d 8c Ah]
Seat 1: Dorex2007 showed [Td Ad] and won ($1.52) with two pair, Aces and Tens (pot not awarded as player cashed out)
Seat 3: PokerMedo folded before Flop (didn't bet)
Seat 4: Stefan111161 showed [Kh Qh] and lost with a pair of Queens (cashed out).
Seat 5: pb!bak (button) folded before Flop (didn't bet)
Seat 6: tomashovka55 (small blind) folded before Flop
Seat 7: MrEntsMan (big blind) folded before Flop
Seat 8: Thunderbird65 folded before Flop (didn't bet)
Seat 9: edvards92 folded before Flop (didn't bet)



PokerStars Hand #230415348409:  Hold'em No Limit ($0.01/$0.02 USD) - 2021/10/06 23:08:19 PT [2021/10/07 2:08:19 ET]
Table 'Massalia II' 9-max Seat #6 is the button
Seat 1: Dorex2007 ($2.56 in chips) 
Seat 3: PokerMedo ($5.16 in chips) 
Seat 4: Stefan111161 ($1.33 in chips) 
Seat 5: pb!bak ($1.82 in chips) 
Seat 6: tomashovka55 ($2 in chips) 
Seat 7: MrEntsMan ($2.03 in chips) 
Seat 8: Thunderbird65 ($0.76 in chips) 
Seat 9: edvards92 ($4.62 in chips) 
MrEntsMan: posts small blind $0.01
Thunderbird65: posts big blind $0.02
pinbotani: sits out 
*** HOLE CARDS ***
Dealt to Dorex2007 [Ac Kc]
edvards92: folds 
Dorex2007: raises $0.06 to $0.08
PokerMedo: calls $0.08
Stefan111161: folds 
pb!bak: folds 
tomashovka55: folds 
MrEntsMan: folds 
Thunderbird65: calls $0.06
*** FLOP *** [Ts Qd 7d]
Thunderbird65: bets $0.02
Dorex2007: calls $0.02
PokerMedo: calls $0.02
*** TURN *** [Ts Qd 7d] [Td]
Thunderbird65: checks 
Dorex2007: bets $0.30
PokerMedo: folds 
Thunderbird65: folds 
Uncalled bet ($0.30) returned to Dorex2007
Dorex2007 collected $0.30 from pot
Dorex2007: doesn't show hand 
*** SUMMARY ***
Total pot $0.31 | Rake $0.01 
Board [Ts Qd 7d Td]
Seat 1: Dorex2007 collected ($0.30)
Seat 3: PokerMedo folded on the Turn
Seat 4: Stefan111161 folded before Flop (didn't bet)
Seat 5: pb!bak folded before Flop (didn't bet)
Seat 6: tomashovka55 (button) folded before Flop (didn't bet)
Seat 7: MrEntsMan (small blind) folded before Flop
Seat 8: Thunderbird65 (big blind) folded on the Turn
Seat 9: edvards92 folded before Flop (didn't bet)



PokerStars Hand #230415354376:  Hold'em No Limit ($0.01/$0.02 USD) - 2021/10/06 23:09:06 PT [2021/10/07 2:09:06 ET]
Table 'Massalia II' 9-max Seat #7 is the button
Seat 1: Dorex2007 ($2.76 in chips) 
Seat 3: PokerMedo ($5.06 in chips) 
Seat 4: Stefan111161 ($1.33 in chips) 
Seat 5: pb!bak ($1.82 in chips) 
Seat 6: tomashovka55 ($2 in chips) 
Seat 7: MrEntsMan ($2.02 in chips) 
Seat 8: Thunderbird65 ($0.66 in chips) 
Seat 9: edvards92 ($4.62 in chips) 
Thunderbird65: posts small blind $0.01
edvards92: posts big blind $0.02
pinbotani: sits out 
*** HOLE CARDS ***
Dealt to Dorex2007 [4d 7h]
Dorex2007: folds 
PokerMedo: folds 
Stefan111161: folds 
pb!bak: folds 
tomashovka55: folds 
MrEntsMan: folds 
Thunderbird65: raises $0.02 to $0.04
edvards92: calls $0.02
*** FLOP *** [Qd 8d Qh]
Thunderbird65: bets $0.02
edvards92: calls $0.02
*** TURN *** [Qd 8d Qh] [Jd]
Thunderbird65: bets $0.02
edvards92: calls $0.02
*** RIVER *** [Qd 8d Qh Jd] [4c]
Thunderbird65: bets $0.02
edvards92: calls $0.02
*** SHOW DOWN ***
Thunderbird65: shows [Kc As] (a pair of Queens)
edvards92: shows [Jc 8h] (two pair, Queens and Jacks)
edvards92 collected $0.19 from pot
*** SUMMARY ***
Total pot $0.20 | Rake $0.01 
Board [Qd 8d Qh Jd 4c]
Seat 1: Dorex2007 folded before Flop (didn't bet)
Seat 3: PokerMedo folded before Flop (didn't bet)
Seat 4: Stefan111161 folded before Flop (didn't bet)
Seat 5: pb!bak folded before Flop (didn't bet)
Seat 6: tomashovka55 folded before Flop (didn't bet)
Seat 7: MrEntsMan (button) folded before Flop (didn't bet)
Seat 8: Thunderbird65 (small blind) showed [Kc As] and lost with a pair of Queens
Seat 9: edvards92 (big blind) showed [Jc 8h] and won ($0.19) with two pair, Queens and Jacks



PokerStars Hand #230415359941:  Hold'em No Limit ($0.01/$0.02 USD) - 2021/10/06 23:09:49 PT [2021/10/07 2:09:49 ET]
Table 'Massalia II' 9-max Seat #8 is the button
Seat 1: Dorex2007 ($2.76 in chips) 
Seat 3: PokerMedo ($5.06 in chips) 
Seat 4: Stefan111161 ($1.33 in chips) 
Seat 5: pb!bak ($1.82 in chips) 
Seat 6: tomashovka55 ($2 in chips) 
Seat 7: MrEntsMan ($2.02 in chips) 
Seat 8: Thunderbird65 ($0.56 in chips) 
Seat 9: edvards92 ($4.71 in chips) 
edvards92: posts small blind $0.01
Dorex2007: posts big blind $0.02
pinbotani: sits out 
*** HOLE CARDS ***
Dealt to Dorex2007 [Kh 5s]
PokerMedo: raises $0.04 to $0.06
Stefan111161: folds 
pb!bak: folds 
tomashovka55: calls $0.06
MrEntsMan: folds 
Thunderbird65: folds 
edvards92: folds 
Dorex2007: folds 
*** FLOP *** [6h 7h 6c]
PokerMedo: checks 
tomashovka55: checks 
*** TURN *** [6h 7h 6c] [2c]
PokerMedo: checks 
tomashovka55: checks 
*** RIVER *** [6h 7h 6c 2c] [3h]
PokerMedo: checks 
tomashovka55: checks 
*** SHOW DOWN ***
PokerMedo: shows [Js Qs] (a pair of Sixes)
tomashovka55: shows [9s As] (a pair of Sixes - Ace kicker)
tomashovka55 collected $0.14 from pot
*** SUMMARY ***
Total pot $0.15 | Rake $0.01 
Board [6h 7h 6c 2c 3h]
Seat 1: Dorex2007 (big blind) folded before Flop
Seat 3: PokerMedo showed [Js Qs] and lost with a pair of Sixes
Seat 4: Stefan111161 folded before Flop (didn't bet)
Seat 5: pb!bak folded before Flop (didn't bet)
Seat 6: tomashovka55 showed [9s As] and won ($0.14) with a pair of Sixes
Seat 7: MrEntsMan folded before Flop (didn't bet)
Seat 8: Thunderbird65 (button) folded before Flop (didn't bet)
Seat 9: edvards92 (small blind) folded before Flop



PokerStars Hand #230415365703:  Hold'em No Limit ($0.01/$0.02 USD) - 2021/10/06 23:10:33 PT [2021/10/07 2:10:33 ET]
Table 'Massalia II' 9-max Seat #9 is the button
Seat 1: Dorex2007 ($2.74 in chips) 
Seat 2: pinbotani ($2 in chips) 
Seat 3: PokerMedo ($5 in chips) 
Seat 4: Stefan111161 ($1.33 in chips) 
Seat 5: pb!bak ($1.82 in chips) 
Seat 6: tomashovka55 ($2.08 in chips) 
Seat 7: MrEntsMan ($2.02 in chips) 
Seat 8: Thunderbird65 ($0.56 in chips) 
Seat 9: edvards92 ($4.70 in chips) 
Dorex2007: posts small blind $0.01
pinbotani: posts big blind $0.02
*** HOLE CARDS ***
Dealt to Dorex2007 [7d Kd]
PokerMedo: folds 
Stefan111161: raises $0.02 to $0.04
pb!bak: folds 
tomashovka55: calls $0.04
MrEntsMan: folds 
Thunderbird65: folds 
edvards92: folds 
Dorex2007: calls $0.03
pinbotani: folds 
*** FLOP *** [6h 6c 6d]
Dorex2007: checks 
Stefan111161: bets $0.04
tomashovka55: calls $0.04
Dorex2007: folds 
*** TURN *** [6h 6c 6d] [Qd]
Stefan111161: bets $0.04
tomashovka55: raises $0.07 to $0.11
Stefan111161: folds 
Uncalled bet ($0.07) returned to tomashovka55
Stefan111161 leaves the table
tomashovka55 collected $0.29 from pot
*** SUMMARY ***
Total pot $0.30 | Rake $0.01 
Board [6h 6c 6d Qd]
Seat 1: Dorex2007 (small blind) folded on the Flop
Seat 2: pinbotani (big blind) folded before Flop
Seat 3: PokerMedo folded before Flop (didn't bet)
Seat 4: Stefan111161 folded on the Turn
Seat 5: pb!bak folded before Flop (didn't bet)
Seat 6: tomashovka55 collected ($0.29)
Seat 7: MrEntsMan folded before Flop (didn't bet)
Seat 8: Thunderbird65 folded before Flop (didn't bet)
Seat 9: edvards92 (button) folded before Flop (didn't bet)



PokerStars Hand #230415374315:  Hold'em No Limit ($0.01/$0.02 USD) - 2021/10/06 23:11:40 PT [2021/10/07 2:11:40 ET]
Table 'Massalia II' 9-max Seat #1 is the button
Seat 1: Dorex2007 ($2.70 in chips) 
Seat 2: pinbotani ($2 in chips) 
Seat 3: PokerMedo ($5 in chips) 
Seat 5: pb!bak ($1.82 in chips) 
Seat 6: tomashovka55 ($2.25 in chips) 
Seat 7: MrEntsMan ($2.02 in chips) 
Seat 8: Thunderbird65 ($0.56 in chips) 
Seat 9: edvards92 ($4.70 in chips) 
pinbotani: posts small blind $0.01
PokerMedo: posts big blind $0.02
*** HOLE CARDS ***
Dealt to Dorex2007 [4h 9d]
pb!bak: folds 
tomashovka55: folds 
MrEntsMan: folds 
Thunderbird65: folds 
edvards92: folds 
Dorex2007: folds 
pinbotani: folds 
Uncalled bet ($0.01) returned to PokerMedo
PokerMedo collected $0.02 from pot
PokerMedo: doesn't show hand 
*** SUMMARY ***
Total pot $0.02 | Rake $0 
Seat 1: Dorex2007 (button) folded before Flop (didn't bet)
Seat 2: pinbotani (small blind) folded before Flop
Seat 3: PokerMedo (big blind) collected ($0.02)
Seat 5: pb!bak folded before Flop (didn't bet)
Seat 6: tomashovka55 folded before Flop (didn't bet)
Seat 7: MrEntsMan folded before Flop (didn't bet)
Seat 8: Thunderbird65 folded before Flop (didn't bet)
Seat 9: edvards92 folded before Flop (didn't bet)



PokerStars Hand #230415375918:  Hold'em No Limit ($0.01/$0.02 USD) - 2021/10/06 23:11:52 PT [2021/10/07 2:11:52 ET]
Table 'Massalia II' 9-max Seat #2 is the button
Seat 1: Dorex2007 ($2.70 in chips) 
Seat 2: pinbotani ($2 in chips) 
Seat 3: PokerMedo ($5.01 in chips) 
Seat 5: pb!bak ($1.82 in chips) 
Seat 6: tomashovka55 ($2.25 in chips) 
Seat 7: MrEntsMan ($2.02 in chips) 
Seat 8: Thunderbird65 ($0.56 in chips) 
Seat 9: edvards92 ($4.70 in chips) 
PokerMedo: posts small blind $0.01
pb!bak: posts big blind $0.02
*** HOLE CARDS ***
Dealt to Dorex2007 [6c 8c]
tomashovka55: folds 
MrEntsMan: folds 
mksm197201 joins the table at seat #4 
Thunderbird65: calls $0.02
edvards92: calls $0.02
Dorex2007: folds 
pinbotani: folds 
PokerMedo: calls $0.01
pb!bak: checks 
*** FLOP *** [5d 3c 3d]
PokerMedo: checks 
pb!bak: checks 
Thunderbird65: bets $0.06
edvards92: folds 
PokerMedo: folds 
pb!bak: folds 
Uncalled bet ($0.06) returned to Thunderbird65
Thunderbird65 collected $0.08 from pot
Thunderbird65: doesn't show hand 
*** SUMMARY ***
Total pot $0.08 | Rake $0 
Board [5d 3c 3d]
Seat 1: Dorex2007 folded before Flop (didn't bet)
Seat 2: pinbotani (button) folded before Flop (didn't bet)
Seat 3: PokerMedo (small blind) folded on the Flop
Seat 5: pb!bak (big blind) folded on the Flop
Seat 6: tomashovka55 folded before Flop (didn't bet)
Seat 7: MrEntsMan folded before Flop (didn't bet)
Seat 8: Thunderbird65 collected ($0.08)
Seat 9: edvards92 folded on the Flop



PokerStars Hand #230415381277:  Hold'em No Limit ($0.01/$0.02 USD) - 2021/10/06 23:12:33 PT [2021/10/07 2:12:33 ET]
Table 'Massalia II' 9-max Seat #3 is the button
Seat 1: Dorex2007 ($2.70 in chips) 
Seat 2: pinbotani ($2 in chips) 
Seat 3: PokerMedo ($4.99 in chips) 
Seat 5: pb!bak ($1.80 in chips) 
Seat 6: tomashovka55 ($2.25 in chips) 
Seat 7: MrEntsMan ($2.02 in chips) 
Seat 8: Thunderbird65 ($0.62 in chips) 
Seat 9: edvards92 ($4.68 in chips) 
pb!bak: posts small blind $0.01
tomashovka55: posts big blind $0.02
*** HOLE CARDS ***
Dealt to Dorex2007 [Ts 3s]
MrEntsMan: folds 
Thunderbird65: folds 
edvards92: folds 
Dorex2007: folds 
pinbotani: raises $0.04 to $0.06
PokerMedo: calls $0.06
pb!bak: raises $0.20 to $0.26
tomashovka55: folds 
pinbotani: folds 
PokerMedo: calls $0.20
*** FLOP *** [7h 5c Td]
pb!bak: bets $0.41
PokerMedo: raises $1.40 to $1.81
pb!bak: calls $1.13 and is all-in
Uncalled bet ($0.27) returned to PokerMedo
*** TURN *** [7h 5c Td] [Jc]
*** RIVER *** [7h 5c Td Jc] [6d]
*** SHOW DOWN ***
pb!bak: shows [Ks As] (high card Ace)
PokerMedo: shows [Ah Th] (a pair of Tens)
PokerMedo cashed out the hand for $3.05 | Cash Out Fee $0.03
pb!bak cashed out the hand for $0.47
*** SUMMARY ***
Total pot $3.68 | Rake $0.13 
Board [7h 5c Td Jc 6d]
Seat 1: Dorex2007 folded before Flop (didn't bet)
Seat 2: pinbotani folded before Flop
Seat 3: PokerMedo (button) showed [Ah Th] and won ($3.55) with a pair of Tens (pot not awarded as player cashed out)
Seat 5: pb!bak (small blind) showed [Ks As] and lost with high card Ace (cashed out).
Seat 6: tomashovka55 (big blind) folded before Flop
Seat 7: MrEntsMan folded before Flop (didn't bet)
Seat 8: Thunderbird65 folded before Flop (didn't bet)
Seat 9: edvards92 folded before Flop (didn't bet)



PokerStars Hand #230415388922:  Hold'em No Limit ($0.01/$0.02 USD) - 2021/10/06 23:13:32 PT [2021/10/07 2:13:32 ET]
Table 'Massalia II' 9-max Seat #5 is the button
Seat 1: Dorex2007 ($2.70 in chips) 
Seat 2: pinbotani ($2 in chips) 
Seat 3: PokerMedo ($6.24 in chips) 
Seat 5: pb!bak ($0.47 in chips) 
Seat 6: tomashovka55 ($2.23 in chips) 
Seat 7: MrEntsMan ($2.02 in chips) 
Seat 8: Thunderbird65 ($0.62 in chips) 
Seat 9: edvards92 ($4.68 in chips) 
tomashovka55: posts small blind $0.01
MrEntsMan: posts big blind $0.02
mksm197201: sits out 
*** HOLE CARDS ***
Dealt to Dorex2007 [4c Qd]
Thunderbird65: folds 
edvards92: raises $0.03 to $0.05
Dorex2007: folds 
pinbotani: folds 
PokerMedo: folds 
pb!bak: folds 
tomashovka55: folds 
MrEntsMan: folds 
Uncalled bet ($0.03) returned to edvards92
edvards92 collected $0.05 from pot
edvards92: doesn't show hand 
*** SUMMARY ***
Total pot $0.05 | Rake $0 
Seat 1: Dorex2007 folded before Flop (didn't bet)
Seat 2: pinbotani folded before Flop (didn't bet)
Seat 3: PokerMedo folded before Flop (didn't bet)
Seat 5: pb!bak (button) folded before Flop (didn't bet)
Seat 6: tomashovka55 (small blind) folded before Flop
Seat 7: MrEntsMan (big blind) folded before Flop
Seat 8: Thunderbird65 folded before Flop (didn't bet)
Seat 9: edvards92 collected ($0.05)



PokerStars Hand #230415391253:  Hold'em No Limit ($0.01/$0.02 USD) - 2021/10/06 23:13:50 PT [2021/10/07 2:13:50 ET]
Table 'Massalia II' 9-max Seat #6 is the button
Seat 1: Dorex2007 ($2.70 in chips) 
Seat 2: pinbotani ($2 in chips) 
Seat 3: PokerMedo ($6.24 in chips) 
Seat 5: pb!bak ($2 in chips) 
Seat 6: tomashovka55 ($2.22 in chips) 
Seat 7: MrEntsMan ($2 in chips) 
Seat 8: Thunderbird65 ($0.62 in chips) 
Seat 9: edvards92 ($4.71 in chips) 
MrEntsMan: posts small blind $0.01
Thunderbird65: posts big blind $0.02
mksm197201: sits out 
*** HOLE CARDS ***
Dealt to Dorex2007 [2c Ks]
edvards92: folds 
Dorex2007: folds 
pinbotani: folds 
PokerMedo: folds 
pb!bak: folds 
tomashovka55: raises $0.04 to $0.06
MrEntsMan: folds 
Thunderbird65: calls $0.04
*** FLOP *** [8c 3s Jd]
Thunderbird65: checks 
MrEntsMan leaves the table
tomashovka55: checks 
*** TURN *** [8c 3s Jd] [Ts]
Thunderbird65: checks 
tomashovka55: bets $0.06
pb!bak leaves the table
Thunderbird65: calls $0.06
*** RIVER *** [8c 3s Jd Ts] [9s]
Thunderbird65: checks 
tomashovka55: checks 
*** SHOW DOWN ***
Thunderbird65: shows [Kh 9c] (a pair of Nines)
tomashovka55: shows [Ah 9h] (a pair of Nines - Ace kicker)
tomashovka55 collected $0.24 from pot
*** SUMMARY ***
Total pot $0.25 | Rake $0.01 
Board [8c 3s Jd Ts 9s]
Seat 1: Dorex2007 folded before Flop (didn't bet)
Seat 2: pinbotani folded before Flop (didn't bet)
Seat 3: PokerMedo folded before Flop (didn't bet)
Seat 5: pb!bak folded before Flop (didn't bet)
Seat 6: tomashovka55 (button) showed [Ah 9h] and won ($0.24) with a pair of Nines
Seat 7: MrEntsMan (small blind) folded before Flop
Seat 8: Thunderbird65 (big blind) showed [Kh 9c] and lost with a pair of Nines
Seat 9: edvards92 folded before Flop (didn't bet)



PokerStars Hand #230415396018:  Hold'em No Limit ($0.01/$0.02 USD) - 2021/10/06 23:14:26 PT [2021/10/07 2:14:26 ET]
Table 'Massalia II' 9-max Seat #8 is the button
Seat 1: Dorex2007 ($2.70 in chips) 
Seat 2: pinbotani ($2 in chips) 
Seat 3: PokerMedo ($6.24 in chips) 
Seat 6: tomashovka55 ($2.34 in chips) 
Seat 8: Thunderbird65 ($0.50 in chips) 
Seat 9: edvards92 ($4.71 in chips) 
edvards92: posts small blind $0.01
Dorex2007: posts big blind $0.02
mksm197201: sits out 
*** HOLE CARDS ***
Dealt to Dorex2007 [Tc Qs]
pinbotani: folds 
PokerMedo: folds 
tomashovka55: raises $0.03 to $0.05
Thunderbird65: folds 
edvards92: folds 
Dorex2007: calls $0.03
*** FLOP *** [Kd Jc 3h]
Dorex2007: checks 
tomashovka55: bets $0.08
Dorex2007: calls $0.08
*** TURN *** [Kd Jc 3h] [9h]
Dorex2007: checks 
tomashovka55: checks 
*** RIVER *** [Kd Jc 3h 9h] [Kc]
koban4ur joins the table at seat #5 
Dorex2007: bets $0.26
tomashovka55: folds 
Uncalled bet ($0.26) returned to Dorex2007
Dorex2007 collected $0.26 from pot
Dorex2007: doesn't show hand 
*** SUMMARY ***
Total pot $0.27 | Rake $0.01 
Board [Kd Jc 3h 9h Kc]
Seat 1: Dorex2007 (big blind) collected ($0.26)
Seat 2: pinbotani folded before Flop (didn't bet)
Seat 3: PokerMedo folded before Flop (didn't bet)
Seat 6: tomashovka55 folded on the River
Seat 8: Thunderbird65 (button) folded before Flop (didn't bet)
Seat 9: edvards92 (small blind) folded before Flop



PokerStars Hand #230415400293:  Hold'em No Limit ($0.01/$0.02 USD) - 2021/10/06 23:15:00 PT [2021/10/07 2:15:00 ET]
Table 'Massalia II' 9-max Seat #9 is the button
Seat 1: Dorex2007 ($2.83 in chips) 
Seat 2: pinbotani ($2 in chips) 
Seat 3: PokerMedo ($6.24 in chips) 
Seat 6: tomashovka55 ($2.21 in chips) 
Seat 8: Thunderbird65 ($0.50 in chips) 
Seat 9: edvards92 ($4.70 in chips) 
Dorex2007: posts small blind $0.01
pinbotani: posts big blind $0.02
mksm197201 has timed out
mksm197201: is sitting out 
koban4ur: sits out 
*** HOLE CARDS ***
Dealt to Dorex2007 [Qd 3h]
esch777 joins the table at seat #7 
PokerMedo: folds 
tomashovka55: folds 
mksm197201 is disconnected 
Thunderbird65: folds 
edvards92: raises $0.03 to $0.05
Dorex2007: folds 
pinbotani: folds 
Uncalled bet ($0.03) returned to edvards92
edvards92 collected $0.05 from pot
edvards92: doesn't show hand 
*** SUMMARY ***
Total pot $0.05 | Rake $0 
Seat 1: Dorex2007 (small blind) folded before Flop
Seat 2: pinbotani (big blind) folded before Flop
Seat 3: PokerMedo folded before Flop (didn't bet)
Seat 6: tomashovka55 folded before Flop (didn't bet)
Seat 8: Thunderbird65 folded before Flop (didn't bet)
Seat 9: edvards92 (button) collected ($0.05)



PokerStars Hand #230415405192:  Hold'em No Limit ($0.01/$0.02 USD) - 2021/10/06 23:15:37 PT [2021/10/07 2:15:37 ET]
Table 'Massalia II' 9-max Seat #1 is the button
Seat 1: Dorex2007 ($2.82 in chips) 
Seat 2: pinbotani ($2 in chips) 
Seat 3: PokerMedo ($6.24 in chips) 
Seat 6: tomashovka55 ($2.21 in chips) 
Seat 8: Thunderbird65 ($0.50 in chips) 
Seat 9: edvards92 ($4.73 in chips) 
pinbotani: posts small blind $0.01
PokerMedo: posts big blind $0.02
koban4ur: sits out 
esch777: sits out 
*** HOLE CARDS ***
Dealt to Dorex2007 [5h 4c]
tomashovka55: raises $0.03 to $0.05
Thunderbird65: folds 
edvards92: folds 
Dorex2007: folds 
pinbotani: folds 
PokerMedo: calls $0.03
*** FLOP *** [4d 8d Jc]
PokerMedo: checks 
tomashovka55: checks 
*** TURN *** [4d 8d Jc] [2d]
PokerMedo: bets $0.11
tomashovka55: folds 
Uncalled bet ($0.11) returned to PokerMedo
PokerMedo collected $0.11 from pot
PokerMedo: doesn't show hand 
*** SUMMARY ***
Total pot $0.11 | Rake $0 
Board [4d 8d Jc 2d]
Seat 1: Dorex2007 (button) folded before Flop (didn't bet)
Seat 2: pinbotani (small blind) folded before Flop
Seat 3: PokerMedo (big blind) collected ($0.11)
Seat 6: tomashovka55 folded on the Turn
Seat 8: Thunderbird65 folded before Flop (didn't bet)
Seat 9: edvards92 folded before Flop (didn't bet)



PokerStars Hand #230415409072:  Hold'em No Limit ($0.01/$0.02 USD) - 2021/10/06 23:16:08 PT [2021/10/07 2:16:08 ET]
Table 'Massalia II' 9-max Seat #2 is the button
Seat 1: Dorex2007 ($2.82 in chips) 
Seat 2: pinbotani ($2 in chips) 
Seat 3: PokerMedo ($6.30 in chips) 
Seat 5: koban4ur ($2 in chips) 
Seat 6: tomashovka55 ($2.16 in chips) 
Seat 8: Thunderbird65 ($0.50 in chips) 
Seat 9: edvards92 ($4.73 in chips) 
PokerMedo: posts small blind $0.01
koban4ur: posts big blind $0.02
esch777: sits out 
*** HOLE CARDS ***
Dealt to Dorex2007 [6c Qh]
tomashovka55: folds 
Thunderbird65: calls $0.02
edvards92: folds 
Dorex2007: folds 
pinbotani: folds 
PokerMedo: folds 
koban4ur: checks 
*** FLOP *** [2c Kh 5s]
koban4ur: checks 
Thunderbird65: checks 
*** TURN *** [2c Kh 5s] [Ah]
koban4ur: checks 
Thunderbird65: bets $0.02
koban4ur: folds 
Uncalled bet ($0.02) returned to Thunderbird65
Thunderbird65 collected $0.05 from pot
Thunderbird65: doesn't show hand 
*** SUMMARY ***
Total pot $0.05 | Rake $0 
Board [2c Kh 5s Ah]
Seat 1: Dorex2007 folded before Flop (didn't bet)
Seat 2: pinbotani (button) folded before Flop (didn't bet)
Seat 3: PokerMedo (small blind) folded before Flop
Seat 5: koban4ur (big blind) folded on the Turn
Seat 6: tomashovka55 folded before Flop (didn't bet)
Seat 8: Thunderbird65 collected ($0.05)
Seat 9: edvards92 folded before Flop (didn't bet)



PokerStars Hand #230415412782:  Hold'em No Limit ($0.01/$0.02 USD) - 2021/10/06 23:16:37 PT [2021/10/07 2:16:37 ET]
Table 'Massalia II' 9-max Seat #3 is the button
Seat 1: Dorex2007 ($2.82 in chips) 
Seat 2: pinbotani ($2 in chips) 
Seat 3: PokerMedo ($6.29 in chips) 
Seat 5: koban4ur ($1.98 in chips) 
Seat 6: tomashovka55 ($2.16 in chips) 
Seat 8: Thunderbird65 ($0.53 in chips) 
Seat 9: edvards92 ($4.73 in chips) 
koban4ur: posts small blind $0.01
tomashovka55: posts big blind $0.02
esch777: sits out 
*** HOLE CARDS ***
Dealt to Dorex2007 [2h Ad]
Thunderbird65: folds 
edvards92: folds 
Dorex2007: folds 
pinbotani: raises $0.04 to $0.06
PokerMedo: folds 
koban4ur: calls $0.05
tomashovka55: folds 
*** FLOP *** [Qh 6s Kd]
koban4ur: checks 
pinbotani: bets $0.07
koban4ur: folds 
Uncalled bet ($0.07) returned to pinbotani
pinbotani collected $0.14 from pot
pinbotani: doesn't show hand 
*** SUMMARY ***
Total pot $0.14 | Rake $0 
Board [Qh 6s Kd]
Seat 1: Dorex2007 folded before Flop (didn't bet)
Seat 2: pinbotani collected ($0.14)
Seat 3: PokerMedo (button) folded before Flop (didn't bet)
Seat 5: koban4ur (small blind) folded on the Flop
Seat 6: tomashovka55 (big blind) folded before Flop
Seat 8: Thunderbird65 folded before Flop (didn't bet)
Seat 9: edvards92 folded before Flop (didn't bet)



PokerStars Hand #230415415719:  Hold'em No Limit ($0.01/$0.02 USD) - 2021/10/06 23:17:00 PT [2021/10/07 2:17:00 ET]
Table 'Massalia II' 9-max Seat #5 is the button
Seat 1: Dorex2007 ($2.82 in chips) 
Seat 2: pinbotani ($2.08 in chips) 
Seat 3: PokerMedo ($6.29 in chips) 
Seat 5: koban4ur ($1.92 in chips) 
Seat 6: tomashovka55 ($2.14 in chips) 
Seat 7: esch777 ($0.80 in chips) 
Seat 8: Thunderbird65 ($0.53 in chips) 
Seat 9: edvards92 ($4.73 in chips) 
tomashovka55: posts small blind $0.01
esch777: posts big blind $0.02
*** HOLE CARDS ***
Dealt to Dorex2007 [7d Ad]
Thunderbird65: folds 
edvards92: raises $0.03 to $0.05
Dorex2007: calls $0.05
pinbotani: folds 
PokerMedo: folds 
koban4ur: calls $0.05
tomashovka55: folds 
esch777: folds 
*** FLOP *** [8h Qc 8s]
edvards92: checks 
Dorex2007: checks 
koban4ur: checks 
*** TURN *** [8h Qc 8s] [2d]
edvards92: checks 
Dorex2007: bets $0.09
koban4ur: calls $0.09
edvards92: folds 
*** RIVER *** [8h Qc 8s 2d] [6s]
Dorex2007: checks 
koban4ur: bets $0.18
Dorex2007: folds 
Uncalled bet ($0.18) returned to koban4ur
koban4ur collected $0.35 from pot
koban4ur: doesn't show hand 
*** SUMMARY ***
Total pot $0.36 | Rake $0.01 
Board [8h Qc 8s 2d 6s]
Seat 1: Dorex2007 folded on the River
Seat 2: pinbotani folded before Flop (didn't bet)
Seat 3: PokerMedo folded before Flop (didn't bet)
Seat 5: koban4ur (button) collected ($0.35)
Seat 6: tomashovka55 (small blind) folded before Flop
Seat 7: esch777 (big blind) folded before Flop
Seat 8: Thunderbird65 folded before Flop (didn't bet)
Seat 9: edvards92 folded on the Turn



PokerStars Hand #230415422713:  Hold'em No Limit ($0.01/$0.02 USD) - 2021/10/06 23:17:53 PT [2021/10/07 2:17:53 ET]
Table 'Massalia II' 9-max Seat #6 is the button
Seat 1: Dorex2007 ($2.68 in chips) 
Seat 2: pinbotani ($2.08 in chips) 
Seat 3: PokerMedo ($6.29 in chips) 
Seat 5: koban4ur ($2.13 in chips) 
Seat 6: tomashovka55 ($2.13 in chips) 
Seat 7: esch777 ($0.78 in chips) 
Seat 8: Thunderbird65 ($0.53 in chips) 
Seat 9: edvards92 ($4.68 in chips) 
esch777: posts small blind $0.01
Thunderbird65: posts big blind $0.02
*** HOLE CARDS ***
Dealt to Dorex2007 [4s Ac]
edvards92: raises $0.03 to $0.05
Dorex2007: folds 
pinbotani: folds 
PokerMedo: folds 
koban4ur: folds 
tomashovka55: folds 
esch777: folds 
Thunderbird65: calls $0.03
*** FLOP *** [5c Qc Kc]
Thunderbird65: bets $0.02
edvards92: raises $0.09 to $0.11
Thunderbird65: calls $0.09
*** TURN *** [5c Qc Kc] [2h]
Thunderbird65: checks 
edvards92: bets $0.48
Thunderbird65: folds 
Uncalled bet ($0.48) returned to edvards92
edvards92 collected $0.32 from pot
*** SUMMARY ***
Total pot $0.33 | Rake $0.01 
Board [5c Qc Kc 2h]
Seat 1: Dorex2007 folded before Flop (didn't bet)
Seat 2: pinbotani folded before Flop (didn't bet)
Seat 3: PokerMedo folded before Flop (didn't bet)
Seat 5: koban4ur folded before Flop (didn't bet)
Seat 6: tomashovka55 (button) folded before Flop (didn't bet)
Seat 7: esch777 (small blind) folded before Flop
Seat 8: Thunderbird65 (big blind) folded on the Turn
Seat 9: edvards92 collected ($0.32)



PokerStars Hand #230415428658:  Hold'em No Limit ($0.01/$0.02 USD) - 2021/10/06 23:18:38 PT [2021/10/07 2:18:38 ET]
Table 'Massalia II' 9-max Seat #7 is the button
Seat 1: Dorex2007 ($2.68 in chips) 
Seat 2: pinbotani ($2.08 in chips) 
Seat 3: PokerMedo ($6.29 in chips) 
Seat 5: koban4ur ($2.13 in chips) 
Seat 6: tomashovka55 ($2.13 in chips) 
Seat 7: esch777 ($0.77 in chips) 
Seat 8: Thunderbird65 ($0.37 in chips) 
Seat 9: edvards92 ($4.84 in chips) 
Thunderbird65: posts small blind $0.01
edvards92: posts big blind $0.02
*** HOLE CARDS ***
Dealt to Dorex2007 [3d Ts]
Dorex2007: folds 
pinbotani: folds 
PokerMedo: raises $0.04 to $0.06
koban4ur: folds 
tomashovka55: calls $0.06
esch777: folds 
Thunderbird65: raises $0.08 to $0.14
edvards92: folds 
PokerMedo: calls $0.08
tomashovka55: calls $0.08
*** FLOP *** [2d Qc 8d]
Thunderbird65: bets $0.08
PokerMedo: calls $0.08
tomashovka55: calls $0.08
*** TURN *** [2d Qc 8d] [7d]
Thunderbird65: bets $0.10
PokerMedo: folds 
tomashovka55: raises $1.81 to $1.91 and is all-in
Thunderbird65: calls $0.05 and is all-in
Uncalled bet ($1.76) returned to tomashovka55
*** RIVER *** [2d Qc 8d 7d] [9c]
*** SHOW DOWN ***
Thunderbird65: shows [Ad Ah] (a pair of Aces)
tomashovka55: shows [8c Tc] (a pair of Eights)
Thunderbird65 collected $0.95 from pot
*** SUMMARY ***
Total pot $0.98 | Rake $0.03 
Board [2d Qc 8d 7d 9c]
Seat 1: Dorex2007 folded before Flop (didn't bet)
Seat 2: pinbotani folded before Flop (didn't bet)
Seat 3: PokerMedo folded on the Turn
Seat 5: koban4ur folded before Flop (didn't bet)
Seat 6: tomashovka55 showed [8c Tc] and lost with a pair of Eights
Seat 7: esch777 (button) folded before Flop (didn't bet)
Seat 8: Thunderbird65 (small blind) showed [Ad Ah] and won ($0.95) with a pair of Aces
Seat 9: edvards92 (big blind) folded before Flop



PokerStars Hand #230415438471:  Hold'em No Limit ($0.01/$0.02 USD) - 2021/10/06 23:19:54 PT [2021/10/07 2:19:54 ET]
Table 'Massalia II' 9-max Seat #8 is the button
Seat 1: Dorex2007 ($2.68 in chips) 
Seat 2: pinbotani ($2.08 in chips) 
Seat 3: PokerMedo ($6.07 in chips) 
Seat 5: koban4ur ($2.13 in chips) 
Seat 6: tomashovka55 ($2 in chips) 
Seat 7: esch777 ($0.77 in chips) 
Seat 8: Thunderbird65 ($0.95 in chips) 
Seat 9: edvards92 ($4.82 in chips) 
edvards92: posts small blind $0.01
Dorex2007: posts big blind $0.02
*** HOLE CARDS ***
Dealt to Dorex2007 [8s 2d]
pinbotani: folds 
PokerMedo: calls $0.02
koban4ur: folds 
tomashovka55: folds 
esch777: calls $0.02
Thunderbird65: folds 
edvards92: folds 
Dorex2007: checks 
*** FLOP *** [Ac As 7h]
Dorex2007: checks 
PokerMedo: checks 
esch777: bets $0.04
Dorex2007: folds 
PokerMedo: folds 
Uncalled bet ($0.04) returned to esch777
esch777 collected $0.07 from pot
esch777: doesn't show hand 
*** SUMMARY ***
Total pot $0.07 | Rake $0 
Board [Ac As 7h]
Seat 1: Dorex2007 (big blind) folded on the Flop
Seat 2: pinbotani folded before Flop (didn't bet)
Seat 3: PokerMedo folded on the Flop
Seat 5: koban4ur folded before Flop (didn't bet)
Seat 6: tomashovka55 folded before Flop (didn't bet)
Seat 7: esch777 collected ($0.07)
Seat 8: Thunderbird65 (button) folded before Flop (didn't bet)
Seat 9: edvards92 (small blind) folded before Flop



PokerStars Hand #230415443302:  Hold'em No Limit ($0.01/$0.02 USD) - 2021/10/06 23:20:30 PT [2021/10/07 2:20:30 ET]
Table 'Massalia II' 9-max Seat #9 is the button
Seat 1: Dorex2007 ($2.66 in chips) 
Seat 2: pinbotani ($2.08 in chips) 
Seat 3: PokerMedo ($6.05 in chips) 
Seat 5: koban4ur ($2.13 in chips) 
Seat 6: tomashovka55 ($2 in chips) 
Seat 7: esch777 ($0.82 in chips) 
Seat 8: Thunderbird65 ($0.95 in chips) 
Seat 9: edvards92 ($4.81 in chips) 
Dorex2007: posts small blind $0.01
pinbotani: posts big blind $0.02
*** HOLE CARDS ***
Dealt to Dorex2007 [6c Js]
PokerMedo: folds 
koban4ur: folds 
tomashovka55: raises $0.03 to $0.05
esch777: folds 
Thunderbird65: calls $0.05
edvards92: folds 
Dorex2007: folds 
pinbotani: raises $0.19 to $0.24
tomashovka55: folds 
Thunderbird65: calls $0.19
*** FLOP *** [Ad 5c Qc]
pinbotani: bets $0.26
Thunderbird65: raises $0.26 to $0.52
pinbotani: raises $0.26 to $0.78
Thunderbird65: calls $0.19 and is all-in
Uncalled bet ($0.07) returned to pinbotani
*** TURN *** [Ad 5c Qc] [9s]
*** RIVER *** [Ad 5c Qc 9s] [5d]
*** SHOW DOWN ***
pinbotani: shows [Ks Kh] (two pair, Kings and Fives)
Thunderbird65: shows [5s 5h] (four of a kind, Fives)
Thunderbird65 collected $1.89 from pot
*** SUMMARY ***
Total pot $1.96 | Rake $0.07 
Board [Ad 5c Qc 9s 5d]
Seat 1: Dorex2007 (small blind) folded before Flop
Seat 2: pinbotani (big blind) showed [Ks Kh] and lost with two pair, Kings and Fives
Seat 3: PokerMedo folded before Flop (didn't bet)
Seat 5: koban4ur folded before Flop (didn't bet)
Seat 6: tomashovka55 folded before Flop
Seat 7: esch777 folded before Flop (didn't bet)
Seat 8: Thunderbird65 showed [5s 5h] and won ($1.89) with four of a kind, Fives
Seat 9: edvards92 (button) folded before Flop (didn't bet)



PokerStars Hand #230415449433:  Hold'em No Limit ($0.01/$0.02 USD) - 2021/10/06 23:21:17 PT [2021/10/07 2:21:17 ET]
Table 'Massalia II' 9-max Seat #1 is the button
Seat 1: Dorex2007 ($2.65 in chips) 
Seat 2: pinbotani ($2 in chips) 
Seat 5: koban4ur ($2.13 in chips) 
Seat 6: tomashovka55 ($2 in chips) 
Seat 7: esch777 ($0.82 in chips) 
Seat 8: Thunderbird65 ($1.89 in chips) 
Seat 9: edvards92 ($4.81 in chips) 
pinbotani: posts small blind $0.01
PokerMedo: is sitting out 
koban4ur: posts big blind $0.02
*** HOLE CARDS ***
Dealt to Dorex2007 [Ah 8s]
tomashovka55: raises $0.04 to $0.06
esch777: folds 
Thunderbird65: folds 
edvards92: folds 
Dorex2007: folds 
pinbotani: folds 
koban4ur: folds 
Uncalled bet ($0.04) returned to tomashovka55
tomashovka55 collected $0.05 from pot
*** SUMMARY ***
Total pot $0.05 | Rake $0 
Seat 1: Dorex2007 (button) folded before Flop (didn't bet)
Seat 2: pinbotani (small blind) folded before Flop
Seat 5: koban4ur (big blind) folded before Flop
Seat 6: tomashovka55 collected ($0.05)
Seat 7: esch777 folded before Flop (didn't bet)
Seat 8: Thunderbird65 folded before Flop (didn't bet)
Seat 9: edvards92 folded before Flop (didn't bet)



PokerStars Hand #230415452752:  Hold'em No Limit ($0.01/$0.02 USD) - 2021/10/06 23:21:43 PT [2021/10/07 2:21:43 ET]
Table 'Massalia II' 9-max Seat #2 is the button
Seat 1: Dorex2007 ($2.65 in chips) 
Seat 2: pinbotani ($2 in chips) 
Seat 5: koban4ur ($2.11 in chips) 
Seat 6: tomashovka55 ($2.03 in chips) 
Seat 7: esch777 ($0.82 in chips) 
Seat 8: Thunderbird65 ($1.89 in chips) 
Seat 9: edvards92 ($4.81 in chips) 
koban4ur: posts small blind $0.01
tomashovka55: posts big blind $0.02
*** HOLE CARDS ***
Dealt to Dorex2007 [2s 2d]
PokerMedo leaves the table
esch777: folds 
Thunderbird65: calls $0.02
edvards92: folds 
Dorex2007: calls $0.02
pinbotani: folds 
pinbotani leaves the table
koban4ur: raises $0.08 to $0.10
tomashovka55: folds 
Thunderbird65: calls $0.08
Dorex2007: folds 
*** FLOP *** [3c 6h Th]
koban4ur: bets $0.23
Thunderbird65: calls $0.23
*** TURN *** [3c 6h Th] [5c]
koban4ur: bets $0.68
Thunderbird65: calls $0.68
*** RIVER *** [3c 6h Th 5c] [Qd]
koban4ur: bets $1.10 and is all-in
Thunderbird65: folds 
Uncalled bet ($1.10) returned to koban4ur
koban4ur collected $1.99 from pot
koban4ur: doesn't show hand 
*** SUMMARY ***
Total pot $2.06 | Rake $0.07 
Board [3c 6h Th 5c Qd]
Seat 1: Dorex2007 folded before Flop
Seat 2: pinbotani (button) folded before Flop (didn't bet)
Seat 5: koban4ur (small blind) collected ($1.99)
Seat 6: tomashovka55 (big blind) folded before Flop
Seat 7: esch777 folded before Flop (didn't bet)
Seat 8: Thunderbird65 folded on the River
Seat 9: edvards92 folded before Flop (didn't bet)



