PokerStars Hand #230314392174:  Hold'em No Limit ($0.01/$0.02 USD) - 2021/10/03 1:04:14 PT [2021/10/03 4:04:14 ET]
Table 'Leonisis II' 9-max Seat #1 is the button
Seat 1: SS1000 ($4.08 in chips) 
Seat 2: duck8509 ($2.37 in chips) 
Seat 3: VVNWIN ($0.55 in chips) 
Seat 5: Dorex2007 ($2 in chips) 
Seat 6: Victor_SIM ($2.58 in chips) 
Seat 8: starymis ($0.65 in chips) 
Seat 9: tomashovka55 ($2.09 in chips) 
duck8509: posts small blind $0.01
VVNWIN: posts big blind $0.02
Chrispapdnb: sits out 
Dorex2007: posts big blind $0.02
alex7241183 has timed out
alex7241183: is sitting out 
*** HOLE CARDS ***
Dealt to Dorex2007 [2c Kh]
Dorex2007: checks 
Victor_SIM: folds 
starymis: folds 
tomashovka55: folds 
SS1000: folds 
duck8509: raises $0.06 to $0.08
VVNWIN: calls $0.06
Dorex2007: folds 
*** FLOP *** [Ts Jd 5c]
duck8509: checks 
alex7241183 leaves the table
VVNWIN: bets $0.09
duck8509: folds 
Uncalled bet ($0.09) returned to VVNWIN
VVNWIN collected $0.17 from pot
VVNWIN: doesn't show hand 
*** SUMMARY ***
Total pot $0.18 | Rake $0.01 
Board [Ts Jd 5c]
Seat 1: SS1000 (button) folded before Flop (didn't bet)
Seat 2: duck8509 (small blind) folded on the Flop
Seat 3: VVNWIN (big blind) collected ($0.17)
Seat 5: Dorex2007 folded before Flop (didn't bet)
Seat 6: Victor_SIM folded before Flop (didn't bet)
Seat 8: starymis folded before Flop (didn't bet)
Seat 9: tomashovka55 folded before Flop (didn't bet)



PokerStars Hand #230314401007:  Hold'em No Limit ($0.01/$0.02 USD) - 2021/10/03 1:05:05 PT [2021/10/03 4:05:05 ET]
Table 'Leonisis II' 9-max Seat #2 is the button
Seat 1: SS1000 ($4.08 in chips) 
Seat 2: duck8509 ($2.29 in chips) 
Seat 3: VVNWIN ($0.64 in chips) 
Seat 4: Chrispapdnb ($1.60 in chips) 
Seat 5: Dorex2007 ($1.98 in chips) 
Seat 6: Victor_SIM ($2.58 in chips) 
Seat 8: starymis ($0.65 in chips) 
Seat 9: tomashovka55 ($2.09 in chips) 
VVNWIN: posts small blind $0.01
Chrispapdnb: posts big blind $0.02
*** HOLE CARDS ***
Dealt to Dorex2007 [2h 2c]
Dorex2007 has timed out
Dorex2007: folds 
Victor_SIM has timed out
Victor_SIM: folds 
starymis: calls $0.02
tomashovka55: folds 
SS1000: calls $0.02
duck8509: folds 
VVNWIN: calls $0.01
Chrispapdnb: raises $0.02 to $0.04
Teufelche243 joins the table at seat #7 
starymis: calls $0.02
SS1000: calls $0.02
VVNWIN: calls $0.02
*** FLOP *** [7c 9s Jc]
VVNWIN: checks 
Chrispapdnb: checks 
starymis: checks 
SS1000: checks 
*** TURN *** [7c 9s Jc] [5h]
VVNWIN: bets $0.04
Chrispapdnb: calls $0.04
starymis: calls $0.04
SS1000: folds 
*** RIVER *** [7c 9s Jc 5h] [Kc]
VVNWIN: checks 
Chrispapdnb: checks 
starymis: checks 
*** SHOW DOWN ***
VVNWIN: shows [Ad 6h] (high card Ace)
Chrispapdnb: shows [6d 6s] (a pair of Sixes)
starymis: shows [Kd 8c] (a pair of Kings)
starymis collected $0.27 from pot
*** SUMMARY ***
Total pot $0.28 | Rake $0.01 
Board [7c 9s Jc 5h Kc]
Seat 1: SS1000 folded on the Turn
Seat 2: duck8509 (button) folded before Flop (didn't bet)
Seat 3: VVNWIN (small blind) showed [Ad 6h] and lost with high card Ace
Seat 4: Chrispapdnb (big blind) showed [6d 6s] and lost with a pair of Sixes
Seat 5: Dorex2007 folded before Flop (didn't bet)
Seat 6: Victor_SIM folded before Flop (didn't bet)
Seat 8: starymis showed [Kd 8c] and won ($0.27) with a pair of Kings
Seat 9: tomashovka55 folded before Flop (didn't bet)



PokerStars Hand #230314411181:  Hold'em No Limit ($0.01/$0.02 USD) - 2021/10/03 1:06:03 PT [2021/10/03 4:06:03 ET]
Table 'Leonisis II' 9-max Seat #3 is the button
Seat 1: SS1000 ($4.04 in chips) 
Seat 2: duck8509 ($2.29 in chips) 
Seat 3: VVNWIN ($0.56 in chips) 
Seat 4: Chrispapdnb ($1.52 in chips) 
Seat 5: Dorex2007 ($1.98 in chips) 
Seat 8: starymis ($0.84 in chips) 
Seat 9: tomashovka55 ($2.09 in chips) 
Chrispapdnb: posts small blind $0.01
Dorex2007: posts big blind $0.02
Teufelche243: sits out 
*** HOLE CARDS ***
Dealt to Dorex2007 [2d Qh]
starymis: calls $0.02
tomashovka55: folds 
SS1000: folds 
duck8509: folds 
VVNWIN: folds 
Chrispapdnb: folds 
Dorex2007: checks 
*** FLOP *** [Ks As Ac]
Chrispapdnb leaves the table
Dorex2007: checks 
starymis: checks 
*** TURN *** [Ks As Ac] [3c]
Dorex2007: checks 
starymis: checks 
*** RIVER *** [Ks As Ac 3c] [Qd]
77Matus77 joins the table at seat #4 
Dorex2007: checks 
starymis: checks 
*** SHOW DOWN ***
Dorex2007: shows [2d Qh] (two pair, Aces and Queens)
starymis: mucks hand 
Dorex2007 collected $0.05 from pot
*** SUMMARY ***
Total pot $0.05 | Rake $0 
Board [Ks As Ac 3c Qd]
Seat 1: SS1000 folded before Flop (didn't bet)
Seat 2: duck8509 folded before Flop (didn't bet)
Seat 3: VVNWIN (button) folded before Flop (didn't bet)
Seat 4: Chrispapdnb (small blind) folded before Flop
Seat 5: Dorex2007 (big blind) showed [2d Qh] and won ($0.05) with two pair, Aces and Queens
Seat 8: starymis mucked [7s Td]
Seat 9: tomashovka55 folded before Flop (didn't bet)



PokerStars Hand #230314418102:  Hold'em No Limit ($0.01/$0.02 USD) - 2021/10/03 1:06:43 PT [2021/10/03 4:06:43 ET]
Table 'Leonisis II' 9-max Seat #5 is the button
Seat 1: SS1000 ($4.04 in chips) 
Seat 2: duck8509 ($2.29 in chips) 
Seat 3: VVNWIN ($0.56 in chips) 
Seat 5: Dorex2007 ($2.01 in chips) 
Seat 6: Victor_SIM ($2.58 in chips) 
Seat 7: Teufelche243 ($2 in chips) 
Seat 8: starymis ($0.82 in chips) 
Seat 9: tomashovka55 ($2.09 in chips) 
Victor_SIM: posts small blind $0.01
Teufelche243: posts big blind $0.02
77Matus77: sits out 
*** HOLE CARDS ***
Dealt to Dorex2007 [3h 2d]
starymis: calls $0.02
tomashovka55: raises $0.06 to $0.08
SS1000: folds 
duck8509: folds 
VVNWIN: folds 
Dorex2007: folds 
Victor_SIM: folds 
Teufelche243: calls $0.06
starymis: calls $0.06
*** FLOP *** [3c 6s Js]
Teufelche243: checks 
starymis: checks 
tomashovka55: bets $0.11
Teufelche243: calls $0.11
starymis: folds 
*** TURN *** [3c 6s Js] [8c]
Teufelche243: checks 
tomashovka55: checks 
*** RIVER *** [3c 6s Js 8c] [5s]
Teufelche243: checks 
tomashovka55: checks 
*** SHOW DOWN ***
Teufelche243: shows [4d 3d] (a pair of Threes)
tomashovka55: shows [7s 7h] (a pair of Sevens)
tomashovka55 collected $0.45 from pot
*** SUMMARY ***
Total pot $0.47 | Rake $0.02 
Board [3c 6s Js 8c 5s]
Seat 1: SS1000 folded before Flop (didn't bet)
Seat 2: duck8509 folded before Flop (didn't bet)
Seat 3: VVNWIN folded before Flop (didn't bet)
Seat 5: Dorex2007 (button) folded before Flop (didn't bet)
Seat 6: Victor_SIM (small blind) folded before Flop
Seat 7: Teufelche243 (big blind) showed [4d 3d] and lost with a pair of Threes
Seat 8: starymis folded on the Flop
Seat 9: tomashovka55 showed [7s 7h] and won ($0.45) with a pair of Sevens



PokerStars Hand #230314427612:  Hold'em No Limit ($0.01/$0.02 USD) - 2021/10/03 1:07:37 PT [2021/10/03 4:07:37 ET]
Table 'Leonisis II' 9-max Seat #6 is the button
Seat 1: SS1000 ($4.04 in chips) 
Seat 2: duck8509 ($2.29 in chips) 
Seat 3: VVNWIN ($0.56 in chips) 
Seat 4: 77Matus77 ($1.60 in chips) 
Seat 5: Dorex2007 ($2.01 in chips) 
Seat 6: Victor_SIM ($2.57 in chips) 
Seat 7: Teufelche243 ($1.81 in chips) 
Seat 8: starymis ($0.74 in chips) 
Seat 9: tomashovka55 ($2.35 in chips) 
Teufelche243: posts small blind $0.01
starymis: posts big blind $0.02
77Matus77: posts big blind $0.02
*** HOLE CARDS ***
Dealt to Dorex2007 [2s 3h]
tomashovka55: folds 
SS1000: folds 
duck8509: raises $0.07 to $0.09
VVNWIN: folds 
77Matus77: folds 
Dorex2007: folds 
Victor_SIM: folds 
Teufelche243: calls $0.08
starymis: calls $0.07
*** FLOP *** [As 5h 8c]
Teufelche243: checks 
starymis: checks 
duck8509: bets $0.14
Teufelche243: folds 
starymis: calls $0.14
*** TURN *** [As 5h 8c] [Js]
starymis: checks 
duck8509: checks 
*** RIVER *** [As 5h 8c Js] [6s]
starymis: checks 
duck8509: checks 
*** SHOW DOWN ***
starymis: shows [5c 2c] (a pair of Fives)
duck8509: mucks hand 
starymis collected $0.55 from pot
*** SUMMARY ***
Total pot $0.57 | Rake $0.02 
Board [As 5h 8c Js 6s]
Seat 1: SS1000 folded before Flop (didn't bet)
Seat 2: duck8509 mucked [Qc Kc]
Seat 3: VVNWIN folded before Flop (didn't bet)
Seat 4: 77Matus77 folded before Flop (didn't bet)
Seat 5: Dorex2007 folded before Flop (didn't bet)
Seat 6: Victor_SIM (button) folded before Flop (didn't bet)
Seat 7: Teufelche243 (small blind) folded on the Flop
Seat 8: starymis (big blind) showed [5c 2c] and won ($0.55) with a pair of Fives
Seat 9: tomashovka55 folded before Flop (didn't bet)



PokerStars Hand #230314435553:  Hold'em No Limit ($0.01/$0.02 USD) - 2021/10/03 1:08:22 PT [2021/10/03 4:08:22 ET]
Table 'Leonisis II' 9-max Seat #7 is the button
Seat 1: SS1000 ($4.04 in chips) 
Seat 2: duck8509 ($2.06 in chips) 
Seat 3: VVNWIN ($0.56 in chips) 
Seat 4: 77Matus77 ($1.58 in chips) 
Seat 5: Dorex2007 ($2.01 in chips) 
Seat 6: Victor_SIM ($2.57 in chips) 
Seat 7: Teufelche243 ($1.72 in chips) 
Seat 8: starymis ($1.06 in chips) 
Seat 9: tomashovka55 ($2.35 in chips) 
starymis: posts small blind $0.01
tomashovka55: posts big blind $0.02
*** HOLE CARDS ***
Dealt to Dorex2007 [3d Jc]
SS1000: folds 
duck8509: folds 
VVNWIN: folds 
77Matus77: folds 
Dorex2007: folds 
Victor_SIM: folds 
Teufelche243: raises $0.08 to $0.10
starymis: calls $0.09
tomashovka55: folds 
*** FLOP *** [Kh 2h Jh]
starymis: checks 
Teufelche243: bets $1.62 and is all-in
starymis: folds 
Uncalled bet ($1.62) returned to Teufelche243
Teufelche243 collected $0.21 from pot
*** SUMMARY ***
Total pot $0.22 | Rake $0.01 
Board [Kh 2h Jh]
Seat 1: SS1000 folded before Flop (didn't bet)
Seat 2: duck8509 folded before Flop (didn't bet)
Seat 3: VVNWIN folded before Flop (didn't bet)
Seat 4: 77Matus77 folded before Flop (didn't bet)
Seat 5: Dorex2007 folded before Flop (didn't bet)
Seat 6: Victor_SIM folded before Flop (didn't bet)
Seat 7: Teufelche243 (button) collected ($0.21)
Seat 8: starymis (small blind) folded on the Flop
Seat 9: tomashovka55 (big blind) folded before Flop



PokerStars Hand #230314440717:  Hold'em No Limit ($0.01/$0.02 USD) - 2021/10/03 1:08:51 PT [2021/10/03 4:08:51 ET]
Table 'Leonisis II' 9-max Seat #8 is the button
Seat 1: SS1000 ($4.04 in chips) 
Seat 2: duck8509 ($2.06 in chips) 
Seat 3: VVNWIN ($0.56 in chips) 
Seat 4: 77Matus77 ($1.58 in chips) 
Seat 5: Dorex2007 ($2.01 in chips) 
Seat 6: Victor_SIM ($2.57 in chips) 
Seat 7: Teufelche243 ($1.83 in chips) 
Seat 8: starymis ($0.96 in chips) 
Seat 9: tomashovka55 ($2.33 in chips) 
tomashovka55: posts small blind $0.01
SS1000: posts big blind $0.02
*** HOLE CARDS ***
Dealt to Dorex2007 [3h 7c]
duck8509: folds 
VVNWIN: folds 
77Matus77: raises $0.04 to $0.06
Dorex2007: folds 
Victor_SIM: raises $0.10 to $0.16
Teufelche243: folds 
starymis: folds 
tomashovka55: folds 
SS1000: folds 
77Matus77: calls $0.10
*** FLOP *** [5d Kd Jd]
77Matus77: checks 
Victor_SIM: bets $0.17
77Matus77: folds 
Uncalled bet ($0.17) returned to Victor_SIM
Victor_SIM collected $0.34 from pot
Victor_SIM: doesn't show hand 
*** SUMMARY ***
Total pot $0.35 | Rake $0.01 
Board [5d Kd Jd]
Seat 1: SS1000 (big blind) folded before Flop
Seat 2: duck8509 folded before Flop (didn't bet)
Seat 3: VVNWIN folded before Flop (didn't bet)
Seat 4: 77Matus77 folded on the Flop
Seat 5: Dorex2007 folded before Flop (didn't bet)
Seat 6: Victor_SIM collected ($0.34)
Seat 7: Teufelche243 folded before Flop (didn't bet)
Seat 8: starymis (button) folded before Flop (didn't bet)
Seat 9: tomashovka55 (small blind) folded before Flop



PokerStars Hand #230314447228:  Hold'em No Limit ($0.01/$0.02 USD) - 2021/10/03 1:09:28 PT [2021/10/03 4:09:28 ET]
Table 'Leonisis II' 9-max Seat #9 is the button
Seat 1: SS1000 ($4.02 in chips) 
Seat 2: duck8509 ($2.06 in chips) 
Seat 3: VVNWIN ($0.56 in chips) 
Seat 4: 77Matus77 ($1.42 in chips) 
Seat 5: Dorex2007 ($2.01 in chips) 
Seat 6: Victor_SIM ($2.75 in chips) 
Seat 7: Teufelche243 ($1.83 in chips) 
Seat 8: starymis ($0.96 in chips) 
Seat 9: tomashovka55 ($2.32 in chips) 
SS1000: posts small blind $0.01
duck8509: posts big blind $0.02
*** HOLE CARDS ***
Dealt to Dorex2007 [3c 3s]
VVNWIN: folds 
77Matus77: folds 
Dorex2007: calls $0.02
Victor_SIM: folds 
Teufelche243: raises $1.81 to $1.83 and is all-in
starymis: folds 
tomashovka55: folds 
SS1000: folds 
duck8509: folds 
Dorex2007: folds 
Uncalled bet ($1.81) returned to Teufelche243
Teufelche243 collected $0.07 from pot
*** SUMMARY ***
Total pot $0.07 | Rake $0 
Seat 1: SS1000 (small blind) folded before Flop
Seat 2: duck8509 (big blind) folded before Flop
Seat 3: VVNWIN folded before Flop (didn't bet)
Seat 4: 77Matus77 folded before Flop (didn't bet)
Seat 5: Dorex2007 folded before Flop
Seat 6: Victor_SIM folded before Flop (didn't bet)
Seat 7: Teufelche243 collected ($0.07)
Seat 8: starymis folded before Flop (didn't bet)
Seat 9: tomashovka55 (button) folded before Flop (didn't bet)



PokerStars Hand #230314452151:  Hold'em No Limit ($0.01/$0.02 USD) - 2021/10/03 1:09:56 PT [2021/10/03 4:09:56 ET]
Table 'Leonisis II' 9-max Seat #1 is the button
Seat 1: SS1000 ($4.01 in chips) 
Seat 2: duck8509 ($2.04 in chips) 
Seat 3: VVNWIN ($0.56 in chips) 
Seat 4: 77Matus77 ($1.42 in chips) 
Seat 5: Dorex2007 ($1.99 in chips) 
Seat 6: Victor_SIM ($2.75 in chips) 
Seat 7: Teufelche243 ($1.88 in chips) 
Seat 8: starymis ($0.96 in chips) 
Seat 9: tomashovka55 ($2.32 in chips) 
duck8509: posts small blind $0.01
VVNWIN: posts big blind $0.02
*** HOLE CARDS ***
Dealt to Dorex2007 [9h 9s]
77Matus77: raises $0.04 to $0.06
Dorex2007: calls $0.06
Victor_SIM: calls $0.06
Teufelche243: raises $0.27 to $0.33
starymis: folds 
tomashovka55: folds 
SS1000: folds 
duck8509: folds 
VVNWIN: folds 
77Matus77: folds 
Dorex2007: folds 
Victor_SIM: folds 
Uncalled bet ($0.27) returned to Teufelche243
Teufelche243 collected $0.27 from pot
*** SUMMARY ***
Total pot $0.27 | Rake $0 
Seat 1: SS1000 (button) folded before Flop (didn't bet)
Seat 2: duck8509 (small blind) folded before Flop
Seat 3: VVNWIN (big blind) folded before Flop
Seat 4: 77Matus77 folded before Flop
Seat 5: Dorex2007 folded before Flop
Seat 6: Victor_SIM folded before Flop
Seat 7: Teufelche243 collected ($0.27)
Seat 8: starymis folded before Flop (didn't bet)
Seat 9: tomashovka55 folded before Flop (didn't bet)



PokerStars Hand #230314457494:  Hold'em No Limit ($0.01/$0.02 USD) - 2021/10/03 1:10:26 PT [2021/10/03 4:10:26 ET]
Table 'Leonisis II' 9-max Seat #2 is the button
Seat 1: SS1000 ($4.01 in chips) 
Seat 2: duck8509 ($2.03 in chips) 
Seat 3: VVNWIN ($0.54 in chips) 
Seat 4: 77Matus77 ($1.36 in chips) 
Seat 5: Dorex2007 ($1.93 in chips) 
Seat 6: Victor_SIM ($2.69 in chips) 
Seat 7: Teufelche243 ($2.09 in chips) 
Seat 8: starymis ($0.96 in chips) 
Seat 9: tomashovka55 ($2.32 in chips) 
VVNWIN: posts small blind $0.01
77Matus77: posts big blind $0.02
*** HOLE CARDS ***
Dealt to Dorex2007 [4h 5s]
Dorex2007: folds 
Victor_SIM: folds 
Teufelche243: raises $0.05 to $0.07
starymis: raises $0.89 to $0.96 and is all-in
tomashovka55: folds 
SS1000: folds 
duck8509: folds 
VVNWIN: folds 
77Matus77: folds 
Teufelche243: calls $0.89
*** FLOP *** [Jh 2h 3d]
*** TURN *** [Jh 2h 3d] [8d]
*** RIVER *** [Jh 2h 3d 8d] [Kd]
*** SHOW DOWN ***
Teufelche243: shows [9c 9h] (a pair of Nines)
starymis: shows [Kc Ac] (a pair of Kings)
starymis collected $1.88 from pot
Teufelche243 cashed out the hand for $0.99 | Cash Out Fee $0.01
*** SUMMARY ***
Total pot $1.95 | Rake $0.07 
Board [Jh 2h 3d 8d Kd]
Seat 1: SS1000 folded before Flop (didn't bet)
Seat 2: duck8509 (button) folded before Flop (didn't bet)
Seat 3: VVNWIN (small blind) folded before Flop
Seat 4: 77Matus77 (big blind) folded before Flop
Seat 5: Dorex2007 folded before Flop (didn't bet)
Seat 6: Victor_SIM folded before Flop (didn't bet)
Seat 7: Teufelche243 showed [9c 9h] and lost with a pair of Nines (cashed out).
Seat 8: starymis showed [Kc Ac] and won ($1.88) with a pair of Kings
Seat 9: tomashovka55 folded before Flop (didn't bet)



PokerStars Hand #230314463540:  Hold'em No Limit ($0.01/$0.02 USD) - 2021/10/03 1:11:00 PT [2021/10/03 4:11:00 ET]
Table 'Leonisis II' 9-max Seat #3 is the button
Seat 1: SS1000 ($4.01 in chips) 
Seat 2: duck8509 ($2.03 in chips) 
Seat 3: VVNWIN ($0.53 in chips) 
Seat 4: 77Matus77 ($1.34 in chips) 
Seat 5: Dorex2007 ($1.93 in chips) 
Seat 6: Victor_SIM ($2.69 in chips) 
Seat 7: Teufelche243 ($2.12 in chips) 
Seat 8: starymis ($1.88 in chips) 
Seat 9: tomashovka55 ($2.32 in chips) 
77Matus77: posts small blind $0.01
Dorex2007: posts big blind $0.02
*** HOLE CARDS ***
Dealt to Dorex2007 [6c Qd]
Victor_SIM: folds 
Teufelche243: folds 
starymis: calls $0.02
tomashovka55: folds 
SS1000: folds 
duck8509: folds 
VVNWIN: folds 
77Matus77: calls $0.01
Dorex2007: checks 
*** FLOP *** [9s 7d Ah]
77Matus77: bets $0.02
Dorex2007: folds 
starymis: calls $0.02
*** TURN *** [9s 7d Ah] [Kc]
77Matus77: bets $0.04
starymis: calls $0.04
*** RIVER *** [9s 7d Ah Kc] [Jh]
77Matus77: checks 
starymis: bets $0.12
77Matus77: calls $0.12
*** SHOW DOWN ***
starymis: shows [Jc 9c] (two pair, Jacks and Nines)
77Matus77: mucks hand 
starymis collected $0.41 from pot
*** SUMMARY ***
Total pot $0.42 | Rake $0.01 
Board [9s 7d Ah Kc Jh]
Seat 1: SS1000 folded before Flop (didn't bet)
Seat 2: duck8509 folded before Flop (didn't bet)
Seat 3: VVNWIN (button) folded before Flop (didn't bet)
Seat 4: 77Matus77 (small blind) mucked [Kh 4s]
Seat 5: Dorex2007 (big blind) folded on the Flop
Seat 6: Victor_SIM folded before Flop (didn't bet)
Seat 7: Teufelche243 folded before Flop (didn't bet)
Seat 8: starymis showed [Jc 9c] and won ($0.41) with two pair, Jacks and Nines
Seat 9: tomashovka55 folded before Flop (didn't bet)



PokerStars Hand #230314472662:  Hold'em No Limit ($0.01/$0.02 USD) - 2021/10/03 1:11:51 PT [2021/10/03 4:11:51 ET]
Table 'Leonisis II' 9-max Seat #4 is the button
Seat 1: SS1000 ($4.01 in chips) 
Seat 2: duck8509 ($2.03 in chips) 
Seat 3: VVNWIN ($0.53 in chips) 
Seat 4: 77Matus77 ($1.14 in chips) 
Seat 5: Dorex2007 ($1.91 in chips) 
Seat 6: Victor_SIM ($2.69 in chips) 
Seat 7: Teufelche243 ($2.12 in chips) 
Seat 8: starymis ($2.09 in chips) 
Seat 9: tomashovka55 ($2.32 in chips) 
Dorex2007: posts small blind $0.01
Victor_SIM: posts big blind $0.02
*** HOLE CARDS ***
Dealt to Dorex2007 [9d Ac]
Teufelche243: folds 
starymis: calls $0.02
tomashovka55: folds 
SS1000: folds 
duck8509: folds 
VVNWIN: folds 
77Matus77: calls $0.02
Dorex2007: folds 
Victor_SIM: checks 
*** FLOP *** [3d 8d 4c]
Victor_SIM: checks 
starymis: checks 
77Matus77: bets $0.02
Victor_SIM: calls $0.02
starymis: calls $0.02
*** TURN *** [3d 8d 4c] [Ah]
Victor_SIM: checks 
starymis: checks 
77Matus77: bets $0.04
Victor_SIM: folds 
starymis: folds 
Uncalled bet ($0.04) returned to 77Matus77
77Matus77 collected $0.13 from pot
77Matus77: doesn't show hand 
*** SUMMARY ***
Total pot $0.13 | Rake $0 
Board [3d 8d 4c Ah]
Seat 1: SS1000 folded before Flop (didn't bet)
Seat 2: duck8509 folded before Flop (didn't bet)
Seat 3: VVNWIN folded before Flop (didn't bet)
Seat 4: 77Matus77 (button) collected ($0.13)
Seat 5: Dorex2007 (small blind) folded before Flop
Seat 6: Victor_SIM (big blind) folded on the Turn
Seat 7: Teufelche243 folded before Flop (didn't bet)
Seat 8: starymis folded on the Turn
Seat 9: tomashovka55 folded before Flop (didn't bet)



PokerStars Hand #230314483046:  Hold'em No Limit ($0.01/$0.02 USD) - 2021/10/03 1:12:50 PT [2021/10/03 4:12:50 ET]
Table 'Leonisis II' 9-max Seat #5 is the button
Seat 1: SS1000 ($4.01 in chips) 
Seat 2: duck8509 ($2.03 in chips) 
Seat 3: VVNWIN ($0.53 in chips) 
Seat 4: 77Matus77 ($1.23 in chips) 
Seat 5: Dorex2007 ($1.90 in chips) 
Seat 6: Victor_SIM ($2.65 in chips) 
Seat 7: Teufelche243 ($2.12 in chips) 
Seat 8: starymis ($2.05 in chips) 
Seat 9: tomashovka55 ($2.32 in chips) 
Victor_SIM: posts small blind $0.01
Teufelche243: posts big blind $0.02
*** HOLE CARDS ***
Dealt to Dorex2007 [Ks 2s]
starymis: calls $0.02
tomashovka55: folds 
SS1000: folds 
duck8509: folds 
VVNWIN: raises $0.02 to $0.04
77Matus77: folds 
Dorex2007: folds 
Victor_SIM: calls $0.03
Teufelche243: folds 
starymis: calls $0.02
*** FLOP *** [Qs 2c 4s]
Victor_SIM: bets $0.07
starymis: folds 
starymis leaves the table
VVNWIN: raises $0.14 to $0.21
Victor_SIM: folds 
Uncalled bet ($0.14) returned to VVNWIN
VVNWIN collected $0.27 from pot
VVNWIN: doesn't show hand 
*** SUMMARY ***
Total pot $0.28 | Rake $0.01 
Board [Qs 2c 4s]
Seat 1: SS1000 folded before Flop (didn't bet)
Seat 2: duck8509 folded before Flop (didn't bet)
Seat 3: VVNWIN collected ($0.27)
Seat 4: 77Matus77 folded before Flop (didn't bet)
Seat 5: Dorex2007 (button) folded before Flop (didn't bet)
Seat 6: Victor_SIM (small blind) folded on the Flop
Seat 7: Teufelche243 (big blind) folded before Flop
Seat 8: starymis folded on the Flop
Seat 9: tomashovka55 folded before Flop (didn't bet)



PokerStars Hand #230314490177:  Hold'em No Limit ($0.01/$0.02 USD) - 2021/10/03 1:13:32 PT [2021/10/03 4:13:32 ET]
Table 'Leonisis II' 9-max Seat #6 is the button
Seat 1: SS1000 ($4.01 in chips) 
Seat 2: duck8509 ($2.03 in chips) 
Seat 3: VVNWIN ($0.69 in chips) 
Seat 4: 77Matus77 ($1.23 in chips) 
Seat 5: Dorex2007 ($1.90 in chips) 
Seat 6: Victor_SIM ($2.54 in chips) 
Seat 7: Teufelche243 ($2.10 in chips) 
Seat 9: tomashovka55 ($2.32 in chips) 
Teufelche243: posts small blind $0.01
tomashovka55: posts big blind $0.02
*** HOLE CARDS ***
Dealt to Dorex2007 [4s Ad]
SS1000: folds 
duck8509: folds 
VVNWIN: folds 
77Matus77: folds 
Dorex2007: folds 
SS1000 leaves the table
Victor_SIM: calls $0.02
Teufelche243: folds 
tomashovka55: checks 
*** FLOP *** [Jd 8d Qc]
tomashovka55: checks 
Victor_SIM: checks 
*** TURN *** [Jd 8d Qc] [7h]
tomashovka55: checks 
Victor_SIM: checks 
*** RIVER *** [Jd 8d Qc 7h] [Qd]
tomashovka55: checks 
Victor_SIM: bets $0.05
tomashovka55: calls $0.05
*** SHOW DOWN ***
Victor_SIM: shows [8c 9h] (two pair, Queens and Eights)
tomashovka55: shows [Jh 3c] (two pair, Queens and Jacks)
pac assa joins the table at seat #1 
tomashovka55 collected $0.14 from pot
*** SUMMARY ***
Total pot $0.15 | Rake $0.01 
Board [Jd 8d Qc 7h Qd]
Seat 1: SS1000 folded before Flop (didn't bet)
Seat 2: duck8509 folded before Flop (didn't bet)
Seat 3: VVNWIN folded before Flop (didn't bet)
Seat 4: 77Matus77 folded before Flop (didn't bet)
Seat 5: Dorex2007 folded before Flop (didn't bet)
Seat 6: Victor_SIM (button) showed [8c 9h] and lost with two pair, Queens and Eights
Seat 7: Teufelche243 (small blind) folded before Flop
Seat 9: tomashovka55 (big blind) showed [Jh 3c] and won ($0.14) with two pair, Queens and Jacks



PokerStars Hand #230314498981:  Hold'em No Limit ($0.01/$0.02 USD) - 2021/10/03 1:14:21 PT [2021/10/03 4:14:21 ET]
Table 'Leonisis II' 9-max Seat #7 is the button
Seat 1: pac assa ($1.60 in chips) 
Seat 2: duck8509 ($2.03 in chips) 
Seat 3: VVNWIN ($0.69 in chips) 
Seat 4: 77Matus77 ($1.23 in chips) 
Seat 5: Dorex2007 ($1.90 in chips) 
Seat 6: Victor_SIM ($2.47 in chips) 
Seat 7: Teufelche243 ($2.09 in chips) 
Seat 9: tomashovka55 ($2.39 in chips) 
tomashovka55: posts small blind $0.01
pac assa: posts big blind $0.02
*** HOLE CARDS ***
Dealt to Dorex2007 [Tc 7d]
duck8509: folds 
OlexandrTkachuk joins the table at seat #8 
VVNWIN: raises $0.02 to $0.04
77Matus77: folds 
Dorex2007: folds 
Victor_SIM: folds 
Teufelche243: folds 
tomashovka55: raises $0.22 to $0.26
pac assa: calls $0.24
VVNWIN: calls $0.22
*** FLOP *** [9c 8h Qd]
tomashovka55: bets $2.13 and is all-in
pac assa: folds 
VVNWIN: folds 
Uncalled bet ($2.13) returned to tomashovka55
tomashovka55 collected $0.75 from pot
*** SUMMARY ***
Total pot $0.78 | Rake $0.03 
Board [9c 8h Qd]
Seat 1: pac assa (big blind) folded on the Flop
Seat 2: duck8509 folded before Flop (didn't bet)
Seat 3: VVNWIN folded on the Flop
Seat 4: 77Matus77 folded before Flop (didn't bet)
Seat 5: Dorex2007 folded before Flop (didn't bet)
Seat 6: Victor_SIM folded before Flop (didn't bet)
Seat 7: Teufelche243 (button) folded before Flop (didn't bet)
Seat 9: tomashovka55 (small blind) collected ($0.75)



PokerStars Hand #230314515484:  Hold'em No Limit ($0.01/$0.02 USD) - 2021/10/03 1:15:52 PT [2021/10/03 4:15:52 ET]
Table 'Leonisis II' 9-max Seat #9 is the button
Seat 1: pac assa ($1.34 in chips) 
Seat 2: duck8509 ($2.03 in chips) 
Seat 3: VVNWIN ($0.43 in chips) 
Seat 4: 77Matus77 ($1.23 in chips) 
Seat 5: Dorex2007 ($1.90 in chips) 
Seat 6: Victor_SIM ($2.47 in chips) 
Seat 7: Teufelche243 ($2.09 in chips) 
Seat 8: OlexandrTkachuk ($2 in chips) 
Seat 9: tomashovka55 ($2.88 in chips) 
pac assa: posts small blind $0.01
duck8509: posts big blind $0.02
OlexandrTkachuk: posts big blind $0.02
*** HOLE CARDS ***
Dealt to Dorex2007 [8c 9h]
VVNWIN: raises $0.02 to $0.04
77Matus77: folds 
Dorex2007: folds 
Victor_SIM: folds 
Teufelche243: folds 
OlexandrTkachuk: calls $0.02
tomashovka55: folds 
pac assa: calls $0.03
duck8509: calls $0.02
*** FLOP *** [Ts 3s Jd]
pac assa: bets $0.06
duck8509: calls $0.06
VVNWIN: calls $0.06
OlexandrTkachuk: folds 
*** TURN *** [Ts 3s Jd] [4s]
pac assa: checks 
duck8509: checks 
VVNWIN: bets $0.17
pac assa: calls $0.17
duck8509: folds 
*** RIVER *** [Ts 3s Jd 4s] [Ad]
pac assa: bets $0.12
VVNWIN: folds 
Uncalled bet ($0.12) returned to pac assa
pac assa collected $0.66 from pot
pac assa: doesn't show hand 
*** SUMMARY ***
Total pot $0.68 | Rake $0.02 
Board [Ts 3s Jd 4s Ad]
Seat 1: pac assa (small blind) collected ($0.66)
Seat 2: duck8509 (big blind) folded on the Turn
Seat 3: VVNWIN folded on the River
Seat 4: 77Matus77 folded before Flop (didn't bet)
Seat 5: Dorex2007 folded before Flop (didn't bet)
Seat 6: Victor_SIM folded before Flop (didn't bet)
Seat 7: Teufelche243 folded before Flop (didn't bet)
Seat 8: OlexandrTkachuk folded on the Flop
Seat 9: tomashovka55 (button) folded before Flop (didn't bet)



PokerStars Hand #230314533190:  Hold'em No Limit ($0.01/$0.02 USD) - 2021/10/03 1:17:03 PT [2021/10/03 4:17:03 ET]
Table 'Leonisis II' 9-max Seat #1 is the button
Seat 1: pac assa ($1.73 in chips) 
Seat 2: duck8509 ($1.93 in chips) 
Seat 3: VVNWIN ($0.16 in chips) 
Seat 4: 77Matus77 ($1.23 in chips) 
Seat 5: Dorex2007 ($2 in chips) 
Seat 6: Victor_SIM ($2.47 in chips) 
Seat 7: Teufelche243 ($2.09 in chips) 
Seat 8: OlexandrTkachuk ($1.96 in chips) 
Seat 9: tomashovka55 ($2.88 in chips) 
duck8509: posts small blind $0.01
VVNWIN: posts big blind $0.02
*** HOLE CARDS ***
Dealt to Dorex2007 [5d 2c]
77Matus77: folds 
Dorex2007: folds 
Victor_SIM: calls $0.02
Teufelche243: raises $0.04 to $0.06
OlexandrTkachuk: folds 
tomashovka55: raises $0.17 to $0.23
pac assa: folds 
duck8509: folds 
VVNWIN: folds 
Victor_SIM: folds 
Teufelche243: folds 
Uncalled bet ($0.17) returned to tomashovka55
tomashovka55 collected $0.17 from pot
*** SUMMARY ***
Total pot $0.17 | Rake $0 
Seat 1: pac assa (button) folded before Flop (didn't bet)
Seat 2: duck8509 (small blind) folded before Flop
Seat 3: VVNWIN (big blind) folded before Flop
Seat 4: 77Matus77 folded before Flop (didn't bet)
Seat 5: Dorex2007 folded before Flop (didn't bet)
Seat 6: Victor_SIM folded before Flop
Seat 7: Teufelche243 folded before Flop
Seat 8: OlexandrTkachuk folded before Flop (didn't bet)
Seat 9: tomashovka55 collected ($0.17)



PokerStars Hand #230314539252:  Hold'em No Limit ($0.01/$0.02 USD) - 2021/10/03 1:17:36 PT [2021/10/03 4:17:36 ET]
Table 'Leonisis II' 9-max Seat #2 is the button
Seat 1: pac assa ($1.73 in chips) 
Seat 2: duck8509 ($1.92 in chips) 
Seat 3: VVNWIN ($0.14 in chips) 
Seat 4: 77Matus77 ($1.23 in chips) 
Seat 5: Dorex2007 ($2 in chips) 
Seat 6: Victor_SIM ($2.45 in chips) 
Seat 7: Teufelche243 ($2.03 in chips) 
Seat 8: OlexandrTkachuk ($1.96 in chips) 
Seat 9: tomashovka55 ($2.99 in chips) 
VVNWIN: posts small blind $0.01
77Matus77: posts big blind $0.02
*** HOLE CARDS ***
Dealt to Dorex2007 [5c 3c]
Dorex2007: folds 
Victor_SIM: folds 
Teufelche243: raises $0.06 to $0.08
OlexandrTkachuk: folds 
tomashovka55: folds 
pac assa: folds 
duck8509: folds 
VVNWIN: folds 
77Matus77: folds 
Uncalled bet ($0.06) returned to Teufelche243
Teufelche243 collected $0.05 from pot
*** SUMMARY ***
Total pot $0.05 | Rake $0 
Seat 1: pac assa folded before Flop (didn't bet)
Seat 2: duck8509 (button) folded before Flop (didn't bet)
Seat 3: VVNWIN (small blind) folded before Flop
Seat 4: 77Matus77 (big blind) folded before Flop
Seat 5: Dorex2007 folded before Flop (didn't bet)
Seat 6: Victor_SIM folded before Flop (didn't bet)
Seat 7: Teufelche243 collected ($0.05)
Seat 8: OlexandrTkachuk folded before Flop (didn't bet)
Seat 9: tomashovka55 folded before Flop (didn't bet)



PokerStars Hand #230314544884:  Hold'em No Limit ($0.01/$0.02 USD) - 2021/10/03 1:18:08 PT [2021/10/03 4:18:08 ET]
Table 'Leonisis II' 9-max Seat #3 is the button
Seat 1: pac assa ($1.73 in chips) 
Seat 2: duck8509 ($1.92 in chips) 
Seat 3: VVNWIN ($0.13 in chips) 
Seat 4: 77Matus77 ($1.21 in chips) 
Seat 5: Dorex2007 ($2 in chips) 
Seat 6: Victor_SIM ($2.45 in chips) 
Seat 7: Teufelche243 ($2.06 in chips) 
Seat 8: OlexandrTkachuk ($1.96 in chips) 
Seat 9: tomashovka55 ($2.99 in chips) 
77Matus77: posts small blind $0.01
Dorex2007: posts big blind $0.02
*** HOLE CARDS ***
Dealt to Dorex2007 [6c 3h]
Victor_SIM: folds 
Teufelche243: raises $0.06 to $0.08
OlexandrTkachuk: folds 
tomashovka55: folds 
pac assa: folds 
duck8509: folds 
VVNWIN: folds 
77Matus77: folds 
Dorex2007: folds 
Uncalled bet ($0.06) returned to Teufelche243
Teufelche243 collected $0.05 from pot
*** SUMMARY ***
Total pot $0.05 | Rake $0 
Seat 1: pac assa folded before Flop (didn't bet)
Seat 2: duck8509 folded before Flop (didn't bet)
Seat 3: VVNWIN (button) folded before Flop (didn't bet)
Seat 4: 77Matus77 (small blind) folded before Flop
Seat 5: Dorex2007 (big blind) folded before Flop
Seat 6: Victor_SIM folded before Flop (didn't bet)
Seat 7: Teufelche243 collected ($0.05)
Seat 8: OlexandrTkachuk folded before Flop (didn't bet)
Seat 9: tomashovka55 folded before Flop (didn't bet)



PokerStars Hand #230314548201:  Hold'em No Limit ($0.01/$0.02 USD) - 2021/10/03 1:18:27 PT [2021/10/03 4:18:27 ET]
Table 'Leonisis II' 9-max Seat #4 is the button
Seat 1: pac assa ($1.73 in chips) 
Seat 2: duck8509 ($1.92 in chips) 
Seat 3: VVNWIN ($0.13 in chips) 
Seat 4: 77Matus77 ($1.20 in chips) 
Seat 5: Dorex2007 ($2 in chips) 
Seat 6: Victor_SIM ($2.45 in chips) 
Seat 7: Teufelche243 ($2.09 in chips) 
Seat 8: OlexandrTkachuk ($1.96 in chips) 
Seat 9: tomashovka55 ($2.99 in chips) 
Dorex2007: posts small blind $0.01
Victor_SIM: posts big blind $0.02
*** HOLE CARDS ***
Dealt to Dorex2007 [Td 9c]
Teufelche243: folds 
OlexandrTkachuk: calls $0.02
tomashovka55: folds 
pac assa: folds 
duck8509: folds 
VVNWIN: folds 
77Matus77: raises $0.04 to $0.06
Dorex2007: folds 
Victor_SIM: folds 
OlexandrTkachuk: calls $0.04
*** FLOP *** [4h 5d 8h]
OlexandrTkachuk: checks 
77Matus77: bets $0.04
OlexandrTkachuk: folds 
Uncalled bet ($0.04) returned to 77Matus77
77Matus77 collected $0.14 from pot
77Matus77: doesn't show hand 
*** SUMMARY ***
Total pot $0.15 | Rake $0.01 
Board [4h 5d 8h]
Seat 1: pac assa folded before Flop (didn't bet)
Seat 2: duck8509 folded before Flop (didn't bet)
Seat 3: VVNWIN folded before Flop (didn't bet)
Seat 4: 77Matus77 (button) collected ($0.14)
Seat 5: Dorex2007 (small blind) folded before Flop
Seat 6: Victor_SIM (big blind) folded before Flop
Seat 7: Teufelche243 folded before Flop (didn't bet)
Seat 8: OlexandrTkachuk folded on the Flop
Seat 9: tomashovka55 folded before Flop (didn't bet)



PokerStars Hand #230314553965:  Hold'em No Limit ($0.01/$0.02 USD) - 2021/10/03 1:18:59 PT [2021/10/03 4:18:59 ET]
Table 'Leonisis II' 9-max Seat #5 is the button
Seat 1: pac assa ($1.73 in chips) 
Seat 2: duck8509 ($1.92 in chips) 
Seat 3: VVNWIN ($0.13 in chips) 
Seat 4: 77Matus77 ($1.28 in chips) 
Seat 5: Dorex2007 ($2 in chips) 
Seat 6: Victor_SIM ($2.43 in chips) 
Seat 7: Teufelche243 ($2.09 in chips) 
Seat 8: OlexandrTkachuk ($1.90 in chips) 
Seat 9: tomashovka55 ($2.99 in chips) 
Victor_SIM: posts small blind $0.01
Teufelche243: posts big blind $0.02
*** HOLE CARDS ***
Dealt to Dorex2007 [5h 9d]
OlexandrTkachuk: calls $0.02
tomashovka55: folds 
pac assa: calls $0.02
duck8509: folds 
VVNWIN: folds 
77Matus77: calls $0.02
Dorex2007: folds 
Victor_SIM: raises $0.10 to $0.12
Teufelche243: folds 
OlexandrTkachuk: calls $0.10
pac assa: calls $0.10
77Matus77: folds 
*** FLOP *** [2h 7s 3c]
Victor_SIM: bets $0.20
OlexandrTkachuk: folds 
pac assa: folds 
Uncalled bet ($0.20) returned to Victor_SIM
Victor_SIM collected $0.39 from pot
Victor_SIM: doesn't show hand 
*** SUMMARY ***
Total pot $0.40 | Rake $0.01 
Board [2h 7s 3c]
Seat 1: pac assa folded on the Flop
Seat 2: duck8509 folded before Flop (didn't bet)
Seat 3: VVNWIN folded before Flop (didn't bet)
Seat 4: 77Matus77 folded before Flop
Seat 5: Dorex2007 (button) folded before Flop (didn't bet)
Seat 6: Victor_SIM (small blind) collected ($0.39)
Seat 7: Teufelche243 (big blind) folded before Flop
Seat 8: OlexandrTkachuk folded on the Flop
Seat 9: tomashovka55 folded before Flop (didn't bet)



PokerStars Hand #230314562116:  Hold'em No Limit ($0.01/$0.02 USD) - 2021/10/03 1:19:44 PT [2021/10/03 4:19:44 ET]
Table 'Leonisis II' 9-max Seat #6 is the button
Seat 1: pac assa ($1.61 in chips) 
Seat 2: duck8509 ($1.92 in chips) 
Seat 3: VVNWIN ($0.13 in chips) 
Seat 4: 77Matus77 ($1.26 in chips) 
Seat 5: Dorex2007 ($2 in chips) 
Seat 6: Victor_SIM ($2.70 in chips) 
Seat 7: Teufelche243 ($2.07 in chips) 
Seat 8: OlexandrTkachuk ($1.78 in chips) 
Seat 9: tomashovka55 ($2.99 in chips) 
Teufelche243: posts small blind $0.01
OlexandrTkachuk: posts big blind $0.02
*** HOLE CARDS ***
Dealt to Dorex2007 [Ad 3d]
tomashovka55: folds 
pac assa: calls $0.02
duck8509: folds 
VVNWIN: folds 
77Matus77: folds 
Dorex2007: calls $0.02
Victor_SIM: calls $0.02
Teufelche243: folds 
OlexandrTkachuk: checks 
*** FLOP *** [5c 5d 6d]
OlexandrTkachuk: checks 
VVNWIN leaves the table
pac assa: checks 
Dorex2007: checks 
Smithwest007 joins the table at seat #3 
Victor_SIM: bets $0.05
OlexandrTkachuk: folds 
pac assa: calls $0.05
Dorex2007: calls $0.05
*** TURN *** [5c 5d 6d] [Qd]
pac assa: checks 
Dorex2007: checks 
Victor_SIM: checks 
*** RIVER *** [5c 5d 6d Qd] [8h]
pac assa: checks 
Dorex2007: bets $0.15
Victor_SIM: folds 
pac assa: folds 
Uncalled bet ($0.15) returned to Dorex2007
Dorex2007 collected $0.23 from pot
Dorex2007: doesn't show hand 
*** SUMMARY ***
Total pot $0.24 | Rake $0.01 
Board [5c 5d 6d Qd 8h]
Seat 1: pac assa folded on the River
Seat 2: duck8509 folded before Flop (didn't bet)
Seat 3: VVNWIN folded before Flop (didn't bet)
Seat 4: 77Matus77 folded before Flop (didn't bet)
Seat 5: Dorex2007 collected ($0.23)
Seat 6: Victor_SIM (button) folded on the River
Seat 7: Teufelche243 (small blind) folded before Flop
Seat 8: OlexandrTkachuk (big blind) folded on the Flop
Seat 9: tomashovka55 folded before Flop (didn't bet)



PokerStars Hand #230314578049:  Hold'em No Limit ($0.01/$0.02 USD) - 2021/10/03 1:21:12 PT [2021/10/03 4:21:12 ET]
Table 'Leonisis II' 9-max Seat #7 is the button
Seat 1: pac assa ($1.54 in chips) 
Seat 2: duck8509 ($1.92 in chips) 
Seat 4: 77Matus77 ($1.26 in chips) 
Seat 5: Dorex2007 ($2.16 in chips) 
Seat 6: Victor_SIM ($2.63 in chips) 
Seat 7: Teufelche243 ($2.06 in chips) 
Seat 8: OlexandrTkachuk ($1.76 in chips) 
Seat 9: tomashovka55 ($2.99 in chips) 
77Matus77 is disconnected 
OlexandrTkachuk: posts small blind $0.01
tomashovka55: posts big blind $0.02
Smithwest007: sits out 
*** HOLE CARDS ***
Dealt to Dorex2007 [4s 6s]
pac assa: folds 
duck8509: folds 
77Matus77 is connected 
77Matus77: raises $0.04 to $0.06
Dorex2007: folds 
Victor_SIM: folds 
Teufelche243: folds 
OlexandrTkachuk: calls $0.05
tomashovka55: calls $0.04
*** FLOP *** [Jc Kc Jd]
OlexandrTkachuk: checks 
tomashovka55: checks 
77Matus77: checks 
*** TURN *** [Jc Kc Jd] [7d]
OlexandrTkachuk: checks 
tomashovka55: checks 
77Matus77: checks 
*** RIVER *** [Jc Kc Jd 7d] [3c]
OlexandrTkachuk: checks 
tomashovka55: checks 
77Matus77: checks 
*** SHOW DOWN ***
OlexandrTkachuk: shows [9s 9d] (two pair, Jacks and Nines)
tomashovka55: mucks hand 
77Matus77: mucks hand 
OlexandrTkachuk collected $0.17 from pot
*** SUMMARY ***
Total pot $0.18 | Rake $0.01 
Board [Jc Kc Jd 7d 3c]
Seat 1: pac assa folded before Flop (didn't bet)
Seat 2: duck8509 folded before Flop (didn't bet)
Seat 4: 77Matus77 mucked [Ah Th]
Seat 5: Dorex2007 folded before Flop (didn't bet)
Seat 6: Victor_SIM folded before Flop (didn't bet)
Seat 7: Teufelche243 (button) folded before Flop (didn't bet)
Seat 8: OlexandrTkachuk (small blind) showed [9s 9d] and won ($0.17) with two pair, Jacks and Nines
Seat 9: tomashovka55 (big blind) mucked [As Qh]



PokerStars Hand #230314588300:  Hold'em No Limit ($0.01/$0.02 USD) - 2021/10/03 1:22:08 PT [2021/10/03 4:22:08 ET]
Table 'Leonisis II' 9-max Seat #8 is the button
Seat 1: pac assa ($1.54 in chips) 
Seat 2: duck8509 ($1.92 in chips) 
Seat 4: 77Matus77 ($1.20 in chips) 
Seat 5: Dorex2007 ($2.16 in chips) 
Seat 6: Victor_SIM ($2.63 in chips) 
Seat 8: OlexandrTkachuk ($1.87 in chips) 
Seat 9: tomashovka55 ($2.93 in chips) 
tomashovka55: posts small blind $0.01
pac assa: posts big blind $0.02
Smithwest007: sits out 
*** HOLE CARDS ***
Dealt to Dorex2007 [6c 7h]
duck8509: folds 
77Matus77: calls $0.02
Dorex2007: folds 
Victor_SIM: raises $0.08 to $0.10
OlexandrTkachuk: folds 
tomashovka55: folds 
pac assa: calls $0.08
77Matus77: calls $0.08
*** FLOP *** [Th 3c 8s]
pac assa: checks 
77Matus77: checks 
Victor_SIM: bets $0.15
pac assa: calls $0.15
77Matus77: folds 
*** TURN *** [Th 3c 8s] [6d]
pac assa: bets $0.22
Teufelche243 leaves the table
Victor_SIM: folds 
Uncalled bet ($0.22) returned to pac assa
pac assa collected $0.59 from pot
pac assa: doesn't show hand 
*** SUMMARY ***
Total pot $0.61 | Rake $0.02 
Board [Th 3c 8s 6d]
Seat 1: pac assa (big blind) collected ($0.59)
Seat 2: duck8509 folded before Flop (didn't bet)
Seat 4: 77Matus77 folded on the Flop
Seat 5: Dorex2007 folded before Flop (didn't bet)
Seat 6: Victor_SIM folded on the Turn
Seat 8: OlexandrTkachuk (button) folded before Flop (didn't bet)
Seat 9: tomashovka55 (small blind) folded before Flop



PokerStars Hand #230314600285:  Hold'em No Limit ($0.01/$0.02 USD) - 2021/10/03 1:23:14 PT [2021/10/03 4:23:14 ET]
Table 'Leonisis II' 9-max Seat #9 is the button
Seat 1: pac assa ($1.88 in chips) 
Seat 2: duck8509 ($1.92 in chips) 
Seat 4: 77Matus77 ($1.10 in chips) 
Seat 5: Dorex2007 ($2.16 in chips) 
Seat 6: Victor_SIM ($2.38 in chips) 
Seat 8: OlexandrTkachuk ($1.87 in chips) 
Seat 9: tomashovka55 ($2.92 in chips) 
pac assa: posts small blind $0.01
duck8509: posts big blind $0.02
Smithwest007: sits out 
*** HOLE CARDS ***
Dealt to Dorex2007 [Th Td]
Michaelll11 joins the table at seat #7 
77Matus77: folds 
Dorex2007: raises $0.04 to $0.06
Victor_SIM: folds 
OlexandrTkachuk: folds 
tomashovka55: folds 
pac assa: folds 
duck8509: folds 
Uncalled bet ($0.04) returned to Dorex2007
Dorex2007 collected $0.05 from pot
Dorex2007: doesn't show hand 
*** SUMMARY ***
Total pot $0.05 | Rake $0 
Seat 1: pac assa (small blind) folded before Flop
Seat 2: duck8509 (big blind) folded before Flop
Seat 4: 77Matus77 folded before Flop (didn't bet)
Seat 5: Dorex2007 collected ($0.05)
Seat 6: Victor_SIM folded before Flop (didn't bet)
Seat 8: OlexandrTkachuk folded before Flop (didn't bet)
Seat 9: tomashovka55 (button) folded before Flop (didn't bet)



PokerStars Hand #230314604115:  Hold'em No Limit ($0.01/$0.02 USD) - 2021/10/03 1:23:35 PT [2021/10/03 4:23:35 ET]
Table 'Leonisis II' 9-max Seat #1 is the button
Seat 1: pac assa ($1.87 in chips) 
Seat 2: duck8509 ($1.90 in chips) 
Seat 3: Smithwest007 ($2 in chips) 
Seat 4: 77Matus77 ($1.10 in chips) 
Seat 5: Dorex2007 ($2.19 in chips) 
Seat 6: Victor_SIM ($2.38 in chips) 
Seat 8: OlexandrTkachuk ($1.87 in chips) 
Seat 9: tomashovka55 ($2.92 in chips) 
duck8509: posts small blind $0.01
Smithwest007: posts big blind $0.02
Michaelll11: sits out 
*** HOLE CARDS ***
Dealt to Dorex2007 [7d 7h]
77Matus77 has timed out
77Matus77: folds 
Dorex2007: raises $0.02 to $0.04
Victor_SIM: folds 
OlexandrTkachuk: calls $0.04
tomashovka55: folds 
pac assa: folds 
duck8509: folds 
Smithwest007: folds 
*** FLOP *** [Tc 4d 2c]
Dorex2007: checks 
OlexandrTkachuk: checks 
*** TURN *** [Tc 4d 2c] [8h]
Dorex2007: bets $0.11
OlexandrTkachuk: folds 
Uncalled bet ($0.11) returned to Dorex2007
Dorex2007 collected $0.11 from pot
Dorex2007: doesn't show hand 
*** SUMMARY ***
Total pot $0.11 | Rake $0 
Board [Tc 4d 2c 8h]
Seat 1: pac assa (button) folded before Flop (didn't bet)
Seat 2: duck8509 (small blind) folded before Flop
Seat 3: Smithwest007 (big blind) folded before Flop
Seat 4: 77Matus77 folded before Flop (didn't bet)
Seat 5: Dorex2007 collected ($0.11)
Seat 6: Victor_SIM folded before Flop (didn't bet)
Seat 8: OlexandrTkachuk folded on the Turn
Seat 9: tomashovka55 folded before Flop (didn't bet)



PokerStars Hand #230314611463:  Hold'em No Limit ($0.01/$0.02 USD) - 2021/10/03 1:24:15 PT [2021/10/03 4:24:15 ET]
Table 'Leonisis II' 9-max Seat #2 is the button
Seat 1: pac assa ($1.87 in chips) 
Seat 2: duck8509 ($1.89 in chips) 
Seat 3: Smithwest007 ($2 in chips) 
Seat 4: 77Matus77 ($1.10 in chips) 
Seat 5: Dorex2007 ($2.26 in chips) 
Seat 6: Victor_SIM ($2.38 in chips) 
Seat 8: OlexandrTkachuk ($1.83 in chips) 
Seat 9: tomashovka55 ($2.92 in chips) 
Smithwest007: posts small blind $0.01
77Matus77: posts big blind $0.02
Michaelll11: sits out 
*** HOLE CARDS ***
Dealt to Dorex2007 [7h As]
Dorex2007: folds 
Victor_SIM: folds 
OlexandrTkachuk: calls $0.02
tomashovka55: folds 
pac assa: calls $0.02
duck8509: raises $0.09 to $0.11
Smithwest007: folds 
77Matus77: calls $0.09
OlexandrTkachuk: folds 
pac assa: calls $0.09
*** FLOP *** [Qh 5h 8h]
77Matus77: checks 
pac assa: bets $0.06
duck8509: folds 
77Matus77: calls $0.06
*** TURN *** [Qh 5h 8h] [2s]
77Matus77: checks 
pac assa: bets $0.20
77Matus77: calls $0.20
*** RIVER *** [Qh 5h 8h 2s] [4c]
77Matus77: checks 
pac assa: checks 
*** SHOW DOWN ***
77Matus77: shows [Qs Kc] (a pair of Queens)
pac assa: mucks hand 
77Matus77 collected $0.85 from pot
*** SUMMARY ***
Total pot $0.88 | Rake $0.03 
Board [Qh 5h 8h 2s 4c]
Seat 1: pac assa mucked [Th 9d]
Seat 2: duck8509 (button) folded on the Flop
Seat 3: Smithwest007 (small blind) folded before Flop
Seat 4: 77Matus77 (big blind) showed [Qs Kc] and won ($0.85) with a pair of Queens
Seat 5: Dorex2007 folded before Flop (didn't bet)
Seat 6: Victor_SIM folded before Flop (didn't bet)
Seat 8: OlexandrTkachuk folded before Flop
Seat 9: tomashovka55 folded before Flop (didn't bet)



PokerStars Hand #230314626013:  Hold'em No Limit ($0.01/$0.02 USD) - 2021/10/03 1:25:34 PT [2021/10/03 4:25:34 ET]
Table 'Leonisis II' 9-max Seat #3 is the button
Seat 1: pac assa ($1.50 in chips) 
Seat 2: duck8509 ($1.78 in chips) 
Seat 3: Smithwest007 ($2 in chips) 
Seat 4: 77Matus77 ($1.58 in chips) 
Seat 5: Dorex2007 ($2.26 in chips) 
Seat 6: Victor_SIM ($2.38 in chips) 
Seat 8: OlexandrTkachuk ($1.81 in chips) 
Seat 9: tomashovka55 ($2.92 in chips) 
77Matus77: posts small blind $0.01
Dorex2007: posts big blind $0.02
Michaelll11: sits out 
*** HOLE CARDS ***
Dealt to Dorex2007 [6h 6s]
Victor_SIM: folds 
OlexandrTkachuk: calls $0.02
tomashovka55: folds 
pac assa: folds 
duck8509: folds 
Smithwest007: folds 
77Matus77: calls $0.01
Dorex2007: checks 
*** FLOP *** [2h Jd Ts]
77Matus77: checks 
Dorex2007: checks 
OlexandrTkachuk: checks 
*** TURN *** [2h Jd Ts] [Js]
77Matus77: checks 
Dorex2007: bets $0.04
OlexandrTkachuk: calls $0.04
77Matus77: folds 
*** RIVER *** [2h Jd Ts Js] [Qs]
Dorex2007: bets $0.07
OlexandrTkachuk: calls $0.07
*** SHOW DOWN ***
Dorex2007: shows [6h 6s] (two pair, Jacks and Sixes)
OlexandrTkachuk: mucks hand 
Dorex2007 collected $0.27 from pot
*** SUMMARY ***
Total pot $0.28 | Rake $0.01 
Board [2h Jd Ts Js Qs]
Seat 1: pac assa folded before Flop (didn't bet)
Seat 2: duck8509 folded before Flop (didn't bet)
Seat 3: Smithwest007 (button) folded before Flop (didn't bet)
Seat 4: 77Matus77 (small blind) folded on the Turn
Seat 5: Dorex2007 (big blind) showed [6h 6s] and won ($0.27) with two pair, Jacks and Sixes
Seat 6: Victor_SIM folded before Flop (didn't bet)
Seat 8: OlexandrTkachuk mucked [3h 3s]
Seat 9: tomashovka55 folded before Flop (didn't bet)



PokerStars Hand #230314636284:  Hold'em No Limit ($0.01/$0.02 USD) - 2021/10/03 1:26:30 PT [2021/10/03 4:26:30 ET]
Table 'Leonisis II' 9-max Seat #4 is the button
Seat 1: pac assa ($1.50 in chips) 
Seat 2: duck8509 ($1.78 in chips) 
Seat 3: Smithwest007 ($2 in chips) 
Seat 4: 77Matus77 ($1.56 in chips) 
Seat 5: Dorex2007 ($2.40 in chips) 
Seat 6: Victor_SIM ($2.38 in chips) 
Seat 8: OlexandrTkachuk ($1.68 in chips) 
Seat 9: tomashovka55 ($2.92 in chips) 
Dorex2007: posts small blind $0.01
Victor_SIM: posts big blind $0.02
Michaelll11: sits out 
*** HOLE CARDS ***
Dealt to Dorex2007 [6s Qs]
OlexandrTkachuk: calls $0.02
tomashovka55: folds 
pac assa: folds 
duck8509: folds 
Smithwest007: folds 
77Matus77: folds 
Dorex2007: calls $0.01
77Matus77 leaves the table
McRuss joins the table at seat #4 
Victor_SIM has timed out
Victor_SIM: checks 
*** FLOP *** [7d 6d 3s]
Dorex2007: bets $0.03
Victor_SIM: folds 
OlexandrTkachuk: calls $0.03
*** TURN *** [7d 6d 3s] [Qd]
Dorex2007: bets $0.12
OlexandrTkachuk: folds 
Uncalled bet ($0.12) returned to Dorex2007
Dorex2007 collected $0.12 from pot
Dorex2007: doesn't show hand 
*** SUMMARY ***
Total pot $0.12 | Rake $0 
Board [7d 6d 3s Qd]
Seat 1: pac assa folded before Flop (didn't bet)
Seat 2: duck8509 folded before Flop (didn't bet)
Seat 3: Smithwest007 folded before Flop (didn't bet)
Seat 4: 77Matus77 (button) folded before Flop (didn't bet)
Seat 5: Dorex2007 (small blind) collected ($0.12)
Seat 6: Victor_SIM (big blind) folded on the Flop
Seat 8: OlexandrTkachuk folded on the Turn
Seat 9: tomashovka55 folded before Flop (didn't bet)



PokerStars Hand #230314653497:  Hold'em No Limit ($0.01/$0.02 USD) - 2021/10/03 1:27:54 PT [2021/10/03 4:27:54 ET]
Table 'Leonisis II' 9-max Seat #5 is the button
Seat 1: pac assa ($1.50 in chips) 
Seat 2: duck8509 ($1.78 in chips) 
Seat 3: Smithwest007 ($2 in chips) 
Seat 4: McRuss ($1.60 in chips) 
Seat 5: Dorex2007 ($2.47 in chips) 
Seat 6: Victor_SIM ($2.36 in chips) 
Seat 7: Michaelll11 ($2 in chips) 
Seat 8: OlexandrTkachuk ($1.63 in chips) 
Seat 9: tomashovka55 ($2.92 in chips) 
Victor_SIM: posts small blind $0.01
Michaelll11: posts big blind $0.02
McRuss: posts big blind $0.02
*** HOLE CARDS ***
Dealt to Dorex2007 [6s 5c]
OlexandrTkachuk: calls $0.02
tomashovka55: folds 
pac assa: folds 
duck8509: raises $0.10 to $0.12
Smithwest007: folds 
McRuss: folds 
Dorex2007: folds 
Victor_SIM has timed out
Victor_SIM: folds 
Michaelll11: folds 
OlexandrTkachuk: folds 
Uncalled bet ($0.10) returned to duck8509
duck8509 collected $0.09 from pot
duck8509: doesn't show hand 
*** SUMMARY ***
Total pot $0.09 | Rake $0 
Seat 1: pac assa folded before Flop (didn't bet)
Seat 2: duck8509 collected ($0.09)
Seat 3: Smithwest007 folded before Flop (didn't bet)
Seat 4: McRuss folded before Flop (didn't bet)
Seat 5: Dorex2007 (button) folded before Flop (didn't bet)
Seat 6: Victor_SIM (small blind) folded before Flop
Seat 7: Michaelll11 (big blind) folded before Flop
Seat 8: OlexandrTkachuk folded before Flop
Seat 9: tomashovka55 folded before Flop (didn't bet)



PokerStars Hand #230314663029:  Hold'em No Limit ($0.01/$0.02 USD) - 2021/10/03 1:28:45 PT [2021/10/03 4:28:45 ET]
Table 'Leonisis II' 9-max Seat #7 is the button
Seat 1: pac assa ($1.50 in chips) 
Seat 2: duck8509 ($1.85 in chips) 
Seat 3: Smithwest007 ($2 in chips) 
Seat 4: McRuss ($1.58 in chips) 
Seat 5: Dorex2007 ($2.47 in chips) 
Seat 7: Michaelll11 ($1.98 in chips) 
Seat 8: OlexandrTkachuk ($1.61 in chips) 
Seat 9: tomashovka55 ($2.92 in chips) 
OlexandrTkachuk: posts small blind $0.01
tomashovka55: posts big blind $0.02
*** HOLE CARDS ***
Dealt to Dorex2007 [3d 2h]
pac assa: calls $0.02
duck8509: raises $0.07 to $0.09
Smithwest007: folds 
McRuss: folds 
Dorex2007: folds 
Michaelll11: folds 
OlexandrTkachuk: folds 
tomashovka55: folds 
pac assa: calls $0.07
*** FLOP *** [7h Ks 7d]
pac assa: bets $0.02
duck8509: calls $0.02
*** TURN *** [7h Ks 7d] [9c]
pac assa: bets $0.08
duck8509: folds 
Uncalled bet ($0.08) returned to pac assa
pac assa collected $0.24 from pot
pac assa: doesn't show hand 
*** SUMMARY ***
Total pot $0.25 | Rake $0.01 
Board [7h Ks 7d 9c]
Seat 1: pac assa collected ($0.24)
Seat 2: duck8509 folded on the Turn
Seat 3: Smithwest007 folded before Flop (didn't bet)
Seat 4: McRuss folded before Flop (didn't bet)
Seat 5: Dorex2007 folded before Flop (didn't bet)
Seat 7: Michaelll11 (button) folded before Flop (didn't bet)
Seat 8: OlexandrTkachuk (small blind) folded before Flop
Seat 9: tomashovka55 (big blind) folded before Flop



PokerStars Hand #230314672186:  Hold'em No Limit ($0.01/$0.02 USD) - 2021/10/03 1:29:35 PT [2021/10/03 4:29:35 ET]
Table 'Leonisis II' 9-max Seat #8 is the button
Seat 1: pac assa ($1.63 in chips) 
Seat 2: duck8509 ($1.74 in chips) 
Seat 3: Smithwest007 ($2 in chips) 
Seat 4: McRuss ($1.58 in chips) 
Seat 5: Dorex2007 ($2.47 in chips) 
Seat 6: Victor_SIM ($2.35 in chips) 
Seat 7: Michaelll11 ($1.98 in chips) 
Seat 8: OlexandrTkachuk ($1.60 in chips) 
Seat 9: tomashovka55 ($2.90 in chips) 
tomashovka55: posts small blind $0.01
pac assa: posts big blind $0.02
*** HOLE CARDS ***
Dealt to Dorex2007 [8s Qd]
duck8509: folds 
Smithwest007: folds 
McRuss: folds 
Dorex2007: folds 
Victor_SIM: folds 
Michaelll11: raises $0.04 to $0.06
OlexandrTkachuk: calls $0.06
tomashovka55: folds 
pac assa: folds 
*** FLOP *** [Kc 7h 7c]
Michaelll11: bets $0.07
OlexandrTkachuk: folds 
Uncalled bet ($0.07) returned to Michaelll11
Michaelll11 collected $0.14 from pot
Michaelll11: doesn't show hand 
*** SUMMARY ***
Total pot $0.15 | Rake $0.01 
Board [Kc 7h 7c]
Seat 1: pac assa (big blind) folded before Flop
Seat 2: duck8509 folded before Flop (didn't bet)
Seat 3: Smithwest007 folded before Flop (didn't bet)
Seat 4: McRuss folded before Flop (didn't bet)
Seat 5: Dorex2007 folded before Flop (didn't bet)
Seat 6: Victor_SIM folded before Flop (didn't bet)
Seat 7: Michaelll11 collected ($0.14)
Seat 8: OlexandrTkachuk (button) folded on the Flop
Seat 9: tomashovka55 (small blind) folded before Flop



PokerStars Hand #230314677886:  Hold'em No Limit ($0.01/$0.02 USD) - 2021/10/03 1:30:06 PT [2021/10/03 4:30:06 ET]
Table 'Leonisis II' 9-max Seat #9 is the button
Seat 1: pac assa ($1.61 in chips) 
Seat 2: duck8509 ($1.74 in chips) 
Seat 3: Smithwest007 ($2 in chips) 
Seat 4: McRuss ($1.58 in chips) 
Seat 5: Dorex2007 ($2.47 in chips) 
Seat 6: Victor_SIM ($2.35 in chips) 
Seat 7: Michaelll11 ($2.06 in chips) 
Seat 8: OlexandrTkachuk ($1.54 in chips) 
Seat 9: tomashovka55 ($2.89 in chips) 
pac assa: posts small blind $0.01
duck8509: posts big blind $0.02
*** HOLE CARDS ***
Dealt to Dorex2007 [7s 5s]
Smithwest007: folds 
McRuss: calls $0.02
Dorex2007: folds 
Victor_SIM: folds 
Michaelll11: folds 
OlexandrTkachuk: calls $0.02
tomashovka55: folds 
pac assa: calls $0.01
duck8509: checks 
*** FLOP *** [4s 2h 7h]
pac assa: bets $0.02
duck8509: calls $0.02
McRuss: calls $0.02
OlexandrTkachuk: folds 
*** TURN *** [4s 2h 7h] [9s]
pac assa: bets $0.08
duck8509: folds 
McRuss: raises $0.14 to $0.22
pac assa: calls $0.14
*** RIVER *** [4s 2h 7h 9s] [3s]
pac assa: checks 
McRuss: checks 
*** SHOW DOWN ***
pac assa: shows [9d Ah] (a pair of Nines)
McRuss: shows [Jd Jh] (a pair of Jacks)
McRuss collected $0.56 from pot
*** SUMMARY ***
Total pot $0.58 | Rake $0.02 
Board [4s 2h 7h 9s 3s]
Seat 1: pac assa (small blind) showed [9d Ah] and lost with a pair of Nines
Seat 2: duck8509 (big blind) folded on the Turn
Seat 3: Smithwest007 folded before Flop (didn't bet)
Seat 4: McRuss showed [Jd Jh] and won ($0.56) with a pair of Jacks
Seat 5: Dorex2007 folded before Flop (didn't bet)
Seat 6: Victor_SIM folded before Flop (didn't bet)
Seat 7: Michaelll11 folded before Flop (didn't bet)
Seat 8: OlexandrTkachuk folded on the Flop
Seat 9: tomashovka55 (button) folded before Flop (didn't bet)



PokerStars Hand #230314734885:  Hold'em No Limit ($0.01/$0.02 USD) - 2021/10/03 1:35:15 PT [2021/10/03 4:35:15 ET]
Table 'Leonisis II' 9-max Seat #6 is the button
Seat 2: duck8509 ($1.69 in chips) 
Seat 3: Smithwest007 ($2 in chips) 
Seat 4: McRuss ($1.85 in chips) 
Seat 5: Dorex2007 ($2.47 in chips) 
Seat 6: SrO157 ($1.06 in chips) 
Seat 7: Michaelll11 ($1.71 in chips) 
Seat 8: OlexandrTkachuk ($2.02 in chips) 
Seat 9: tomashovka55 ($3.17 in chips) 
Michaelll11: posts small blind $0.01
OlexandrTkachuk: posts big blind $0.02
Manuto94: sits out 
Dorex2007: posts small & big blinds $0.03
*** HOLE CARDS ***
Dealt to Dorex2007 [2s Kh]
tomashovka55: folds 
duck8509: folds 
Smithwest007: folds 
McRuss: calls $0.02
Dorex2007: checks 
SrO157: raises $0.02 to $0.04
Michaelll11: folds 
OlexandrTkachuk: calls $0.02
McRuss: calls $0.02
Dorex2007: calls $0.02
*** FLOP *** [5s 8d Th]
OlexandrTkachuk: checks 
McRuss: checks 
Dorex2007: checks 
SrO157: bets $0.08
OlexandrTkachuk: folds 
McRuss: folds 
Dorex2007: folds 
Uncalled bet ($0.08) returned to SrO157
SrO157 collected $0.17 from pot
SrO157: doesn't show hand 
*** SUMMARY ***
Total pot $0.18 | Rake $0.01 
Board [5s 8d Th]
Seat 2: duck8509 folded before Flop (didn't bet)
Seat 3: Smithwest007 folded before Flop (didn't bet)
Seat 4: McRuss folded on the Flop
Seat 5: Dorex2007 folded on the Flop
Seat 6: SrO157 (button) collected ($0.17)
Seat 7: Michaelll11 (small blind) folded before Flop
Seat 8: OlexandrTkachuk (big blind) folded on the Flop
Seat 9: tomashovka55 folded before Flop (didn't bet)



PokerStars Hand #230314746467:  Hold'em No Limit ($0.01/$0.02 USD) - 2021/10/03 1:36:18 PT [2021/10/03 4:36:18 ET]
Table 'Leonisis II' 9-max Seat #7 is the button
Seat 1: Manuto94 ($2 in chips) 
Seat 2: duck8509 ($1.69 in chips) 
Seat 3: Smithwest007 ($2 in chips) 
Seat 4: McRuss ($1.81 in chips) 
Seat 5: Dorex2007 ($2.42 in chips) 
Seat 6: SrO157 ($1.19 in chips) 
Seat 7: Michaelll11 ($1.70 in chips) 
Seat 8: OlexandrTkachuk ($1.98 in chips) 
OlexandrTkachuk: posts small blind $0.01
Manuto94: posts big blind $0.02
*** HOLE CARDS ***
Dealt to Dorex2007 [Qs 7s]
duck8509: raises $0.03 to $0.05
Smithwest007: folds 
McRuss: folds 
Dorex2007: folds 
SrO157: folds 
Michaelll11: folds 
OlexandrTkachuk: folds 
Manuto94: folds 
Uncalled bet ($0.03) returned to duck8509
duck8509 collected $0.05 from pot
duck8509: doesn't show hand 
*** SUMMARY ***
Total pot $0.05 | Rake $0 
Seat 1: Manuto94 (big blind) folded before Flop
Seat 2: duck8509 collected ($0.05)
Seat 3: Smithwest007 folded before Flop (didn't bet)
Seat 4: McRuss folded before Flop (didn't bet)
Seat 5: Dorex2007 folded before Flop (didn't bet)
Seat 6: SrO157 folded before Flop (didn't bet)
Seat 7: Michaelll11 (button) folded before Flop (didn't bet)
Seat 8: OlexandrTkachuk (small blind) folded before Flop



PokerStars Hand #230314750040:  Hold'em No Limit ($0.01/$0.02 USD) - 2021/10/03 1:36:37 PT [2021/10/03 4:36:37 ET]
Table 'Leonisis II' 9-max Seat #8 is the button
Seat 1: Manuto94 ($2 in chips) 
Seat 2: duck8509 ($1.72 in chips) 
Seat 3: Smithwest007 ($2 in chips) 
Seat 4: McRuss ($1.81 in chips) 
Seat 5: Dorex2007 ($2.42 in chips) 
Seat 6: SrO157 ($1.19 in chips) 
Seat 7: Michaelll11 ($1.70 in chips) 
Seat 8: OlexandrTkachuk ($1.97 in chips) 
Manuto94: posts small blind $0.01
duck8509: posts big blind $0.02
*** HOLE CARDS ***
Dealt to Dorex2007 [3c 6s]
Smithwest007: folds 
McRuss: folds 
Dorex2007: folds 
SrO157: folds 
Michaelll11: folds 
OlexandrTkachuk: calls $0.02
Manuto94: folds 
duck8509: raises $0.05 to $0.07
OlexandrTkachuk: folds 
Uncalled bet ($0.05) returned to duck8509
duck8509 collected $0.05 from pot
duck8509: doesn't show hand 
*** SUMMARY ***
Total pot $0.05 | Rake $0 
Seat 1: Manuto94 (small blind) folded before Flop
Seat 2: duck8509 (big blind) collected ($0.05)
Seat 3: Smithwest007 folded before Flop (didn't bet)
Seat 4: McRuss folded before Flop (didn't bet)
Seat 5: Dorex2007 folded before Flop (didn't bet)
Seat 6: SrO157 folded before Flop (didn't bet)
Seat 7: Michaelll11 folded before Flop (didn't bet)
Seat 8: OlexandrTkachuk (button) folded before Flop



PokerStars Hand #230314755586:  Hold'em No Limit ($0.01/$0.02 USD) - 2021/10/03 1:37:07 PT [2021/10/03 4:37:07 ET]
Table 'Leonisis II' 9-max Seat #1 is the button
Seat 1: Manuto94 ($2 in chips) 
Seat 2: duck8509 ($1.75 in chips) 
Seat 3: Smithwest007 ($2 in chips) 
Seat 4: McRuss ($1.81 in chips) 
Seat 5: Dorex2007 ($2.42 in chips) 
Seat 6: SrO157 ($1.19 in chips) 
Seat 7: Michaelll11 ($1.70 in chips) 
Seat 8: OlexandrTkachuk ($1.95 in chips) 
duck8509: posts small blind $0.01
Smithwest007: posts big blind $0.02
*** HOLE CARDS ***
Dealt to Dorex2007 [Qc 9d]
McRuss: folds 
Dorex2007: folds 
SrO157: folds 
Michaelll11: folds 
OlexandrTkachuk: calls $0.02
Manuto94: folds 
duck8509: folds 
Smithwest007: checks 
*** FLOP *** [6h As Th]
Smithwest007: checks 
OlexandrTkachuk: checks 
*** TURN *** [6h As Th] [2d]
Smithwest007: checks 
OlexandrTkachuk: checks 
*** RIVER *** [6h As Th 2d] [5d]
Smithwest007: bets $0.02
OlexandrTkachuk: calls $0.02
*** SHOW DOWN ***
Smithwest007: shows [3h 4s] (a straight, Deuce to Six)
OlexandrTkachuk: mucks hand 
Smithwest007 collected $0.09 from pot
*** SUMMARY ***
Total pot $0.09 | Rake $0 
Board [6h As Th 2d 5d]
Seat 1: Manuto94 (button) folded before Flop (didn't bet)
Seat 2: duck8509 (small blind) folded before Flop
Seat 3: Smithwest007 (big blind) showed [3h 4s] and won ($0.09) with a straight, Deuce to Six
Seat 4: McRuss folded before Flop (didn't bet)
Seat 5: Dorex2007 folded before Flop (didn't bet)
Seat 6: SrO157 folded before Flop (didn't bet)
Seat 7: Michaelll11 folded before Flop (didn't bet)
Seat 8: OlexandrTkachuk mucked [Jh Ts]



PokerStars Hand #230314762858:  Hold'em No Limit ($0.01/$0.02 USD) - 2021/10/03 1:37:46 PT [2021/10/03 4:37:46 ET]
Table 'Leonisis II' 9-max Seat #2 is the button
Seat 1: Manuto94 ($2 in chips) 
Seat 2: duck8509 ($1.74 in chips) 
Seat 3: Smithwest007 ($2.05 in chips) 
Seat 4: McRuss ($1.81 in chips) 
Seat 5: Dorex2007 ($2.42 in chips) 
Seat 6: SrO157 ($1.19 in chips) 
Seat 7: Michaelll11 ($1.70 in chips) 
Seat 8: OlexandrTkachuk ($1.91 in chips) 
Smithwest007: posts small blind $0.01
McRuss: posts big blind $0.02
*** HOLE CARDS ***
Dealt to Dorex2007 [9h Kc]
Dorex2007: folds 
SrO157 has timed out
SrO157: folds 
Michaelll11: folds 
SrO157 is disconnected 
OlexandrTkachuk: calls $0.02
Manuto94: folds 
duck8509: folds 
Smithwest007: calls $0.01
McRuss: checks 
*** FLOP *** [Qd Ac Td]
Smithwest007: checks 
McRuss: checks 
OlexandrTkachuk: checks 
*** TURN *** [Qd Ac Td] [9d]
Smithwest007: checks 
McRuss: checks 
OlexandrTkachuk: checks 
*** RIVER *** [Qd Ac Td 9d] [Kh]
Smithwest007: checks 
McRuss: checks 
OlexandrTkachuk: checks 
*** SHOW DOWN ***
Smithwest007: shows [As Qs] (two pair, Aces and Queens)
McRuss: mucks hand 
OlexandrTkachuk: mucks hand 
Smithwest007 collected $0.06 from pot
*** SUMMARY ***
Total pot $0.06 | Rake $0 
Board [Qd Ac Td 9d Kh]
Seat 1: Manuto94 folded before Flop (didn't bet)
Seat 2: duck8509 (button) folded before Flop (didn't bet)
Seat 3: Smithwest007 (small blind) showed [As Qs] and won ($0.06) with two pair, Aces and Queens
Seat 4: McRuss (big blind) mucked [5s 4d]
Seat 5: Dorex2007 folded before Flop (didn't bet)
Seat 6: SrO157 folded before Flop (didn't bet)
Seat 7: Michaelll11 folded before Flop (didn't bet)
Seat 8: OlexandrTkachuk mucked [6d 8s]



PokerStars Hand #230314773757:  Hold'em No Limit ($0.01/$0.02 USD) - 2021/10/03 1:38:45 PT [2021/10/03 4:38:45 ET]
Table 'Leonisis II' 9-max Seat #3 is the button
Seat 1: Manuto94 ($2 in chips) 
Seat 2: duck8509 ($1.74 in chips) 
Seat 3: Smithwest007 ($2.09 in chips) 
Seat 4: McRuss ($1.79 in chips) 
Seat 5: Dorex2007 ($2.42 in chips) 
Seat 6: SrO157 ($1.19 in chips) 
Seat 7: Michaelll11 ($1.70 in chips) 
Seat 8: OlexandrTkachuk ($1.89 in chips) 
McRuss: posts small blind $0.01
Dorex2007: posts big blind $0.02
*** HOLE CARDS ***
Dealt to Dorex2007 [3s Jc]
SrO157: folds 
Michaelll11: folds 
OlexandrTkachuk: calls $0.02
Manuto94: folds 
duck8509: folds 
Smithwest007: folds 
McRuss: calls $0.01
Dorex2007: checks 
*** FLOP *** [3c 6d Qc]
McRuss: bets $0.06
Dorex2007: folds 
OlexandrTkachuk: folds 
Uncalled bet ($0.06) returned to McRuss
McRuss collected $0.06 from pot
McRuss: doesn't show hand 
*** SUMMARY ***
Total pot $0.06 | Rake $0 
Board [3c 6d Qc]
Seat 1: Manuto94 folded before Flop (didn't bet)
Seat 2: duck8509 folded before Flop (didn't bet)
Seat 3: Smithwest007 (button) folded before Flop (didn't bet)
Seat 4: McRuss (small blind) collected ($0.06)
Seat 5: Dorex2007 (big blind) folded on the Flop
Seat 6: SrO157 folded before Flop (didn't bet)
Seat 7: Michaelll11 folded before Flop (didn't bet)
Seat 8: OlexandrTkachuk folded on the Flop



PokerStars Hand #230314780021:  Hold'em No Limit ($0.01/$0.02 USD) - 2021/10/03 1:39:18 PT [2021/10/03 4:39:18 ET]
Table 'Leonisis II' 9-max Seat #4 is the button
Seat 1: Manuto94 ($2 in chips) 
Seat 2: duck8509 ($1.74 in chips) 
Seat 3: Smithwest007 ($2.09 in chips) 
Seat 4: McRuss ($1.83 in chips) 
Seat 5: Dorex2007 ($2.40 in chips) 
Seat 6: SrO157 ($1.19 in chips) 
Seat 7: Michaelll11 ($1.70 in chips) 
Seat 8: OlexandrTkachuk ($1.87 in chips) 
Dorex2007: posts small blind $0.01
SrO157: posts big blind $0.02
*** HOLE CARDS ***
Dealt to Dorex2007 [8h Qh]
Michaelll11: folds 
OlexandrTkachuk: calls $0.02
Manuto94: folds 
duck8509: folds 
Smithwest007: folds 
McRuss has timed out
McRuss: folds 
Dorex2007: calls $0.01
SrO157: raises $0.06 to $0.08
OlexandrTkachuk: folds 
Dorex2007: folds 
Uncalled bet ($0.06) returned to SrO157
SrO157 collected $0.06 from pot
SrO157: doesn't show hand 
*** SUMMARY ***
Total pot $0.06 | Rake $0 
Seat 1: Manuto94 folded before Flop (didn't bet)
Seat 2: duck8509 folded before Flop (didn't bet)
Seat 3: Smithwest007 folded before Flop (didn't bet)
Seat 4: McRuss (button) folded before Flop (didn't bet)
Seat 5: Dorex2007 (small blind) folded before Flop
Seat 6: SrO157 (big blind) collected ($0.06)
Seat 7: Michaelll11 folded before Flop (didn't bet)
Seat 8: OlexandrTkachuk folded before Flop



PokerStars Hand #230314787888:  Hold'em No Limit ($0.01/$0.02 USD) - 2021/10/03 1:40:01 PT [2021/10/03 4:40:01 ET]
Table 'Leonisis II' 9-max Seat #5 is the button
Seat 1: Manuto94 ($2 in chips) 
Seat 2: duck8509 ($1.74 in chips) 
Seat 3: Smithwest007 ($2.09 in chips) 
Seat 4: McRuss ($1.83 in chips) 
Seat 5: Dorex2007 ($2.38 in chips) 
Seat 6: SrO157 ($1.23 in chips) 
Seat 7: Michaelll11 ($1.70 in chips) 
Seat 8: OlexandrTkachuk ($1.85 in chips) 
SrO157: posts small blind $0.01
Michaelll11: posts big blind $0.02
tomashovka55: sits out 
*** HOLE CARDS ***
Dealt to Dorex2007 [2h Th]
OlexandrTkachuk: calls $0.02
Manuto94: folds 
duck8509: folds 
Smithwest007: folds 
McRuss: calls $0.02
Dorex2007: folds 
SrO157: folds 
Michaelll11: checks 
*** FLOP *** [Jh 8s 6h]
Michaelll11: bets $0.02
OlexandrTkachuk: calls $0.02
McRuss: raises $0.06 to $0.08
Michaelll11: folds 
OlexandrTkachuk: calls $0.06
*** TURN *** [Jh 8s 6h] [7h]
OlexandrTkachuk: checks 
McRuss: checks 
*** RIVER *** [Jh 8s 6h 7h] [9s]
OlexandrTkachuk: bets $0.32
McRuss: calls $0.32
*** SHOW DOWN ***
OlexandrTkachuk: shows [Tc 9h] (a straight, Seven to Jack)
McRuss: shows [Jd Td] (a straight, Seven to Jack)
OlexandrTkachuk collected $0.43 from pot
McRuss collected $0.43 from pot
*** SUMMARY ***
Total pot $0.89 | Rake $0.03 
Board [Jh 8s 6h 7h 9s]
Seat 1: Manuto94 folded before Flop (didn't bet)
Seat 2: duck8509 folded before Flop (didn't bet)
Seat 3: Smithwest007 folded before Flop (didn't bet)
Seat 4: McRuss showed [Jd Td] and won ($0.43) with a straight, Seven to Jack
Seat 5: Dorex2007 (button) folded before Flop (didn't bet)
Seat 6: SrO157 (small blind) folded before Flop
Seat 7: Michaelll11 (big blind) folded on the Flop
Seat 8: OlexandrTkachuk showed [Tc 9h] and won ($0.43) with a straight, Seven to Jack



PokerStars Hand #230314798364:  Hold'em No Limit ($0.01/$0.02 USD) - 2021/10/03 1:40:56 PT [2021/10/03 4:40:56 ET]
Table 'Leonisis II' 9-max Seat #6 is the button
Seat 1: Manuto94 ($2 in chips) 
Seat 2: duck8509 ($1.74 in chips) 
Seat 3: Smithwest007 ($2.09 in chips) 
Seat 4: McRuss ($1.84 in chips) 
Seat 5: Dorex2007 ($2.38 in chips) 
Seat 6: SrO157 ($1.22 in chips) 
Seat 7: Michaelll11 ($1.66 in chips) 
Seat 8: OlexandrTkachuk ($1.86 in chips) 
Michaelll11: posts small blind $0.01
OlexandrTkachuk: posts big blind $0.02
tomashovka55: sits out 
*** HOLE CARDS ***
Dealt to Dorex2007 [7c 9s]
Manuto94: folds 
duck8509: folds 
Smithwest007: folds 
McRuss: folds 
Dorex2007: folds 
SrO157: raises $0.04 to $0.06
Michaelll11: folds 
OlexandrTkachuk: calls $0.04
*** FLOP *** [5h 9d Td]
OlexandrTkachuk: checks 
SrO157: bets $0.13
OlexandrTkachuk: folds 
Uncalled bet ($0.13) returned to SrO157
SrO157 collected $0.13 from pot
SrO157: doesn't show hand 
*** SUMMARY ***
Total pot $0.13 | Rake $0 
Board [5h 9d Td]
Seat 1: Manuto94 folded before Flop (didn't bet)
Seat 2: duck8509 folded before Flop (didn't bet)
Seat 3: Smithwest007 folded before Flop (didn't bet)
Seat 4: McRuss folded before Flop (didn't bet)
Seat 5: Dorex2007 folded before Flop (didn't bet)
Seat 6: SrO157 (button) collected ($0.13)
Seat 7: Michaelll11 (small blind) folded before Flop
Seat 8: OlexandrTkachuk (big blind) folded on the Flop



PokerStars Hand #230314805276:  Hold'em No Limit ($0.01/$0.02 USD) - 2021/10/03 1:41:31 PT [2021/10/03 4:41:31 ET]
Table 'Leonisis II' 9-max Seat #7 is the button
Seat 1: Manuto94 ($2 in chips) 
Seat 2: duck8509 ($1.74 in chips) 
Seat 3: Smithwest007 ($2.09 in chips) 
Seat 4: McRuss ($1.84 in chips) 
Seat 5: Dorex2007 ($2.38 in chips) 
Seat 6: SrO157 ($1.29 in chips) 
Seat 7: Michaelll11 ($1.65 in chips) 
Seat 8: OlexandrTkachuk ($1.80 in chips) 
Seat 9: tomashovka55 ($3.17 in chips) 
OlexandrTkachuk: posts small blind $0.01
tomashovka55: posts big blind $0.02
*** HOLE CARDS ***
Dealt to Dorex2007 [Ac 7c]
Manuto94: folds 
duck8509: folds 
Smithwest007: folds 
McRuss: folds 
Dorex2007: calls $0.02
SrO157: folds 
Michaelll11: folds 
OlexandrTkachuk: calls $0.01
tomashovka55: checks 
*** FLOP *** [5c Ad 4s]
OlexandrTkachuk: checks 
tomashovka55: bets $0.09
Dorex2007: calls $0.09
OlexandrTkachuk: calls $0.09
*** TURN *** [5c Ad 4s] [5h]
OlexandrTkachuk: checks 
tomashovka55: checks 
Dorex2007: bets $0.16
OlexandrTkachuk: calls $0.16
tomashovka55: folds 
*** RIVER *** [5c Ad 4s 5h] [Td]
OlexandrTkachuk: checks 
Dorex2007: checks 
*** SHOW DOWN ***
OlexandrTkachuk: shows [Ah 9h] (two pair, Aces and Fives)
Dorex2007: shows [Ac 7c] (two pair, Aces and Fives)
OlexandrTkachuk collected $0.32 from pot
Dorex2007 collected $0.31 from pot
*** SUMMARY ***
Total pot $0.65 | Rake $0.02 
Board [5c Ad 4s 5h Td]
Seat 1: Manuto94 folded before Flop (didn't bet)
Seat 2: duck8509 folded before Flop (didn't bet)
Seat 3: Smithwest007 folded before Flop (didn't bet)
Seat 4: McRuss folded before Flop (didn't bet)
Seat 5: Dorex2007 showed [Ac 7c] and won ($0.31) with two pair, Aces and Fives
Seat 6: SrO157 folded before Flop (didn't bet)
Seat 7: Michaelll11 (button) folded before Flop (didn't bet)
Seat 8: OlexandrTkachuk (small blind) showed [Ah 9h] and won ($0.32) with two pair, Aces and Fives
Seat 9: tomashovka55 (big blind) folded on the Turn



PokerStars Hand #230314815890:  Hold'em No Limit ($0.01/$0.02 USD) - 2021/10/03 1:42:26 PT [2021/10/03 4:42:26 ET]
Table 'Leonisis II' 9-max Seat #8 is the button
Seat 1: Manuto94 ($2 in chips) 
Seat 2: duck8509 ($1.74 in chips) 
Seat 3: Smithwest007 ($2.09 in chips) 
Seat 4: McRuss ($1.84 in chips) 
Seat 5: Dorex2007 ($2.42 in chips) 
Seat 6: SrO157 ($1.29 in chips) 
Seat 7: Michaelll11 ($1.65 in chips) 
Seat 8: OlexandrTkachuk ($1.85 in chips) 
Seat 9: tomashovka55 ($3.06 in chips) 
tomashovka55: posts small blind $0.01
Manuto94: posts big blind $0.02
*** HOLE CARDS ***
Dealt to Dorex2007 [7c 2d]
duck8509: folds 
Smithwest007: folds 
McRuss: folds 
Dorex2007: folds 
SrO157: folds 
Michaelll11: folds 
OlexandrTkachuk: calls $0.02
tomashovka55: folds 
Manuto94: checks 
*** FLOP *** [Jh 2s 6d]
Manuto94: checks 
OlexandrTkachuk: checks 
*** TURN *** [Jh 2s 6d] [8h]
Manuto94: checks 
OlexandrTkachuk: checks 
*** RIVER *** [Jh 2s 6d 8h] [6c]
Manuto94: checks 
OlexandrTkachuk: checks 
*** SHOW DOWN ***
Manuto94: shows [5s 3c] (a pair of Sixes)
OlexandrTkachuk: shows [4d 7d] (a pair of Sixes - Jack+Eight+Seven kicker)
OlexandrTkachuk collected $0.05 from pot
*** SUMMARY ***
Total pot $0.05 | Rake $0 
Board [Jh 2s 6d 8h 6c]
Seat 1: Manuto94 (big blind) showed [5s 3c] and lost with a pair of Sixes
Seat 2: duck8509 folded before Flop (didn't bet)
Seat 3: Smithwest007 folded before Flop (didn't bet)
Seat 4: McRuss folded before Flop (didn't bet)
Seat 5: Dorex2007 folded before Flop (didn't bet)
Seat 6: SrO157 folded before Flop (didn't bet)
Seat 7: Michaelll11 folded before Flop (didn't bet)
Seat 8: OlexandrTkachuk (button) showed [4d 7d] and won ($0.05) with a pair of Sixes
Seat 9: tomashovka55 (small blind) folded before Flop



PokerStars Hand #230314822876:  Hold'em No Limit ($0.01/$0.02 USD) - 2021/10/03 1:43:02 PT [2021/10/03 4:43:02 ET]
Table 'Leonisis II' 9-max Seat #9 is the button
Seat 1: Manuto94 ($2 in chips) 
Seat 2: duck8509 ($1.74 in chips) 
Seat 3: Smithwest007 ($2.09 in chips) 
Seat 4: McRuss ($1.84 in chips) 
Seat 5: Dorex2007 ($2.42 in chips) 
Seat 6: SrO157 ($1.29 in chips) 
Seat 7: Michaelll11 ($1.65 in chips) 
Seat 8: OlexandrTkachuk ($1.88 in chips) 
Seat 9: tomashovka55 ($3.05 in chips) 
Manuto94: posts small blind $0.01
duck8509: posts big blind $0.02
*** HOLE CARDS ***
Dealt to Dorex2007 [5h 6c]
Smithwest007: folds 
McRuss: folds 
Dorex2007: folds 
SrO157: folds 
Michaelll11: folds 
OlexandrTkachuk: calls $0.02
tomashovka55: raises $0.06 to $0.08
Manuto94: folds 
duck8509: folds 
OlexandrTkachuk: calls $0.06
*** FLOP *** [4h 5s 2s]
OlexandrTkachuk: checks 
tomashovka55: bets $0.08
OlexandrTkachuk: folds 
Uncalled bet ($0.08) returned to tomashovka55
tomashovka55 collected $0.18 from pot
*** SUMMARY ***
Total pot $0.19 | Rake $0.01 
Board [4h 5s 2s]
Seat 1: Manuto94 (small blind) folded before Flop
Seat 2: duck8509 (big blind) folded before Flop
Seat 3: Smithwest007 folded before Flop (didn't bet)
Seat 4: McRuss folded before Flop (didn't bet)
Seat 5: Dorex2007 folded before Flop (didn't bet)
Seat 6: SrO157 folded before Flop (didn't bet)
Seat 7: Michaelll11 folded before Flop (didn't bet)
Seat 8: OlexandrTkachuk folded on the Flop
Seat 9: tomashovka55 (button) collected ($0.18)



PokerStars Hand #230314830984:  Hold'em No Limit ($0.01/$0.02 USD) - 2021/10/03 1:43:44 PT [2021/10/03 4:43:44 ET]
Table 'Leonisis II' 9-max Seat #1 is the button
Seat 1: Manuto94 ($2 in chips) 
Seat 2: duck8509 ($1.72 in chips) 
Seat 3: Smithwest007 ($2.09 in chips) 
Seat 4: McRuss ($1.84 in chips) 
Seat 5: Dorex2007 ($2.42 in chips) 
Seat 6: SrO157 ($1.29 in chips) 
Seat 7: Michaelll11 ($1.65 in chips) 
Seat 8: OlexandrTkachuk ($1.80 in chips) 
Seat 9: tomashovka55 ($3.15 in chips) 
duck8509: posts small blind $0.01
Smithwest007: posts big blind $0.02
*** HOLE CARDS ***
Dealt to Dorex2007 [5c 6d]
McRuss: folds 
Dorex2007: folds 
SrO157: folds 
Michaelll11: folds 
OlexandrTkachuk: folds 
tomashovka55: folds 
Manuto94: folds 
duck8509: raises $0.04 to $0.06
Smithwest007: folds 
Uncalled bet ($0.04) returned to duck8509
duck8509 collected $0.04 from pot
duck8509: doesn't show hand 
*** SUMMARY ***
Total pot $0.04 | Rake $0 
Seat 1: Manuto94 (button) folded before Flop (didn't bet)
Seat 2: duck8509 (small blind) collected ($0.04)
Seat 3: Smithwest007 (big blind) folded before Flop
Seat 4: McRuss folded before Flop (didn't bet)
Seat 5: Dorex2007 folded before Flop (didn't bet)
Seat 6: SrO157 folded before Flop (didn't bet)
Seat 7: Michaelll11 folded before Flop (didn't bet)
Seat 8: OlexandrTkachuk folded before Flop (didn't bet)
Seat 9: tomashovka55 folded before Flop (didn't bet)



PokerStars Hand #230314836111:  Hold'em No Limit ($0.01/$0.02 USD) - 2021/10/03 1:44:10 PT [2021/10/03 4:44:10 ET]
Table 'Leonisis II' 9-max Seat #2 is the button
Seat 1: Manuto94 ($2 in chips) 
Seat 2: duck8509 ($1.74 in chips) 
Seat 3: Smithwest007 ($2.07 in chips) 
Seat 4: McRuss ($1.84 in chips) 
Seat 5: Dorex2007 ($2.42 in chips) 
Seat 6: SrO157 ($1.29 in chips) 
Seat 7: Michaelll11 ($1.65 in chips) 
Seat 8: OlexandrTkachuk ($1.80 in chips) 
Seat 9: tomashovka55 ($3.15 in chips) 
Smithwest007: posts small blind $0.01
McRuss: posts big blind $0.02
*** HOLE CARDS ***
Dealt to Dorex2007 [8c 4h]
Dorex2007: folds 
SrO157: raises $0.03 to $0.05
Michaelll11: folds 
OlexandrTkachuk: folds 
tomashovka55: folds 
Manuto94: folds 
duck8509: folds 
Smithwest007: folds 
McRuss: folds 
Uncalled bet ($0.03) returned to SrO157
SrO157 collected $0.05 from pot
SrO157: doesn't show hand 
*** SUMMARY ***
Total pot $0.05 | Rake $0 
Seat 1: Manuto94 folded before Flop (didn't bet)
Seat 2: duck8509 (button) folded before Flop (didn't bet)
Seat 3: Smithwest007 (small blind) folded before Flop
Seat 4: McRuss (big blind) folded before Flop
Seat 5: Dorex2007 folded before Flop (didn't bet)
Seat 6: SrO157 collected ($0.05)
Seat 7: Michaelll11 folded before Flop (didn't bet)
Seat 8: OlexandrTkachuk folded before Flop (didn't bet)
Seat 9: tomashovka55 folded before Flop (didn't bet)



PokerStars Hand #230314840622:  Hold'em No Limit ($0.01/$0.02 USD) - 2021/10/03 1:44:34 PT [2021/10/03 4:44:34 ET]
Table 'Leonisis II' 9-max Seat #3 is the button
Seat 1: Manuto94 ($2 in chips) 
Seat 2: duck8509 ($1.74 in chips) 
Seat 3: Smithwest007 ($2.06 in chips) 
Seat 4: McRuss ($1.82 in chips) 
Seat 5: Dorex2007 ($2.42 in chips) 
Seat 6: SrO157 ($1.32 in chips) 
Seat 7: Michaelll11 ($1.65 in chips) 
Seat 8: OlexandrTkachuk ($1.80 in chips) 
Seat 9: tomashovka55 ($3.15 in chips) 
McRuss: posts small blind $0.01
Dorex2007: posts big blind $0.02
*** HOLE CARDS ***
Dealt to Dorex2007 [9s 7s]
SrO157: raises $0.03 to $0.05
Michaelll11: folds 
OlexandrTkachuk: folds 
tomashovka55: calls $0.05
Manuto94: folds 
duck8509: folds 
Smithwest007: folds 
McRuss: calls $0.04
Dorex2007: folds 
*** FLOP *** [As Js Kd]
McRuss: checks 
SrO157: bets $0.16
tomashovka55: folds 
McRuss: folds 
Uncalled bet ($0.16) returned to SrO157
SrO157 collected $0.16 from pot
SrO157: doesn't show hand 
*** SUMMARY ***
Total pot $0.17 | Rake $0.01 
Board [As Js Kd]
Seat 1: Manuto94 folded before Flop (didn't bet)
Seat 2: duck8509 folded before Flop (didn't bet)
Seat 3: Smithwest007 (button) folded before Flop (didn't bet)
Seat 4: McRuss (small blind) folded on the Flop
Seat 5: Dorex2007 (big blind) folded before Flop
Seat 6: SrO157 collected ($0.16)
Seat 7: Michaelll11 folded before Flop (didn't bet)
Seat 8: OlexandrTkachuk folded before Flop (didn't bet)
Seat 9: tomashovka55 folded on the Flop



PokerStars Hand #230314850414:  Hold'em No Limit ($0.01/$0.02 USD) - 2021/10/03 1:45:24 PT [2021/10/03 4:45:24 ET]
Table 'Leonisis II' 9-max Seat #4 is the button
Seat 1: Manuto94 ($2 in chips) 
Seat 2: duck8509 ($1.74 in chips) 
Seat 3: Smithwest007 ($2.06 in chips) 
Seat 4: McRuss ($1.77 in chips) 
Seat 5: Dorex2007 ($2.40 in chips) 
Seat 6: SrO157 ($1.43 in chips) 
Seat 7: Michaelll11 ($1.65 in chips) 
Seat 9: tomashovka55 ($3.10 in chips) 
Dorex2007: posts small blind $0.01
SrO157: posts big blind $0.02
*** HOLE CARDS ***
Dealt to Dorex2007 [8c 4h]
Michaelll11: folds 
tomashovka55: folds 
Manuto94: folds 
duck8509: folds 
Smithwest007: folds 
McRuss: raises $0.04 to $0.06
Dorex2007: folds 
SrO157: calls $0.04
*** FLOP *** [4s 4c 6s]
SrO157: checks 
McRuss: bets $0.10
SrO157: calls $0.10
*** TURN *** [4s 4c 6s] [9c]
SrO157: checks 
McRuss: checks 
*** RIVER *** [4s 4c 6s 9c] [2h]
SrO157: bets $0.16
McRuss: folds 
Uncalled bet ($0.16) returned to SrO157
SrO157 collected $0.32 from pot
SrO157: doesn't show hand 
*** SUMMARY ***
Total pot $0.33 | Rake $0.01 
Board [4s 4c 6s 9c 2h]
Seat 1: Manuto94 folded before Flop (didn't bet)
Seat 2: duck8509 folded before Flop (didn't bet)
Seat 3: Smithwest007 folded before Flop (didn't bet)
Seat 4: McRuss (button) folded on the River
Seat 5: Dorex2007 (small blind) folded before Flop
Seat 6: SrO157 (big blind) collected ($0.32)
Seat 7: Michaelll11 folded before Flop (didn't bet)
Seat 9: tomashovka55 folded before Flop (didn't bet)



PokerStars Hand #230314860170:  Hold'em No Limit ($0.01/$0.02 USD) - 2021/10/03 1:46:13 PT [2021/10/03 4:46:13 ET]
Table 'Leonisis II' 9-max Seat #5 is the button
Seat 1: Manuto94 ($2 in chips) 
Seat 2: duck8509 ($1.74 in chips) 
Seat 3: Smithwest007 ($2.06 in chips) 
Seat 4: McRuss ($1.61 in chips) 
Seat 5: Dorex2007 ($2.39 in chips) 
Seat 6: SrO157 ($1.59 in chips) 
Seat 7: Michaelll11 ($1.65 in chips) 
Seat 9: tomashovka55 ($3.10 in chips) 
SrO157: posts small blind $0.01
Michaelll11: posts big blind $0.02
*** HOLE CARDS ***
Dealt to Dorex2007 [6d Ah]
tomashovka55: folds 
Manuto94: raises $0.05 to $0.07
duck8509: folds 
Smithwest007: folds 
McRuss: folds 
Dorex2007: folds 
SrO157: calls $0.06
Michaelll11: folds 
*** FLOP *** [Ad Th 3d]
Michaelll11 leaves the table
SrO157: checks 
Manuto94: bets $0.08
SrO157: folds 
Uncalled bet ($0.08) returned to Manuto94
Manuto94 collected $0.15 from pot
Manuto94: doesn't show hand 
*** SUMMARY ***
Total pot $0.16 | Rake $0.01 
Board [Ad Th 3d]
Seat 1: Manuto94 collected ($0.15)
Seat 2: duck8509 folded before Flop (didn't bet)
Seat 3: Smithwest007 folded before Flop (didn't bet)
Seat 4: McRuss folded before Flop (didn't bet)
Seat 5: Dorex2007 (button) folded before Flop (didn't bet)
Seat 6: SrO157 (small blind) folded on the Flop
Seat 7: Michaelll11 (big blind) folded before Flop
Seat 9: tomashovka55 folded before Flop (didn't bet)



PokerStars Hand #230314865476:  Hold'em No Limit ($0.01/$0.02 USD) - 2021/10/03 1:46:40 PT [2021/10/03 4:46:40 ET]
Table 'Leonisis II' 9-max Seat #6 is the button
Seat 1: Manuto94 ($2.08 in chips) 
Seat 2: duck8509 ($1.74 in chips) 
Seat 3: Smithwest007 ($2.06 in chips) 
Seat 4: McRuss ($1.61 in chips) 
Seat 5: Dorex2007 ($2.39 in chips) 
Seat 6: SrO157 ($1.52 in chips) 
Seat 9: tomashovka55 ($3.10 in chips) 
tomashovka55: posts small blind $0.01
Manuto94: posts big blind $0.02
*** HOLE CARDS ***
Dealt to Dorex2007 [Ks 6c]
duck8509: folds 
Smithwest007: folds 
McRuss: folds 
Dorex2007: folds 
SrO157: folds 
tomashovka55: folds 
Uncalled bet ($0.01) returned to Manuto94
Manuto94 collected $0.02 from pot
Manuto94: doesn't show hand 
*** SUMMARY ***
Total pot $0.02 | Rake $0 
Seat 1: Manuto94 (big blind) collected ($0.02)
Seat 2: duck8509 folded before Flop (didn't bet)
Seat 3: Smithwest007 folded before Flop (didn't bet)
Seat 4: McRuss folded before Flop (didn't bet)
Seat 5: Dorex2007 folded before Flop (didn't bet)
Seat 6: SrO157 (button) folded before Flop (didn't bet)
Seat 9: tomashovka55 (small blind) folded before Flop



PokerStars Hand #230314867790:  Hold'em No Limit ($0.01/$0.02 USD) - 2021/10/03 1:46:52 PT [2021/10/03 4:46:52 ET]
Table 'Leonisis II' 9-max Seat #9 is the button
Seat 1: Manuto94 ($2.09 in chips) 
Seat 2: duck8509 ($1.74 in chips) 
Seat 3: Smithwest007 ($2.06 in chips) 
Seat 4: McRuss ($1.61 in chips) 
Seat 5: Dorex2007 ($2.39 in chips) 
Seat 6: SrO157 ($1.52 in chips) 
Seat 9: tomashovka55 ($3.09 in chips) 
Manuto94: posts small blind $0.01
duck8509: posts big blind $0.02
*** HOLE CARDS ***
Dealt to Dorex2007 [Jh 9c]
Smithwest007: raises $0.04 to $0.06
McRuss: folds 
Dorex2007: folds 
SrO157: folds 
tomashovka55: folds 
Manuto94: folds 
duck8509: folds 
Uncalled bet ($0.04) returned to Smithwest007
Smithwest007 collected $0.05 from pot
Smithwest007: doesn't show hand 
*** SUMMARY ***
Total pot $0.05 | Rake $0 
Seat 1: Manuto94 (small blind) folded before Flop
Seat 2: duck8509 (big blind) folded before Flop
Seat 3: Smithwest007 collected ($0.05)
Seat 4: McRuss folded before Flop (didn't bet)
Seat 5: Dorex2007 folded before Flop (didn't bet)
Seat 6: SrO157 folded before Flop (didn't bet)
Seat 9: tomashovka55 (button) folded before Flop (didn't bet)



PokerStars Hand #230314870355:  Hold'em No Limit ($0.01/$0.02 USD) - 2021/10/03 1:47:05 PT [2021/10/03 4:47:05 ET]
Table 'Leonisis II' 9-max Seat #1 is the button
Seat 1: Manuto94 ($2.08 in chips) 
Seat 2: duck8509 ($1.72 in chips) 
Seat 3: Smithwest007 ($2.09 in chips) 
Seat 4: McRuss ($1.61 in chips) 
Seat 5: Dorex2007 ($2.39 in chips) 
Seat 6: SrO157 ($1.52 in chips) 
Seat 9: tomashovka55 ($3.09 in chips) 
duck8509: posts small blind $0.01
Smithwest007: posts big blind $0.02
*** HOLE CARDS ***
Dealt to Dorex2007 [Qc Qd]
McRuss: calls $0.02
Dorex2007: raises $0.08 to $0.10
SrO157: folds 
tomashovka55: folds 
Manuto94: folds 
duck8509: folds 
Smithwest007: folds 
McRuss: folds 
Uncalled bet ($0.08) returned to Dorex2007
Dorex2007 collected $0.07 from pot
Dorex2007: doesn't show hand 
*** SUMMARY ***
Total pot $0.07 | Rake $0 
Seat 1: Manuto94 (button) folded before Flop (didn't bet)
Seat 2: duck8509 (small blind) folded before Flop
Seat 3: Smithwest007 (big blind) folded before Flop
Seat 4: McRuss folded before Flop
Seat 5: Dorex2007 collected ($0.07)
Seat 6: SrO157 folded before Flop (didn't bet)
Seat 9: tomashovka55 folded before Flop (didn't bet)



PokerStars Hand #230314874478:  Hold'em No Limit ($0.01/$0.02 USD) - 2021/10/03 1:47:26 PT [2021/10/03 4:47:26 ET]
Table 'Leonisis II' 9-max Seat #2 is the button
Seat 1: Manuto94 ($2.08 in chips) 
Seat 2: duck8509 ($1.71 in chips) 
Seat 3: Smithwest007 ($2.07 in chips) 
Seat 4: McRuss ($1.59 in chips) 
Seat 5: Dorex2007 ($2.44 in chips) 
Seat 6: SrO157 ($1.52 in chips) 
Seat 9: tomashovka55 ($3.09 in chips) 
Smithwest007: posts small blind $0.01
McRuss: posts big blind $0.02
*** HOLE CARDS ***
Dealt to Dorex2007 [Td Jh]
Dorex2007: folds 
SrO157: raises $0.03 to $0.05
tomashovka55: folds 
Manuto94: folds 
duck8509: folds 
Smithwest007: folds 
McRuss: calls $0.03
*** FLOP *** [9d Ad 8c]
McRuss: bets $0.06
SrO157: calls $0.06
*** TURN *** [9d Ad 8c] [6c]
McRuss: bets $0.22
SrO157: calls $0.22
*** RIVER *** [9d Ad 8c 6c] [7h]
McRuss: checks 
SrO157: bets $0.32
McRuss: calls $0.32
*** SHOW DOWN ***
SrO157: shows [Kd 5d] (a straight, Five to Nine)
McRuss: mucks hand 
SrO157 collected $1.26 from pot
*** SUMMARY ***
Total pot $1.31 | Rake $0.05 
Board [9d Ad 8c 6c 7h]
Seat 1: Manuto94 folded before Flop (didn't bet)
Seat 2: duck8509 (button) folded before Flop (didn't bet)
Seat 3: Smithwest007 (small blind) folded before Flop
Seat 4: McRuss (big blind) mucked [8s 8d]
Seat 5: Dorex2007 folded before Flop (didn't bet)
Seat 6: SrO157 showed [Kd 5d] and won ($1.26) with a straight, Five to Nine
Seat 9: tomashovka55 folded before Flop (didn't bet)



PokerStars Hand #230314887896:  Hold'em No Limit ($0.01/$0.02 USD) - 2021/10/03 1:48:33 PT [2021/10/03 4:48:33 ET]
Table 'Leonisis II' 9-max Seat #3 is the button
Seat 1: Manuto94 ($2.08 in chips) 
Seat 2: duck8509 ($1.71 in chips) 
Seat 3: Smithwest007 ($2.06 in chips) 
Seat 4: McRuss ($0.94 in chips) 
Seat 5: Dorex2007 ($2.44 in chips) 
Seat 6: SrO157 ($2.13 in chips) 
Seat 9: tomashovka55 ($3.09 in chips) 
McRuss: posts small blind $0.01
Dorex2007: posts big blind $0.02
*** HOLE CARDS ***
Dealt to Dorex2007 [9s 4s]
SrO157: folds 
tomashovka55: folds 
Manuto94: raises $0.04 to $0.06
duck8509: folds 
Smithwest007: folds 
McRuss: calls $0.05
Dorex2007: folds 
*** FLOP *** [As 5d 5h]
McRuss: checks 
Manuto94: bets $0.11
McRuss: folds 
Uncalled bet ($0.11) returned to Manuto94
Manuto94 collected $0.14 from pot
Manuto94: doesn't show hand 
*** SUMMARY ***
Total pot $0.14 | Rake $0 
Board [As 5d 5h]
Seat 1: Manuto94 collected ($0.14)
Seat 2: duck8509 folded before Flop (didn't bet)
Seat 3: Smithwest007 (button) folded before Flop (didn't bet)
Seat 4: McRuss (small blind) folded on the Flop
Seat 5: Dorex2007 (big blind) folded before Flop
Seat 6: SrO157 folded before Flop (didn't bet)
Seat 9: tomashovka55 folded before Flop (didn't bet)



PokerStars Hand #230314892665:  Hold'em No Limit ($0.01/$0.02 USD) - 2021/10/03 1:48:57 PT [2021/10/03 4:48:57 ET]
Table 'Leonisis II' 9-max Seat #4 is the button
Seat 1: Manuto94 ($2.16 in chips) 
Seat 2: duck8509 ($1.71 in chips) 
Seat 3: Smithwest007 ($2.06 in chips) 
Seat 4: McRuss ($1.94 in chips) 
Seat 5: Dorex2007 ($2.42 in chips) 
Seat 6: SrO157 ($2.13 in chips) 
Seat 9: tomashovka55 ($3.09 in chips) 
Dorex2007: posts small blind $0.01
SrO157: posts big blind $0.02
*** HOLE CARDS ***
Dealt to Dorex2007 [Qs Kc]
tomashovka55: folds 
Manuto94: folds 
duck8509: folds 
Smithwest007: folds 
McRuss: folds 
Dorex2007: raises $0.04 to $0.06
SrO157: folds 
Uncalled bet ($0.04) returned to Dorex2007
Dorex2007 collected $0.04 from pot
Dorex2007: doesn't show hand 
*** SUMMARY ***
Total pot $0.04 | Rake $0 
Seat 1: Manuto94 folded before Flop (didn't bet)
Seat 2: duck8509 folded before Flop (didn't bet)
Seat 3: Smithwest007 folded before Flop (didn't bet)
Seat 4: McRuss (button) folded before Flop (didn't bet)
Seat 5: Dorex2007 (small blind) collected ($0.04)
Seat 6: SrO157 (big blind) folded before Flop
Seat 9: tomashovka55 folded before Flop (didn't bet)



PokerStars Hand #230314897379:  Hold'em No Limit ($0.01/$0.02 USD) - 2021/10/03 1:49:22 PT [2021/10/03 4:49:22 ET]
Table 'Leonisis II' 9-max Seat #5 is the button
Seat 1: Manuto94 ($2.16 in chips) 
Seat 2: duck8509 ($1.71 in chips) 
Seat 3: Smithwest007 ($2.06 in chips) 
Seat 4: McRuss ($1.94 in chips) 
Seat 5: Dorex2007 ($2.44 in chips) 
Seat 6: SrO157 ($2.11 in chips) 
Seat 9: tomashovka55 ($3.09 in chips) 
SrO157: posts small blind $0.01
tomashovka55: posts big blind $0.02
*** HOLE CARDS ***
Dealt to Dorex2007 [As Jc]
Manuto94: folds 
duck8509: folds 
Smithwest007: folds 
McRuss: folds 
Dorex2007: raises $0.04 to $0.06
SrO157: folds 
tomashovka55: folds 
Uncalled bet ($0.04) returned to Dorex2007
Dorex2007 collected $0.05 from pot
Dorex2007: doesn't show hand 
*** SUMMARY ***
Total pot $0.05 | Rake $0 
Seat 1: Manuto94 folded before Flop (didn't bet)
Seat 2: duck8509 folded before Flop (didn't bet)
Seat 3: Smithwest007 folded before Flop (didn't bet)
Seat 4: McRuss folded before Flop (didn't bet)
Seat 5: Dorex2007 (button) collected ($0.05)
Seat 6: SrO157 (small blind) folded before Flop
Seat 9: tomashovka55 (big blind) folded before Flop



PokerStars Hand #230314900779:  Hold'em No Limit ($0.01/$0.02 USD) - 2021/10/03 1:49:40 PT [2021/10/03 4:49:40 ET]
Table 'Leonisis II' 9-max Seat #6 is the button
Seat 1: Manuto94 ($2.16 in chips) 
Seat 2: duck8509 ($1.71 in chips) 
Seat 3: Smithwest007 ($2.06 in chips) 
Seat 4: McRuss ($1.94 in chips) 
Seat 5: Dorex2007 ($2.47 in chips) 
Seat 6: SrO157 ($2.10 in chips) 
Seat 9: tomashovka55 ($3.07 in chips) 
tomashovka55: posts small blind $0.01
Manuto94: posts big blind $0.02
*** HOLE CARDS ***
Dealt to Dorex2007 [6c Ts]
duck8509: folds 
Smithwest007: raises $0.04 to $0.06
McRuss: folds 
Dorex2007: folds 
SrO157: calls $0.06
tomashovka55: folds 
Manuto94: folds 
*** FLOP *** [4h 5c 9d]
Smithwest007: bets $0.07
SrO157: calls $0.07
*** TURN *** [4h 5c 9d] [4d]
Smithwest007: checks 
SrO157: bets $0.14
Smithwest007: folds 
Uncalled bet ($0.14) returned to SrO157
SrO157 collected $0.28 from pot
SrO157: doesn't show hand 
*** SUMMARY ***
Total pot $0.29 | Rake $0.01 
Board [4h 5c 9d 4d]
Seat 1: Manuto94 (big blind) folded before Flop
Seat 2: duck8509 folded before Flop (didn't bet)
Seat 3: Smithwest007 folded on the Turn
Seat 4: McRuss folded before Flop (didn't bet)
Seat 5: Dorex2007 folded before Flop (didn't bet)
Seat 6: SrO157 (button) collected ($0.28)
Seat 9: tomashovka55 (small blind) folded before Flop



PokerStars Hand #230314908040:  Hold'em No Limit ($0.01/$0.02 USD) - 2021/10/03 1:50:16 PT [2021/10/03 4:50:16 ET]
Table 'Leonisis II' 9-max Seat #9 is the button
Seat 1: Manuto94 ($2.14 in chips) 
Seat 2: duck8509 ($1.71 in chips) 
Seat 3: Smithwest007 ($2 in chips) 
Seat 4: McRuss ($1.94 in chips) 
Seat 5: Dorex2007 ($2.47 in chips) 
Seat 6: SrO157 ($2.25 in chips) 
Seat 9: tomashovka55 ($3.06 in chips) 
Manuto94: posts small blind $0.01
duck8509: posts big blind $0.02
*** HOLE CARDS ***
Dealt to Dorex2007 [Ah 8c]
Smithwest007: folds 
McRuss: folds 
Dorex2007: folds 
SrO157: raises $0.03 to $0.05
tomashovka55: folds 
Manuto94: folds 
duck8509: folds 
Uncalled bet ($0.03) returned to SrO157
SrO157 collected $0.05 from pot
SrO157: doesn't show hand 
*** SUMMARY ***
Total pot $0.05 | Rake $0 
Seat 1: Manuto94 (small blind) folded before Flop
Seat 2: duck8509 (big blind) folded before Flop
Seat 3: Smithwest007 folded before Flop (didn't bet)
Seat 4: McRuss folded before Flop (didn't bet)
Seat 5: Dorex2007 folded before Flop (didn't bet)
Seat 6: SrO157 collected ($0.05)
Seat 9: tomashovka55 (button) folded before Flop (didn't bet)



PokerStars Hand #230314911354:  Hold'em No Limit ($0.01/$0.02 USD) - 2021/10/03 1:50:33 PT [2021/10/03 4:50:33 ET]
Table 'Leonisis II' 9-max Seat #1 is the button
Seat 1: Manuto94 ($2.13 in chips) 
Seat 2: duck8509 ($1.69 in chips) 
Seat 3: Smithwest007 ($2 in chips) 
Seat 4: McRuss ($1.94 in chips) 
Seat 5: Dorex2007 ($2.47 in chips) 
Seat 6: SrO157 ($2.28 in chips) 
Seat 9: tomashovka55 ($3.06 in chips) 
duck8509: posts small blind $0.01
Smithwest007: posts big blind $0.02
*** HOLE CARDS ***
Dealt to Dorex2007 [3c 7h]
McRuss: folds 
Dorex2007: folds 
SrO157: folds 
tomashovka55: folds 
Manuto94: folds 
duck8509: raises $0.04 to $0.06
Smithwest007: folds 
Uncalled bet ($0.04) returned to duck8509
duck8509 collected $0.04 from pot
duck8509: doesn't show hand 
*** SUMMARY ***
Total pot $0.04 | Rake $0 
Seat 1: Manuto94 (button) folded before Flop (didn't bet)
Seat 2: duck8509 (small blind) collected ($0.04)
Seat 3: Smithwest007 (big blind) folded before Flop
Seat 4: McRuss folded before Flop (didn't bet)
Seat 5: Dorex2007 folded before Flop (didn't bet)
Seat 6: SrO157 folded before Flop (didn't bet)
Seat 9: tomashovka55 folded before Flop (didn't bet)



PokerStars Hand #230314914738:  Hold'em No Limit ($0.01/$0.02 USD) - 2021/10/03 1:50:51 PT [2021/10/03 4:50:51 ET]
Table 'Leonisis II' 9-max Seat #2 is the button
Seat 1: Manuto94 ($2.13 in chips) 
Seat 2: duck8509 ($1.71 in chips) 
Seat 3: Smithwest007 ($2 in chips) 
Seat 4: McRuss ($1.94 in chips) 
Seat 5: Dorex2007 ($2.47 in chips) 
Seat 6: SrO157 ($2.28 in chips) 
Seat 9: tomashovka55 ($3.06 in chips) 
Smithwest007: posts small blind $0.01
McRuss: posts big blind $0.02
*** HOLE CARDS ***
Dealt to Dorex2007 [5s Jh]
Dorex2007: folds 
SrO157 has timed out
SrO157: folds 
tomashovka55: folds 
Manuto94: folds 
duck8509: folds 
Smithwest007: folds 
Uncalled bet ($0.01) returned to McRuss
McRuss collected $0.02 from pot
McRuss: doesn't show hand 
*** SUMMARY ***
Total pot $0.02 | Rake $0 
Seat 1: Manuto94 folded before Flop (didn't bet)
Seat 2: duck8509 (button) folded before Flop (didn't bet)
Seat 3: Smithwest007 (small blind) folded before Flop
Seat 4: McRuss (big blind) collected ($0.02)
Seat 5: Dorex2007 folded before Flop (didn't bet)
Seat 6: SrO157 folded before Flop (didn't bet)
Seat 9: tomashovka55 folded before Flop (didn't bet)



PokerStars Hand #230314918585:  Hold'em No Limit ($0.01/$0.02 USD) - 2021/10/03 1:51:10 PT [2021/10/03 4:51:10 ET]
Table 'Leonisis II' 9-max Seat #3 is the button
Seat 1: Manuto94 ($2.13 in chips) 
Seat 2: duck8509 ($1.71 in chips) 
Seat 3: Smithwest007 ($2 in chips) 
Seat 4: McRuss ($1.95 in chips) 
Seat 5: Dorex2007 ($2.47 in chips) 
Seat 6: SrO157 ($2.28 in chips) 
Seat 8: OlexandrTkachuk ($1.80 in chips) 
Seat 9: tomashovka55 ($3.06 in chips) 
McRuss: posts small blind $0.01
Dorex2007: posts big blind $0.02
OlexandrTkachuk: posts small & big blinds $0.03
*** HOLE CARDS ***
Dealt to Dorex2007 [Ac 2h]
RodStormm joins the table at seat #7 
SrO157: raises $0.06 to $0.08
OlexandrTkachuk: folds 
tomashovka55: folds 
Manuto94: folds 
duck8509: folds 
Smithwest007: calls $0.08
McRuss: folds 
Dorex2007: folds 
*** FLOP *** [9d Qc 8c]
SrO157: checks 
Smithwest007: bets $0.14
SrO157: folds 
Uncalled bet ($0.14) returned to Smithwest007
Smithwest007 collected $0.21 from pot
Smithwest007: doesn't show hand 
*** SUMMARY ***
Total pot $0.22 | Rake $0.01 
Board [9d Qc 8c]
Seat 1: Manuto94 folded before Flop (didn't bet)
Seat 2: duck8509 folded before Flop (didn't bet)
Seat 3: Smithwest007 (button) collected ($0.21)
Seat 4: McRuss (small blind) folded before Flop
Seat 5: Dorex2007 (big blind) folded before Flop
Seat 6: SrO157 folded on the Flop
Seat 8: OlexandrTkachuk folded before Flop (didn't bet)
Seat 9: tomashovka55 folded before Flop (didn't bet)



PokerStars Hand #230314927280:  Hold'em No Limit ($0.01/$0.02 USD) - 2021/10/03 1:51:54 PT [2021/10/03 4:51:54 ET]
Table 'Leonisis II' 9-max Seat #4 is the button
Seat 1: Manuto94 ($2.13 in chips) 
Seat 2: duck8509 ($1.71 in chips) 
Seat 3: Smithwest007 ($2.13 in chips) 
Seat 4: McRuss ($1.94 in chips) 
Seat 5: Dorex2007 ($2.45 in chips) 
Seat 6: SrO157 ($2.20 in chips) 
Seat 8: OlexandrTkachuk ($1.77 in chips) 
Seat 9: tomashovka55 ($3.06 in chips) 
Dorex2007: posts small blind $0.01
SrO157: posts big blind $0.02
RodStormm: sits out 
*** HOLE CARDS ***
Dealt to Dorex2007 [5c Tc]
OlexandrTkachuk: calls $0.02
tomashovka55: folds 
Manuto94: folds 
duck8509: raises $0.07 to $0.09
Smithwest007: folds 
McRuss: folds 
Dorex2007: folds 
SrO157: calls $0.07
OlexandrTkachuk: folds 
*** FLOP *** [8s Qc 6c]
SrO157: bets $0.10
duck8509: raises $0.20 to $0.30
SrO157: folds 
Uncalled bet ($0.20) returned to duck8509
duck8509 collected $0.40 from pot
duck8509: doesn't show hand 
*** SUMMARY ***
Total pot $0.41 | Rake $0.01 
Board [8s Qc 6c]
Seat 1: Manuto94 folded before Flop (didn't bet)
Seat 2: duck8509 collected ($0.40)
Seat 3: Smithwest007 folded before Flop (didn't bet)
Seat 4: McRuss (button) folded before Flop (didn't bet)
Seat 5: Dorex2007 (small blind) folded before Flop
Seat 6: SrO157 (big blind) folded on the Flop
Seat 8: OlexandrTkachuk folded before Flop
Seat 9: tomashovka55 folded before Flop (didn't bet)



PokerStars Hand #230314934328:  Hold'em No Limit ($0.01/$0.02 USD) - 2021/10/03 1:52:30 PT [2021/10/03 4:52:30 ET]
Table 'Leonisis II' 9-max Seat #5 is the button
Seat 1: Manuto94 ($2.13 in chips) 
Seat 2: duck8509 ($1.92 in chips) 
Seat 3: Smithwest007 ($2.13 in chips) 
Seat 4: McRuss ($1.94 in chips) 
Seat 5: Dorex2007 ($2.44 in chips) 
Seat 6: SrO157 ($2.01 in chips) 
Seat 7: RodStormm ($2 in chips) 
Seat 8: OlexandrTkachuk ($1.75 in chips) 
Seat 9: tomashovka55 ($3.06 in chips) 
SrO157: posts small blind $0.01
RodStormm: posts big blind $0.02
*** HOLE CARDS ***
Dealt to Dorex2007 [Kc Kh]
OlexandrTkachuk: calls $0.02
tomashovka55: folds 
Manuto94: folds 
duck8509: folds 
Smithwest007: folds 
McRuss: calls $0.02
Dorex2007: raises $0.06 to $0.08
SrO157: folds 
RodStormm: folds 
OlexandrTkachuk: calls $0.06
McRuss: calls $0.06
*** FLOP *** [Kd 7c Jc]
OlexandrTkachuk: checks 
McRuss: checks 
Dorex2007: bets $0.26
OlexandrTkachuk: folds 
McRuss: folds 
Uncalled bet ($0.26) returned to Dorex2007
Dorex2007 collected $0.26 from pot
Dorex2007: doesn't show hand 
*** SUMMARY ***
Total pot $0.27 | Rake $0.01 
Board [Kd 7c Jc]
Seat 1: Manuto94 folded before Flop (didn't bet)
Seat 2: duck8509 folded before Flop (didn't bet)
Seat 3: Smithwest007 folded before Flop (didn't bet)
Seat 4: McRuss folded on the Flop
Seat 5: Dorex2007 (button) collected ($0.26)
Seat 6: SrO157 (small blind) folded before Flop
Seat 7: RodStormm (big blind) folded before Flop
Seat 8: OlexandrTkachuk folded on the Flop
Seat 9: tomashovka55 folded before Flop (didn't bet)



PokerStars Hand #230314942850:  Hold'em No Limit ($0.01/$0.02 USD) - 2021/10/03 1:53:14 PT [2021/10/03 4:53:14 ET]
Table 'Leonisis II' 9-max Seat #6 is the button
Seat 1: Manuto94 ($2.13 in chips) 
Seat 2: duck8509 ($1.92 in chips) 
Seat 3: Smithwest007 ($2.13 in chips) 
Seat 4: McRuss ($1.86 in chips) 
Seat 5: Dorex2007 ($2.62 in chips) 
Seat 6: SrO157 ($2 in chips) 
Seat 7: RodStormm ($1.98 in chips) 
Seat 8: OlexandrTkachuk ($1.67 in chips) 
Seat 9: tomashovka55 ($3.06 in chips) 
RodStormm: posts small blind $0.01
OlexandrTkachuk: posts big blind $0.02
*** HOLE CARDS ***
Dealt to Dorex2007 [Ts 8d]
tomashovka55: folds 
Manuto94: folds 
duck8509: folds 
Smithwest007: raises $0.04 to $0.06
McRuss: calls $0.06
Dorex2007: folds 
SrO157: folds 
RodStormm: folds 
OlexandrTkachuk: folds 
*** FLOP *** [7d 6h 5s]
Smithwest007: bets $0.07
McRuss: raises $0.15 to $0.22
Smithwest007: folds 
Uncalled bet ($0.15) returned to McRuss
McRuss collected $0.28 from pot
McRuss: doesn't show hand 
*** SUMMARY ***
Total pot $0.29 | Rake $0.01 
Board [7d 6h 5s]
Seat 1: Manuto94 folded before Flop (didn't bet)
Seat 2: duck8509 folded before Flop (didn't bet)
Seat 3: Smithwest007 folded on the Flop
Seat 4: McRuss collected ($0.28)
Seat 5: Dorex2007 folded before Flop (didn't bet)
Seat 6: SrO157 (button) folded before Flop (didn't bet)
Seat 7: RodStormm (small blind) folded before Flop
Seat 8: OlexandrTkachuk (big blind) folded before Flop
Seat 9: tomashovka55 folded before Flop (didn't bet)



PokerStars Hand #230314951039:  Hold'em No Limit ($0.01/$0.02 USD) - 2021/10/03 1:53:56 PT [2021/10/03 4:53:56 ET]
Table 'Leonisis II' 9-max Seat #7 is the button
Seat 1: Manuto94 ($2.13 in chips) 
Seat 2: duck8509 ($1.92 in chips) 
Seat 3: Smithwest007 ($2 in chips) 
Seat 4: McRuss ($2.01 in chips) 
Seat 5: Dorex2007 ($2.62 in chips) 
Seat 6: SrO157 ($2 in chips) 
Seat 7: RodStormm ($1.97 in chips) 
Seat 9: tomashovka55 ($3.06 in chips) 
tomashovka55: posts small blind $0.01
Manuto94: posts big blind $0.02
*** HOLE CARDS ***
Dealt to Dorex2007 [9c 2h]
duck8509: folds 
Smithwest007: folds 
McRuss: folds 
Dorex2007: folds 
SrO157: raises $0.03 to $0.05
RodStormm: folds 
tomashovka55: folds 
Manuto94: calls $0.03
*** FLOP *** [7c Qc 3s]
Manuto94: checks 
SrO157: bets $0.05
Manuto94: folds 
Uncalled bet ($0.05) returned to SrO157
SrO157 collected $0.11 from pot
SrO157: doesn't show hand 
*** SUMMARY ***
Total pot $0.11 | Rake $0 
Board [7c Qc 3s]
Seat 1: Manuto94 (big blind) folded on the Flop
Seat 2: duck8509 folded before Flop (didn't bet)
Seat 3: Smithwest007 folded before Flop (didn't bet)
Seat 4: McRuss folded before Flop (didn't bet)
Seat 5: Dorex2007 folded before Flop (didn't bet)
Seat 6: SrO157 collected ($0.11)
Seat 7: RodStormm (button) folded before Flop (didn't bet)
Seat 9: tomashovka55 (small blind) folded before Flop



PokerStars Hand #230314955516:  Hold'em No Limit ($0.01/$0.02 USD) - 2021/10/03 1:54:18 PT [2021/10/03 4:54:18 ET]
Table 'Leonisis II' 9-max Seat #9 is the button
Seat 1: Manuto94 ($2.08 in chips) 
Seat 2: duck8509 ($1.92 in chips) 
Seat 3: Smithwest007 ($2 in chips) 
Seat 4: McRuss ($2.01 in chips) 
Seat 5: Dorex2007 ($2.62 in chips) 
Seat 6: SrO157 ($2.06 in chips) 
Seat 7: RodStormm ($1.97 in chips) 
Seat 9: tomashovka55 ($3.05 in chips) 
Manuto94: posts small blind $0.01
duck8509: posts big blind $0.02
*** HOLE CARDS ***
Dealt to Dorex2007 [2h 8h]
Smithwest007: folds 
McRuss: folds 
Dorex2007: folds 
SrO157: folds 
RodStormm: raises $0.04 to $0.06
tomashovka55: folds 
Manuto94: calls $0.05
duck8509: calls $0.04
*** FLOP *** [Ad 9d 4d]
Manuto94: checks 
duck8509: checks 
RodStormm: checks 
*** TURN *** [Ad 9d 4d] [7s]
Manuto94: bets $0.09
duck8509: calls $0.09
RodStormm: calls $0.09
*** RIVER *** [Ad 9d 4d 7s] [4h]
Manuto94: bets $0.20
duck8509: folds 
RodStormm: folds 
Uncalled bet ($0.20) returned to Manuto94
Manuto94 collected $0.43 from pot
Manuto94: doesn't show hand 
*** SUMMARY ***
Total pot $0.45 | Rake $0.02 
Board [Ad 9d 4d 7s 4h]
Seat 1: Manuto94 (small blind) collected ($0.43)
Seat 2: duck8509 (big blind) folded on the River
Seat 3: Smithwest007 folded before Flop (didn't bet)
Seat 4: McRuss folded before Flop (didn't bet)
Seat 5: Dorex2007 folded before Flop (didn't bet)
Seat 6: SrO157 folded before Flop (didn't bet)
Seat 7: RodStormm folded on the River
Seat 9: tomashovka55 (button) folded before Flop (didn't bet)



PokerStars Hand #230314964008:  Hold'em No Limit ($0.01/$0.02 USD) - 2021/10/03 1:55:01 PT [2021/10/03 4:55:01 ET]
Table 'Leonisis II' 9-max Seat #1 is the button
Seat 1: Manuto94 ($2.36 in chips) 
Seat 2: duck8509 ($1.77 in chips) 
Seat 3: Smithwest007 ($2 in chips) 
Seat 4: McRuss ($2.01 in chips) 
Seat 5: Dorex2007 ($2.62 in chips) 
Seat 6: SrO157 ($2.06 in chips) 
Seat 7: RodStormm ($1.82 in chips) 
Seat 8: OlexandrTkachuk ($1.65 in chips) 
Seat 9: tomashovka55 ($3.05 in chips) 
duck8509: posts small blind $0.01
Smithwest007: posts big blind $0.02
OlexandrTkachuk: posts small blind $0.01
*** HOLE CARDS ***
Dealt to Dorex2007 [4h 6c]
McRuss: folds 
Dorex2007: folds 
SrO157: folds 
RodStormm: folds 
OlexandrTkachuk: calls $0.02
tomashovka55: folds 
Manuto94: folds 
duck8509: raises $0.07 to $0.09
Smithwest007: folds 
OlexandrTkachuk: calls $0.07
*** FLOP *** [Td 4d Th]
duck8509: bets $0.10
OlexandrTkachuk: raises $1.45 to $1.55 and is all-in
duck8509: folds 
Uncalled bet ($1.45) returned to OlexandrTkachuk
OlexandrTkachuk collected $0.40 from pot
OlexandrTkachuk: doesn't show hand 
*** SUMMARY ***
Total pot $0.41 | Rake $0.01 
Board [Td 4d Th]
Seat 1: Manuto94 (button) folded before Flop (didn't bet)
Seat 2: duck8509 (small blind) folded on the Flop
Seat 3: Smithwest007 (big blind) folded before Flop
Seat 4: McRuss folded before Flop (didn't bet)
Seat 5: Dorex2007 folded before Flop (didn't bet)
Seat 6: SrO157 folded before Flop (didn't bet)
Seat 7: RodStormm folded before Flop (didn't bet)
Seat 8: OlexandrTkachuk collected ($0.40)
Seat 9: tomashovka55 folded before Flop (didn't bet)



PokerStars Hand #230314972297:  Hold'em No Limit ($0.01/$0.02 USD) - 2021/10/03 1:55:51 PT [2021/10/03 4:55:51 ET]
Table 'Leonisis II' 9-max Seat #2 is the button
Seat 1: Manuto94 ($2.36 in chips) 
Seat 2: duck8509 ($2 in chips) 
Seat 3: Smithwest007 ($2 in chips) 
Seat 4: McRuss ($2.01 in chips) 
Seat 5: Dorex2007 ($2.62 in chips) 
Seat 6: SrO157 ($2.06 in chips) 
Seat 7: RodStormm ($1.82 in chips) 
Seat 8: OlexandrTkachuk ($1.85 in chips) 
Seat 9: tomashovka55 ($3.05 in chips) 
Smithwest007: posts small blind $0.01
McRuss: posts big blind $0.02
*** HOLE CARDS ***
Dealt to Dorex2007 [Qc 2c]
Dorex2007: folds 
SrO157: folds 
RodStormm: folds 
OlexandrTkachuk: calls $0.02
tomashovka55: folds 
Manuto94: folds 
duck8509: folds 
Smithwest007: folds 
McRuss: checks 
*** FLOP *** [5d Kh 4d]
McRuss: checks 
OlexandrTkachuk: checks 
*** TURN *** [5d Kh 4d] [8d]
McRuss: checks 
OlexandrTkachuk: checks 
*** RIVER *** [5d Kh 4d 8d] [9h]
McRuss: checks 
OlexandrTkachuk: checks 
*** SHOW DOWN ***
McRuss: shows [Js Ac] (high card Ace)
OlexandrTkachuk: shows [Ad 5s] (a pair of Fives)
OlexandrTkachuk collected $0.05 from pot
*** SUMMARY ***
Total pot $0.05 | Rake $0 
Board [5d Kh 4d 8d 9h]
Seat 1: Manuto94 folded before Flop (didn't bet)
Seat 2: duck8509 (button) folded before Flop (didn't bet)
Seat 3: Smithwest007 (small blind) folded before Flop
Seat 4: McRuss (big blind) showed [Js Ac] and lost with high card Ace
Seat 5: Dorex2007 folded before Flop (didn't bet)
Seat 6: SrO157 folded before Flop (didn't bet)
Seat 7: RodStormm folded before Flop (didn't bet)
Seat 8: OlexandrTkachuk showed [Ad 5s] and won ($0.05) with a pair of Fives
Seat 9: tomashovka55 folded before Flop (didn't bet)



