PokerStars Hand #227416647342:  Hold'em No Limit ($0.01/$0.02 USD) - 2021/06/07 20:02:08 PT [2021/06/07 23:02:08 ET]
Table 'Euphemia II' 9-max Seat #4 is the button
Seat 1: MCAS1994 ($3.02 in chips) 
Seat 2: etienne16671 ($2.55 in chips) 
Seat 3: Dorex2007 ($2 in chips) 
Seat 4: JuanDiego7 ($2.04 in chips) 
Seat 5: Isabella1312 ($1.51 in chips) 
Seat 6: Victor151886 ($2.03 in chips) 
Seat 8: goodbyegate ($0.41 in chips) 
Isabella1312: posts small blind $0.01
Victor151886: posts big blind $0.02
Dorex2007: posts big blind $0.02
*** HOLE CARDS ***
Dealt to Dorex2007 [9d Jc]
goodbyegate: calls $0.02
MCAS1994: folds 
etienne16671: raises $0.04 to $0.06
Dorex2007: folds 
JuanDiego7: folds 
Isabella1312: folds 
Victor151886: folds 
goodbyegate: folds 
Uncalled bet ($0.04) returned to etienne16671
etienne16671 collected $0.09 from pot
etienne16671: doesn't show hand 
*** SUMMARY ***
Total pot $0.09 | Rake $0 
Seat 1: MCAS1994 folded before Flop (didn't bet)
Seat 2: etienne16671 collected ($0.09)
Seat 3: Dorex2007 folded before Flop (didn't bet)
Seat 4: JuanDiego7 (button) folded before Flop (didn't bet)
Seat 5: Isabella1312 (small blind) folded before Flop
Seat 6: Victor151886 (big blind) folded before Flop
Seat 8: goodbyegate folded before Flop



PokerStars Hand #227416652567:  Hold'em No Limit ($0.01/$0.02 USD) - 2021/06/07 20:02:35 PT [2021/06/07 23:02:35 ET]
Table 'Euphemia II' 9-max Seat #5 is the button
Seat 1: MCAS1994 ($3.02 in chips) 
Seat 2: etienne16671 ($2.62 in chips) 
Seat 3: Dorex2007 ($1.98 in chips) 
Seat 4: JuanDiego7 ($2.04 in chips) 
Seat 5: Isabella1312 ($1.50 in chips) 
Seat 6: Victor151886 ($2.01 in chips) 
Seat 7: Nick See11 ($3.78 in chips) 
Seat 8: goodbyegate ($0.39 in chips) 
Victor151886: posts small blind $0.01
Nick See11: posts big blind $0.02
*** HOLE CARDS ***
Dealt to Dorex2007 [Th 5h]
goodbyegate: folds 
MCAS1994: raises $0.04 to $0.06
etienne16671: folds 
Dorex2007: folds 
JuanDiego7: folds 
Isabella1312: folds 
Victor151886: folds 
Nick See11: folds 
Uncalled bet ($0.04) returned to MCAS1994
MCAS1994 collected $0.05 from pot
*** SUMMARY ***
Total pot $0.05 | Rake $0 
Seat 1: MCAS1994 collected ($0.05)
Seat 2: etienne16671 folded before Flop (didn't bet)
Seat 3: Dorex2007 folded before Flop (didn't bet)
Seat 4: JuanDiego7 folded before Flop (didn't bet)
Seat 5: Isabella1312 (button) folded before Flop (didn't bet)
Seat 6: Victor151886 (small blind) folded before Flop
Seat 7: Nick See11 (big blind) folded before Flop
Seat 8: goodbyegate folded before Flop (didn't bet)



PokerStars Hand #227416656535:  Hold'em No Limit ($0.01/$0.02 USD) - 2021/06/07 20:02:57 PT [2021/06/07 23:02:57 ET]
Table 'Euphemia II' 9-max Seat #6 is the button
Seat 1: MCAS1994 ($3.05 in chips) 
Seat 2: etienne16671 ($2.62 in chips) 
Seat 3: Dorex2007 ($1.98 in chips) 
Seat 4: JuanDiego7 ($2.04 in chips) 
Seat 5: Isabella1312 ($1.50 in chips) 
Seat 6: Victor151886 ($2 in chips) 
Seat 7: Nick See11 ($3.76 in chips) 
Seat 8: goodbyegate ($0.39 in chips) 
Nick See11: posts small blind $0.01
goodbyegate: posts big blind $0.02
*** HOLE CARDS ***
Dealt to Dorex2007 [Kh 4s]
MCAS1994: folds 
etienne16671: folds 
Dorex2007: folds 
JuanDiego7: folds 
Isabella1312: calls $0.02
Victor151886: calls $0.02
Nick See11: raises $0.08 to $0.10
goodbyegate: folds 
Isabella1312: folds 
Victor151886: folds 
Uncalled bet ($0.08) returned to Nick See11
Nick See11 collected $0.08 from pot
Nick See11: doesn't show hand 
*** SUMMARY ***
Total pot $0.08 | Rake $0 
Seat 1: MCAS1994 folded before Flop (didn't bet)
Seat 2: etienne16671 folded before Flop (didn't bet)
Seat 3: Dorex2007 folded before Flop (didn't bet)
Seat 4: JuanDiego7 folded before Flop (didn't bet)
Seat 5: Isabella1312 folded before Flop
Seat 6: Victor151886 (button) folded before Flop
Seat 7: Nick See11 (small blind) collected ($0.08)
Seat 8: goodbyegate (big blind) folded before Flop



PokerStars Hand #227416684027:  Hold'em No Limit ($0.01/$0.02 USD) - 2021/06/07 20:03:39 PT [2021/06/07 23:03:39 ET]
Table 'Euphemia II' 9-max Seat #7 is the button
Seat 1: MCAS1994 ($3.05 in chips) 
Seat 2: etienne16671 ($2.62 in chips) 
Seat 3: Dorex2007 ($1.98 in chips) 
Seat 4: JuanDiego7 ($2.04 in chips) 
Seat 5: Isabella1312 ($1.48 in chips) 
Seat 6: Victor151886 ($2 in chips) 
Seat 7: Nick See11 ($3.82 in chips) 
Seat 8: goodbyegate ($0.37 in chips) 
goodbyegate: posts small blind $0.01
MCAS1994: posts big blind $0.02
*** HOLE CARDS ***
Dealt to Dorex2007 [Qs 4d]
etienne16671: calls $0.02
Dorex2007: folds 
JuanDiego7: folds 
Isabella1312: raises $0.04 to $0.06
Victor151886: folds 
Nick See11: folds 
goodbyegate: calls $0.05
MCAS1994: raises $0.20 to $0.26
etienne16671: folds 
Isabella1312: calls $0.20
goodbyegate: folds 
*** FLOP *** [3h 8h Kh]
MCAS1994: bets $0.28
Isabella1312: calls $0.28
*** TURN *** [3h 8h Kh] [3s]
MCAS1994: checks 
Isabella1312: checks 
*** RIVER *** [3h 8h Kh 3s] [3c]
MCAS1994: checks 
Isabella1312: checks 
*** SHOW DOWN ***
MCAS1994: shows [Jd Ad] (three of a kind, Threes)
Isabella1312: shows [Jh As] (three of a kind, Threes)
MCAS1994 collected $0.56 from pot
Isabella1312 collected $0.56 from pot
*** SUMMARY ***
Total pot $1.16 | Rake $0.04 
Board [3h 8h Kh 3s 3c]
Seat 1: MCAS1994 (big blind) showed [Jd Ad] and won ($0.56) with three of a kind, Threes
Seat 2: etienne16671 folded before Flop
Seat 3: Dorex2007 folded before Flop (didn't bet)
Seat 4: JuanDiego7 folded before Flop (didn't bet)
Seat 5: Isabella1312 showed [Jh As] and won ($0.56) with three of a kind, Threes
Seat 6: Victor151886 folded before Flop (didn't bet)
Seat 7: Nick See11 (button) folded before Flop (didn't bet)
Seat 8: goodbyegate (small blind) folded before Flop



PokerStars Hand #227416694058:  Hold'em No Limit ($0.01/$0.02 USD) - 2021/06/07 20:04:31 PT [2021/06/07 23:04:31 ET]
Table 'Euphemia II' 9-max Seat #8 is the button
Seat 1: MCAS1994 ($3.07 in chips) 
Seat 2: etienne16671 ($2.60 in chips) 
Seat 3: Dorex2007 ($1.98 in chips) 
Seat 4: JuanDiego7 ($2.04 in chips) 
Seat 5: Isabella1312 ($1.50 in chips) 
Seat 6: Victor151886 ($2 in chips) 
Seat 7: Nick See11 ($3.82 in chips) 
Seat 8: goodbyegate ($0.31 in chips) 
MCAS1994: posts small blind $0.01
etienne16671: posts big blind $0.02
*** HOLE CARDS ***
Dealt to Dorex2007 [2d Jc]
Dorex2007: folds 
JuanDiego7: folds 
Isabella1312: folds 
Victor151886: folds 
Nick See11: folds 
goodbyegate: folds 
MCAS1994: folds 
Uncalled bet ($0.01) returned to etienne16671
etienne16671 collected $0.02 from pot
etienne16671: doesn't show hand 
*** SUMMARY ***
Total pot $0.02 | Rake $0 
Seat 1: MCAS1994 (small blind) folded before Flop
Seat 2: etienne16671 (big blind) collected ($0.02)
Seat 3: Dorex2007 folded before Flop (didn't bet)
Seat 4: JuanDiego7 folded before Flop (didn't bet)
Seat 5: Isabella1312 folded before Flop (didn't bet)
Seat 6: Victor151886 folded before Flop (didn't bet)
Seat 7: Nick See11 folded before Flop (didn't bet)
Seat 8: goodbyegate (button) folded before Flop (didn't bet)



PokerStars Hand #227416697470:  Hold'em No Limit ($0.01/$0.02 USD) - 2021/06/07 20:04:49 PT [2021/06/07 23:04:49 ET]
Table 'Euphemia II' 9-max Seat #1 is the button
Seat 1: MCAS1994 ($3.06 in chips) 
Seat 2: etienne16671 ($2.61 in chips) 
Seat 3: Dorex2007 ($1.98 in chips) 
Seat 4: JuanDiego7 ($2.04 in chips) 
Seat 5: Isabella1312 ($1.50 in chips) 
Seat 6: Victor151886 ($2 in chips) 
Seat 7: Nick See11 ($3.82 in chips) 
Seat 8: goodbyegate ($0.31 in chips) 
etienne16671: posts small blind $0.01
Dorex2007: posts big blind $0.02
*** HOLE CARDS ***
Dealt to Dorex2007 [9c 9h]
JuanDiego7: folds 
Isabella1312: folds 
Victor151886: folds 
Nick See11: folds 
goodbyegate: folds 
MCAS1994: raises $0.04 to $0.06
etienne16671: calls $0.05
Dorex2007: calls $0.04
*** FLOP *** [2h 2d 4s]
etienne16671: checks 
Dorex2007: bets $0.17
MCAS1994: folds 
etienne16671: folds 
Uncalled bet ($0.17) returned to Dorex2007
Dorex2007 collected $0.17 from pot
Dorex2007: doesn't show hand 
*** SUMMARY ***
Total pot $0.18 | Rake $0.01 
Board [2h 2d 4s]
Seat 1: MCAS1994 (button) folded on the Flop
Seat 2: etienne16671 (small blind) folded on the Flop
Seat 3: Dorex2007 (big blind) collected ($0.17)
Seat 4: JuanDiego7 folded before Flop (didn't bet)
Seat 5: Isabella1312 folded before Flop (didn't bet)
Seat 6: Victor151886 folded before Flop (didn't bet)
Seat 7: Nick See11 folded before Flop (didn't bet)
Seat 8: goodbyegate folded before Flop (didn't bet)



PokerStars Hand #227416705243:  Hold'em No Limit ($0.01/$0.02 USD) - 2021/06/07 20:05:30 PT [2021/06/07 23:05:30 ET]
Table 'Euphemia II' 9-max Seat #2 is the button
Seat 1: MCAS1994 ($3 in chips) 
Seat 2: etienne16671 ($2.55 in chips) 
Seat 3: Dorex2007 ($2.09 in chips) 
Seat 4: JuanDiego7 ($2.04 in chips) 
Seat 5: Isabella1312 ($1.50 in chips) 
Seat 6: Victor151886 ($2 in chips) 
Seat 7: Nick See11 ($3.82 in chips) 
Seat 8: goodbyegate ($0.31 in chips) 
Dorex2007: posts small blind $0.01
JuanDiego7: posts big blind $0.02
*** HOLE CARDS ***
Dealt to Dorex2007 [Kc 6s]
Isabella1312: raises $0.04 to $0.06
Victor151886: folds 
Nick See11: folds 
goodbyegate: folds 
MCAS1994: folds 
etienne16671: folds 
Dorex2007: folds 
JuanDiego7: folds 
Uncalled bet ($0.04) returned to Isabella1312
Isabella1312 collected $0.05 from pot
Isabella1312: doesn't show hand 
*** SUMMARY ***
Total pot $0.05 | Rake $0 
Seat 1: MCAS1994 folded before Flop (didn't bet)
Seat 2: etienne16671 (button) folded before Flop (didn't bet)
Seat 3: Dorex2007 (small blind) folded before Flop
Seat 4: JuanDiego7 (big blind) folded before Flop
Seat 5: Isabella1312 collected ($0.05)
Seat 6: Victor151886 folded before Flop (didn't bet)
Seat 7: Nick See11 folded before Flop (didn't bet)
Seat 8: goodbyegate folded before Flop (didn't bet)



PokerStars Hand #227416711109:  Hold'em No Limit ($0.01/$0.02 USD) - 2021/06/07 20:06:00 PT [2021/06/07 23:06:00 ET]
Table 'Euphemia II' 9-max Seat #3 is the button
Seat 1: MCAS1994 ($3 in chips) 
Seat 2: etienne16671 ($2.55 in chips) 
Seat 3: Dorex2007 ($2.08 in chips) 
Seat 4: JuanDiego7 ($2.02 in chips) 
Seat 5: Isabella1312 ($1.53 in chips) 
Seat 6: Victor151886 ($2 in chips) 
Seat 7: Nick See11 ($3.82 in chips) 
Seat 8: goodbyegate ($0.31 in chips) 
JuanDiego7: posts small blind $0.01
Isabella1312: posts big blind $0.02
*** HOLE CARDS ***
Dealt to Dorex2007 [Tc 6d]
Victor151886: raises $0.03 to $0.05
Nick See11: calls $0.05
goodbyegate: folds 
MCAS1994: raises $0.18 to $0.23
etienne16671: folds 
Dorex2007: folds 
JuanDiego7: folds 
Isabella1312: folds 
Victor151886: folds 
Nick See11: calls $0.18
*** FLOP *** [Ad 7c Th]
Nick See11: checks 
MCAS1994: bets $0.26
Nick See11: calls $0.26
*** TURN *** [Ad 7c Th] [8h]
Nick See11: checks 
MCAS1994: bets $0.51
Nick See11: calls $0.51
*** RIVER *** [Ad 7c Th 8h] [9h]
Nick See11: checks 
MCAS1994: checks 
*** SHOW DOWN ***
Nick See11: shows [4s As] (a pair of Aces)
MCAS1994: shows [Js Ac] (a straight, Seven to Jack)
MCAS1994 collected $2.01 from pot
*** SUMMARY ***
Total pot $2.08 | Rake $0.07 
Board [Ad 7c Th 8h 9h]
Seat 1: MCAS1994 showed [Js Ac] and won ($2.01) with a straight, Seven to Jack
Seat 2: etienne16671 folded before Flop (didn't bet)
Seat 3: Dorex2007 (button) folded before Flop (didn't bet)
Seat 4: JuanDiego7 (small blind) folded before Flop
Seat 5: Isabella1312 (big blind) folded before Flop
Seat 6: Victor151886 folded before Flop
Seat 7: Nick See11 showed [4s As] and lost with a pair of Aces
Seat 8: goodbyegate folded before Flop (didn't bet)



PokerStars Hand #227416721626:  Hold'em No Limit ($0.01/$0.02 USD) - 2021/06/07 20:06:55 PT [2021/06/07 23:06:55 ET]
Table 'Euphemia II' 9-max Seat #4 is the button
Seat 1: MCAS1994 ($4.01 in chips) 
Seat 3: Dorex2007 ($2.08 in chips) 
Seat 4: JuanDiego7 ($2.01 in chips) 
Seat 5: Isabella1312 ($1.51 in chips) 
Seat 6: Victor151886 ($2 in chips) 
Seat 7: Nick See11 ($2.82 in chips) 
Seat 8: goodbyegate ($0.31 in chips) 
Isabella1312: posts small blind $0.01
Victor151886: posts big blind $0.02
*** HOLE CARDS ***
Dealt to Dorex2007 [7h Ad]
Nick See11: calls $0.02
goodbyegate: folds 
MCAS1994: folds 
Dorex2007: folds 
JuanDiego7: folds 
Isabella1312: folds 
Victor151886: checks 
*** FLOP *** [8s 9s As]
Victor151886: checks 
Nick See11: bets $2.80 and is all-in
Victor151886: folds 
Uncalled bet ($2.80) returned to Nick See11
Nick See11 collected $0.05 from pot
Nick See11: doesn't show hand 
*** SUMMARY ***
Total pot $0.05 | Rake $0 
Board [8s 9s As]
Seat 1: MCAS1994 folded before Flop (didn't bet)
Seat 3: Dorex2007 folded before Flop (didn't bet)
Seat 4: JuanDiego7 (button) folded before Flop (didn't bet)
Seat 5: Isabella1312 (small blind) folded before Flop
Seat 6: Victor151886 (big blind) folded on the Flop
Seat 7: Nick See11 collected ($0.05)
Seat 8: goodbyegate folded before Flop (didn't bet)



PokerStars Hand #227416726514:  Hold'em No Limit ($0.01/$0.02 USD) - 2021/06/07 20:07:21 PT [2021/06/07 23:07:21 ET]
Table 'Euphemia II' 9-max Seat #5 is the button
Seat 1: MCAS1994 ($4.01 in chips) 
Seat 3: Dorex2007 ($2.08 in chips) 
Seat 4: JuanDiego7 ($2.01 in chips) 
Seat 5: Isabella1312 ($1.50 in chips) 
Seat 6: Victor151886 ($2 in chips) 
Seat 7: Nick See11 ($2.85 in chips) 
Seat 8: goodbyegate ($0.31 in chips) 
Victor151886: posts small blind $0.01
Nick See11: posts big blind $0.02
*** HOLE CARDS ***
Dealt to Dorex2007 [Qc 4s]
goodbyegate: calls $0.02
MCAS1994: folds 
Dorex2007: folds 
JuanDiego7: folds 
Isabella1312: calls $0.02
Victor151886: raises $0.08 to $0.10
Nick See11: calls $0.08
goodbyegate: folds 
Isabella1312: folds 
*** FLOP *** [5d 3s Js]
Victor151886: bets $0.12
Nick See11: folds 
Uncalled bet ($0.12) returned to Victor151886
Victor151886 collected $0.23 from pot
Victor151886: doesn't show hand 
*** SUMMARY ***
Total pot $0.24 | Rake $0.01 
Board [5d 3s Js]
Seat 1: MCAS1994 folded before Flop (didn't bet)
Seat 3: Dorex2007 folded before Flop (didn't bet)
Seat 4: JuanDiego7 folded before Flop (didn't bet)
Seat 5: Isabella1312 (button) folded before Flop
Seat 6: Victor151886 (small blind) collected ($0.23)
Seat 7: Nick See11 (big blind) folded on the Flop
Seat 8: goodbyegate folded before Flop



PokerStars Hand #227416734378:  Hold'em No Limit ($0.01/$0.02 USD) - 2021/06/07 20:08:02 PT [2021/06/07 23:08:02 ET]
Table 'Euphemia II' 9-max Seat #6 is the button
Seat 1: MCAS1994 ($4.01 in chips) 
Seat 2: etienne16671 ($2.55 in chips) 
Seat 3: Dorex2007 ($2.08 in chips) 
Seat 4: JuanDiego7 ($2.01 in chips) 
Seat 5: Isabella1312 ($1.48 in chips) 
Seat 6: Victor151886 ($2.13 in chips) 
Seat 7: Nick See11 ($2.75 in chips) 
Seat 8: goodbyegate ($0.29 in chips) 
Nick See11: posts small blind $0.01
goodbyegate: posts big blind $0.02
*** HOLE CARDS ***
Dealt to Dorex2007 [Qh Th]
MCAS1994: raises $0.04 to $0.06
etienne16671: folds 
Dorex2007: folds 
JuanDiego7: folds 
Isabella1312: folds 
Victor151886: raises $0.12 to $0.18
Nick See11: folds 
goodbyegate: raises $0.11 to $0.29 and is all-in
MCAS1994: folds 
Victor151886: calls $0.11
*** FLOP *** [Qs Ts 8c]
*** TURN *** [Qs Ts 8c] [Qd]
*** RIVER *** [Qs Ts 8c Qd] [7s]
*** SHOW DOWN ***
goodbyegate: shows [8s 4s] (a flush, Queen high)
Victor151886: shows [Kc Ks] (two pair, Kings and Queens)
goodbyegate collected $0.63 from pot
*** SUMMARY ***
Total pot $0.65 | Rake $0.02 
Board [Qs Ts 8c Qd 7s]
Seat 1: MCAS1994 folded before Flop
Seat 2: etienne16671 folded before Flop (didn't bet)
Seat 3: Dorex2007 folded before Flop (didn't bet)
Seat 4: JuanDiego7 folded before Flop (didn't bet)
Seat 5: Isabella1312 folded before Flop (didn't bet)
Seat 6: Victor151886 (button) showed [Kc Ks] and lost with two pair, Kings and Queens
Seat 7: Nick See11 (small blind) folded before Flop
Seat 8: goodbyegate (big blind) showed [8s 4s] and won ($0.63) with a flush, Queen high



PokerStars Hand #227416744263:  Hold'em No Limit ($0.01/$0.02 USD) - 2021/06/07 20:08:53 PT [2021/06/07 23:08:53 ET]
Table 'Euphemia II' 9-max Seat #7 is the button
Seat 1: MCAS1994 ($3.95 in chips) 
Seat 2: etienne16671 ($2.55 in chips) 
Seat 3: Dorex2007 ($2.08 in chips) 
Seat 4: JuanDiego7 ($2.01 in chips) 
Seat 5: Isabella1312 ($1.48 in chips) 
Seat 6: Victor151886 ($2 in chips) 
Seat 7: Nick See11 ($2.74 in chips) 
Seat 8: goodbyegate ($0.63 in chips) 
goodbyegate: posts small blind $0.01
MCAS1994: posts big blind $0.02
*** HOLE CARDS ***
Dealt to Dorex2007 [Jd 3d]
etienne16671: folds 
Dorex2007: folds 
JuanDiego7: folds 
Isabella1312: raises $0.03 to $0.05
Victor151886: folds 
Nick See11: calls $0.05
goodbyegate: calls $0.04
MCAS1994: folds 
*** FLOP *** [Ac Jc Qh]
goodbyegate: checks 
Isabella1312: bets $0.07
Nick See11: folds 
goodbyegate: folds 
Uncalled bet ($0.07) returned to Isabella1312
Isabella1312 collected $0.16 from pot
Isabella1312: doesn't show hand 
*** SUMMARY ***
Total pot $0.17 | Rake $0.01 
Board [Ac Jc Qh]
Seat 1: MCAS1994 (big blind) folded before Flop
Seat 2: etienne16671 folded before Flop (didn't bet)
Seat 3: Dorex2007 folded before Flop (didn't bet)
Seat 4: JuanDiego7 folded before Flop (didn't bet)
Seat 5: Isabella1312 collected ($0.16)
Seat 6: Victor151886 folded before Flop (didn't bet)
Seat 7: Nick See11 (button) folded on the Flop
Seat 8: goodbyegate (small blind) folded on the Flop



PokerStars Hand #227416760474:  Hold'em No Limit ($0.01/$0.02 USD) - 2021/06/07 20:09:33 PT [2021/06/07 23:09:33 ET]
Table 'Euphemia II' 9-max Seat #8 is the button
Seat 1: MCAS1994 ($3.93 in chips) 
Seat 2: etienne16671 ($2.55 in chips) 
Seat 3: Dorex2007 ($2.08 in chips) 
Seat 4: JuanDiego7 ($2.01 in chips) 
Seat 5: Isabella1312 ($1.59 in chips) 
Seat 6: Victor151886 ($2 in chips) 
Seat 7: Nick See11 ($2.69 in chips) 
Seat 8: goodbyegate ($0.58 in chips) 
MCAS1994: posts small blind $0.01
etienne16671: posts big blind $0.02
*** HOLE CARDS ***
Dealt to Dorex2007 [Qs 8s]
Dorex2007: folds 
JuanDiego7: folds 
Isabella1312: calls $0.02
Victor151886: calls $0.02
Nick See11: calls $0.02
goodbyegate: raises $0.08 to $0.10
MCAS1994: calls $0.09
etienne16671: folds 
Isabella1312: folds 
Victor151886: calls $0.08
Nick See11: calls $0.08
*** FLOP *** [Ah As 3h]
MCAS1994: checks 
Victor151886: checks 
Nick See11: checks 
goodbyegate: bets $0.48 and is all-in
MCAS1994: folds 
Victor151886: folds 
Nick See11: calls $0.48
*** TURN *** [Ah As 3h] [2h]
*** RIVER *** [Ah As 3h 2h] [5s]
*** SHOW DOWN ***
Nick See11: shows [Kh 9h] (a flush, Ace high)
goodbyegate: shows [Ac Tc] (three of a kind, Aces)
Nick See11 collected $1.35 from pot
*** SUMMARY ***
Total pot $1.40 | Rake $0.05 
Board [Ah As 3h 2h 5s]
Seat 1: MCAS1994 (small blind) folded on the Flop
Seat 2: etienne16671 (big blind) folded before Flop
Seat 3: Dorex2007 folded before Flop (didn't bet)
Seat 4: JuanDiego7 folded before Flop (didn't bet)
Seat 5: Isabella1312 folded before Flop
Seat 6: Victor151886 folded on the Flop
Seat 7: Nick See11 showed [Kh 9h] and won ($1.35) with a flush, Ace high
Seat 8: goodbyegate (button) showed [Ac Tc] and lost with three of a kind, Aces



PokerStars Hand #227416773623:  Hold'em No Limit ($0.01/$0.02 USD) - 2021/06/07 20:10:42 PT [2021/06/07 23:10:42 ET]
Table 'Euphemia II' 9-max Seat #1 is the button
Seat 1: MCAS1994 ($3.83 in chips) 
Seat 2: etienne16671 ($2.53 in chips) 
Seat 3: Dorex2007 ($2.08 in chips) 
Seat 5: Isabella1312 ($1.57 in chips) 
Seat 6: Victor151886 ($2 in chips) 
Seat 7: Nick See11 ($3.46 in chips) 
etienne16671: posts small blind $0.01
Dorex2007: posts big blind $0.02
*** HOLE CARDS ***
Dealt to Dorex2007 [5s As]
Isabella1312: raises $0.02 to $0.04
Victor151886: calls $0.04
Nick See11: folds 
MCAS1994: folds 
etienne16671: calls $0.03
Dorex2007: calls $0.02
*** FLOP *** [3c 2d 7h]
etienne16671: checks 
Dorex2007: bets $0.08
Isabella1312: folds 
Victor151886: calls $0.08
etienne16671: folds 
*** TURN *** [3c 2d 7h] [Jh]
Dorex2007: checks 
goodbyegate leaves the table
Victor151886: bets $0.16
Dorex2007: folds 
Uncalled bet ($0.16) returned to Victor151886
Victor151886 collected $0.31 from pot
Victor151886: doesn't show hand 
*** SUMMARY ***
Total pot $0.32 | Rake $0.01 
Board [3c 2d 7h Jh]
Seat 1: MCAS1994 (button) folded before Flop (didn't bet)
Seat 2: etienne16671 (small blind) folded on the Flop
Seat 3: Dorex2007 (big blind) folded on the Turn
Seat 5: Isabella1312 folded on the Flop
Seat 6: Victor151886 collected ($0.31)
Seat 7: Nick See11 folded before Flop (didn't bet)



PokerStars Hand #227416781721:  Hold'em No Limit ($0.01/$0.02 USD) - 2021/06/07 20:11:24 PT [2021/06/07 23:11:24 ET]
Table 'Euphemia II' 9-max Seat #2 is the button
Seat 1: MCAS1994 ($3.83 in chips) 
Seat 2: etienne16671 ($2.49 in chips) 
Seat 3: Dorex2007 ($1.96 in chips) 
Seat 5: Isabella1312 ($1.53 in chips) 
Seat 6: Victor151886 ($2.19 in chips) 
Seat 7: Nick See11 ($3.46 in chips) 
Dorex2007: posts small blind $0.01
Isabella1312: posts big blind $0.02
*** HOLE CARDS ***
Dealt to Dorex2007 [Qh Jd]
Xósem joins the table at seat #8 
Victor151886: folds 
Nick See11 has timed out
Nick See11: folds 
MCAS1994: folds 
etienne16671: raises $0.05 to $0.07
Dorex2007: calls $0.06
Isabella1312: folds 
*** FLOP *** [Jc 2h 7c]
Dorex2007: checks 
etienne16671: bets $0.12
Dorex2007: raises $0.39 to $0.51
etienne16671: folds 
Uncalled bet ($0.39) returned to Dorex2007
Dorex2007 collected $0.39 from pot
Dorex2007: doesn't show hand 
*** SUMMARY ***
Total pot $0.40 | Rake $0.01 
Board [Jc 2h 7c]
Seat 1: MCAS1994 folded before Flop (didn't bet)
Seat 2: etienne16671 (button) folded on the Flop
Seat 3: Dorex2007 (small blind) collected ($0.39)
Seat 5: Isabella1312 (big blind) folded before Flop
Seat 6: Victor151886 folded before Flop (didn't bet)
Seat 7: Nick See11 folded before Flop (didn't bet)



PokerStars Hand #227416793733:  Hold'em No Limit ($0.01/$0.02 USD) - 2021/06/07 20:12:28 PT [2021/06/07 23:12:28 ET]
Table 'Euphemia II' 9-max Seat #3 is the button
Seat 1: MCAS1994 ($3.83 in chips) 
Seat 2: etienne16671 ($2.30 in chips) 
Seat 3: Dorex2007 ($2.16 in chips) 
Seat 5: Isabella1312 ($1.51 in chips) 
Seat 6: Victor151886 ($2.19 in chips) 
Seat 7: Nick See11 ($3.46 in chips) 
Isabella1312: posts small blind $0.01
Victor151886: posts big blind $0.02
Xósem: sits out 
*** HOLE CARDS ***
Dealt to Dorex2007 [3s Ks]
Nick See11 is disconnected 
Nick See11 has timed out while being disconnected
Nick See11: folds 
MCAS1994: folds 
etienne16671: folds 
Dorex2007: folds 
Isabella1312: calls $0.01
Victor151886: checks 
*** FLOP *** [As 8d 6c]
Isabella1312: bets $0.04
Victor151886: folds 
Uncalled bet ($0.04) returned to Isabella1312
Isabella1312 collected $0.04 from pot
Isabella1312: doesn't show hand 
*** SUMMARY ***
Total pot $0.04 | Rake $0 
Board [As 8d 6c]
Seat 1: MCAS1994 folded before Flop (didn't bet)
Seat 2: etienne16671 folded before Flop (didn't bet)
Seat 3: Dorex2007 (button) folded before Flop (didn't bet)
Seat 5: Isabella1312 (small blind) collected ($0.04)
Seat 6: Victor151886 (big blind) folded on the Flop
Seat 7: Nick See11 folded before Flop (didn't bet)



PokerStars Hand #227416803962:  Hold'em No Limit ($0.01/$0.02 USD) - 2021/06/07 20:13:22 PT [2021/06/07 23:13:22 ET]
Table 'Euphemia II' 9-max Seat #5 is the button
Seat 1: MCAS1994 ($3.83 in chips) 
Seat 2: etienne16671 ($2.30 in chips) 
Seat 3: Dorex2007 ($2.16 in chips) 
Seat 5: Isabella1312 ($1.53 in chips) 
Seat 6: Victor151886 ($2.17 in chips) 
Seat 8: Xósem ($1 in chips) 
Victor151886: posts small blind $0.01
Xósem: posts big blind $0.02
*** HOLE CARDS ***
Dealt to Dorex2007 [Kh Jc]
MCAS1994: folds 
etienne16671: raises $0.05 to $0.07
Dorex2007: calls $0.07
Isabella1312: folds 
Victor151886: folds 
Xósem: calls $0.05
*** FLOP *** [8c 3d 2c]
Xósem: checks 
Isabella1312 is disconnected 
etienne16671: checks 
Dorex2007: checks 
*** TURN *** [8c 3d 2c] [9h]
Xósem: checks 
etienne16671: checks 
Dorex2007: checks 
*** RIVER *** [8c 3d 2c 9h] [Ad]
Xósem: checks 
etienne16671: bets $0.11
Dorex2007: folds 
Xósem: folds 
Uncalled bet ($0.11) returned to etienne16671
etienne16671 collected $0.21 from pot
etienne16671: doesn't show hand 
*** SUMMARY ***
Total pot $0.22 | Rake $0.01 
Board [8c 3d 2c 9h Ad]
Seat 1: MCAS1994 folded before Flop (didn't bet)
Seat 2: etienne16671 collected ($0.21)
Seat 3: Dorex2007 folded on the River
Seat 5: Isabella1312 (button) folded before Flop (didn't bet)
Seat 6: Victor151886 (small blind) folded before Flop
Seat 8: Xósem (big blind) folded on the River



PokerStars Hand #227416815535:  Hold'em No Limit ($0.01/$0.02 USD) - 2021/06/07 20:14:23 PT [2021/06/07 23:14:23 ET]
Table 'Euphemia II' 9-max Seat #6 is the button
Seat 1: MCAS1994 ($3.83 in chips) 
Seat 2: etienne16671 ($2.44 in chips) 
Seat 3: Dorex2007 ($2.09 in chips) 
Seat 5: Isabella1312 ($1.53 in chips) 
Seat 6: Victor151886 ($2.16 in chips) 
Seat 8: Xósem ($0.93 in chips) 
Xósem: posts small blind $0.01
MCAS1994: posts big blind $0.02
*** HOLE CARDS ***
Dealt to Dorex2007 [4s 7s]
etienne16671: calls $0.02
Dorex2007: folds 
Isabella1312 has timed out while disconnected
Isabella1312: folds 
Victor151886: raises $0.03 to $0.05
Xósem: folds 
MCAS1994: calls $0.03
etienne16671: calls $0.03
*** FLOP *** [Th 5c 7h]
MCAS1994: checks 
etienne16671: checks 
Victor151886: bets $0.08
MCAS1994: folds 
etienne16671: calls $0.08
*** TURN *** [Th 5c 7h] [6h]
etienne16671: checks 
Victor151886: checks 
*** RIVER *** [Th 5c 7h 6h] [Jc]
etienne16671 is disconnected 
etienne16671 is connected 
etienne16671: checks 
Victor151886: bets $0.16
etienne16671: folds 
Uncalled bet ($0.16) returned to Victor151886
Victor151886 collected $0.31 from pot
Victor151886: doesn't show hand 
*** SUMMARY ***
Total pot $0.32 | Rake $0.01 
Board [Th 5c 7h 6h Jc]
Seat 1: MCAS1994 (big blind) folded on the Flop
Seat 2: etienne16671 folded on the River
Seat 3: Dorex2007 folded before Flop (didn't bet)
Seat 5: Isabella1312 folded before Flop (didn't bet)
Seat 6: Victor151886 (button) collected ($0.31)
Seat 8: Xósem (small blind) folded before Flop



PokerStars Hand #227416844295:  Hold'em No Limit ($0.01/$0.02 USD) - 2021/06/07 20:16:54 PT [2021/06/07 23:16:54 ET]
Table 'Euphemia II' 9-max Seat #8 is the button
Seat 1: MCAS1994 ($3.78 in chips) 
Seat 2: etienne16671 ($2.31 in chips) 
Seat 3: Dorex2007 ($2.09 in chips) 
Seat 6: Victor151886 ($2.34 in chips) 
Seat 7: Nick See11 ($3.46 in chips) 
Seat 8: Xósem ($0.92 in chips) 
MCAS1994: posts small blind $0.01
etienne16671: posts big blind $0.02
JuanDiego7: sits out 
Nick See11: posts small & big blinds $0.03
*** HOLE CARDS ***
Dealt to Dorex2007 [8h Kh]
Dorex2007: folds 
Victor151886: calls $0.02
Nick See11: checks 
Xósem: folds 
MCAS1994: folds 
etienne16671: checks 
*** FLOP *** [4h 5h 2s]
etienne16671 has timed out
etienne16671: checks 
Victor151886: bets $0.04
Nick See11: calls $0.04
etienne16671: calls $0.04
*** TURN *** [4h 5h 2s] [2d]
etienne16671: checks 
Victor151886: checks 
Nick See11: checks 
*** RIVER *** [4h 5h 2s 2d] [2h]
etienne16671: checks 
Victor151886: checks 
Nick See11: checks 
*** SHOW DOWN ***
etienne16671: shows [8s Ac] (three of a kind, Deuces)
Victor151886: mucks hand 
Nick See11: shows [Jh 3h] (a flush, Jack high)
Nick See11 collected $0.19 from pot
*** SUMMARY ***
Total pot $0.20 | Rake $0.01 
Board [4h 5h 2s 2d 2h]
Seat 1: MCAS1994 (small blind) folded before Flop
Seat 2: etienne16671 (big blind) showed [8s Ac] and lost with three of a kind, Deuces
Seat 3: Dorex2007 folded before Flop (didn't bet)
Seat 6: Victor151886 mucked [Td Jc]
Seat 7: Nick See11 showed [Jh 3h] and won ($0.19) with a flush, Jack high
Seat 8: Xósem (button) folded before Flop (didn't bet)



PokerStars Hand #227416857133:  Hold'em No Limit ($0.01/$0.02 USD) - 2021/06/07 20:18:02 PT [2021/06/07 23:18:02 ET]
Table 'Euphemia II' 9-max Seat #1 is the button
Seat 1: MCAS1994 ($3.77 in chips) 
Seat 2: etienne16671 ($2.25 in chips) 
Seat 3: Dorex2007 ($2.09 in chips) 
Seat 6: Victor151886 ($2.28 in chips) 
Seat 7: Nick See11 ($3.58 in chips) 
Seat 8: Xósem ($0.92 in chips) 
Seat 9: miguel fork2 ($1.49 in chips) 
etienne16671: posts small blind $0.01
Dorex2007: posts big blind $0.02
JuanDiego7: sits out 
miguel fork2: posts small & big blinds $0.03
*** HOLE CARDS ***
Dealt to Dorex2007 [4s Jh]
Victor151886: folds 
Nick See11: raises $0.08 to $0.10
Xósem: folds 
miguel fork2: folds 
MCAS1994: folds 
etienne16671: calls $0.09
Dorex2007: folds 
*** FLOP *** [Jd Jc 9s]
etienne16671: checks 
Nick See11: checks 
*** TURN *** [Jd Jc 9s] [5d]
etienne16671: checks 
Nick See11: bets $0.24
etienne16671: calls $0.24
*** RIVER *** [Jd Jc 9s 5d] [8c]
etienne16671: checks 
Nick See11: bets $0.70
etienne16671: folds 
Uncalled bet ($0.70) returned to Nick See11
Nick See11 collected $0.70 from pot
Nick See11: doesn't show hand 
*** SUMMARY ***
Total pot $0.73 | Rake $0.03 
Board [Jd Jc 9s 5d 8c]
Seat 1: MCAS1994 (button) folded before Flop (didn't bet)
Seat 2: etienne16671 (small blind) folded on the River
Seat 3: Dorex2007 (big blind) folded before Flop
Seat 6: Victor151886 folded before Flop (didn't bet)
Seat 7: Nick See11 collected ($0.70)
Seat 8: Xósem folded before Flop (didn't bet)
Seat 9: miguel fork2 folded before Flop (didn't bet)



PokerStars Hand #227416870394:  Hold'em No Limit ($0.01/$0.02 USD) - 2021/06/07 20:19:12 PT [2021/06/07 23:19:12 ET]
Table 'Euphemia II' 9-max Seat #2 is the button
Seat 1: MCAS1994 ($3.77 in chips) 
Seat 2: etienne16671 ($1.91 in chips) 
Seat 3: Dorex2007 ($2.07 in chips) 
Seat 4: JuanDiego7 ($2.01 in chips) 
Seat 6: Victor151886 ($2.28 in chips) 
Seat 7: Nick See11 ($3.94 in chips) 
Seat 8: Xósem ($0.92 in chips) 
Seat 9: miguel fork2 ($1.46 in chips) 
Dorex2007: posts small blind $0.01
JuanDiego7: posts big blind $0.02
*** HOLE CARDS ***
Dealt to Dorex2007 [Jh Qs]
Victor151886: raises $0.04 to $0.06
Nick See11: folds 
Xósem: folds 
miguel fork2: folds 
MCAS1994: folds 
etienne16671: calls $0.06
Dorex2007: folds 
JuanDiego7: folds 
*** FLOP *** [4s 8h 9c]
Victor151886: bets $0.07
etienne16671: calls $0.07
*** TURN *** [4s 8h 9c] [5h]
Victor151886: checks 
etienne16671: bets $0.14
Victor151886: calls $0.14
*** RIVER *** [4s 8h 9c 5h] [Ad]
Victor151886: checks 
etienne16671: checks 
*** SHOW DOWN ***
Victor151886: shows [Jd Td] (high card Ace)
etienne16671: shows [7s As] (a pair of Aces)
etienne16671 collected $0.55 from pot
*** SUMMARY ***
Total pot $0.57 | Rake $0.02 
Board [4s 8h 9c 5h Ad]
Seat 1: MCAS1994 folded before Flop (didn't bet)
Seat 2: etienne16671 (button) showed [7s As] and won ($0.55) with a pair of Aces
Seat 3: Dorex2007 (small blind) folded before Flop
Seat 4: JuanDiego7 (big blind) folded before Flop
Seat 6: Victor151886 showed [Jd Td] and lost with high card Ace
Seat 7: Nick See11 folded before Flop (didn't bet)
Seat 8: Xósem folded before Flop (didn't bet)
Seat 9: miguel fork2 folded before Flop (didn't bet)



PokerStars Hand #227416893219:  Hold'em No Limit ($0.01/$0.02 USD) - 2021/06/07 20:20:38 PT [2021/06/07 23:20:38 ET]
Table 'Euphemia II' 9-max Seat #3 is the button
Seat 1: MCAS1994 ($3.77 in chips) 
Seat 2: etienne16671 ($2.19 in chips) 
Seat 3: Dorex2007 ($2.06 in chips) 
Seat 4: JuanDiego7 ($1.99 in chips) 
Seat 6: Victor151886 ($2.01 in chips) 
Seat 7: Nick See11 ($3.94 in chips) 
Seat 8: Xósem ($0.92 in chips) 
Seat 9: miguel fork2 ($1.46 in chips) 
JuanDiego7: posts small blind $0.01
Victor151886: posts big blind $0.02
*** HOLE CARDS ***
Dealt to Dorex2007 [9c 4d]
Nick See11: folds 
Xósem: folds 
miguel fork2: folds 
MCAS1994: folds 
etienne16671: folds 
Dorex2007: folds 
JuanDiego7: folds 
Uncalled bet ($0.01) returned to Victor151886
Victor151886 collected $0.02 from pot
Victor151886: doesn't show hand 
*** SUMMARY ***
Total pot $0.02 | Rake $0 
Seat 1: MCAS1994 folded before Flop (didn't bet)
Seat 2: etienne16671 folded before Flop (didn't bet)
Seat 3: Dorex2007 (button) folded before Flop (didn't bet)
Seat 4: JuanDiego7 (small blind) folded before Flop
Seat 6: Victor151886 (big blind) collected ($0.02)
Seat 7: Nick See11 folded before Flop (didn't bet)
Seat 8: Xósem folded before Flop (didn't bet)
Seat 9: miguel fork2 folded before Flop (didn't bet)



PokerStars Hand #227416895602:  Hold'em No Limit ($0.01/$0.02 USD) - 2021/06/07 20:20:51 PT [2021/06/07 23:20:51 ET]
Table 'Euphemia II' 9-max Seat #4 is the button
Seat 1: MCAS1994 ($3.77 in chips) 
Seat 2: etienne16671 ($2.19 in chips) 
Seat 3: Dorex2007 ($2.06 in chips) 
Seat 4: JuanDiego7 ($1.98 in chips) 
Seat 6: Victor151886 ($2.02 in chips) 
Seat 7: Nick See11 ($3.94 in chips) 
Seat 8: Xósem ($0.92 in chips) 
Seat 9: miguel fork2 ($1.46 in chips) 
Victor151886: posts small blind $0.01
Nick See11: posts big blind $0.02
*** HOLE CARDS ***
Dealt to Dorex2007 [4d Ts]
Xósem: folds 
miguel fork2: folds 
MCAS1994: raises $0.04 to $0.06
etienne16671: calls $0.06
Dorex2007: folds 
JuanDiego7: folds 
Victor151886: calls $0.05
Nick See11: folds 
*** FLOP *** [Ac Td 7c]
Victor151886: checks 
MCAS1994: bets $0.10
etienne16671: calls $0.10
Victor151886: raises $0.20 to $0.30
MCAS1994: calls $0.20
etienne16671: calls $0.20
*** TURN *** [Ac Td 7c] [Qh]
Victor151886: checks 
MCAS1994: checks 
etienne16671: bets $0.53
Victor151886: folds 
MCAS1994: calls $0.53
*** RIVER *** [Ac Td 7c Qh] [3h]
MCAS1994: checks 
etienne16671: bets $0.80
MCAS1994: calls $0.80
*** SHOW DOWN ***
etienne16671: shows [Tc Qc] (two pair, Queens and Tens)
MCAS1994: mucks hand 
etienne16671 collected $3.63 from pot
*** SUMMARY ***
Total pot $3.76 | Rake $0.13 
Board [Ac Td 7c Qh 3h]
Seat 1: MCAS1994 mucked [5s As]
Seat 2: etienne16671 showed [Tc Qc] and won ($3.63) with two pair, Queens and Tens
Seat 3: Dorex2007 folded before Flop (didn't bet)
Seat 4: JuanDiego7 (button) folded before Flop (didn't bet)
Seat 6: Victor151886 (small blind) folded on the Turn
Seat 7: Nick See11 (big blind) folded before Flop
Seat 8: Xósem folded before Flop (didn't bet)
Seat 9: miguel fork2 folded before Flop (didn't bet)



PokerStars Hand #227416910142:  Hold'em No Limit ($0.01/$0.02 USD) - 2021/06/07 20:22:09 PT [2021/06/07 23:22:09 ET]
Table 'Euphemia II' 9-max Seat #6 is the button
Seat 1: MCAS1994 ($2.08 in chips) 
Seat 2: etienne16671 ($4.13 in chips) 
Seat 3: Dorex2007 ($2.06 in chips) 
Seat 4: JuanDiego7 ($1.98 in chips) 
Seat 6: Victor151886 ($2 in chips) 
Seat 7: Nick See11 ($3.92 in chips) 
Seat 8: Xósem ($0.92 in chips) 
Seat 9: miguel fork2 ($1.46 in chips) 
Nick See11: posts small blind $0.01
Xósem: posts big blind $0.02
*** HOLE CARDS ***
Dealt to Dorex2007 [Ah 7d]
miguel fork2: folds 
MCAS1994: folds 
etienne16671: folds 
Dorex2007: folds 
JuanDiego7: folds 
Victor151886: raises $0.03 to $0.05
Nick See11: folds 
Xósem: folds 
Uncalled bet ($0.03) returned to Victor151886
Victor151886 collected $0.05 from pot
Victor151886: doesn't show hand 
*** SUMMARY ***
Total pot $0.05 | Rake $0 
Seat 1: MCAS1994 folded before Flop (didn't bet)
Seat 2: etienne16671 folded before Flop (didn't bet)
Seat 3: Dorex2007 folded before Flop (didn't bet)
Seat 4: JuanDiego7 folded before Flop (didn't bet)
Seat 6: Victor151886 (button) collected ($0.05)
Seat 7: Nick See11 (small blind) folded before Flop
Seat 8: Xósem (big blind) folded before Flop
Seat 9: miguel fork2 folded before Flop (didn't bet)



PokerStars Hand #227416915481:  Hold'em No Limit ($0.01/$0.02 USD) - 2021/06/07 20:22:38 PT [2021/06/07 23:22:38 ET]
Table 'Euphemia II' 9-max Seat #7 is the button
Seat 1: MCAS1994 ($2.08 in chips) 
Seat 2: etienne16671 ($4.13 in chips) 
Seat 3: Dorex2007 ($2.06 in chips) 
Seat 4: JuanDiego7 ($1.98 in chips) 
Seat 6: Victor151886 ($2.03 in chips) 
Seat 7: Nick See11 ($3.91 in chips) 
Seat 8: Xósem ($0.90 in chips) 
Seat 9: miguel fork2 ($1.46 in chips) 
Xósem: posts small blind $0.01
miguel fork2: posts big blind $0.02
*** HOLE CARDS ***
Dealt to Dorex2007 [3c 9h]
MCAS1994: raises $0.04 to $0.06
etienne16671: folds 
Dorex2007: folds 
JuanDiego7: folds 
Victor151886: folds 
Nick See11: folds 
Xósem: folds 
miguel fork2: folds 
Uncalled bet ($0.04) returned to MCAS1994
MCAS1994 collected $0.05 from pot
*** SUMMARY ***
Total pot $0.05 | Rake $0 
Seat 1: MCAS1994 collected ($0.05)
Seat 2: etienne16671 folded before Flop (didn't bet)
Seat 3: Dorex2007 folded before Flop (didn't bet)
Seat 4: JuanDiego7 folded before Flop (didn't bet)
Seat 6: Victor151886 folded before Flop (didn't bet)
Seat 7: Nick See11 (button) folded before Flop (didn't bet)
Seat 8: Xósem (small blind) folded before Flop
Seat 9: miguel fork2 (big blind) folded before Flop



PokerStars Hand #227416917932:  Hold'em No Limit ($0.01/$0.02 USD) - 2021/06/07 20:22:51 PT [2021/06/07 23:22:51 ET]
Table 'Euphemia II' 9-max Seat #8 is the button
Seat 1: MCAS1994 ($2.11 in chips) 
Seat 2: etienne16671 ($4.13 in chips) 
Seat 3: Dorex2007 ($2.06 in chips) 
Seat 4: JuanDiego7 ($1.98 in chips) 
Seat 6: Victor151886 ($2.03 in chips) 
Seat 7: Nick See11 ($3.91 in chips) 
Seat 8: Xósem ($0.89 in chips) 
Seat 9: miguel fork2 ($1.44 in chips) 
miguel fork2: posts small blind $0.01
MCAS1994: posts big blind $0.02
*** HOLE CARDS ***
Dealt to Dorex2007 [7d 9s]
etienne16671: folds 
Dorex2007: folds 
JuanDiego7: folds 
Victor151886: raises $0.04 to $0.06
Nick See11: folds 
Xósem: folds 
miguel fork2: folds 
MCAS1994: raises $0.14 to $0.20
Victor151886: calls $0.14
*** FLOP *** [Jc Jd Ks]
MCAS1994: bets $0.20
Victor151886: raises $0.20 to $0.40
MCAS1994: calls $0.20
*** TURN *** [Jc Jd Ks] [3h]
MCAS1994: checks 
Victor151886: bets $0.88
MCAS1994: folds 
Uncalled bet ($0.88) returned to Victor151886
Victor151886 collected $1.17 from pot
Victor151886: doesn't show hand 
*** SUMMARY ***
Total pot $1.21 | Rake $0.04 
Board [Jc Jd Ks 3h]
Seat 1: MCAS1994 (big blind) folded on the Turn
Seat 2: etienne16671 folded before Flop (didn't bet)
Seat 3: Dorex2007 folded before Flop (didn't bet)
Seat 4: JuanDiego7 folded before Flop (didn't bet)
Seat 6: Victor151886 collected ($1.17)
Seat 7: Nick See11 folded before Flop (didn't bet)
Seat 8: Xósem (button) folded before Flop (didn't bet)
Seat 9: miguel fork2 (small blind) folded before Flop



PokerStars Hand #227416925966:  Hold'em No Limit ($0.01/$0.02 USD) - 2021/06/07 20:23:34 PT [2021/06/07 23:23:34 ET]
Table 'Euphemia II' 9-max Seat #9 is the button
Seat 1: MCAS1994 ($1.51 in chips) 
Seat 2: etienne16671 ($4.13 in chips) 
Seat 3: Dorex2007 ($2.06 in chips) 
Seat 4: JuanDiego7 ($1.98 in chips) 
Seat 6: Victor151886 ($2.60 in chips) 
Seat 7: Nick See11 ($3.91 in chips) 
Seat 8: Xósem ($0.89 in chips) 
Seat 9: miguel fork2 ($1.43 in chips) 
MCAS1994: posts small blind $0.01
etienne16671: posts big blind $0.02
*** HOLE CARDS ***
Dealt to Dorex2007 [Qs Kh]
Dorex2007: folds 
JuanDiego7: folds 
Victor151886: folds 
Nick See11: folds 
Xósem: folds 
miguel fork2: folds 
Isabella1312 leaves the table
MCAS1994: raises $0.04 to $0.06
etienne16671: calls $0.04
*** FLOP *** [Qc 5h Td]
MCAS1994: bets $0.06
etienne16671: folds 
Uncalled bet ($0.06) returned to MCAS1994
MCAS1994 collected $0.12 from pot
*** SUMMARY ***
Total pot $0.12 | Rake $0 
Board [Qc 5h Td]
Seat 1: MCAS1994 (small blind) collected ($0.12)
Seat 2: etienne16671 (big blind) folded on the Flop
Seat 3: Dorex2007 folded before Flop (didn't bet)
Seat 4: JuanDiego7 folded before Flop (didn't bet)
Seat 6: Victor151886 folded before Flop (didn't bet)
Seat 7: Nick See11 folded before Flop (didn't bet)
Seat 8: Xósem folded before Flop (didn't bet)
Seat 9: miguel fork2 (button) folded before Flop (didn't bet)



PokerStars Hand #227416930991:  Hold'em No Limit ($0.01/$0.02 USD) - 2021/06/07 20:24:01 PT [2021/06/07 23:24:01 ET]
Table 'Euphemia II' 9-max Seat #1 is the button
Seat 1: MCAS1994 ($1.57 in chips) 
Seat 2: etienne16671 ($4.07 in chips) 
Seat 3: Dorex2007 ($2.06 in chips) 
Seat 4: JuanDiego7 ($1.98 in chips) 
Seat 6: Victor151886 ($2.60 in chips) 
Seat 7: Nick See11 ($3.91 in chips) 
Seat 8: Xósem ($0.89 in chips) 
Seat 9: miguel fork2 ($1.43 in chips) 
etienne16671: posts small blind $0.01
Dorex2007: posts big blind $0.02
*** HOLE CARDS ***
Dealt to Dorex2007 [8c 3c]
JuanDiego7: raises $0.02 to $0.04
Victor151886: calls $0.04
Nick See11: folds 
Xósem: folds 
miguel fork2: calls $0.04
MCAS1994: folds 
etienne16671: calls $0.03
Dorex2007: folds 
*** FLOP *** [2h Tc Kc]
etienne16671: checks 
JuanDiego7: checks 
Victor151886: bets $0.06
miguel fork2: raises $0.06 to $0.12
BiM-WiNNeR joins the table at seat #5 
etienne16671: folds 
JuanDiego7: folds 
Victor151886: calls $0.06
*** TURN *** [2h Tc Kc] [6c]
Victor151886: checks 
miguel fork2: bets $0.18
Victor151886: folds 
Uncalled bet ($0.18) returned to miguel fork2
miguel fork2 collected $0.41 from pot
miguel fork2: doesn't show hand 
*** SUMMARY ***
Total pot $0.42 | Rake $0.01 
Board [2h Tc Kc 6c]
Seat 1: MCAS1994 (button) folded before Flop (didn't bet)
Seat 2: etienne16671 (small blind) folded on the Flop
Seat 3: Dorex2007 (big blind) folded before Flop
Seat 4: JuanDiego7 folded on the Flop
Seat 6: Victor151886 folded on the Turn
Seat 7: Nick See11 folded before Flop (didn't bet)
Seat 8: Xósem folded before Flop (didn't bet)
Seat 9: miguel fork2 collected ($0.41)



PokerStars Hand #227416942913:  Hold'em No Limit ($0.01/$0.02 USD) - 2021/06/07 20:25:04 PT [2021/06/07 23:25:04 ET]
Table 'Euphemia II' 9-max Seat #2 is the button
Seat 1: MCAS1994 ($1.57 in chips) 
Seat 2: etienne16671 ($4.03 in chips) 
Seat 3: Dorex2007 ($2.04 in chips) 
Seat 4: JuanDiego7 ($1.94 in chips) 
Seat 6: Victor151886 ($2.44 in chips) 
Seat 7: Nick See11 ($3.91 in chips) 
Seat 8: Xósem ($0.89 in chips) 
Seat 9: miguel fork2 ($1.68 in chips) 
Dorex2007: posts small blind $0.01
JuanDiego7: posts big blind $0.02
BiM-WiNNeR: sits out 
*** HOLE CARDS ***
Dealt to Dorex2007 [Jh 7s]
Victor151886: raises $0.03 to $0.05
Nick See11: folds 
Xósem: folds 
miguel fork2: folds 
MCAS1994: calls $0.05
etienne16671: calls $0.05
Dorex2007: folds 
JuanDiego7: raises $0.21 to $0.26
Victor151886: folds 
MCAS1994: calls $0.21
etienne16671: calls $0.21
*** FLOP *** [7h Tc 3c]
JuanDiego7: bets $1.68 and is all-in
MCAS1994: folds 
etienne16671: folds 
Uncalled bet ($1.68) returned to JuanDiego7
JuanDiego7 collected $0.81 from pot
JuanDiego7: doesn't show hand 
*** SUMMARY ***
Total pot $0.84 | Rake $0.03 
Board [7h Tc 3c]
Seat 1: MCAS1994 folded on the Flop
Seat 2: etienne16671 (button) folded on the Flop
Seat 3: Dorex2007 (small blind) folded before Flop
Seat 4: JuanDiego7 (big blind) collected ($0.81)
Seat 6: Victor151886 folded before Flop
Seat 7: Nick See11 folded before Flop (didn't bet)
Seat 8: Xósem folded before Flop (didn't bet)
Seat 9: miguel fork2 folded before Flop (didn't bet)



PokerStars Hand #227416952971:  Hold'em No Limit ($0.01/$0.02 USD) - 2021/06/07 20:25:58 PT [2021/06/07 23:25:58 ET]
Table 'Euphemia II' 9-max Seat #3 is the button
Seat 1: MCAS1994 ($1.31 in chips) 
Seat 2: etienne16671 ($3.77 in chips) 
Seat 3: Dorex2007 ($2.03 in chips) 
Seat 4: JuanDiego7 ($2.49 in chips) 
Seat 5: BiM-WiNNeR ($2 in chips) 
Seat 6: Victor151886 ($2.39 in chips) 
Seat 7: Nick See11 ($3.91 in chips) 
Seat 8: Xósem ($0.89 in chips) 
Seat 9: miguel fork2 ($1.68 in chips) 
JuanDiego7: posts small blind $0.01
BiM-WiNNeR: posts big blind $0.02
*** HOLE CARDS ***
Dealt to Dorex2007 [Ts 6h]
Victor151886: folds 
Nick See11: folds 
Xósem: folds 
miguel fork2: calls $0.02
MCAS1994: folds 
etienne16671: folds 
Dorex2007: folds 
JuanDiego7: calls $0.01
BiM-WiNNeR: checks 
*** FLOP *** [7h 3d Ac]
JuanDiego7: checks 
BiM-WiNNeR: checks 
miguel fork2: checks 
*** TURN *** [7h 3d Ac] [Kh]
JuanDiego7: bets $0.02
BiM-WiNNeR: folds 
miguel fork2: calls $0.02
*** RIVER *** [7h 3d Ac Kh] [3c]
JuanDiego7: bets $0.02
miguel fork2: folds 
Uncalled bet ($0.02) returned to JuanDiego7
JuanDiego7 collected $0.10 from pot
JuanDiego7: doesn't show hand 
*** SUMMARY ***
Total pot $0.10 | Rake $0 
Board [7h 3d Ac Kh 3c]
Seat 1: MCAS1994 folded before Flop (didn't bet)
Seat 2: etienne16671 folded before Flop (didn't bet)
Seat 3: Dorex2007 (button) folded before Flop (didn't bet)
Seat 4: JuanDiego7 (small blind) collected ($0.10)
Seat 5: BiM-WiNNeR (big blind) folded on the Turn
Seat 6: Victor151886 folded before Flop (didn't bet)
Seat 7: Nick See11 folded before Flop (didn't bet)
Seat 8: Xósem folded before Flop (didn't bet)
Seat 9: miguel fork2 folded on the River



PokerStars Hand #227416966907:  Hold'em No Limit ($0.01/$0.02 USD) - 2021/06/07 20:26:55 PT [2021/06/07 23:26:55 ET]
Table 'Euphemia II' 9-max Seat #4 is the button
Seat 1: MCAS1994 ($1.31 in chips) 
Seat 2: etienne16671 ($3.77 in chips) 
Seat 3: Dorex2007 ($2.03 in chips) 
Seat 4: JuanDiego7 ($2.55 in chips) 
Seat 5: BiM-WiNNeR ($2 in chips) 
Seat 6: Victor151886 ($2.39 in chips) 
Seat 7: Nick See11 ($3.91 in chips) 
Seat 8: Xósem ($0.89 in chips) 
Seat 9: miguel fork2 ($1.64 in chips) 
BiM-WiNNeR: posts small blind $0.01
Victor151886: posts big blind $0.02
*** HOLE CARDS ***
Dealt to Dorex2007 [Ac 8h]
Nick See11: calls $0.02
Xósem: folds 
miguel fork2: folds 
MCAS1994: folds 
etienne16671: folds 
Dorex2007: folds 
JuanDiego7: calls $0.02
BiM-WiNNeR: folds 
Victor151886: checks 
*** FLOP *** [Th Ad 3d]
Victor151886: checks 
Nick See11: checks 
JuanDiego7: bets $0.04
Victor151886: raises $0.08 to $0.12
Nick See11: folds 
JuanDiego7: calls $0.08
*** TURN *** [Th Ad 3d] [Kc]
Victor151886: checks 
JuanDiego7: checks 
*** RIVER *** [Th Ad 3d Kc] [5d]
Victor151886: bets $0.23
JuanDiego7: folds 
Uncalled bet ($0.23) returned to Victor151886
Victor151886 collected $0.30 from pot
Victor151886: doesn't show hand 
*** SUMMARY ***
Total pot $0.31 | Rake $0.01 
Board [Th Ad 3d Kc 5d]
Seat 1: MCAS1994 folded before Flop (didn't bet)
Seat 2: etienne16671 folded before Flop (didn't bet)
Seat 3: Dorex2007 folded before Flop (didn't bet)
Seat 4: JuanDiego7 (button) folded on the River
Seat 5: BiM-WiNNeR (small blind) folded before Flop
Seat 6: Victor151886 (big blind) collected ($0.30)
Seat 7: Nick See11 folded on the Flop
Seat 8: Xósem folded before Flop (didn't bet)
Seat 9: miguel fork2 folded before Flop (didn't bet)



PokerStars Hand #227416979382:  Hold'em No Limit ($0.01/$0.02 USD) - 2021/06/07 20:28:01 PT [2021/06/07 23:28:01 ET]
Table 'Euphemia II' 9-max Seat #5 is the button
Seat 1: MCAS1994 ($1.31 in chips) 
Seat 2: etienne16671 ($3.77 in chips) 
Seat 3: Dorex2007 ($2.03 in chips) 
Seat 4: JuanDiego7 ($2.41 in chips) 
Seat 5: BiM-WiNNeR ($2 in chips) 
Seat 6: Victor151886 ($2.55 in chips) 
Seat 7: Nick See11 ($3.89 in chips) 
Seat 8: Xósem ($0.89 in chips) 
Seat 9: miguel fork2 ($1.64 in chips) 
Victor151886: posts small blind $0.01
Nick See11: posts big blind $0.02
*** HOLE CARDS ***
Dealt to Dorex2007 [7s 8h]
Xósem: calls $0.02
miguel fork2: raises $0.04 to $0.06
MCAS1994: folds 
etienne16671: calls $0.06
Dorex2007: folds 
JuanDiego7: folds 
BiM-WiNNeR: folds 
Victor151886: folds 
Nick See11: calls $0.04
Xósem: calls $0.04
*** FLOP *** [Th 5s 5d]
Nick See11: checks 
Xósem: checks 
miguel fork2: bets $0.12
etienne16671: folds 
Nick See11: folds 
Xósem: folds 
Uncalled bet ($0.12) returned to miguel fork2
miguel fork2 collected $0.24 from pot
miguel fork2: doesn't show hand 
*** SUMMARY ***
Total pot $0.25 | Rake $0.01 
Board [Th 5s 5d]
Seat 1: MCAS1994 folded before Flop (didn't bet)
Seat 2: etienne16671 folded on the Flop
Seat 3: Dorex2007 folded before Flop (didn't bet)
Seat 4: JuanDiego7 folded before Flop (didn't bet)
Seat 5: BiM-WiNNeR (button) folded before Flop (didn't bet)
Seat 6: Victor151886 (small blind) folded before Flop
Seat 7: Nick See11 (big blind) folded on the Flop
Seat 8: Xósem folded on the Flop
Seat 9: miguel fork2 collected ($0.24)



PokerStars Hand #227416987727:  Hold'em No Limit ($0.01/$0.02 USD) - 2021/06/07 20:28:46 PT [2021/06/07 23:28:46 ET]
Table 'Euphemia II' 9-max Seat #6 is the button
Seat 1: MCAS1994 ($1.31 in chips) 
Seat 2: etienne16671 ($3.71 in chips) 
Seat 3: Dorex2007 ($2.03 in chips) 
Seat 4: JuanDiego7 ($2.41 in chips) 
Seat 5: BiM-WiNNeR ($2 in chips) 
Seat 6: Victor151886 ($2.54 in chips) 
Seat 7: Nick See11 ($3.83 in chips) 
Seat 8: Xósem ($0.83 in chips) 
Seat 9: miguel fork2 ($1.82 in chips) 
Nick See11: posts small blind $0.01
Xósem: posts big blind $0.02
*** HOLE CARDS ***
Dealt to Dorex2007 [6d Js]
miguel fork2: folds 
MCAS1994: folds 
etienne16671: calls $0.02
Dorex2007: folds 
JuanDiego7: folds 
BiM-WiNNeR: raises $0.06 to $0.08
Victor151886 has timed out
Victor151886: folds 
Nick See11: folds 
Xósem: calls $0.06
etienne16671: calls $0.06
*** FLOP *** [6s 5h 3h]
Xósem: checks 
etienne16671: checks 
BiM-WiNNeR: checks 
*** TURN *** [6s 5h 3h] [Qd]
Xósem: checks 
etienne16671: checks 
BiM-WiNNeR: bets $0.16
Xósem: folds 
etienne16671: folds 
Uncalled bet ($0.16) returned to BiM-WiNNeR
BiM-WiNNeR collected $0.24 from pot
BiM-WiNNeR: doesn't show hand 
*** SUMMARY ***
Total pot $0.25 | Rake $0.01 
Board [6s 5h 3h Qd]
Seat 1: MCAS1994 folded before Flop (didn't bet)
Seat 2: etienne16671 folded on the Turn
Seat 3: Dorex2007 folded before Flop (didn't bet)
Seat 4: JuanDiego7 folded before Flop (didn't bet)
Seat 5: BiM-WiNNeR collected ($0.24)
Seat 6: Victor151886 (button) folded before Flop (didn't bet)
Seat 7: Nick See11 (small blind) folded before Flop
Seat 8: Xósem (big blind) folded on the Turn
Seat 9: miguel fork2 folded before Flop (didn't bet)



PokerStars Hand #227417003209:  Hold'em No Limit ($0.01/$0.02 USD) - 2021/06/07 20:30:10 PT [2021/06/07 23:30:10 ET]
Table 'Euphemia II' 9-max Seat #7 is the button
Seat 1: MCAS1994 ($1.31 in chips) 
Seat 2: etienne16671 ($3.63 in chips) 
Seat 3: Dorex2007 ($2.03 in chips) 
Seat 4: JuanDiego7 ($2.41 in chips) 
Seat 5: BiM-WiNNeR ($2.16 in chips) 
Seat 7: Nick See11 ($3.82 in chips) 
Seat 8: Xósem ($0.75 in chips) 
Seat 9: miguel fork2 ($1.82 in chips) 
Xósem: posts small blind $0.01
miguel fork2: posts big blind $0.02
*** HOLE CARDS ***
Dealt to Dorex2007 [7c 7d]
MCAS1994: folds 
etienne16671: folds 
Dorex2007: raises $0.04 to $0.06
JuanDiego7: folds 
BiM-WiNNeR: folds 
Nick See11: calls $0.06
Xósem: folds 
miguel fork2: folds 
*** FLOP *** [6h Jc 3c]
Dorex2007: bets $0.09
Nick See11: folds 
Uncalled bet ($0.09) returned to Dorex2007
miguel fork2 leaves the table
Dorex2007 collected $0.14 from pot
Dorex2007: doesn't show hand 
*** SUMMARY ***
Total pot $0.15 | Rake $0.01 
Board [6h Jc 3c]
Seat 1: MCAS1994 folded before Flop (didn't bet)
Seat 2: etienne16671 folded before Flop (didn't bet)
Seat 3: Dorex2007 collected ($0.14)
Seat 4: JuanDiego7 folded before Flop (didn't bet)
Seat 5: BiM-WiNNeR folded before Flop (didn't bet)
Seat 7: Nick See11 (button) folded on the Flop
Seat 8: Xósem (small blind) folded before Flop
Seat 9: miguel fork2 (big blind) folded before Flop



PokerStars Hand #227417008317:  Hold'em No Limit ($0.01/$0.02 USD) - 2021/06/07 20:30:37 PT [2021/06/07 23:30:37 ET]
Table 'Euphemia II' 9-max Seat #8 is the button
Seat 1: MCAS1994 ($1.31 in chips) 
Seat 2: etienne16671 ($3.63 in chips) 
Seat 3: Dorex2007 ($2.11 in chips) 
Seat 4: JuanDiego7 ($2.41 in chips) 
Seat 5: BiM-WiNNeR ($2.16 in chips) 
Seat 7: Nick See11 ($3.76 in chips) 
Seat 8: Xósem ($0.74 in chips) 
MCAS1994: posts small blind $0.01
etienne16671: posts big blind $0.02
*** HOLE CARDS ***
Dealt to Dorex2007 [4c Qs]
Dorex2007: folds 
JuanDiego7 has timed out
JuanDiego7: folds 
BiM-WiNNeR: folds 
Nick See11: folds 
Xósem: folds 
MCAS1994: folds 
Uncalled bet ($0.01) returned to etienne16671
etienne16671 collected $0.02 from pot
etienne16671: doesn't show hand 
*** SUMMARY ***
Total pot $0.02 | Rake $0 
Seat 1: MCAS1994 (small blind) folded before Flop
Seat 2: etienne16671 (big blind) collected ($0.02)
Seat 3: Dorex2007 folded before Flop (didn't bet)
Seat 4: JuanDiego7 folded before Flop (didn't bet)
Seat 5: BiM-WiNNeR folded before Flop (didn't bet)
Seat 7: Nick See11 folded before Flop (didn't bet)
Seat 8: Xósem (button) folded before Flop (didn't bet)



PokerStars Hand #227417012512:  Hold'em No Limit ($0.01/$0.02 USD) - 2021/06/07 20:31:00 PT [2021/06/07 23:31:00 ET]
Table 'Euphemia II' 9-max Seat #1 is the button
Seat 1: MCAS1994 ($1.30 in chips) 
Seat 2: etienne16671 ($3.64 in chips) 
Seat 3: Dorex2007 ($2.11 in chips) 
Seat 4: JuanDiego7 ($2.41 in chips) 
Seat 5: BiM-WiNNeR ($2.16 in chips) 
Seat 7: Nick See11 ($3.76 in chips) 
Seat 8: Xósem ($0.74 in chips) 
etienne16671: posts small blind $0.01
Dorex2007: posts big blind $0.02
*** HOLE CARDS ***
Dealt to Dorex2007 [5d 8c]
kaduSSD joins the table at seat #9 
JuanDiego7: folds 
BiM-WiNNeR: raises $0.04 to $0.06
Nick See11: folds 
Xósem: folds 
MCAS1994: calls $0.06
etienne16671: calls $0.05
Dorex2007: folds 
*** FLOP *** [Ad 2s Ts]
etienne16671: checks 
BiM-WiNNeR: checks 
MCAS1994: bets $0.10
etienne16671: calls $0.10
BiM-WiNNeR: folds 
*** TURN *** [Ad 2s Ts] [Kc]
etienne16671: checks 
MCAS1994: bets $0.20
etienne16671: calls $0.20
*** RIVER *** [Ad 2s Ts Kc] [7c]
etienne16671: checks 
MCAS1994: checks 
*** SHOW DOWN ***
etienne16671: shows [3s 5s] (high card Ace)
MCAS1994: shows [Qs 9s] (high card Ace - King+Queen kicker)
MCAS1994 collected $0.77 from pot
*** SUMMARY ***
Total pot $0.80 | Rake $0.03 
Board [Ad 2s Ts Kc 7c]
Seat 1: MCAS1994 (button) showed [Qs 9s] and won ($0.77) with high card Ace
Seat 2: etienne16671 (small blind) showed [3s 5s] and lost with high card Ace
Seat 3: Dorex2007 (big blind) folded before Flop
Seat 4: JuanDiego7 folded before Flop (didn't bet)
Seat 5: BiM-WiNNeR folded on the Flop
Seat 7: Nick See11 folded before Flop (didn't bet)
Seat 8: Xósem folded before Flop (didn't bet)



PokerStars Hand #227417025529:  Hold'em No Limit ($0.01/$0.02 USD) - 2021/06/07 20:32:11 PT [2021/06/07 23:32:11 ET]
Table 'Euphemia II' 9-max Seat #2 is the button
Seat 1: MCAS1994 ($1.71 in chips) 
Seat 2: etienne16671 ($3.28 in chips) 
Seat 3: Dorex2007 ($2.09 in chips) 
Seat 4: JuanDiego7 ($2.41 in chips) 
Seat 5: BiM-WiNNeR ($2.10 in chips) 
Seat 7: Nick See11 ($3.76 in chips) 
Seat 8: Xósem ($0.74 in chips) 
Dorex2007: posts small blind $0.01
JuanDiego7: posts big blind $0.02
kaduSSD: sits out 
*** HOLE CARDS ***
Dealt to Dorex2007 [Qc Ad]
BiM-WiNNeR: folds 
Nick See11: folds 
Xósem: calls $0.02
MCAS1994: raises $0.06 to $0.08
etienne16671: folds 
Dorex2007: calls $0.07
JuanDiego7: folds 
Xósem: calls $0.06
*** FLOP *** [7c 7s 2s]
Dorex2007: checks 
Xósem: checks 
MCAS1994: checks 
*** TURN *** [7c 7s 2s] [Jh]
Dorex2007: checks 
Xósem: bets $0.13
MCAS1994: folds 
Dorex2007: folds 
Uncalled bet ($0.13) returned to Xósem
Xósem collected $0.25 from pot
Xósem: doesn't show hand 
*** SUMMARY ***
Total pot $0.26 | Rake $0.01 
Board [7c 7s 2s Jh]
Seat 1: MCAS1994 folded on the Turn
Seat 2: etienne16671 (button) folded before Flop (didn't bet)
Seat 3: Dorex2007 (small blind) folded on the Turn
Seat 4: JuanDiego7 (big blind) folded before Flop
Seat 5: BiM-WiNNeR folded before Flop (didn't bet)
Seat 7: Nick See11 folded before Flop (didn't bet)
Seat 8: Xósem collected ($0.25)



PokerStars Hand #227417038188:  Hold'em No Limit ($0.01/$0.02 USD) - 2021/06/07 20:33:21 PT [2021/06/07 23:33:21 ET]
Table 'Euphemia II' 9-max Seat #3 is the button
Seat 1: MCAS1994 ($1.63 in chips) 
Seat 2: etienne16671 ($3.28 in chips) 
Seat 3: Dorex2007 ($2.01 in chips) 
Seat 4: JuanDiego7 ($2.39 in chips) 
Seat 5: BiM-WiNNeR ($2.10 in chips) 
Seat 7: Nick See11 ($3.76 in chips) 
Seat 8: Xósem ($0.91 in chips) 
JuanDiego7: posts small blind $0.01
BiM-WiNNeR: posts big blind $0.02
kaduSSD: sits out 
*** HOLE CARDS ***
Dealt to Dorex2007 [Jd 3s]
Nick See11: calls $0.02
Xósem: calls $0.02
MCAS1994: folds 
etienne16671: raises $0.09 to $0.11
Dorex2007: folds 
JuanDiego7: folds 
BiM-WiNNeR: folds 
Nick See11: calls $0.09
Xósem: calls $0.09
*** FLOP *** [Th 7h Qh]
Nick See11: checks 
Xósem: checks 
etienne16671: bets $0.20
Nick See11: raises $0.75 to $0.95
Xósem: folds 
etienne16671: folds 
Uncalled bet ($0.75) returned to Nick See11
Nick See11 collected $0.73 from pot
Nick See11: doesn't show hand 
*** SUMMARY ***
Total pot $0.76 | Rake $0.03 
Board [Th 7h Qh]
Seat 1: MCAS1994 folded before Flop (didn't bet)
Seat 2: etienne16671 folded on the Flop
Seat 3: Dorex2007 (button) folded before Flop (didn't bet)
Seat 4: JuanDiego7 (small blind) folded before Flop
Seat 5: BiM-WiNNeR (big blind) folded before Flop
Seat 7: Nick See11 collected ($0.73)
Seat 8: Xósem folded on the Flop



PokerStars Hand #227417049786:  Hold'em No Limit ($0.01/$0.02 USD) - 2021/06/07 20:34:24 PT [2021/06/07 23:34:24 ET]
Table 'Euphemia II' 9-max Seat #4 is the button
Seat 1: MCAS1994 ($1.63 in chips) 
Seat 2: etienne16671 ($2.97 in chips) 
Seat 3: Dorex2007 ($2.01 in chips) 
Seat 4: JuanDiego7 ($2.38 in chips) 
Seat 5: BiM-WiNNeR ($2.08 in chips) 
Seat 7: Nick See11 ($4.18 in chips) 
Seat 8: Xósem ($0.80 in chips) 
BiM-WiNNeR: posts small blind $0.01
Nick See11: posts big blind $0.02
kaduSSD: sits out 
*** HOLE CARDS ***
Dealt to Dorex2007 [4d Jh]
Xósem: folds 
MCAS1994: folds 
etienne16671: folds 
Dorex2007: folds 
JuanDiego7: raises $0.04 to $0.06
BiM-WiNNeR: calls $0.05
Nick See11: calls $0.04
*** FLOP *** [8d 8h 2c]
BiM-WiNNeR: checks 
Nick See11: checks 
JuanDiego7: checks 
*** TURN *** [8d 8h 2c] [6h]
BiM-WiNNeR: checks 
Nick See11: checks 
JuanDiego7: bets $0.10
BiM-WiNNeR: folds 
Nick See11: folds 
Uncalled bet ($0.10) returned to JuanDiego7
JuanDiego7 collected $0.17 from pot
JuanDiego7: doesn't show hand 
*** SUMMARY ***
Total pot $0.18 | Rake $0.01 
Board [8d 8h 2c 6h]
Seat 1: MCAS1994 folded before Flop (didn't bet)
Seat 2: etienne16671 folded before Flop (didn't bet)
Seat 3: Dorex2007 folded before Flop (didn't bet)
Seat 4: JuanDiego7 (button) collected ($0.17)
Seat 5: BiM-WiNNeR (small blind) folded on the Turn
Seat 7: Nick See11 (big blind) folded on the Turn
Seat 8: Xósem folded before Flop (didn't bet)



PokerStars Hand #227417064100:  Hold'em No Limit ($0.01/$0.02 USD) - 2021/06/07 20:35:24 PT [2021/06/07 23:35:24 ET]
Table 'Euphemia II' 9-max Seat #5 is the button
Seat 1: MCAS1994 ($1.63 in chips) 
Seat 2: etienne16671 ($2.97 in chips) 
Seat 3: Dorex2007 ($2.01 in chips) 
Seat 4: JuanDiego7 ($2.49 in chips) 
Seat 5: BiM-WiNNeR ($2.02 in chips) 
Seat 7: Nick See11 ($4.12 in chips) 
Seat 8: Xósem ($0.80 in chips) 
Nick See11: posts small blind $0.01
Xósem: posts big blind $0.02
kaduSSD: sits out 
*** HOLE CARDS ***
Dealt to Dorex2007 [5s 8d]
MCAS1994: folds 
etienne16671: folds 
Dorex2007: folds 
JuanDiego7: folds 
BiM-WiNNeR: folds 
Nick See11: folds 
Uncalled bet ($0.01) returned to Xósem
Xósem collected $0.02 from pot
Xósem: doesn't show hand 
*** SUMMARY ***
Total pot $0.02 | Rake $0 
Seat 1: MCAS1994 folded before Flop (didn't bet)
Seat 2: etienne16671 folded before Flop (didn't bet)
Seat 3: Dorex2007 folded before Flop (didn't bet)
Seat 4: JuanDiego7 folded before Flop (didn't bet)
Seat 5: BiM-WiNNeR (button) folded before Flop (didn't bet)
Seat 7: Nick See11 (small blind) folded before Flop
Seat 8: Xósem (big blind) collected ($0.02)



PokerStars Hand #227417067521:  Hold'em No Limit ($0.01/$0.02 USD) - 2021/06/07 20:35:43 PT [2021/06/07 23:35:43 ET]
Table 'Euphemia II' 9-max Seat #7 is the button
Seat 1: MCAS1994 ($1.63 in chips) 
Seat 2: etienne16671 ($2.97 in chips) 
Seat 3: Dorex2007 ($2.01 in chips) 
Seat 4: JuanDiego7 ($2.49 in chips) 
Seat 5: BiM-WiNNeR ($2.02 in chips) 
Seat 7: Nick See11 ($4.11 in chips) 
Seat 8: Xósem ($0.81 in chips) 
Seat 9: kaduSSD ($2 in chips) 
Xósem: posts small blind $0.01
kaduSSD: posts big blind $0.02
*** HOLE CARDS ***
Dealt to Dorex2007 [Qd 6s]
MCAS1994: raises $0.04 to $0.06
etienne16671: folds 
Dorex2007: folds 
JuanDiego7: folds 
BiM-WiNNeR: folds 
Nick See11: folds 
Xósem: folds 
kaduSSD: folds 
Uncalled bet ($0.04) returned to MCAS1994
MCAS1994 collected $0.05 from pot
*** SUMMARY ***
Total pot $0.05 | Rake $0 
Seat 1: MCAS1994 collected ($0.05)
Seat 2: etienne16671 folded before Flop (didn't bet)
Seat 3: Dorex2007 folded before Flop (didn't bet)
Seat 4: JuanDiego7 folded before Flop (didn't bet)
Seat 5: BiM-WiNNeR folded before Flop (didn't bet)
Seat 7: Nick See11 (button) folded before Flop (didn't bet)
Seat 8: Xósem (small blind) folded before Flop
Seat 9: kaduSSD (big blind) folded before Flop



PokerStars Hand #227417074686:  Hold'em No Limit ($0.01/$0.02 USD) - 2021/06/07 20:36:09 PT [2021/06/07 23:36:09 ET]
Table 'Euphemia II' 9-max Seat #8 is the button
Seat 1: MCAS1994 ($1.66 in chips) 
Seat 2: etienne16671 ($2.97 in chips) 
Seat 3: Dorex2007 ($2.01 in chips) 
Seat 4: JuanDiego7 ($2.49 in chips) 
Seat 5: BiM-WiNNeR ($2.02 in chips) 
Seat 7: Nick See11 ($4.11 in chips) 
Seat 8: Xósem ($0.80 in chips) 
Seat 9: kaduSSD ($1.98 in chips) 
kaduSSD: posts small blind $0.01
MCAS1994: posts big blind $0.02
*** HOLE CARDS ***
Dealt to Dorex2007 [6c 8c]
etienne16671: folds 
Dorex2007: folds 
JuanDiego7: folds 
BiM-WiNNeR: folds 
Nick See11: folds 
Xósem: calls $0.02
kaduSSD: folds 
MCAS1994: raises $0.05 to $0.07
Xósem: calls $0.05
*** FLOP *** [Kh Ah 2h]
MCAS1994: bets $0.07
Xósem: raises $0.07 to $0.14
MCAS1994: folds 
Uncalled bet ($0.07) returned to Xósem
Xósem collected $0.28 from pot
Xósem: doesn't show hand 
*** SUMMARY ***
Total pot $0.29 | Rake $0.01 
Board [Kh Ah 2h]
Seat 1: MCAS1994 (big blind) folded on the Flop
Seat 2: etienne16671 folded before Flop (didn't bet)
Seat 3: Dorex2007 folded before Flop (didn't bet)
Seat 4: JuanDiego7 folded before Flop (didn't bet)
Seat 5: BiM-WiNNeR folded before Flop (didn't bet)
Seat 7: Nick See11 folded before Flop (didn't bet)
Seat 8: Xósem (button) collected ($0.28)
Seat 9: kaduSSD (small blind) folded before Flop



PokerStars Hand #227417084093:  Hold'em No Limit ($0.01/$0.02 USD) - 2021/06/07 20:37:01 PT [2021/06/07 23:37:01 ET]
Table 'Euphemia II' 9-max Seat #9 is the button
Seat 1: MCAS1994 ($1.52 in chips) 
Seat 2: etienne16671 ($2.97 in chips) 
Seat 3: Dorex2007 ($2.01 in chips) 
Seat 4: JuanDiego7 ($2.49 in chips) 
Seat 5: BiM-WiNNeR ($2.02 in chips) 
Seat 7: Nick See11 ($4.11 in chips) 
Seat 8: Xósem ($0.94 in chips) 
Seat 9: kaduSSD ($1.97 in chips) 
MCAS1994: posts small blind $0.01
etienne16671: posts big blind $0.02
*** HOLE CARDS ***
Dealt to Dorex2007 [9s Kc]
Dorex2007: folds 
JuanDiego7: folds 
BiM-WiNNeR: raises $0.04 to $0.06
Nick See11 has timed out
Nick See11: folds 
Xósem: folds 
kaduSSD: folds 
MCAS1994: folds 
etienne16671: calls $0.04
*** FLOP *** [Td 6h 3d]
etienne16671: checks 
BiM-WiNNeR: bets $0.08
etienne16671: calls $0.08
*** TURN *** [Td 6h 3d] [Tc]
etienne16671: checks 
BiM-WiNNeR: checks 
*** RIVER *** [Td 6h 3d Tc] [Kh]
etienne16671: checks 
BiM-WiNNeR: checks 
*** SHOW DOWN ***
etienne16671: shows [Jd Kd] (two pair, Kings and Tens)
BiM-WiNNeR: mucks hand 
etienne16671 collected $0.28 from pot
*** SUMMARY ***
Total pot $0.29 | Rake $0.01 
Board [Td 6h 3d Tc Kh]
Seat 1: MCAS1994 (small blind) folded before Flop
Seat 2: etienne16671 (big blind) showed [Jd Kd] and won ($0.28) with two pair, Kings and Tens
Seat 3: Dorex2007 folded before Flop (didn't bet)
Seat 4: JuanDiego7 folded before Flop (didn't bet)
Seat 5: BiM-WiNNeR mucked [Ah Js]
Seat 7: Nick See11 folded before Flop (didn't bet)
Seat 8: Xósem folded before Flop (didn't bet)
Seat 9: kaduSSD (button) folded before Flop (didn't bet)



PokerStars Hand #227417095765:  Hold'em No Limit ($0.01/$0.02 USD) - 2021/06/07 20:38:06 PT [2021/06/07 23:38:06 ET]
Table 'Euphemia II' 9-max Seat #1 is the button
Seat 1: MCAS1994 ($1.51 in chips) 
Seat 2: etienne16671 ($3.11 in chips) 
Seat 3: Dorex2007 ($2.01 in chips) 
Seat 4: JuanDiego7 ($2.49 in chips) 
Seat 5: BiM-WiNNeR ($2 in chips) 
Seat 8: Xósem ($0.94 in chips) 
Seat 9: kaduSSD ($1.97 in chips) 
etienne16671: posts small blind $0.01
Dorex2007: posts big blind $0.02
*** HOLE CARDS ***
Dealt to Dorex2007 [7c 5d]
JuanDiego7: folds 
BiM-WiNNeR: raises $0.04 to $0.06
Xósem: folds 
kaduSSD: folds 
MCAS1994: calls $0.06
etienne16671: folds 
Dorex2007: folds 
*** FLOP *** [Qc Ks 6s]
BiM-WiNNeR: bets $0.10
MCAS1994: calls $0.10
*** TURN *** [Qc Ks 6s] [5c]
BiM-WiNNeR: bets $0.24
MCAS1994: folds 
Uncalled bet ($0.24) returned to BiM-WiNNeR
BiM-WiNNeR collected $0.34 from pot
BiM-WiNNeR: doesn't show hand 
*** SUMMARY ***
Total pot $0.35 | Rake $0.01 
Board [Qc Ks 6s 5c]
Seat 1: MCAS1994 (button) folded on the Turn
Seat 2: etienne16671 (small blind) folded before Flop
Seat 3: Dorex2007 (big blind) folded before Flop
Seat 4: JuanDiego7 folded before Flop (didn't bet)
Seat 5: BiM-WiNNeR collected ($0.34)
Seat 8: Xósem folded before Flop (didn't bet)
Seat 9: kaduSSD folded before Flop (didn't bet)



PokerStars Hand #227417103194:  Hold'em No Limit ($0.01/$0.02 USD) - 2021/06/07 20:38:48 PT [2021/06/07 23:38:48 ET]
Table 'Euphemia II' 9-max Seat #2 is the button
Seat 1: MCAS1994 ($1.35 in chips) 
Seat 2: etienne16671 ($3.10 in chips) 
Seat 3: Dorex2007 ($1.99 in chips) 
Seat 4: JuanDiego7 ($2.49 in chips) 
Seat 5: BiM-WiNNeR ($2.18 in chips) 
Seat 7: Nick See11 ($4.11 in chips) 
Seat 8: Xósem ($0.94 in chips) 
Seat 9: kaduSSD ($1.97 in chips) 
Dorex2007: posts small blind $0.01
JuanDiego7: posts big blind $0.02
*** HOLE CARDS ***
Dealt to Dorex2007 [Kh Th]
BiM-WiNNeR: folds 
Nick See11: folds 
Xósem: calls $0.02
kaduSSD: folds 
MCAS1994: folds 
etienne16671: folds 
Dorex2007: calls $0.01
JuanDiego7: checks 
*** FLOP *** [4s 6d 3s]
Dorex2007: checks 
JuanDiego7: checks 
Xósem: bets $0.03
Dorex2007: calls $0.03
JuanDiego7: calls $0.03
*** TURN *** [4s 6d 3s] [8c]
Dorex2007: checks 
JuanDiego7: checks 
Xósem: checks 
*** RIVER *** [4s 6d 3s 8c] [6s]
Dorex2007: checks 
JuanDiego7: checks 
Xósem: bets $0.11
Dorex2007: folds 
JuanDiego7: folds 
Uncalled bet ($0.11) returned to Xósem
Xósem collected $0.14 from pot
Xósem: doesn't show hand 
*** SUMMARY ***
Total pot $0.15 | Rake $0.01 
Board [4s 6d 3s 8c 6s]
Seat 1: MCAS1994 folded before Flop (didn't bet)
Seat 2: etienne16671 (button) folded before Flop (didn't bet)
Seat 3: Dorex2007 (small blind) folded on the River
Seat 4: JuanDiego7 (big blind) folded on the River
Seat 5: BiM-WiNNeR folded before Flop (didn't bet)
Seat 7: Nick See11 folded before Flop (didn't bet)
Seat 8: Xósem collected ($0.14)
Seat 9: kaduSSD folded before Flop (didn't bet)



PokerStars Hand #227417116436:  Hold'em No Limit ($0.01/$0.02 USD) - 2021/06/07 20:40:02 PT [2021/06/07 23:40:02 ET]
Table 'Euphemia II' 9-max Seat #3 is the button
Seat 1: MCAS1994 ($1.35 in chips) 
Seat 2: etienne16671 ($3.10 in chips) 
Seat 3: Dorex2007 ($1.94 in chips) 
Seat 4: JuanDiego7 ($2.44 in chips) 
Seat 5: BiM-WiNNeR ($2.18 in chips) 
Seat 7: Nick See11 ($4.11 in chips) 
Seat 8: Xósem ($1.03 in chips) 
Seat 9: kaduSSD ($1.97 in chips) 
JuanDiego7: posts small blind $0.01
BiM-WiNNeR: posts big blind $0.02
*** HOLE CARDS ***
Dealt to Dorex2007 [5h 8s]
Nick See11: folds 
Xósem: folds 
kaduSSD: folds 
MCAS1994: folds 
etienne16671: raises $0.05 to $0.07
Dorex2007: folds 
JuanDiego7: calls $0.06
BiM-WiNNeR: folds 
*** FLOP *** [7c Ah 7h]
JuanDiego7: checks 
etienne16671: checks 
*** TURN *** [7c Ah 7h] [5d]
JuanDiego7: bets $0.06
etienne16671: calls $0.06
*** RIVER *** [7c Ah 7h 5d] [6c]
JuanDiego7: bets $0.02
etienne16671: raises $0.16 to $0.18
JuanDiego7: folds 
Uncalled bet ($0.16) returned to etienne16671
etienne16671 collected $0.31 from pot
etienne16671: doesn't show hand 
*** SUMMARY ***
Total pot $0.32 | Rake $0.01 
Board [7c Ah 7h 5d 6c]
Seat 1: MCAS1994 folded before Flop (didn't bet)
Seat 2: etienne16671 collected ($0.31)
Seat 3: Dorex2007 (button) folded before Flop (didn't bet)
Seat 4: JuanDiego7 (small blind) folded on the River
Seat 5: BiM-WiNNeR (big blind) folded before Flop
Seat 7: Nick See11 folded before Flop (didn't bet)
Seat 8: Xósem folded before Flop (didn't bet)
Seat 9: kaduSSD folded before Flop (didn't bet)



PokerStars Hand #227417127018:  Hold'em No Limit ($0.01/$0.02 USD) - 2021/06/07 20:41:02 PT [2021/06/07 23:41:02 ET]
Table 'Euphemia II' 9-max Seat #4 is the button
Seat 1: MCAS1994 ($1.35 in chips) 
Seat 2: etienne16671 ($3.26 in chips) 
Seat 3: Dorex2007 ($1.94 in chips) 
Seat 4: JuanDiego7 ($2.29 in chips) 
Seat 5: BiM-WiNNeR ($2.16 in chips) 
Seat 7: Nick See11 ($4.11 in chips) 
Seat 8: Xósem ($1.03 in chips) 
Seat 9: kaduSSD ($1.97 in chips) 
BiM-WiNNeR: posts small blind $0.01
Nick See11: posts big blind $0.02
*** HOLE CARDS ***
Dealt to Dorex2007 [5s 7c]
Xósem: folds 
kaduSSD: folds 
MCAS1994: folds 
etienne16671: calls $0.02
Dorex2007: folds 
JuanDiego7: folds 
BiM-WiNNeR: folds 
Nick See11: checks 
*** FLOP *** [Tc 3h 2c]
Nick See11: checks 
etienne16671: checks 
*** TURN *** [Tc 3h 2c] [Jh]
JuanDiego7 leaves the table
Nick See11: bets $0.05
etienne16671: calls $0.05
*** RIVER *** [Tc 3h 2c Jh] [8c]
Nick See11: bets $0.02
etienne16671: folds 
Uncalled bet ($0.02) returned to Nick See11
Nick See11 collected $0.14 from pot
Nick See11: doesn't show hand 
*** SUMMARY ***
Total pot $0.15 | Rake $0.01 
Board [Tc 3h 2c Jh 8c]
Seat 1: MCAS1994 folded before Flop (didn't bet)
Seat 2: etienne16671 folded on the River
Seat 3: Dorex2007 folded before Flop (didn't bet)
Seat 4: JuanDiego7 (button) folded before Flop (didn't bet)
Seat 5: BiM-WiNNeR (small blind) folded before Flop
Seat 7: Nick See11 (big blind) collected ($0.14)
Seat 8: Xósem folded before Flop (didn't bet)
Seat 9: kaduSSD folded before Flop (didn't bet)



PokerStars Hand #227417141316:  Hold'em No Limit ($0.01/$0.02 USD) - 2021/06/07 20:41:48 PT [2021/06/07 23:41:48 ET]
Table 'Euphemia II' 9-max Seat #5 is the button
Seat 1: MCAS1994 ($1.35 in chips) 
Seat 2: etienne16671 ($3.19 in chips) 
Seat 3: Dorex2007 ($1.94 in chips) 
Seat 5: BiM-WiNNeR ($2.15 in chips) 
Seat 7: Nick See11 ($4.18 in chips) 
Seat 8: Xósem ($1.03 in chips) 
Seat 9: kaduSSD ($1.97 in chips) 
Nick See11: posts small blind $0.01
Xósem: posts big blind $0.02
*** HOLE CARDS ***
Dealt to Dorex2007 [6s 9d]
kaduSSD: folds 
MCAS1994: folds 
etienne16671: folds 
Dorex2007: folds 
BiM-WiNNeR: folds 
Nick See11: raises $0.04 to $0.06
Xósem: folds 
Uncalled bet ($0.04) returned to Nick See11
Nick See11 collected $0.04 from pot
Nick See11: doesn't show hand 
*** SUMMARY ***
Total pot $0.04 | Rake $0 
Seat 1: MCAS1994 folded before Flop (didn't bet)
Seat 2: etienne16671 folded before Flop (didn't bet)
Seat 3: Dorex2007 folded before Flop (didn't bet)
Seat 5: BiM-WiNNeR (button) folded before Flop (didn't bet)
Seat 7: Nick See11 (small blind) collected ($0.04)
Seat 8: Xósem (big blind) folded before Flop
Seat 9: kaduSSD folded before Flop (didn't bet)



PokerStars Hand #227417146153:  Hold'em No Limit ($0.01/$0.02 USD) - 2021/06/07 20:42:15 PT [2021/06/07 23:42:15 ET]
Table 'Euphemia II' 9-max Seat #7 is the button
Seat 1: MCAS1994 ($1.35 in chips) 
Seat 2: etienne16671 ($3.19 in chips) 
Seat 3: Dorex2007 ($1.94 in chips) 
Seat 5: BiM-WiNNeR ($2.15 in chips) 
Seat 7: Nick See11 ($4.20 in chips) 
Seat 8: Xósem ($1.01 in chips) 
Seat 9: kaduSSD ($1.97 in chips) 
Xósem: posts small blind $0.01
kaduSSD: posts big blind $0.02
*** HOLE CARDS ***
Dealt to Dorex2007 [2d Js]
MCAS1994: folds 
etienne16671 has timed out
etienne16671: folds 
Dorex2007: folds 
BiM-WiNNeR: raises $0.04 to $0.06
Nick See11: folds 
Xósem: folds 
kaduSSD: raises $0.13 to $0.19
misterzee71 joins the table at seat #4 
BiM-WiNNeR: calls $0.13
*** FLOP *** [Jd 7d Qh]
kaduSSD: bets $0.38
BiM-WiNNeR: folds 
Uncalled bet ($0.38) returned to kaduSSD
kaduSSD collected $0.38 from pot
kaduSSD: doesn't show hand 
*** SUMMARY ***
Total pot $0.39 | Rake $0.01 
Board [Jd 7d Qh]
Seat 1: MCAS1994 folded before Flop (didn't bet)
Seat 2: etienne16671 folded before Flop (didn't bet)
Seat 3: Dorex2007 folded before Flop (didn't bet)
Seat 5: BiM-WiNNeR folded on the Flop
Seat 7: Nick See11 (button) folded before Flop (didn't bet)
Seat 8: Xósem (small blind) folded before Flop
Seat 9: kaduSSD (big blind) collected ($0.38)



PokerStars Hand #227417161169:  Hold'em No Limit ($0.01/$0.02 USD) - 2021/06/07 20:43:38 PT [2021/06/07 23:43:38 ET]
Table 'Euphemia II' 9-max Seat #8 is the button
Seat 1: MCAS1994 ($1.35 in chips) 
Seat 2: etienne16671 ($3.19 in chips) 
Seat 3: Dorex2007 ($1.94 in chips) 
Seat 5: BiM-WiNNeR ($2 in chips) 
Seat 7: Nick See11 ($4.20 in chips) 
Seat 8: Xósem ($1 in chips) 
Seat 9: kaduSSD ($2.16 in chips) 
kaduSSD: posts small blind $0.01
MCAS1994: posts big blind $0.02
misterzee71: sits out 
*** HOLE CARDS ***
Dealt to Dorex2007 [4h 8h]
etienne16671: folds 
Dorex2007: folds 
BiM-WiNNeR has timed out
BiM-WiNNeR: folds 
Nick See11: folds 
Xósem: folds 
kaduSSD: raises $0.04 to $0.06
MCAS1994: folds 
Uncalled bet ($0.04) returned to kaduSSD
kaduSSD collected $0.04 from pot
kaduSSD: doesn't show hand 
*** SUMMARY ***
Total pot $0.04 | Rake $0 
Seat 1: MCAS1994 (big blind) folded before Flop
Seat 2: etienne16671 folded before Flop (didn't bet)
Seat 3: Dorex2007 folded before Flop (didn't bet)
Seat 5: BiM-WiNNeR folded before Flop (didn't bet)
Seat 7: Nick See11 folded before Flop (didn't bet)
Seat 8: Xósem (button) folded before Flop (didn't bet)
Seat 9: kaduSSD (small blind) collected ($0.04)



PokerStars Hand #227417166819:  Hold'em No Limit ($0.01/$0.02 USD) - 2021/06/07 20:44:10 PT [2021/06/07 23:44:10 ET]
Table 'Euphemia II' 9-max Seat #9 is the button
Seat 1: MCAS1994 ($1.33 in chips) 
Seat 2: etienne16671 ($3.19 in chips) 
Seat 3: Dorex2007 ($1.94 in chips) 
Seat 7: Nick See11 ($4.20 in chips) 
Seat 8: Xósem ($1 in chips) 
Seat 9: kaduSSD ($2.18 in chips) 
MCAS1994: posts small blind $0.01
etienne16671: posts big blind $0.02
misterzee71: sits out 
*** HOLE CARDS ***
Dealt to Dorex2007 [7s 2c]
Dorex2007: folds 
Nick See11: calls $0.02
Xósem: folds 
kaduSSD: folds 
MCAS1994: raises $0.06 to $0.08
etienne16671: folds 
Nick See11: calls $0.06
*** FLOP *** [5c 9d 8s]
MCAS1994: bets $0.09
Nick See11: folds 
Uncalled bet ($0.09) returned to MCAS1994
MCAS1994 collected $0.17 from pot
*** SUMMARY ***
Total pot $0.18 | Rake $0.01 
Board [5c 9d 8s]
Seat 1: MCAS1994 (small blind) collected ($0.17)
Seat 2: etienne16671 (big blind) folded before Flop
Seat 3: Dorex2007 folded before Flop (didn't bet)
Seat 7: Nick See11 folded on the Flop
Seat 8: Xósem folded before Flop (didn't bet)
Seat 9: kaduSSD (button) folded before Flop (didn't bet)



PokerStars Hand #227417174174:  Hold'em No Limit ($0.01/$0.02 USD) - 2021/06/07 20:44:44 PT [2021/06/07 23:44:44 ET]
Table 'Euphemia II' 9-max Seat #1 is the button
Seat 1: MCAS1994 ($1.42 in chips) 
Seat 2: etienne16671 ($3.17 in chips) 
Seat 3: Dorex2007 ($1.94 in chips) 
Seat 4: misterzee71 ($2 in chips) 
Seat 5: BiM-WiNNeR ($2 in chips) 
Seat 7: Nick See11 ($4.12 in chips) 
Seat 8: Xósem ($1 in chips) 
Seat 9: kaduSSD ($2.18 in chips) 
etienne16671: posts small blind $0.01
Dorex2007: posts big blind $0.02
misterzee71: posts big blind $0.02
*** HOLE CARDS ***
Dealt to Dorex2007 [6h 6s]
misterzee71: checks 
BiM-WiNNeR: folds 
Nick See11: folds 
Xósem: folds 
kaduSSD has timed out
kaduSSD: folds 
MCAS1994: raises $0.07 to $0.09
etienne16671: calls $0.08
Dorex2007: folds 
misterzee71: folds 
*** FLOP *** [9s 6c 8h]
etienne16671: checks 
MCAS1994: bets $0.11
etienne16671: calls $0.11
*** TURN *** [9s 6c 8h] [Ts]
etienne16671: checks 
MCAS1994: bets $0.21
etienne16671: calls $0.21
*** RIVER *** [9s 6c 8h Ts] [Ks]
etienne16671: checks 
MCAS1994: checks 
*** SHOW DOWN ***
etienne16671: shows [6d 9c] (two pair, Nines and Sixes)
MCAS1994: shows [Kd Td] (two pair, Kings and Tens)
MCAS1994 collected $0.83 from pot
*** SUMMARY ***
Total pot $0.86 | Rake $0.03 
Board [9s 6c 8h Ts Ks]
Seat 1: MCAS1994 (button) showed [Kd Td] and won ($0.83) with two pair, Kings and Tens
Seat 2: etienne16671 (small blind) showed [6d 9c] and lost with two pair, Nines and Sixes
Seat 3: Dorex2007 (big blind) folded before Flop
Seat 4: misterzee71 folded before Flop (didn't bet)
Seat 5: BiM-WiNNeR folded before Flop (didn't bet)
Seat 7: Nick See11 folded before Flop (didn't bet)
Seat 8: Xósem folded before Flop (didn't bet)
Seat 9: kaduSSD folded before Flop (didn't bet)



PokerStars Hand #227417186010:  Hold'em No Limit ($0.01/$0.02 USD) - 2021/06/07 20:45:51 PT [2021/06/07 23:45:51 ET]
Table 'Euphemia II' 9-max Seat #2 is the button
Seat 1: MCAS1994 ($1.84 in chips) 
Seat 2: etienne16671 ($2.76 in chips) 
Seat 3: Dorex2007 ($1.92 in chips) 
Seat 4: misterzee71 ($1.98 in chips) 
Seat 5: BiM-WiNNeR ($2 in chips) 
Seat 7: Nick See11 ($4.12 in chips) 
Seat 8: Xósem ($1 in chips) 
Seat 9: kaduSSD ($2.18 in chips) 
Dorex2007: posts small blind $0.01
misterzee71: posts big blind $0.02
*** HOLE CARDS ***
Dealt to Dorex2007 [4d 6s]
BiM-WiNNeR: raises $0.04 to $0.06
Nick See11: folds 
Xósem: folds 
kaduSSD: raises $0.15 to $0.21
MCAS1994: folds 
etienne16671: calls $0.21
Dorex2007: folds 
misterzee71: folds 
BiM-WiNNeR: folds 
*** FLOP *** [Th 9h 6d]
kaduSSD: bets $0.49
etienne16671: folds 
Uncalled bet ($0.49) returned to kaduSSD
kaduSSD collected $0.49 from pot
kaduSSD: doesn't show hand 
*** SUMMARY ***
Total pot $0.51 | Rake $0.02 
Board [Th 9h 6d]
Seat 1: MCAS1994 folded before Flop (didn't bet)
Seat 2: etienne16671 (button) folded on the Flop
Seat 3: Dorex2007 (small blind) folded before Flop
Seat 4: misterzee71 (big blind) folded before Flop
Seat 5: BiM-WiNNeR folded before Flop
Seat 7: Nick See11 folded before Flop (didn't bet)
Seat 8: Xósem folded before Flop (didn't bet)
Seat 9: kaduSSD collected ($0.49)



PokerStars Hand #227417192573:  Hold'em No Limit ($0.01/$0.02 USD) - 2021/06/07 20:46:28 PT [2021/06/07 23:46:28 ET]
Table 'Euphemia II' 9-max Seat #3 is the button
Seat 1: MCAS1994 ($1.84 in chips) 
Seat 2: etienne16671 ($2.55 in chips) 
Seat 3: Dorex2007 ($1.91 in chips) 
Seat 4: misterzee71 ($1.96 in chips) 
Seat 5: BiM-WiNNeR ($2 in chips) 
Seat 7: Nick See11 ($4.12 in chips) 
Seat 8: Xósem ($1 in chips) 
Seat 9: kaduSSD ($2.46 in chips) 
misterzee71: posts small blind $0.01
BiM-WiNNeR: posts big blind $0.02
*** HOLE CARDS ***
Dealt to Dorex2007 [Jd 3h]
Nick See11 has timed out
Nick See11: folds 
Xósem: calls $0.02
kaduSSD: folds 
MCAS1994: folds 
etienne16671: folds 
Dorex2007: folds 
misterzee71: calls $0.01
BiM-WiNNeR: raises $0.06 to $0.08
Xósem: calls $0.06
misterzee71: calls $0.06
*** FLOP *** [Ah 9c Kd]
misterzee71: checks 
BiM-WiNNeR: bets $0.14
Xósem: folds 
misterzee71: calls $0.14
*** TURN *** [Ah 9c Kd] [Ac]
misterzee71: checks 
BiM-WiNNeR: bets $0.30
misterzee71: calls $0.30
*** RIVER *** [Ah 9c Kd Ac] [Qd]
misterzee71: checks 
BiM-WiNNeR: checks 
*** SHOW DOWN ***
misterzee71: shows [3s Ad] (three of a kind, Aces)
BiM-WiNNeR: shows [As Td] (three of a kind, Aces)
misterzee71 collected $0.54 from pot
BiM-WiNNeR collected $0.54 from pot
*** SUMMARY ***
Total pot $1.12 | Rake $0.04 
Board [Ah 9c Kd Ac Qd]
Seat 1: MCAS1994 folded before Flop (didn't bet)
Seat 2: etienne16671 folded before Flop (didn't bet)
Seat 3: Dorex2007 (button) folded before Flop (didn't bet)
Seat 4: misterzee71 (small blind) showed [3s Ad] and won ($0.54) with three of a kind, Aces
Seat 5: BiM-WiNNeR (big blind) showed [As Td] and won ($0.54) with three of a kind, Aces
Seat 7: Nick See11 folded before Flop (didn't bet)
Seat 8: Xósem folded on the Flop
Seat 9: kaduSSD folded before Flop (didn't bet)



PokerStars Hand #227417204308:  Hold'em No Limit ($0.01/$0.02 USD) - 2021/06/07 20:47:34 PT [2021/06/07 23:47:34 ET]
Table 'Euphemia II' 9-max Seat #4 is the button
Seat 1: MCAS1994 ($1.84 in chips) 
Seat 2: etienne16671 ($2.55 in chips) 
Seat 3: Dorex2007 ($1.91 in chips) 
Seat 4: misterzee71 ($1.98 in chips) 
Seat 5: BiM-WiNNeR ($2.02 in chips) 
Seat 6: Victor151886 ($2.54 in chips) 
Seat 7: Nick See11 ($4.12 in chips) 
Seat 8: Xósem ($0.92 in chips) 
Seat 9: kaduSSD ($2.46 in chips) 
BiM-WiNNeR: posts small blind $0.01
Victor151886: posts big blind $0.02
*** HOLE CARDS ***
Dealt to Dorex2007 [5h 8d]
Nick See11: folds 
Xósem: calls $0.02
kaduSSD: raises $0.07 to $0.09
MCAS1994: folds 
etienne16671: calls $0.09
Dorex2007: folds 
misterzee71: folds 
BiM-WiNNeR: folds 
Victor151886: folds 
Xósem: folds 
*** FLOP *** [4s Td 9h]
kaduSSD: bets $0.22
etienne16671: raises $0.33 to $0.55
kaduSSD: folds 
Uncalled bet ($0.33) returned to etienne16671
etienne16671 collected $0.65 from pot
etienne16671: doesn't show hand 
*** SUMMARY ***
Total pot $0.67 | Rake $0.02 
Board [4s Td 9h]
Seat 1: MCAS1994 folded before Flop (didn't bet)
Seat 2: etienne16671 collected ($0.65)
Seat 3: Dorex2007 folded before Flop (didn't bet)
Seat 4: misterzee71 (button) folded before Flop (didn't bet)
Seat 5: BiM-WiNNeR (small blind) folded before Flop
Seat 6: Victor151886 (big blind) folded before Flop
Seat 7: Nick See11 folded before Flop (didn't bet)
Seat 8: Xósem folded before Flop
Seat 9: kaduSSD folded on the Flop



PokerStars Hand #227417212743:  Hold'em No Limit ($0.01/$0.02 USD) - 2021/06/07 20:48:21 PT [2021/06/07 23:48:21 ET]
Table 'Euphemia II' 9-max Seat #5 is the button
Seat 1: MCAS1994 ($1.84 in chips) 
Seat 2: etienne16671 ($2.89 in chips) 
Seat 3: Dorex2007 ($1.91 in chips) 
Seat 4: misterzee71 ($1.98 in chips) 
Seat 5: BiM-WiNNeR ($2.01 in chips) 
Seat 6: Victor151886 ($2.52 in chips) 
Seat 7: Nick See11 ($4.12 in chips) 
Seat 8: Xósem ($0.90 in chips) 
Seat 9: kaduSSD ($2.15 in chips) 
Victor151886: posts small blind $0.01
Nick See11: posts big blind $0.02
*** HOLE CARDS ***
Dealt to Dorex2007 [Td Tc]
Xósem: folds 
kaduSSD: folds 
MCAS1994: raises $0.04 to $0.06
etienne16671: calls $0.06
Dorex2007: calls $0.06
misterzee71: calls $0.06
BiM-WiNNeR: folds 
Victor151886: folds 
Nick See11: raises $0.31 to $0.37
MCAS1994: folds 
etienne16671: folds 
Dorex2007: folds 
misterzee71: calls $0.31
*** FLOP *** [7c 4h Kd]
Nick See11: checks 
misterzee71: bets $0.45
Nick See11: calls $0.45
*** TURN *** [7c 4h Kd] [6d]
Nick See11: checks 
misterzee71: bets $0.26
Nick See11: raises $3.04 to $3.30 and is all-in
misterzee71: calls $0.90 and is all-in
Uncalled bet ($2.14) returned to Nick See11
*** RIVER *** [7c 4h Kd 6d] [Js]
*** SHOW DOWN ***
Nick See11: shows [Kh Ad] (a pair of Kings)
misterzee71: shows [9d Kc] (a pair of Kings - lower kicker)
Nick See11 collected $4 from pot
*** SUMMARY ***
Total pot $4.15 | Rake $0.15 
Board [7c 4h Kd 6d Js]
Seat 1: MCAS1994 folded before Flop
Seat 2: etienne16671 folded before Flop
Seat 3: Dorex2007 folded before Flop
Seat 4: misterzee71 showed [9d Kc] and lost with a pair of Kings
Seat 5: BiM-WiNNeR (button) folded before Flop (didn't bet)
Seat 6: Victor151886 (small blind) folded before Flop
Seat 7: Nick See11 (big blind) showed [Kh Ad] and won ($4) with a pair of Kings
Seat 8: Xósem folded before Flop (didn't bet)
Seat 9: kaduSSD folded before Flop (didn't bet)



PokerStars Hand #227417231603:  Hold'em No Limit ($0.01/$0.02 USD) - 2021/06/07 20:49:47 PT [2021/06/07 23:49:47 ET]
Table 'Euphemia II' 9-max Seat #6 is the button
Seat 1: MCAS1994 ($1.78 in chips) 
Seat 2: etienne16671 ($2.83 in chips) 
Seat 3: Dorex2007 ($1.85 in chips) 
Seat 5: BiM-WiNNeR ($2.01 in chips) 
Seat 6: Victor151886 ($2.51 in chips) 
Seat 7: Nick See11 ($6.14 in chips) 
Seat 8: Xósem ($0.90 in chips) 
Seat 9: kaduSSD ($2.15 in chips) 
Nick See11: posts small blind $0.01
Xósem: posts big blind $0.02
*** HOLE CARDS ***
Dealt to Dorex2007 [Jd 4c]
kaduSSD has timed out
kaduSSD: folds 
MCAS1994: folds 
etienne16671: calls $0.02
Dorex2007: folds 
misterzee71 leaves the table
BiM-WiNNeR: folds 
Victor151886: raises $0.06 to $0.08
Nick See11: folds 
Xósem: calls $0.06
kiling1 joins the table at seat #4 
etienne16671: calls $0.06
*** FLOP *** [9s Ah 2s]
Xósem: checks 
etienne16671: checks 
Victor151886: bets $0.06
Xósem: folds 
etienne16671: calls $0.06
*** TURN *** [9s Ah 2s] [7s]
kiling1 leaves the table
etienne16671: checks 
Victor151886: checks 
*** RIVER *** [9s Ah 2s 7s] [2c]
maxim-ka4a joins the table at seat #4 
etienne16671: checks 
Victor151886: checks 
*** SHOW DOWN ***
etienne16671: shows [Qc 9h] (two pair, Nines and Deuces)
Victor151886: mucks hand 
etienne16671 collected $0.36 from pot
*** SUMMARY ***
Total pot $0.37 | Rake $0.01 
Board [9s Ah 2s 7s 2c]
Seat 1: MCAS1994 folded before Flop (didn't bet)
Seat 2: etienne16671 showed [Qc 9h] and won ($0.36) with two pair, Nines and Deuces
Seat 3: Dorex2007 folded before Flop (didn't bet)
Seat 5: BiM-WiNNeR folded before Flop (didn't bet)
Seat 6: Victor151886 (button) mucked [Jh Kh]
Seat 7: Nick See11 (small blind) folded before Flop
Seat 8: Xósem (big blind) folded on the Flop
Seat 9: kaduSSD folded before Flop (didn't bet)



PokerStars Hand #227417245624:  Hold'em No Limit ($0.01/$0.02 USD) - 2021/06/07 20:51:09 PT [2021/06/07 23:51:09 ET]
Table 'Euphemia II' 9-max Seat #7 is the button
Seat 1: MCAS1994 ($1.78 in chips) 
Seat 2: etienne16671 ($3.05 in chips) 
Seat 3: Dorex2007 ($1.85 in chips) 
Seat 5: BiM-WiNNeR ($2.01 in chips) 
Seat 6: Victor151886 ($2.37 in chips) 
Seat 7: Nick See11 ($6.13 in chips) 
Seat 8: Xósem ($0.82 in chips) 
Seat 9: kaduSSD ($2.15 in chips) 
Xósem: posts small blind $0.01
kaduSSD: posts big blind $0.02
maxim-ka4a: sits out 
*** HOLE CARDS ***
Dealt to Dorex2007 [7s Qh]
MCAS1994: folds 
etienne16671: calls $0.02
Dorex2007: folds 
BiM-WiNNeR: folds 
Victor151886: raises $0.06 to $0.08
Nick See11: folds 
Xósem: folds 
kaduSSD: folds 
etienne16671: folds 
Uncalled bet ($0.06) returned to Victor151886
Victor151886 collected $0.07 from pot
Victor151886: doesn't show hand 
*** SUMMARY ***
Total pot $0.07 | Rake $0 
Seat 1: MCAS1994 folded before Flop (didn't bet)
Seat 2: etienne16671 folded before Flop
Seat 3: Dorex2007 folded before Flop (didn't bet)
Seat 5: BiM-WiNNeR folded before Flop (didn't bet)
Seat 6: Victor151886 collected ($0.07)
Seat 7: Nick See11 (button) folded before Flop (didn't bet)
Seat 8: Xósem (small blind) folded before Flop
Seat 9: kaduSSD (big blind) folded before Flop



PokerStars Hand #227417250795:  Hold'em No Limit ($0.01/$0.02 USD) - 2021/06/07 20:51:39 PT [2021/06/07 23:51:39 ET]
Table 'Euphemia II' 9-max Seat #8 is the button
Seat 1: MCAS1994 ($1.78 in chips) 
Seat 2: etienne16671 ($3.03 in chips) 
Seat 3: Dorex2007 ($1.85 in chips) 
Seat 5: BiM-WiNNeR ($2.01 in chips) 
Seat 6: Victor151886 ($2.42 in chips) 
Seat 7: Nick See11 ($6.13 in chips) 
Seat 8: Xósem ($0.81 in chips) 
Seat 9: kaduSSD ($2.13 in chips) 
kaduSSD: posts small blind $0.01
MCAS1994: posts big blind $0.02
maxim-ka4a: sits out 
*** HOLE CARDS ***
Dealt to Dorex2007 [2c Jc]
etienne16671: calls $0.02
Dorex2007: folds 
BiM-WiNNeR: folds 
Victor151886: calls $0.02
Nick See11: folds 
Xósem: folds 
kaduSSD: folds 
MCAS1994: raises $0.06 to $0.08
etienne16671: calls $0.06
Victor151886: calls $0.06
*** FLOP *** [Qd Ah 2s]
MCAS1994: checks 
etienne16671: checks 
Victor151886: bets $0.12
MCAS1994: calls $0.12
etienne16671: calls $0.12
*** TURN *** [Qd Ah 2s] [9d]
MCAS1994: checks 
etienne16671: checks 
Victor151886: bets $0.10
MCAS1994: calls $0.10
etienne16671: calls $0.10
*** RIVER *** [Qd Ah 2s 9d] [4s]
MCAS1994: checks 
etienne16671: bets $0.44
Victor151886: calls $0.44
MCAS1994: folds 
*** SHOW DOWN ***
etienne16671: shows [4h 4d] (three of a kind, Fours)
Victor151886: mucks hand 
etienne16671 collected $1.73 from pot
*** SUMMARY ***
Total pot $1.79 | Rake $0.06 
Board [Qd Ah 2s 9d 4s]
Seat 1: MCAS1994 (big blind) folded on the River
Seat 2: etienne16671 showed [4h 4d] and won ($1.73) with three of a kind, Fours
Seat 3: Dorex2007 folded before Flop (didn't bet)
Seat 5: BiM-WiNNeR folded before Flop (didn't bet)
Seat 6: Victor151886 mucked [Ad Jh]
Seat 7: Nick See11 folded before Flop (didn't bet)
Seat 8: Xósem (button) folded before Flop (didn't bet)
Seat 9: kaduSSD (small blind) folded before Flop



PokerStars Hand #227417264828:  Hold'em No Limit ($0.01/$0.02 USD) - 2021/06/07 20:53:01 PT [2021/06/07 23:53:01 ET]
Table 'Euphemia II' 9-max Seat #9 is the button
Seat 1: MCAS1994 ($1.48 in chips) 
Seat 2: etienne16671 ($4.02 in chips) 
Seat 3: Dorex2007 ($1.85 in chips) 
Seat 5: BiM-WiNNeR ($2.01 in chips) 
Seat 6: Victor151886 ($2 in chips) 
Seat 7: Nick See11 ($6.13 in chips) 
Seat 8: Xósem ($0.81 in chips) 
Seat 9: kaduSSD ($2.12 in chips) 
MCAS1994: posts small blind $0.01
etienne16671: posts big blind $0.02
maxim-ka4a: sits out 
*** HOLE CARDS ***
Dealt to Dorex2007 [Kc 8c]
Dorex2007: folds 
BiM-WiNNeR: folds 
Victor151886: raises $0.03 to $0.05
Nick See11: folds 
Xósem: calls $0.05
kaduSSD: folds 
MCAS1994: folds 
etienne16671: folds 
*** FLOP *** [As 7c 9c]
Victor151886: bets $0.10
Xósem: folds 
Uncalled bet ($0.10) returned to Victor151886
Victor151886 collected $0.13 from pot
Victor151886: doesn't show hand 
*** SUMMARY ***
Total pot $0.13 | Rake $0 
Board [As 7c 9c]
Seat 1: MCAS1994 (small blind) folded before Flop
Seat 2: etienne16671 (big blind) folded before Flop
Seat 3: Dorex2007 folded before Flop (didn't bet)
Seat 5: BiM-WiNNeR folded before Flop (didn't bet)
Seat 6: Victor151886 collected ($0.13)
Seat 7: Nick See11 folded before Flop (didn't bet)
Seat 8: Xósem folded on the Flop
Seat 9: kaduSSD (button) folded before Flop (didn't bet)



PokerStars Hand #227417269309:  Hold'em No Limit ($0.01/$0.02 USD) - 2021/06/07 20:53:27 PT [2021/06/07 23:53:27 ET]
Table 'Euphemia II' 9-max Seat #1 is the button
Seat 1: MCAS1994 ($1.47 in chips) 
Seat 2: etienne16671 ($4 in chips) 
Seat 3: Dorex2007 ($1.85 in chips) 
Seat 5: BiM-WiNNeR ($2.01 in chips) 
Seat 6: Victor151886 ($2.08 in chips) 
Seat 7: Nick See11 ($6.13 in chips) 
Seat 8: Xósem ($0.76 in chips) 
Seat 9: kaduSSD ($2.12 in chips) 
etienne16671: posts small blind $0.01
Dorex2007: posts big blind $0.02
maxim-ka4a: sits out 
*** HOLE CARDS ***
Dealt to Dorex2007 [Ad 4d]
BiM-WiNNeR: folds 
Victor151886: raises $0.04 to $0.06
Nick See11 has timed out
Nick See11: folds 
Xósem: folds 
kaduSSD: calls $0.06
MCAS1994: calls $0.06
etienne16671: calls $0.05
Dorex2007: calls $0.04
*** FLOP *** [6h Js 3h]
etienne16671: checks 
Dorex2007: checks 
Victor151886: bets $0.04
kaduSSD: raises $0.19 to $0.23
MCAS1994: folds 
etienne16671: folds 
Dorex2007: folds 
Victor151886: folds 
Uncalled bet ($0.19) returned to kaduSSD
kaduSSD collected $0.37 from pot
kaduSSD: doesn't show hand 
*** SUMMARY ***
Total pot $0.38 | Rake $0.01 
Board [6h Js 3h]
Seat 1: MCAS1994 (button) folded on the Flop
Seat 2: etienne16671 (small blind) folded on the Flop
Seat 3: Dorex2007 (big blind) folded on the Flop
Seat 5: BiM-WiNNeR folded before Flop (didn't bet)
Seat 6: Victor151886 folded on the Flop
Seat 7: Nick See11 folded before Flop (didn't bet)
Seat 8: Xósem folded before Flop (didn't bet)
Seat 9: kaduSSD collected ($0.37)



PokerStars Hand #227417281789:  Hold'em No Limit ($0.01/$0.02 USD) - 2021/06/07 20:54:39 PT [2021/06/07 23:54:39 ET]
Table 'Euphemia II' 9-max Seat #2 is the button
Seat 1: MCAS1994 ($1.41 in chips) 
Seat 2: etienne16671 ($3.94 in chips) 
Seat 3: Dorex2007 ($1.79 in chips) 
Seat 4: maxim-ka4a ($2 in chips) 
Seat 5: BiM-WiNNeR ($2.01 in chips) 
Seat 6: Victor151886 ($2 in chips) 
Seat 8: Xósem ($0.76 in chips) 
Seat 9: kaduSSD ($2.39 in chips) 
Dorex2007: posts small blind $0.01
maxim-ka4a: posts big blind $0.02
*** HOLE CARDS ***
Dealt to Dorex2007 [6h Td]
BiM-WiNNeR: folds 
Victor151886: folds 
Xósem: folds 
kaduSSD: folds 
MCAS1994: raises $0.04 to $0.06
etienne16671: calls $0.06
Dorex2007: folds 
maxim-ka4a: folds 
*** FLOP *** [8s Jh 4h]
Nick See11 is disconnected 
MCAS1994: checks 
etienne16671: bets $0.08
MCAS1994: folds 
Uncalled bet ($0.08) returned to etienne16671
etienne16671 collected $0.14 from pot
etienne16671: doesn't show hand 
*** SUMMARY ***
Total pot $0.15 | Rake $0.01 
Board [8s Jh 4h]
Seat 1: MCAS1994 folded on the Flop
Seat 2: etienne16671 (button) collected ($0.14)
Seat 3: Dorex2007 (small blind) folded before Flop
Seat 4: maxim-ka4a (big blind) folded before Flop
Seat 5: BiM-WiNNeR folded before Flop (didn't bet)
Seat 6: Victor151886 folded before Flop (didn't bet)
Seat 8: Xósem folded before Flop (didn't bet)
Seat 9: kaduSSD folded before Flop (didn't bet)



PokerStars Hand #227417290931:  Hold'em No Limit ($0.01/$0.02 USD) - 2021/06/07 20:55:36 PT [2021/06/07 23:55:36 ET]
Table 'Euphemia II' 9-max Seat #3 is the button
Seat 1: MCAS1994 ($1.35 in chips) 
Seat 2: etienne16671 ($4.02 in chips) 
Seat 3: Dorex2007 ($1.78 in chips) 
Seat 4: maxim-ka4a ($1.98 in chips) 
Seat 5: BiM-WiNNeR ($2.01 in chips) 
Seat 6: Victor151886 ($2 in chips) 
Seat 7: Nick See11 ($6.13 in chips) 
Seat 8: Xósem ($0.76 in chips) 
Seat 9: kaduSSD ($2.39 in chips) 
maxim-ka4a: posts small blind $0.01
BiM-WiNNeR: posts big blind $0.02
*** HOLE CARDS ***
Dealt to Dorex2007 [5c Ac]
Victor151886: folds 
Nick See11 has timed out
Nick See11: folds 
Xósem: calls $0.02
kaduSSD: raises $0.07 to $0.09
MCAS1994: raises $0.19 to $0.28
etienne16671: folds 
Dorex2007: folds 
maxim-ka4a: folds 
BiM-WiNNeR: folds 
Xósem: folds 
kaduSSD: calls $0.19
*** FLOP *** [Kc Js 9s]
kaduSSD: bets $0.59
MCAS1994: folds 
Uncalled bet ($0.59) returned to kaduSSD
kaduSSD collected $0.59 from pot
kaduSSD: doesn't show hand 
*** SUMMARY ***
Total pot $0.61 | Rake $0.02 
Board [Kc Js 9s]
Seat 1: MCAS1994 folded on the Flop
Seat 2: etienne16671 folded before Flop (didn't bet)
Seat 3: Dorex2007 (button) folded before Flop (didn't bet)
Seat 4: maxim-ka4a (small blind) folded before Flop
Seat 5: BiM-WiNNeR (big blind) folded before Flop
Seat 6: Victor151886 folded before Flop (didn't bet)
Seat 7: Nick See11 folded before Flop (didn't bet)
Seat 8: Xósem folded before Flop
Seat 9: kaduSSD collected ($0.59)



PokerStars Hand #227417300576:  Hold'em No Limit ($0.01/$0.02 USD) - 2021/06/07 20:56:43 PT [2021/06/07 23:56:43 ET]
Table 'Euphemia II' 9-max Seat #4 is the button
Seat 1: MCAS1994 ($1.07 in chips) 
Seat 2: etienne16671 ($4.02 in chips) 
Seat 3: Dorex2007 ($1.78 in chips) 
Seat 4: maxim-ka4a ($1.97 in chips) 
Seat 5: BiM-WiNNeR ($2 in chips) 
Seat 6: Victor151886 ($2 in chips) 
Seat 8: Xósem ($0.74 in chips) 
Seat 9: kaduSSD ($2.70 in chips) 
BiM-WiNNeR: posts small blind $0.01
Victor151886: posts big blind $0.02
*** HOLE CARDS ***
Dealt to Dorex2007 [Tc Jd]
Xósem: folds 
kaduSSD: raises $0.05 to $0.07
MCAS1994: folds 
etienne16671: folds 
Dorex2007: folds 
maxim-ka4a: folds 
BiM-WiNNeR: folds 
Victor151886: folds 
Uncalled bet ($0.05) returned to kaduSSD
kaduSSD collected $0.05 from pot
kaduSSD: doesn't show hand 
*** SUMMARY ***
Total pot $0.05 | Rake $0 
Seat 1: MCAS1994 folded before Flop (didn't bet)
Seat 2: etienne16671 folded before Flop (didn't bet)
Seat 3: Dorex2007 folded before Flop (didn't bet)
Seat 4: maxim-ka4a (button) folded before Flop (didn't bet)
Seat 5: BiM-WiNNeR (small blind) folded before Flop
Seat 6: Victor151886 (big blind) folded before Flop
Seat 8: Xósem folded before Flop (didn't bet)
Seat 9: kaduSSD collected ($0.05)



PokerStars Hand #227417303918:  Hold'em No Limit ($0.01/$0.02 USD) - 2021/06/07 20:57:06 PT [2021/06/07 23:57:06 ET]
Table 'Euphemia II' 9-max Seat #5 is the button
Seat 1: MCAS1994 ($1.07 in chips) 
Seat 2: etienne16671 ($4.02 in chips) 
Seat 3: Dorex2007 ($1.78 in chips) 
Seat 4: maxim-ka4a ($1.97 in chips) 
Seat 5: BiM-WiNNeR ($2 in chips) 
Seat 6: Victor151886 ($2 in chips) 
Seat 8: Xósem ($0.74 in chips) 
Seat 9: kaduSSD ($2.73 in chips) 
Victor151886: posts small blind $0.01
Xósem: posts big blind $0.02
*** HOLE CARDS ***
Dealt to Dorex2007 [8h Js]
kaduSSD: folds 
MCAS1994: folds 
etienne16671: folds 
Dorex2007: folds 
maxim-ka4a: raises $0.04 to $0.06
BiM-WiNNeR: folds 
Victor151886: folds 
Xósem: folds 
Uncalled bet ($0.04) returned to maxim-ka4a
maxim-ka4a collected $0.05 from pot
maxim-ka4a: doesn't show hand 
*** SUMMARY ***
Total pot $0.05 | Rake $0 
Seat 1: MCAS1994 folded before Flop (didn't bet)
Seat 2: etienne16671 folded before Flop (didn't bet)
Seat 3: Dorex2007 folded before Flop (didn't bet)
Seat 4: maxim-ka4a collected ($0.05)
Seat 5: BiM-WiNNeR (button) folded before Flop (didn't bet)
Seat 6: Victor151886 (small blind) folded before Flop
Seat 8: Xósem (big blind) folded before Flop
Seat 9: kaduSSD folded before Flop (didn't bet)



PokerStars Hand #227417313742:  Hold'em No Limit ($0.01/$0.02 USD) - 2021/06/07 20:57:33 PT [2021/06/07 23:57:33 ET]
Table 'Euphemia II' 9-max Seat #6 is the button
Seat 1: MCAS1994 ($1.07 in chips) 
Seat 2: etienne16671 ($4.02 in chips) 
Seat 3: Dorex2007 ($1.78 in chips) 
Seat 4: maxim-ka4a ($2 in chips) 
Seat 5: BiM-WiNNeR ($2 in chips) 
Seat 6: Victor151886 ($2 in chips) 
Seat 8: Xósem ($0.72 in chips) 
Seat 9: kaduSSD ($2.73 in chips) 
Xósem: posts small blind $0.01
kaduSSD: posts big blind $0.02
*** HOLE CARDS ***
Dealt to Dorex2007 [8d 8s]
MCAS1994: folds 
etienne16671: calls $0.02
Dorex2007: raises $0.02 to $0.04
maxim-ka4a: folds 
BiM-WiNNeR: folds 
Victor151886: raises $0.10 to $0.14
Xósem: folds 
kaduSSD: folds 
etienne16671: folds 
Dorex2007: calls $0.10
*** FLOP *** [2h Ad Kd]
Dorex2007: checks 
Victor151886: bets $0.24
Dorex2007: calls $0.24
*** TURN *** [2h Ad Kd] [7c]
Dorex2007: checks 
Victor151886: bets $1.62 and is all-in
Dorex2007: folds 
Uncalled bet ($1.62) returned to Victor151886
Victor151886 collected $0.78 from pot
Victor151886: doesn't show hand 
*** SUMMARY ***
Total pot $0.81 | Rake $0.03 
Board [2h Ad Kd 7c]
Seat 1: MCAS1994 folded before Flop (didn't bet)
Seat 2: etienne16671 folded before Flop
Seat 3: Dorex2007 folded on the Turn
Seat 4: maxim-ka4a folded before Flop (didn't bet)
Seat 5: BiM-WiNNeR folded before Flop (didn't bet)
Seat 6: Victor151886 (button) collected ($0.78)
Seat 8: Xósem (small blind) folded before Flop
Seat 9: kaduSSD (big blind) folded before Flop



PokerStars Hand #227417322645:  Hold'em No Limit ($0.01/$0.02 USD) - 2021/06/07 20:58:34 PT [2021/06/07 23:58:34 ET]
Table 'Euphemia II' 9-max Seat #8 is the button
Seat 1: MCAS1994 ($1.07 in chips) 
Seat 2: etienne16671 ($4 in chips) 
Seat 3: Dorex2007 ($1.40 in chips) 
Seat 4: maxim-ka4a ($2 in chips) 
Seat 5: BiM-WiNNeR ($2 in chips) 
Seat 6: Victor151886 ($2.40 in chips) 
Seat 7: Nick See11 ($6.13 in chips) 
Seat 8: Xósem ($0.71 in chips) 
Seat 9: kaduSSD ($2.71 in chips) 
kaduSSD: posts small blind $0.01
MCAS1994: posts big blind $0.02
Nick See11: posts small & big blinds $0.03
*** HOLE CARDS ***
Dealt to Dorex2007 [6c Th]
etienne16671: calls $0.02
Dorex2007: folds 
maxim-ka4a: folds 
BiM-WiNNeR: raises $0.06 to $0.08
Victor151886: folds 
Nick See11: calls $0.06
Xósem: folds 
kaduSSD: folds 
MCAS1994: folds 
etienne16671: calls $0.06
*** FLOP *** [2c Tc 4s]
etienne16671: checks 
BiM-WiNNeR: checks 
Nick See11: checks 
*** TURN *** [2c Tc 4s] [Kh]
etienne16671: checks 
BiM-WiNNeR: checks 
Nick See11: bets $0.27
etienne16671: folds 
BiM-WiNNeR: folds 
Uncalled bet ($0.27) returned to Nick See11
Nick See11 collected $0.27 from pot
Nick See11: doesn't show hand 
*** SUMMARY ***
Total pot $0.28 | Rake $0.01 
Board [2c Tc 4s Kh]
Seat 1: MCAS1994 (big blind) folded before Flop
Seat 2: etienne16671 folded on the Turn
Seat 3: Dorex2007 folded before Flop (didn't bet)
Seat 4: maxim-ka4a folded before Flop (didn't bet)
Seat 5: BiM-WiNNeR folded on the Turn
Seat 6: Victor151886 folded before Flop (didn't bet)
Seat 7: Nick See11 collected ($0.27)
Seat 8: Xósem (button) folded before Flop (didn't bet)
Seat 9: kaduSSD (small blind) folded before Flop



PokerStars Hand #227417334111:  Hold'em No Limit ($0.01/$0.02 USD) - 2021/06/07 20:59:55 PT [2021/06/07 23:59:55 ET]
Table 'Euphemia II' 9-max Seat #9 is the button
Seat 1: MCAS1994 ($1.05 in chips) 
Seat 2: etienne16671 ($3.92 in chips) 
Seat 3: Dorex2007 ($2 in chips) 
Seat 4: maxim-ka4a ($2 in chips) 
Seat 5: BiM-WiNNeR ($2 in chips) 
Seat 6: Victor151886 ($2.40 in chips) 
Seat 7: Nick See11 ($6.31 in chips) 
Seat 8: Xósem ($0.71 in chips) 
Seat 9: kaduSSD ($2.70 in chips) 
MCAS1994: posts small blind $0.01
etienne16671: posts big blind $0.02
*** HOLE CARDS ***
Dealt to Dorex2007 [Kc 9d]
Dorex2007: folds 
maxim-ka4a: folds 
BiM-WiNNeR: folds 
Victor151886: folds 
Nick See11 has timed out
Nick See11: folds 
Xósem: folds 
kaduSSD: folds 
MCAS1994: raises $0.04 to $0.06
etienne16671: calls $0.04
*** FLOP *** [Ah 7d As]
MCAS1994: bets $0.06
etienne16671: folds 
Uncalled bet ($0.06) returned to MCAS1994
MCAS1994 collected $0.12 from pot
*** SUMMARY ***
Total pot $0.12 | Rake $0 
Board [Ah 7d As]
Seat 1: MCAS1994 (small blind) collected ($0.12)
Seat 2: etienne16671 (big blind) folded on the Flop
Seat 3: Dorex2007 folded before Flop (didn't bet)
Seat 4: maxim-ka4a folded before Flop (didn't bet)
Seat 5: BiM-WiNNeR folded before Flop (didn't bet)
Seat 6: Victor151886 folded before Flop (didn't bet)
Seat 7: Nick See11 folded before Flop (didn't bet)
Seat 8: Xósem folded before Flop (didn't bet)
Seat 9: kaduSSD (button) folded before Flop (didn't bet)



