PokerStars Hand #237796681375:  Hold'em No Limit ($0.02/$0.05 USD) - 2022/08/04 20:30:34 PT [2022/08/04 23:30:34 ET]
Table 'Cogshall' 9-max Seat #7 is the button
Seat 1: Barebow70 ($3.91 in chips) 
Seat 2: sancho_by_by ($3.26 in chips) 
Seat 3: El Trap0 ($6.57 in chips) 
Seat 4: apadis ($1.97 in chips) 
Seat 5: Woodie YUL ($5.33 in chips) 
Seat 6: Ruso1701 ($5.51 in chips) 
Seat 7: GutoFreitas99 ($5.26 in chips) 
Seat 8: leopoker1 ($5 in chips) 
Seat 9: Dorex2007 ($5 in chips) 
leopoker1: posts small blind $0.02
Dorex2007: posts big blind $0.05
*** HOLE CARDS ***
Dealt to Dorex2007 [9c 8h]
Barebow70: folds 
sancho_by_by: folds 
El Trap0: folds 
apadis: folds 
Woodie YUL: calls $0.05
Ruso1701: raises $0.17 to $0.22
GutoFreitas99: folds 
leopoker1: folds 
Dorex2007: folds 
Woodie YUL: folds 
Uncalled bet ($0.17) returned to Ruso1701
Ruso1701 collected $0.17 from pot
Ruso1701: doesn't show hand 
*** SUMMARY ***
Total pot $0.17 | Rake $0 
Seat 1: Barebow70 folded before Flop (didn't bet)
Seat 2: sancho_by_by folded before Flop (didn't bet)
Seat 3: El Trap0 folded before Flop (didn't bet)
Seat 4: apadis folded before Flop (didn't bet)
Seat 5: Woodie YUL folded before Flop
Seat 6: Ruso1701 collected ($0.17)
Seat 7: GutoFreitas99 (button) folded before Flop (didn't bet)
Seat 8: leopoker1 (small blind) folded before Flop
Seat 9: Dorex2007 (big blind) folded before Flop



PokerStars Hand #237796687064:  Hold'em No Limit ($0.02/$0.05 USD) - 2022/08/04 20:31:12 PT [2022/08/04 23:31:12 ET]
Table 'Cogshall' 9-max Seat #8 is the button
Seat 1: Barebow70 ($3.91 in chips) 
Seat 2: sancho_by_by ($3.26 in chips) 
Seat 3: El Trap0 ($6.57 in chips) 
Seat 4: apadis ($1.97 in chips) 
Seat 5: Woodie YUL ($5.28 in chips) 
Seat 6: Ruso1701 ($5.63 in chips) 
Seat 7: GutoFreitas99 ($5.26 in chips) 
Seat 8: leopoker1 ($5 in chips) 
Seat 9: Dorex2007 ($5 in chips) 
Dorex2007: posts small blind $0.02
Barebow70: posts big blind $0.05
*** HOLE CARDS ***
Dealt to Dorex2007 [9h As]
sancho_by_by: folds 
El Trap0: folds 
apadis: folds 
Woodie YUL: folds 
Ruso1701: raises $0.05 to $0.10
GutoFreitas99: folds 
leopoker1: raises $0.40 to $0.50
Dorex2007: folds 
Barebow70: folds 
Ruso1701: calls $0.40
*** FLOP *** [7s 6c 6d]
Ruso1701: checks 
leopoker1: bets $0.79
Ruso1701: calls $0.79
*** TURN *** [7s 6c 6d] [9s]
Ruso1701: checks 
leopoker1: bets $1.85
Ruso1701: folds 
Uncalled bet ($1.85) returned to leopoker1
leopoker1 collected $2.54 from pot
leopoker1: doesn't show hand 
*** SUMMARY ***
Total pot $2.65 | Rake $0.11 
Board [7s 6c 6d 9s]
Seat 1: Barebow70 (big blind) folded before Flop
Seat 2: sancho_by_by folded before Flop (didn't bet)
Seat 3: El Trap0 folded before Flop (didn't bet)
Seat 4: apadis folded before Flop (didn't bet)
Seat 5: Woodie YUL folded before Flop (didn't bet)
Seat 6: Ruso1701 folded on the Turn
Seat 7: GutoFreitas99 folded before Flop (didn't bet)
Seat 8: leopoker1 (button) collected ($2.54)
Seat 9: Dorex2007 (small blind) folded before Flop



PokerStars Hand #237796705731:  Hold'em No Limit ($0.02/$0.05 USD) - 2022/08/04 20:32:25 PT [2022/08/04 23:32:25 ET]
Table 'Cogshall' 9-max Seat #9 is the button
Seat 1: Barebow70 ($3.86 in chips) 
Seat 2: sancho_by_by ($3.26 in chips) 
Seat 3: El Trap0 ($6.57 in chips) 
Seat 4: apadis ($1.97 in chips) 
Seat 5: Woodie YUL ($5.28 in chips) 
Seat 6: Ruso1701 ($4.34 in chips) 
Seat 7: GutoFreitas99 ($5.26 in chips) 
Seat 8: leopoker1 ($6.25 in chips) 
Seat 9: Dorex2007 ($5 in chips) 
Barebow70: posts small blind $0.02
sancho_by_by: posts big blind $0.05
*** HOLE CARDS ***
Dealt to Dorex2007 [Qc 5s]
El Trap0: folds 
apadis: folds 
Woodie YUL: folds 
Ruso1701: raises $0.12 to $0.17
GutoFreitas99: folds 
leopoker1: folds 
Dorex2007: folds 
Barebow70: folds 
sancho_by_by: calls $0.12
*** FLOP *** [Ks Ah 6h]
sancho_by_by: checks 
Ruso1701: checks 
*** TURN *** [Ks Ah 6h] [Tc]
sancho_by_by: bets $0.35
Ruso1701: raises $1.05 to $1.40
sancho_by_by: folds 
Uncalled bet ($1.05) returned to Ruso1701
Ruso1701 collected $1.02 from pot
Ruso1701: doesn't show hand 
*** SUMMARY ***
Total pot $1.06 | Rake $0.04 
Board [Ks Ah 6h Tc]
Seat 1: Barebow70 (small blind) folded before Flop
Seat 2: sancho_by_by (big blind) folded on the Turn
Seat 3: El Trap0 folded before Flop (didn't bet)
Seat 4: apadis folded before Flop (didn't bet)
Seat 5: Woodie YUL folded before Flop (didn't bet)
Seat 6: Ruso1701 collected ($1.02)
Seat 7: GutoFreitas99 folded before Flop (didn't bet)
Seat 8: leopoker1 folded before Flop (didn't bet)
Seat 9: Dorex2007 (button) folded before Flop (didn't bet)



PokerStars Hand #237796711657:  Hold'em No Limit ($0.02/$0.05 USD) - 2022/08/04 20:33:05 PT [2022/08/04 23:33:05 ET]
Table 'Cogshall' 9-max Seat #1 is the button
Seat 1: Barebow70 ($3.84 in chips) 
Seat 2: sancho_by_by ($2.74 in chips) 
Seat 3: El Trap0 ($6.57 in chips) 
Seat 4: apadis ($1.97 in chips) 
Seat 5: Woodie YUL ($5.28 in chips) 
Seat 6: Ruso1701 ($4.84 in chips) 
Seat 7: GutoFreitas99 ($5.26 in chips) 
Seat 8: leopoker1 ($6.25 in chips) 
Seat 9: Dorex2007 ($5 in chips) 
sancho_by_by: posts small blind $0.02
El Trap0: posts big blind $0.05
*** HOLE CARDS ***
Dealt to Dorex2007 [2s Kc]
apadis: folds 
Woodie YUL: folds 
Ruso1701: folds 
GutoFreitas99: raises $0.05 to $0.10
leopoker1: calls $0.10
Dorex2007: folds 
Barebow70: folds 
sancho_by_by: folds 
El Trap0: folds 
*** FLOP *** [7s Ts 3s]
GutoFreitas99: bets $0.10
leopoker1: raises $0.40 to $0.50
GutoFreitas99: folds 
Uncalled bet ($0.40) returned to leopoker1
leopoker1 collected $0.45 from pot
leopoker1: doesn't show hand 
*** SUMMARY ***
Total pot $0.47 | Rake $0.02 
Board [7s Ts 3s]
Seat 1: Barebow70 (button) folded before Flop (didn't bet)
Seat 2: sancho_by_by (small blind) folded before Flop
Seat 3: El Trap0 (big blind) folded before Flop
Seat 4: apadis folded before Flop (didn't bet)
Seat 5: Woodie YUL folded before Flop (didn't bet)
Seat 6: Ruso1701 folded before Flop (didn't bet)
Seat 7: GutoFreitas99 folded on the Flop
Seat 8: leopoker1 collected ($0.45)
Seat 9: Dorex2007 folded before Flop (didn't bet)



PokerStars Hand #237796721906:  Hold'em No Limit ($0.02/$0.05 USD) - 2022/08/04 20:34:15 PT [2022/08/04 23:34:15 ET]
Table 'Cogshall' 9-max Seat #2 is the button
Seat 1: Barebow70 ($3.84 in chips) 
Seat 2: sancho_by_by ($2.72 in chips) 
Seat 3: El Trap0 ($6.52 in chips) 
Seat 4: apadis ($1.97 in chips) 
Seat 5: Woodie YUL ($5.28 in chips) 
Seat 6: Ruso1701 ($4.84 in chips) 
Seat 7: GutoFreitas99 ($5.06 in chips) 
Seat 8: leopoker1 ($6.50 in chips) 
Seat 9: Dorex2007 ($5 in chips) 
El Trap0: posts small blind $0.02
apadis: posts big blind $0.05
*** HOLE CARDS ***
Dealt to Dorex2007 [2d 9s]
Woodie YUL: folds 
Ruso1701: raises $0.05 to $0.10
GutoFreitas99: folds 
leopoker1: folds 
Dorex2007: folds 
Barebow70: folds 
sancho_by_by: raises $0.15 to $0.25
El Trap0: calls $0.23
apadis: folds 
Ruso1701: calls $0.15
*** FLOP *** [Qh 8h Ts]
El Trap0: bets $0.38
Ruso1701: calls $0.38
sancho_by_by: raises $2.09 to $2.47 and is all-in
El Trap0: raises $2.09 to $4.56
Ruso1701: folds 
Uncalled bet ($2.09) returned to El Trap0
*** TURN *** [Qh 8h Ts] [8c]
*** RIVER *** [Qh 8h Ts 8c] [Ac]
*** SHOW DOWN ***
El Trap0: shows [Ah 6h] (two pair, Aces and Eights)
sancho_by_by: shows [7c Jc] (a pair of Eights)
El Trap0 collected $5.87 from pot
*** SUMMARY ***
Total pot $6.12 | Rake $0.25 
Board [Qh 8h Ts 8c Ac]
Seat 1: Barebow70 folded before Flop (didn't bet)
Seat 2: sancho_by_by (button) showed [7c Jc] and lost with a pair of Eights
Seat 3: El Trap0 (small blind) showed [Ah 6h] and won ($5.87) with two pair, Aces and Eights
Seat 4: apadis (big blind) folded before Flop
Seat 5: Woodie YUL folded before Flop (didn't bet)
Seat 6: Ruso1701 folded on the Flop
Seat 7: GutoFreitas99 folded before Flop (didn't bet)
Seat 8: leopoker1 folded before Flop (didn't bet)
Seat 9: Dorex2007 folded before Flop (didn't bet)



PokerStars Hand #237796728527:  Hold'em No Limit ($0.02/$0.05 USD) - 2022/08/04 20:34:59 PT [2022/08/04 23:34:59 ET]
Table 'Cogshall' 9-max Seat #3 is the button
Seat 1: Barebow70 ($3.84 in chips) 
Seat 3: El Trap0 ($9.67 in chips) 
Seat 4: apadis ($1.92 in chips) 
Seat 5: Woodie YUL ($5.28 in chips) 
Seat 6: Ruso1701 ($4.21 in chips) 
Seat 7: GutoFreitas99 ($5.06 in chips) 
Seat 8: leopoker1 ($6.50 in chips) 
Seat 9: Dorex2007 ($5 in chips) 
apadis: posts small blind $0.02
Woodie YUL: posts big blind $0.05
*** HOLE CARDS ***
Dealt to Dorex2007 [4s Ac]
sancho_by_by leaves the table
Ruso1701: folds 
GutoFreitas99: folds 
leopoker1: folds 
shakhtior joins the table at seat #2 
Dorex2007: folds 
Barebow70: raises $0.10 to $0.15
El Trap0: calls $0.15
apadis: folds 
Woodie YUL: folds 
*** FLOP *** [Ah Td 9s]
Barebow70: checks 
El Trap0: checks 
*** TURN *** [Ah Td 9s] [Kh]
Barebow70: bets $0.10
El Trap0: calls $0.10
*** RIVER *** [Ah Td 9s Kh] [Kc]
Barebow70: bets $0.50
El Trap0: folds 
Uncalled bet ($0.50) returned to Barebow70
Barebow70 collected $0.55 from pot
Barebow70: doesn't show hand 
*** SUMMARY ***
Total pot $0.57 | Rake $0.02 
Board [Ah Td 9s Kh Kc]
Seat 1: Barebow70 collected ($0.55)
Seat 3: El Trap0 (button) folded on the River
Seat 4: apadis (small blind) folded before Flop
Seat 5: Woodie YUL (big blind) folded before Flop
Seat 6: Ruso1701 folded before Flop (didn't bet)
Seat 7: GutoFreitas99 folded before Flop (didn't bet)
Seat 8: leopoker1 folded before Flop (didn't bet)
Seat 9: Dorex2007 folded before Flop (didn't bet)



PokerStars Hand #237796733688:  Hold'em No Limit ($0.02/$0.05 USD) - 2022/08/04 20:35:35 PT [2022/08/04 23:35:35 ET]
Table 'Cogshall' 9-max Seat #4 is the button
Seat 1: Barebow70 ($4.14 in chips) 
Seat 3: El Trap0 ($9.42 in chips) 
Seat 4: apadis ($1.90 in chips) 
Seat 5: Woodie YUL ($5.23 in chips) 
Seat 6: Ruso1701 ($4.21 in chips) 
Seat 7: GutoFreitas99 ($5.06 in chips) 
Seat 8: leopoker1 ($6.50 in chips) 
Seat 9: Dorex2007 ($5 in chips) 
Woodie YUL: posts small blind $0.02
Ruso1701: posts big blind $0.05
shakhtior: sits out 
*** HOLE CARDS ***
Dealt to Dorex2007 [9c Tc]
GutoFreitas99: folds 
leopoker1: raises $0.05 to $0.10
Dorex2007: calls $0.10
Barebow70: folds 
El Trap0: calls $0.10
apadis: folds 
Woodie YUL: folds 
Ruso1701: raises $0.42 to $0.52
leopoker1: folds 
Dorex2007: folds 
El Trap0: folds 
Uncalled bet ($0.42) returned to Ruso1701
Ruso1701 collected $0.42 from pot
Ruso1701: doesn't show hand 
*** SUMMARY ***
Total pot $0.42 | Rake $0 
Seat 1: Barebow70 folded before Flop (didn't bet)
Seat 3: El Trap0 folded before Flop
Seat 4: apadis (button) folded before Flop (didn't bet)
Seat 5: Woodie YUL (small blind) folded before Flop
Seat 6: Ruso1701 (big blind) collected ($0.42)
Seat 7: GutoFreitas99 folded before Flop (didn't bet)
Seat 8: leopoker1 folded before Flop
Seat 9: Dorex2007 folded before Flop



PokerStars Hand #237796738613:  Hold'em No Limit ($0.02/$0.05 USD) - 2022/08/04 20:36:09 PT [2022/08/04 23:36:09 ET]
Table 'Cogshall' 9-max Seat #5 is the button
Seat 1: Barebow70 ($4.14 in chips) 
Seat 3: El Trap0 ($9.32 in chips) 
Seat 4: apadis ($1.90 in chips) 
Seat 5: Woodie YUL ($5.21 in chips) 
Seat 6: Ruso1701 ($4.53 in chips) 
Seat 7: GutoFreitas99 ($5.06 in chips) 
Seat 8: leopoker1 ($6.40 in chips) 
Seat 9: Dorex2007 ($5 in chips) 
Ruso1701: posts small blind $0.02
GutoFreitas99: posts big blind $0.05
shakhtior: sits out 
*** HOLE CARDS ***
Dealt to Dorex2007 [2c Qc]
leopoker1: folds 
Dorex2007: folds 
Barebow70: folds 
El Trap0: calls $0.05
apadis: folds 
Woodie YUL: calls $0.05
Ruso1701: folds 
GutoFreitas99: checks 
*** FLOP *** [4s 6d 6h]
GutoFreitas99: checks 
El Trap0: checks 
Woodie YUL: bets $0.08
GutoFreitas99: folds 
El Trap0: calls $0.08
*** TURN *** [4s 6d 6h] [8h]
El Trap0: checks 
Woodie YUL: checks 
*** RIVER *** [4s 6d 6h 8h] [2d]
El Trap0: checks 
Woodie YUL: bets $0.11
El Trap0: folds 
Uncalled bet ($0.11) returned to Woodie YUL
Woodie YUL collected $0.32 from pot
*** SUMMARY ***
Total pot $0.33 | Rake $0.01 
Board [4s 6d 6h 8h 2d]
Seat 1: Barebow70 folded before Flop (didn't bet)
Seat 3: El Trap0 folded on the River
Seat 4: apadis folded before Flop (didn't bet)
Seat 5: Woodie YUL (button) collected ($0.32)
Seat 6: Ruso1701 (small blind) folded before Flop
Seat 7: GutoFreitas99 (big blind) folded on the Flop
Seat 8: leopoker1 folded before Flop (didn't bet)
Seat 9: Dorex2007 folded before Flop (didn't bet)



PokerStars Hand #237796745223:  Hold'em No Limit ($0.02/$0.05 USD) - 2022/08/04 20:36:54 PT [2022/08/04 23:36:54 ET]
Table 'Cogshall' 9-max Seat #6 is the button
Seat 1: Barebow70 ($4.14 in chips) 
Seat 3: El Trap0 ($9.19 in chips) 
Seat 4: apadis ($1.90 in chips) 
Seat 5: Woodie YUL ($5.40 in chips) 
Seat 6: Ruso1701 ($4.51 in chips) 
Seat 7: GutoFreitas99 ($5.01 in chips) 
Seat 8: leopoker1 ($6.40 in chips) 
Seat 9: Dorex2007 ($5 in chips) 
GutoFreitas99: posts small blind $0.02
leopoker1: posts big blind $0.05
shakhtior: sits out 
*** HOLE CARDS ***
Dealt to Dorex2007 [7h 5h]
Dorex2007: folds 
Barebow70: folds 
El Trap0: folds 
apadis: folds 
Woodie YUL: folds 
Ruso1701: folds 
GutoFreitas99: raises $0.05 to $0.10
leopoker1: raises $0.40 to $0.50
GutoFreitas99: folds 
Uncalled bet ($0.40) returned to leopoker1
leopoker1 collected $0.20 from pot
leopoker1: doesn't show hand 
*** SUMMARY ***
Total pot $0.20 | Rake $0 
Seat 1: Barebow70 folded before Flop (didn't bet)
Seat 3: El Trap0 folded before Flop (didn't bet)
Seat 4: apadis folded before Flop (didn't bet)
Seat 5: Woodie YUL folded before Flop (didn't bet)
Seat 6: Ruso1701 (button) folded before Flop (didn't bet)
Seat 7: GutoFreitas99 (small blind) folded before Flop
Seat 8: leopoker1 (big blind) collected ($0.20)
Seat 9: Dorex2007 folded before Flop (didn't bet)



PokerStars Hand #237796750813:  Hold'em No Limit ($0.02/$0.05 USD) - 2022/08/04 20:37:33 PT [2022/08/04 23:37:33 ET]
Table 'Cogshall' 9-max Seat #7 is the button
Seat 1: Barebow70 ($4.14 in chips) 
Seat 3: El Trap0 ($9.19 in chips) 
Seat 4: apadis ($1.90 in chips) 
Seat 5: Woodie YUL ($5.40 in chips) 
Seat 6: Ruso1701 ($4.51 in chips) 
Seat 7: GutoFreitas99 ($4.91 in chips) 
Seat 8: leopoker1 ($6.50 in chips) 
Seat 9: Dorex2007 ($5 in chips) 
leopoker1: posts small blind $0.02
Dorex2007: posts big blind $0.05
shakhtior: sits out 
*** HOLE CARDS ***
Dealt to Dorex2007 [9s Th]
Barebow70: folds 
El Trap0: folds 
apadis: folds 
Woodie YUL: raises $0.09 to $0.14
Ruso1701: folds 
GutoFreitas99: raises $0.21 to $0.35
leopoker1: folds 
Dorex2007: folds 
Woodie YUL: calls $0.21
*** FLOP *** [Qs 2h Ks]
Woodie YUL: bets $0.56
GutoFreitas99: raises $4 to $4.56 and is all-in
Woodie YUL: folds 
Uncalled bet ($4) returned to GutoFreitas99
GutoFreitas99 collected $1.81 from pot
*** SUMMARY ***
Total pot $1.89 | Rake $0.08 
Board [Qs 2h Ks]
Seat 1: Barebow70 folded before Flop (didn't bet)
Seat 3: El Trap0 folded before Flop (didn't bet)
Seat 4: apadis folded before Flop (didn't bet)
Seat 5: Woodie YUL folded on the Flop
Seat 6: Ruso1701 folded before Flop (didn't bet)
Seat 7: GutoFreitas99 (button) collected ($1.81)
Seat 8: leopoker1 (small blind) folded before Flop
Seat 9: Dorex2007 (big blind) folded before Flop



PokerStars Hand #237796756419:  Hold'em No Limit ($0.02/$0.05 USD) - 2022/08/04 20:38:12 PT [2022/08/04 23:38:12 ET]
Table 'Cogshall' 9-max Seat #8 is the button
Seat 1: Barebow70 ($4.14 in chips) 
Seat 3: El Trap0 ($9.19 in chips) 
Seat 4: apadis ($1.90 in chips) 
Seat 5: Woodie YUL ($5 in chips) 
Seat 6: Ruso1701 ($4.51 in chips) 
Seat 7: GutoFreitas99 ($5.81 in chips) 
Seat 8: leopoker1 ($6.48 in chips) 
Seat 9: Dorex2007 ($5 in chips) 
Dorex2007: posts small blind $0.02
Barebow70: posts big blind $0.05
shakhtior: sits out 
*** HOLE CARDS ***
Dealt to Dorex2007 [8c Td]
El Trap0: calls $0.05
apadis: folds 
Woodie YUL: raises $0.13 to $0.18
apadis leaves the table
Ruso1701: raises $0.13 to $0.31
GutoFreitas99: folds 
leopoker1: folds 
Dorex2007: folds 
Barebow70: folds 
El Trap0: folds 
Woodie YUL: calls $0.13
*** FLOP *** [Ts 4c 3d]
Woodie YUL: bets $0.53
Ruso1701: calls $0.53
*** TURN *** [Ts 4c 3d] [Ad]
Woodie YUL: bets $0.57
Ruso1701: calls $0.57
*** RIVER *** [Ts 4c 3d Ad] [Qh]
Woodie YUL: checks 
Ruso1701: checks 
*** SHOW DOWN ***
Woodie YUL: shows [5c 5h] (a pair of Fives)
Ruso1701: shows [7d 7c] (a pair of Sevens)
Ruso1701 collected $2.82 from pot
*** SUMMARY ***
Total pot $2.94 | Rake $0.12 
Board [Ts 4c 3d Ad Qh]
Seat 1: Barebow70 (big blind) folded before Flop
Seat 3: El Trap0 folded before Flop
Seat 4: apadis folded before Flop (didn't bet)
Seat 5: Woodie YUL showed [5c 5h] and lost with a pair of Fives
Seat 6: Ruso1701 showed [7d 7c] and won ($2.82) with a pair of Sevens
Seat 7: GutoFreitas99 folded before Flop (didn't bet)
Seat 8: leopoker1 (button) folded before Flop (didn't bet)
Seat 9: Dorex2007 (small blind) folded before Flop



PokerStars Hand #237796763595:  Hold'em No Limit ($0.02/$0.05 USD) - 2022/08/04 20:39:02 PT [2022/08/04 23:39:02 ET]
Table 'Cogshall' 9-max Seat #9 is the button
Seat 1: Barebow70 ($4.09 in chips) 
Seat 2: shakhtior ($5 in chips) 
Seat 3: El Trap0 ($9.14 in chips) 
Seat 5: Woodie YUL ($5 in chips) 
Seat 6: Ruso1701 ($5.92 in chips) 
Seat 7: GutoFreitas99 ($5.81 in chips) 
Seat 8: leopoker1 ($6.48 in chips) 
Seat 9: Dorex2007 ($5 in chips) 
Barebow70: posts small blind $0.02
shakhtior: posts big blind $0.05
*** HOLE CARDS ***
Dealt to Dorex2007 [Kc 3d]
El Trap0: calls $0.05
Woodie YUL: folds 
Ruso1701: raises $0.05 to $0.10
GutoFreitas99: calls $0.10
leopoker1: calls $0.10
Dorex2007: folds 
Barebow70: calls $0.08
shakhtior: calls $0.05
El Trap0: calls $0.05
*** FLOP *** [2c 5d 7h]
Barebow70: checks 
shakhtior: checks 
BAAR5 joins the table at seat #4 
El Trap0: bets $0.29
Ruso1701: raises $1.16 to $1.45
GutoFreitas99: folds 
leopoker1: folds 
Barebow70: folds 
shakhtior: folds 
El Trap0: folds 
Uncalled bet ($1.16) returned to Ruso1701
Ruso1701 collected $1.13 from pot
Ruso1701: doesn't show hand 
*** SUMMARY ***
Total pot $1.18 | Rake $0.05 
Board [2c 5d 7h]
Seat 1: Barebow70 (small blind) folded on the Flop
Seat 2: shakhtior (big blind) folded on the Flop
Seat 3: El Trap0 folded on the Flop
Seat 5: Woodie YUL folded before Flop (didn't bet)
Seat 6: Ruso1701 collected ($1.13)
Seat 7: GutoFreitas99 folded on the Flop
Seat 8: leopoker1 folded on the Flop
Seat 9: Dorex2007 (button) folded before Flop (didn't bet)



PokerStars Hand #237796773594:  Hold'em No Limit ($0.02/$0.05 USD) - 2022/08/04 20:40:11 PT [2022/08/04 23:40:11 ET]
Table 'Cogshall' 9-max Seat #1 is the button
Seat 1: Barebow70 ($3.99 in chips) 
Seat 2: shakhtior ($5 in chips) 
Seat 3: El Trap0 ($8.75 in chips) 
Seat 5: Woodie YUL ($5 in chips) 
Seat 6: Ruso1701 ($6.66 in chips) 
Seat 7: GutoFreitas99 ($5.71 in chips) 
Seat 8: leopoker1 ($6.38 in chips) 
Seat 9: Dorex2007 ($5 in chips) 
shakhtior: posts small blind $0.02
El Trap0: posts big blind $0.05
BAAR5: sits out 
*** HOLE CARDS ***
Dealt to Dorex2007 [6s 3h]
Woodie YUL: raises $0.09 to $0.14
Ruso1701: folds 
GutoFreitas99: folds 
leopoker1: folds 
Dorex2007: folds 
Barebow70: folds 
shakhtior: folds 
El Trap0: folds 
Uncalled bet ($0.09) returned to Woodie YUL
Woodie YUL collected $0.12 from pot
*** SUMMARY ***
Total pot $0.12 | Rake $0 
Seat 1: Barebow70 (button) folded before Flop (didn't bet)
Seat 2: shakhtior (small blind) folded before Flop
Seat 3: El Trap0 (big blind) folded before Flop
Seat 5: Woodie YUL collected ($0.12)
Seat 6: Ruso1701 folded before Flop (didn't bet)
Seat 7: GutoFreitas99 folded before Flop (didn't bet)
Seat 8: leopoker1 folded before Flop (didn't bet)
Seat 9: Dorex2007 folded before Flop (didn't bet)



PokerStars Hand #237796777403:  Hold'em No Limit ($0.02/$0.05 USD) - 2022/08/04 20:40:38 PT [2022/08/04 23:40:38 ET]
Table 'Cogshall' 9-max Seat #2 is the button
Seat 1: Barebow70 ($3.99 in chips) 
Seat 2: shakhtior ($5 in chips) 
Seat 3: El Trap0 ($8.70 in chips) 
Seat 4: BAAR5 ($4 in chips) 
Seat 5: Woodie YUL ($5.07 in chips) 
Seat 6: Ruso1701 ($6.66 in chips) 
Seat 7: GutoFreitas99 ($5.71 in chips) 
Seat 8: leopoker1 ($6.38 in chips) 
Seat 9: Dorex2007 ($5 in chips) 
El Trap0: posts small blind $0.02
BAAR5: posts big blind $0.05
*** HOLE CARDS ***
Dealt to Dorex2007 [Ks 9d]
Woodie YUL: folds 
Ruso1701: folds 
GutoFreitas99: folds 
leopoker1: folds 
Dorex2007: folds 
Barebow70: folds 
shakhtior: folds 
El Trap0: folds 
Uncalled bet ($0.03) returned to BAAR5
BAAR5 collected $0.04 from pot
BAAR5: doesn't show hand 
*** SUMMARY ***
Total pot $0.04 | Rake $0 
Seat 1: Barebow70 folded before Flop (didn't bet)
Seat 2: shakhtior (button) folded before Flop (didn't bet)
Seat 3: El Trap0 (small blind) folded before Flop
Seat 4: BAAR5 (big blind) collected ($0.04)
Seat 5: Woodie YUL folded before Flop (didn't bet)
Seat 6: Ruso1701 folded before Flop (didn't bet)
Seat 7: GutoFreitas99 folded before Flop (didn't bet)
Seat 8: leopoker1 folded before Flop (didn't bet)
Seat 9: Dorex2007 folded before Flop (didn't bet)



PokerStars Hand #237796779575:  Hold'em No Limit ($0.02/$0.05 USD) - 2022/08/04 20:40:53 PT [2022/08/04 23:40:53 ET]
Table 'Cogshall' 9-max Seat #3 is the button
Seat 1: Barebow70 ($3.99 in chips) 
Seat 2: shakhtior ($5 in chips) 
Seat 3: El Trap0 ($8.68 in chips) 
Seat 4: BAAR5 ($4.02 in chips) 
Seat 5: Woodie YUL ($5.07 in chips) 
Seat 6: Ruso1701 ($6.66 in chips) 
Seat 7: GutoFreitas99 ($5.71 in chips) 
Seat 8: leopoker1 ($6.38 in chips) 
Seat 9: Dorex2007 ($5 in chips) 
BAAR5: posts small blind $0.02
Woodie YUL: posts big blind $0.05
*** HOLE CARDS ***
Dealt to Dorex2007 [5h Jc]
Ruso1701: folds 
GutoFreitas99: folds 
leopoker1: folds 
Dorex2007: folds 
Barebow70: folds 
shakhtior: folds 
El Trap0: folds 
BAAR5: folds 
Uncalled bet ($0.03) returned to Woodie YUL
Woodie YUL collected $0.04 from pot
*** SUMMARY ***
Total pot $0.04 | Rake $0 
Seat 1: Barebow70 folded before Flop (didn't bet)
Seat 2: shakhtior folded before Flop (didn't bet)
Seat 3: El Trap0 (button) folded before Flop (didn't bet)
Seat 4: BAAR5 (small blind) folded before Flop
Seat 5: Woodie YUL (big blind) collected ($0.04)
Seat 6: Ruso1701 folded before Flop (didn't bet)
Seat 7: GutoFreitas99 folded before Flop (didn't bet)
Seat 8: leopoker1 folded before Flop (didn't bet)
Seat 9: Dorex2007 folded before Flop (didn't bet)



PokerStars Hand #237796782335:  Hold'em No Limit ($0.02/$0.05 USD) - 2022/08/04 20:41:12 PT [2022/08/04 23:41:12 ET]
Table 'Cogshall' 9-max Seat #4 is the button
Seat 1: Barebow70 ($3.99 in chips) 
Seat 2: shakhtior ($5 in chips) 
Seat 3: El Trap0 ($8.68 in chips) 
Seat 4: BAAR5 ($4 in chips) 
Seat 5: Woodie YUL ($5.09 in chips) 
Seat 6: Ruso1701 ($6.66 in chips) 
Seat 7: GutoFreitas99 ($5.71 in chips) 
Seat 8: leopoker1 ($6.38 in chips) 
Seat 9: Dorex2007 ($5 in chips) 
Woodie YUL: posts small blind $0.02
Ruso1701: posts big blind $0.05
*** HOLE CARDS ***
Dealt to Dorex2007 [8d 4c]
GutoFreitas99: folds 
leopoker1: folds 
Dorex2007: folds 
Barebow70: folds 
shakhtior: folds 
El Trap0: raises $0.20 to $0.25
BAAR5: folds 
Woodie YUL: folds 
Ruso1701: folds 
Uncalled bet ($0.20) returned to El Trap0
El Trap0 collected $0.12 from pot
El Trap0: doesn't show hand 
*** SUMMARY ***
Total pot $0.12 | Rake $0 
Seat 1: Barebow70 folded before Flop (didn't bet)
Seat 2: shakhtior folded before Flop (didn't bet)
Seat 3: El Trap0 collected ($0.12)
Seat 4: BAAR5 (button) folded before Flop (didn't bet)
Seat 5: Woodie YUL (small blind) folded before Flop
Seat 6: Ruso1701 (big blind) folded before Flop
Seat 7: GutoFreitas99 folded before Flop (didn't bet)
Seat 8: leopoker1 folded before Flop (didn't bet)
Seat 9: Dorex2007 folded before Flop (didn't bet)



PokerStars Hand #237796785529:  Hold'em No Limit ($0.02/$0.05 USD) - 2022/08/04 20:41:34 PT [2022/08/04 23:41:34 ET]
Table 'Cogshall' 9-max Seat #5 is the button
Seat 1: Barebow70 ($3.99 in chips) 
Seat 2: shakhtior ($5 in chips) 
Seat 3: El Trap0 ($8.75 in chips) 
Seat 4: BAAR5 ($4 in chips) 
Seat 5: Woodie YUL ($5.07 in chips) 
Seat 6: Ruso1701 ($6.61 in chips) 
Seat 7: GutoFreitas99 ($5.71 in chips) 
Seat 8: leopoker1 ($6.38 in chips) 
Seat 9: Dorex2007 ($5 in chips) 
Ruso1701: posts small blind $0.02
GutoFreitas99: posts big blind $0.05
*** HOLE CARDS ***
Dealt to Dorex2007 [2s 8h]
leopoker1: folds 
Dorex2007: folds 
Barebow70: raises $0.10 to $0.15
shakhtior: folds 
El Trap0: folds 
BAAR5: folds 
Woodie YUL: folds 
Ruso1701: folds 
GutoFreitas99: folds 
Uncalled bet ($0.10) returned to Barebow70
Barebow70 collected $0.12 from pot
Barebow70: doesn't show hand 
*** SUMMARY ***
Total pot $0.12 | Rake $0 
Seat 1: Barebow70 collected ($0.12)
Seat 2: shakhtior folded before Flop (didn't bet)
Seat 3: El Trap0 folded before Flop (didn't bet)
Seat 4: BAAR5 folded before Flop (didn't bet)
Seat 5: Woodie YUL (button) folded before Flop (didn't bet)
Seat 6: Ruso1701 (small blind) folded before Flop
Seat 7: GutoFreitas99 (big blind) folded before Flop
Seat 8: leopoker1 folded before Flop (didn't bet)
Seat 9: Dorex2007 folded before Flop (didn't bet)



PokerStars Hand #237796788830:  Hold'em No Limit ($0.02/$0.05 USD) - 2022/08/04 20:41:57 PT [2022/08/04 23:41:57 ET]
Table 'Cogshall' 9-max Seat #6 is the button
Seat 1: Barebow70 ($4.06 in chips) 
Seat 2: shakhtior ($5 in chips) 
Seat 3: El Trap0 ($8.75 in chips) 
Seat 4: BAAR5 ($4 in chips) 
Seat 5: Woodie YUL ($5.07 in chips) 
Seat 6: Ruso1701 ($6.59 in chips) 
Seat 7: GutoFreitas99 ($5.66 in chips) 
Seat 8: leopoker1 ($6.38 in chips) 
Seat 9: Dorex2007 ($5 in chips) 
GutoFreitas99: posts small blind $0.02
leopoker1: posts big blind $0.05
*** HOLE CARDS ***
Dealt to Dorex2007 [9s Kh]
Dorex2007: folds 
Barebow70: folds 
shakhtior: folds 
El Trap0: folds 
BAAR5: folds 
Woodie YUL: folds 
Ruso1701: folds 
GutoFreitas99: folds 
Uncalled bet ($0.03) returned to leopoker1
leopoker1 collected $0.04 from pot
leopoker1: doesn't show hand 
*** SUMMARY ***
Total pot $0.04 | Rake $0 
Seat 1: Barebow70 folded before Flop (didn't bet)
Seat 2: shakhtior folded before Flop (didn't bet)
Seat 3: El Trap0 folded before Flop (didn't bet)
Seat 4: BAAR5 folded before Flop (didn't bet)
Seat 5: Woodie YUL folded before Flop (didn't bet)
Seat 6: Ruso1701 (button) folded before Flop (didn't bet)
Seat 7: GutoFreitas99 (small blind) folded before Flop
Seat 8: leopoker1 (big blind) collected ($0.04)
Seat 9: Dorex2007 folded before Flop (didn't bet)



PokerStars Hand #237796790776:  Hold'em No Limit ($0.02/$0.05 USD) - 2022/08/04 20:42:10 PT [2022/08/04 23:42:10 ET]
Table 'Cogshall' 9-max Seat #7 is the button
Seat 1: Barebow70 ($4.06 in chips) 
Seat 2: shakhtior ($5 in chips) 
Seat 3: El Trap0 ($8.75 in chips) 
Seat 4: BAAR5 ($4 in chips) 
Seat 5: Woodie YUL ($5.07 in chips) 
Seat 6: Ruso1701 ($6.59 in chips) 
Seat 7: GutoFreitas99 ($5.64 in chips) 
Seat 8: leopoker1 ($6.40 in chips) 
Seat 9: Dorex2007 ($5 in chips) 
leopoker1: posts small blind $0.02
Dorex2007: posts big blind $0.05
*** HOLE CARDS ***
Dealt to Dorex2007 [7s Jd]
Barebow70: folds 
shakhtior: folds 
El Trap0: folds 
BAAR5: folds 
Woodie YUL: folds 
Ruso1701: raises $0.05 to $0.10
GutoFreitas99: folds 
leopoker1: folds 
Dorex2007: folds 
Uncalled bet ($0.05) returned to Ruso1701
Ruso1701 collected $0.12 from pot
Ruso1701: doesn't show hand 
*** SUMMARY ***
Total pot $0.12 | Rake $0 
Seat 1: Barebow70 folded before Flop (didn't bet)
Seat 2: shakhtior folded before Flop (didn't bet)
Seat 3: El Trap0 folded before Flop (didn't bet)
Seat 4: BAAR5 folded before Flop (didn't bet)
Seat 5: Woodie YUL folded before Flop (didn't bet)
Seat 6: Ruso1701 collected ($0.12)
Seat 7: GutoFreitas99 (button) folded before Flop (didn't bet)
Seat 8: leopoker1 (small blind) folded before Flop
Seat 9: Dorex2007 (big blind) folded before Flop



PokerStars Hand #237796793895:  Hold'em No Limit ($0.02/$0.05 USD) - 2022/08/04 20:42:32 PT [2022/08/04 23:42:32 ET]
Table 'Cogshall' 9-max Seat #8 is the button
Seat 1: Barebow70 ($4.06 in chips) 
Seat 2: shakhtior ($5 in chips) 
Seat 3: El Trap0 ($8.75 in chips) 
Seat 4: BAAR5 ($4 in chips) 
Seat 5: Woodie YUL ($5.07 in chips) 
Seat 6: Ruso1701 ($6.66 in chips) 
Seat 7: GutoFreitas99 ($5.64 in chips) 
Seat 8: leopoker1 ($6.38 in chips) 
Seat 9: Dorex2007 ($5 in chips) 
Dorex2007: posts small blind $0.02
Barebow70: posts big blind $0.05
*** HOLE CARDS ***
Dealt to Dorex2007 [2d Td]
shakhtior: folds 
El Trap0: folds 
BAAR5: calls $0.05
Woodie YUL has timed out
Woodie YUL: folds 
Ruso1701: raises $0.10 to $0.15
GutoFreitas99: folds 
leopoker1: calls $0.15
Dorex2007: folds 
Barebow70: folds 
BAAR5: raises $3.85 to $4 and is all-in
Ruso1701: folds 
leopoker1: folds 
Uncalled bet ($3.85) returned to BAAR5
BAAR5 collected $0.52 from pot
BAAR5: doesn't show hand 
*** SUMMARY ***
Total pot $0.52 | Rake $0 
Seat 1: Barebow70 (big blind) folded before Flop
Seat 2: shakhtior folded before Flop (didn't bet)
Seat 3: El Trap0 folded before Flop (didn't bet)
Seat 4: BAAR5 collected ($0.52)
Seat 5: Woodie YUL folded before Flop (didn't bet)
Seat 6: Ruso1701 folded before Flop
Seat 7: GutoFreitas99 folded before Flop (didn't bet)
Seat 8: leopoker1 (button) folded before Flop
Seat 9: Dorex2007 (small blind) folded before Flop



PokerStars Hand #237796801928:  Hold'em No Limit ($0.02/$0.05 USD) - 2022/08/04 20:43:27 PT [2022/08/04 23:43:27 ET]
Table 'Cogshall' 9-max Seat #9 is the button
Seat 1: Barebow70 ($4.01 in chips) 
Seat 2: shakhtior ($5 in chips) 
Seat 3: El Trap0 ($8.75 in chips) 
Seat 4: BAAR5 ($4.37 in chips) 
Seat 5: Woodie YUL ($5.07 in chips) 
Seat 6: Ruso1701 ($6.51 in chips) 
Seat 7: GutoFreitas99 ($5.64 in chips) 
Seat 8: leopoker1 ($6.23 in chips) 
Seat 9: Dorex2007 ($5 in chips) 
Barebow70: posts small blind $0.02
shakhtior: posts big blind $0.05
*** HOLE CARDS ***
Dealt to Dorex2007 [2h 6h]
El Trap0: folds 
BAAR5: folds 
Woodie YUL: folds 
Ruso1701: raises $0.12 to $0.17
GutoFreitas99: folds 
leopoker1: folds 
Dorex2007: folds 
Barebow70: folds 
shakhtior: folds 
Uncalled bet ($0.12) returned to Ruso1701
Ruso1701 collected $0.12 from pot
Ruso1701: doesn't show hand 
*** SUMMARY ***
Total pot $0.12 | Rake $0 
Seat 1: Barebow70 (small blind) folded before Flop
Seat 2: shakhtior (big blind) folded before Flop
Seat 3: El Trap0 folded before Flop (didn't bet)
Seat 4: BAAR5 folded before Flop (didn't bet)
Seat 5: Woodie YUL folded before Flop (didn't bet)
Seat 6: Ruso1701 collected ($0.12)
Seat 7: GutoFreitas99 folded before Flop (didn't bet)
Seat 8: leopoker1 folded before Flop (didn't bet)
Seat 9: Dorex2007 (button) folded before Flop (didn't bet)



PokerStars Hand #237796804316:  Hold'em No Limit ($0.02/$0.05 USD) - 2022/08/04 20:43:44 PT [2022/08/04 23:43:44 ET]
Table 'Cogshall' 9-max Seat #1 is the button
Seat 1: Barebow70 ($3.99 in chips) 
Seat 2: shakhtior ($5 in chips) 
Seat 3: El Trap0 ($8.75 in chips) 
Seat 4: BAAR5 ($4.37 in chips) 
Seat 5: Woodie YUL ($5.07 in chips) 
Seat 6: Ruso1701 ($6.58 in chips) 
Seat 7: GutoFreitas99 ($5.64 in chips) 
Seat 8: leopoker1 ($6.23 in chips) 
Seat 9: Dorex2007 ($5 in chips) 
shakhtior: posts small blind $0.02
El Trap0: posts big blind $0.05
*** HOLE CARDS ***
Dealt to Dorex2007 [6h Qh]
BAAR5: folds 
Woodie YUL: folds 
Ruso1701: folds 
GutoFreitas99: raises $0.05 to $0.10
leopoker1: folds 
Dorex2007: folds 
Barebow70: folds 
shakhtior: folds 
El Trap0: calls $0.05
*** FLOP *** [Tc 8c Ks]
El Trap0: checks 
GutoFreitas99: bets $0.14
El Trap0: folds 
Uncalled bet ($0.14) returned to GutoFreitas99
GutoFreitas99 collected $0.21 from pot
*** SUMMARY ***
Total pot $0.22 | Rake $0.01 
Board [Tc 8c Ks]
Seat 1: Barebow70 (button) folded before Flop (didn't bet)
Seat 2: shakhtior (small blind) folded before Flop
Seat 3: El Trap0 (big blind) folded on the Flop
Seat 4: BAAR5 folded before Flop (didn't bet)
Seat 5: Woodie YUL folded before Flop (didn't bet)
Seat 6: Ruso1701 folded before Flop (didn't bet)
Seat 7: GutoFreitas99 collected ($0.21)
Seat 8: leopoker1 folded before Flop (didn't bet)
Seat 9: Dorex2007 folded before Flop (didn't bet)



PokerStars Hand #237796811431:  Hold'em No Limit ($0.02/$0.05 USD) - 2022/08/04 20:44:35 PT [2022/08/04 23:44:35 ET]
Table 'Cogshall' 9-max Seat #2 is the button
Seat 1: Barebow70 ($3.99 in chips) 
Seat 2: shakhtior ($5 in chips) 
Seat 3: El Trap0 ($8.65 in chips) 
Seat 4: BAAR5 ($4.37 in chips) 
Seat 5: Woodie YUL ($5.07 in chips) 
Seat 6: Ruso1701 ($6.58 in chips) 
Seat 7: GutoFreitas99 ($5.75 in chips) 
Seat 8: leopoker1 ($6.23 in chips) 
Seat 9: Dorex2007 ($5 in chips) 
El Trap0: posts small blind $0.02
BAAR5: posts big blind $0.05
*** HOLE CARDS ***
Dealt to Dorex2007 [2h 9s]
Woodie YUL: folds 
Ruso1701: raises $0.05 to $0.10
GutoFreitas99: folds 
leopoker1: folds 
Dorex2007: folds 
Barebow70: folds 
shakhtior: folds 
El Trap0: folds 
BAAR5: folds 
Uncalled bet ($0.05) returned to Ruso1701
Ruso1701 collected $0.12 from pot
Ruso1701: doesn't show hand 
*** SUMMARY ***
Total pot $0.12 | Rake $0 
Seat 1: Barebow70 folded before Flop (didn't bet)
Seat 2: shakhtior (button) folded before Flop (didn't bet)
Seat 3: El Trap0 (small blind) folded before Flop
Seat 4: BAAR5 (big blind) folded before Flop
Seat 5: Woodie YUL folded before Flop (didn't bet)
Seat 6: Ruso1701 collected ($0.12)
Seat 7: GutoFreitas99 folded before Flop (didn't bet)
Seat 8: leopoker1 folded before Flop (didn't bet)
Seat 9: Dorex2007 folded before Flop (didn't bet)



PokerStars Hand #237796815307:  Hold'em No Limit ($0.02/$0.05 USD) - 2022/08/04 20:45:02 PT [2022/08/04 23:45:02 ET]
Table 'Cogshall' 9-max Seat #3 is the button
Seat 1: Barebow70 ($3.99 in chips) 
Seat 2: shakhtior ($5 in chips) 
Seat 3: El Trap0 ($8.63 in chips) 
Seat 4: BAAR5 ($4.32 in chips) 
Seat 5: Woodie YUL ($5.07 in chips) 
Seat 6: Ruso1701 ($6.65 in chips) 
Seat 7: GutoFreitas99 ($5.75 in chips) 
Seat 8: leopoker1 ($6.23 in chips) 
Seat 9: Dorex2007 ($5 in chips) 
BAAR5: posts small blind $0.02
Woodie YUL: posts big blind $0.05
*** HOLE CARDS ***
Dealt to Dorex2007 [5d Qd]
Ruso1701: raises $0.05 to $0.10
GutoFreitas99: folds 
leopoker1: calls $0.10
Dorex2007: folds 
Barebow70: folds 
shakhtior: folds 
El Trap0: raises $0.05 to $0.15
BAAR5: folds 
Woodie YUL: folds 
Ruso1701: calls $0.05
leopoker1: calls $0.05
*** FLOP *** [Qh 2s 2h]
Ruso1701: checks 
leopoker1: checks 
El Trap0: checks 
*** TURN *** [Qh 2s 2h] [2d]
Ruso1701: bets $0.25
leopoker1: folds 
El Trap0: calls $0.25
*** RIVER *** [Qh 2s 2h 2d] [Qc]
Ruso1701: bets $0.49
El Trap0: calls $0.49
*** SHOW DOWN ***
Ruso1701: shows [Ac Td] (a full house, Deuces full of Queens)
El Trap0: shows [Jd Kc] (a full house, Deuces full of Queens)
Ruso1701 collected $0.96 from pot
El Trap0 collected $0.96 from pot
*** SUMMARY ***
Total pot $2 | Rake $0.08 
Board [Qh 2s 2h 2d Qc]
Seat 1: Barebow70 folded before Flop (didn't bet)
Seat 2: shakhtior folded before Flop (didn't bet)
Seat 3: El Trap0 (button) showed [Jd Kc] and won ($0.96) with a full house, Deuces full of Queens
Seat 4: BAAR5 (small blind) folded before Flop
Seat 5: Woodie YUL (big blind) folded before Flop
Seat 6: Ruso1701 showed [Ac Td] and won ($0.96) with a full house, Deuces full of Queens
Seat 7: GutoFreitas99 folded before Flop (didn't bet)
Seat 8: leopoker1 folded on the Turn
Seat 9: Dorex2007 folded before Flop (didn't bet)



PokerStars Hand #237796823764:  Hold'em No Limit ($0.02/$0.05 USD) - 2022/08/04 20:46:02 PT [2022/08/04 23:46:02 ET]
Table 'Cogshall' 9-max Seat #4 is the button
Seat 1: Barebow70 ($3.99 in chips) 
Seat 2: shakhtior ($5 in chips) 
Seat 3: El Trap0 ($8.70 in chips) 
Seat 4: BAAR5 ($4.30 in chips) 
Seat 5: Woodie YUL ($5.02 in chips) 
Seat 6: Ruso1701 ($6.72 in chips) 
Seat 7: GutoFreitas99 ($5.75 in chips) 
Seat 8: leopoker1 ($6.08 in chips) 
Seat 9: Dorex2007 ($5 in chips) 
Woodie YUL: posts small blind $0.02
Ruso1701: posts big blind $0.05
*** HOLE CARDS ***
Dealt to Dorex2007 [9c 6c]
GutoFreitas99: folds 
leopoker1: folds 
Dorex2007: folds 
Barebow70 has timed out
Barebow70: folds 
shakhtior: folds 
El Trap0: folds 
BAAR5: folds 
Woodie YUL: folds 
Uncalled bet ($0.03) returned to Ruso1701
Ruso1701 collected $0.04 from pot
Ruso1701: doesn't show hand 
*** SUMMARY ***
Total pot $0.04 | Rake $0 
Seat 1: Barebow70 folded before Flop (didn't bet)
Seat 2: shakhtior folded before Flop (didn't bet)
Seat 3: El Trap0 folded before Flop (didn't bet)
Seat 4: BAAR5 (button) folded before Flop (didn't bet)
Seat 5: Woodie YUL (small blind) folded before Flop
Seat 6: Ruso1701 (big blind) collected ($0.04)
Seat 7: GutoFreitas99 folded before Flop (didn't bet)
Seat 8: leopoker1 folded before Flop (didn't bet)
Seat 9: Dorex2007 folded before Flop (didn't bet)



PokerStars Hand #237796827288:  Hold'em No Limit ($0.02/$0.05 USD) - 2022/08/04 20:46:26 PT [2022/08/04 23:46:26 ET]
Table 'Cogshall' 9-max Seat #5 is the button
Seat 2: shakhtior ($5 in chips) 
Seat 3: El Trap0 ($8.70 in chips) 
Seat 4: BAAR5 ($4.30 in chips) 
Seat 5: Woodie YUL ($5 in chips) 
Seat 6: Ruso1701 ($6.74 in chips) 
Seat 7: GutoFreitas99 ($5.75 in chips) 
Seat 8: leopoker1 ($6.08 in chips) 
Seat 9: Dorex2007 ($5 in chips) 
Ruso1701: posts small blind $0.02
GutoFreitas99: posts big blind $0.05
*** HOLE CARDS ***
Dealt to Dorex2007 [5s Ts]
leopoker1: raises $0.05 to $0.10
Dorex2007: folds 
shakhtior: folds 
El Trap0: calls $0.10
BAAR5: folds 
Woodie YUL: folds 
Ruso1701: calls $0.08
GutoFreitas99: calls $0.05
*** FLOP *** [6d Kc As]
Ruso1701: checks 
GutoFreitas99: checks 
leopoker1: checks 
El Trap0: checks 
*** TURN *** [6d Kc As] [7s]
Ruso1701: bets $0.15
GutoFreitas99: folds 
leopoker1: calls $0.15
El Trap0: calls $0.15
*** RIVER *** [6d Kc As 7s] [3d]
Ruso1701: checks 
leopoker1: checks 
El Trap0: checks 
*** SHOW DOWN ***
Ruso1701: shows [8h 9s] (high card Ace)
leopoker1: shows [Ks Qd] (a pair of Kings)
El Trap0: mucks hand 
leopoker1 collected $0.81 from pot
*** SUMMARY ***
Total pot $0.85 | Rake $0.04 
Board [6d Kc As 7s 3d]
Seat 2: shakhtior folded before Flop (didn't bet)
Seat 3: El Trap0 mucked [6c Tc]
Seat 4: BAAR5 folded before Flop (didn't bet)
Seat 5: Woodie YUL (button) folded before Flop (didn't bet)
Seat 6: Ruso1701 (small blind) showed [8h 9s] and lost with high card Ace
Seat 7: GutoFreitas99 (big blind) folded on the Turn
Seat 8: leopoker1 showed [Ks Qd] and won ($0.81) with a pair of Kings
Seat 9: Dorex2007 folded before Flop (didn't bet)



PokerStars Hand #237796837319:  Hold'em No Limit ($0.02/$0.05 USD) - 2022/08/04 20:47:37 PT [2022/08/04 23:47:37 ET]
Table 'Cogshall' 9-max Seat #6 is the button
Seat 2: shakhtior ($5 in chips) 
Seat 3: El Trap0 ($8.45 in chips) 
Seat 4: BAAR5 ($4.30 in chips) 
Seat 5: Woodie YUL ($5 in chips) 
Seat 6: Ruso1701 ($6.49 in chips) 
Seat 7: GutoFreitas99 ($5.65 in chips) 
Seat 8: leopoker1 ($6.64 in chips) 
Seat 9: Dorex2007 ($5 in chips) 
GutoFreitas99: posts small blind $0.02
leopoker1: posts big blind $0.05
*** HOLE CARDS ***
Dealt to Dorex2007 [Ah Ac]
Dorex2007: raises $0.05 to $0.10
shakhtior: folds 
El Trap0: folds 
BAAR5: folds 
Woodie YUL: folds 
Ruso1701: calls $0.10
GutoFreitas99: folds 
leopoker1: calls $0.05
*** FLOP *** [8c Tc 5h]
leopoker1: checks 
Dorex2007: bets $0.21
Ruso1701: calls $0.21
leopoker1: calls $0.21
*** TURN *** [8c Tc 5h] [9d]
leopoker1: checks 
Dorex2007: checks 
Ruso1701: checks 
*** RIVER *** [8c Tc 5h 9d] [Qh]
leopoker1: bets $0.45
Dorex2007: calls $0.45
Ruso1701: folds 
*** SHOW DOWN ***
leopoker1: shows [9c Qd] (two pair, Queens and Nines)
Dorex2007: mucks hand 
leopoker1 collected $1.77 from pot
*** SUMMARY ***
Total pot $1.85 | Rake $0.08 
Board [8c Tc 5h 9d Qh]
Seat 2: shakhtior folded before Flop (didn't bet)
Seat 3: El Trap0 folded before Flop (didn't bet)
Seat 4: BAAR5 folded before Flop (didn't bet)
Seat 5: Woodie YUL folded before Flop (didn't bet)
Seat 6: Ruso1701 (button) folded on the River
Seat 7: GutoFreitas99 (small blind) folded before Flop
Seat 8: leopoker1 (big blind) showed [9c Qd] and won ($1.77) with two pair, Queens and Nines
Seat 9: Dorex2007 mucked [Ah Ac]



PokerStars Hand #237796857833:  Hold'em No Limit ($0.02/$0.05 USD) - 2022/08/04 20:48:56 PT [2022/08/04 23:48:56 ET]
Table 'Cogshall' 9-max Seat #7 is the button
Seat 2: shakhtior ($5 in chips) 
Seat 3: El Trap0 ($8.45 in chips) 
Seat 4: BAAR5 ($4.30 in chips) 
Seat 5: Woodie YUL ($5 in chips) 
Seat 6: Ruso1701 ($6.18 in chips) 
Seat 7: GutoFreitas99 ($5.63 in chips) 
Seat 8: leopoker1 ($7.65 in chips) 
Seat 9: Dorex2007 ($5 in chips) 
leopoker1: posts small blind $0.02
Dorex2007: posts big blind $0.05
*** HOLE CARDS ***
Dealt to Dorex2007 [Jd 4h]
shakhtior: folds 
El Trap0: folds 
BAAR5: calls $0.05
Woodie YUL: folds 
Ruso1701: folds 
GutoFreitas99: folds 
leopoker1: raises $0.10 to $0.15
Dorex2007: folds 
BAAR5: calls $0.10
*** FLOP *** [2s 5c Qs]
leopoker1: bets $0.25
BAAR5: folds 
Uncalled bet ($0.25) returned to leopoker1
leopoker1 collected $0.34 from pot
leopoker1: doesn't show hand 
*** SUMMARY ***
Total pot $0.35 | Rake $0.01 
Board [2s 5c Qs]
Seat 2: shakhtior folded before Flop (didn't bet)
Seat 3: El Trap0 folded before Flop (didn't bet)
Seat 4: BAAR5 folded on the Flop
Seat 5: Woodie YUL folded before Flop (didn't bet)
Seat 6: Ruso1701 folded before Flop (didn't bet)
Seat 7: GutoFreitas99 (button) folded before Flop (didn't bet)
Seat 8: leopoker1 (small blind) collected ($0.34)
Seat 9: Dorex2007 (big blind) folded before Flop



PokerStars Hand #237796862943:  Hold'em No Limit ($0.02/$0.05 USD) - 2022/08/04 20:49:33 PT [2022/08/04 23:49:33 ET]
Table 'Cogshall' 9-max Seat #8 is the button
Seat 2: shakhtior ($5 in chips) 
Seat 3: El Trap0 ($8.45 in chips) 
Seat 4: BAAR5 ($4.15 in chips) 
Seat 5: Woodie YUL ($5 in chips) 
Seat 6: Ruso1701 ($6.18 in chips) 
Seat 7: GutoFreitas99 ($5.63 in chips) 
Seat 8: leopoker1 ($7.84 in chips) 
Seat 9: Dorex2007 ($5 in chips) 
Dorex2007: posts small blind $0.02
shakhtior: posts big blind $0.05
*** HOLE CARDS ***
Dealt to Dorex2007 [7d 8s]
El Trap0: calls $0.05
BAAR5: folds 
Woodie YUL: folds 
Ruso1701: folds 
GutoFreitas99: folds 
leopoker1: folds 
Dorex2007: folds 
shakhtior: checks 
*** FLOP *** [Td 5h 2c]
shakhtior: checks 
El Trap0: bets $0.05
shakhtior: folds 
Uncalled bet ($0.05) returned to El Trap0
El Trap0 collected $0.12 from pot
El Trap0: doesn't show hand 
*** SUMMARY ***
Total pot $0.12 | Rake $0 
Board [Td 5h 2c]
Seat 2: shakhtior (big blind) folded on the Flop
Seat 3: El Trap0 collected ($0.12)
Seat 4: BAAR5 folded before Flop (didn't bet)
Seat 5: Woodie YUL folded before Flop (didn't bet)
Seat 6: Ruso1701 folded before Flop (didn't bet)
Seat 7: GutoFreitas99 folded before Flop (didn't bet)
Seat 8: leopoker1 (button) folded before Flop (didn't bet)
Seat 9: Dorex2007 (small blind) folded before Flop



PokerStars Hand #237796866798:  Hold'em No Limit ($0.02/$0.05 USD) - 2022/08/04 20:50:00 PT [2022/08/04 23:50:00 ET]
Table 'Cogshall' 9-max Seat #9 is the button
Seat 2: shakhtior ($5 in chips) 
Seat 3: El Trap0 ($8.52 in chips) 
Seat 4: BAAR5 ($4.15 in chips) 
Seat 5: Woodie YUL ($5 in chips) 
Seat 6: Ruso1701 ($6.18 in chips) 
Seat 7: GutoFreitas99 ($5.63 in chips) 
Seat 8: leopoker1 ($7.84 in chips) 
Seat 9: Dorex2007 ($5 in chips) 
shakhtior: posts small blind $0.02
El Trap0: posts big blind $0.05
*** HOLE CARDS ***
Dealt to Dorex2007 [9h 6s]
BAAR5: folds 
Woodie YUL: folds 
Ruso1701: raises $0.10 to $0.15
GutoFreitas99: folds 
leopoker1: raises $0.30 to $0.45
Dorex2007: folds 
shakhtior: folds 
El Trap0: folds 
Ruso1701: calls $0.30
*** FLOP *** [Ac 7s Ah]
Ruso1701: checks 
leopoker1: bets $0.30
Ruso1701: folds 
Uncalled bet ($0.30) returned to leopoker1
leopoker1 collected $0.93 from pot
leopoker1: doesn't show hand 
*** SUMMARY ***
Total pot $0.97 | Rake $0.04 
Board [Ac 7s Ah]
Seat 2: shakhtior (small blind) folded before Flop
Seat 3: El Trap0 (big blind) folded before Flop
Seat 4: BAAR5 folded before Flop (didn't bet)
Seat 5: Woodie YUL folded before Flop (didn't bet)
Seat 6: Ruso1701 folded on the Flop
Seat 7: GutoFreitas99 folded before Flop (didn't bet)
Seat 8: leopoker1 collected ($0.93)
Seat 9: Dorex2007 (button) folded before Flop (didn't bet)



PokerStars Hand #237796873619:  Hold'em No Limit ($0.02/$0.05 USD) - 2022/08/04 20:50:49 PT [2022/08/04 23:50:49 ET]
Table 'Cogshall' 9-max Seat #2 is the button
Seat 2: shakhtior ($5 in chips) 
Seat 3: El Trap0 ($8.47 in chips) 
Seat 4: BAAR5 ($4.15 in chips) 
Seat 5: Woodie YUL ($5 in chips) 
Seat 6: Ruso1701 ($5.73 in chips) 
Seat 7: GutoFreitas99 ($5.63 in chips) 
Seat 8: leopoker1 ($8.32 in chips) 
Seat 9: Dorex2007 ($5 in chips) 
El Trap0: posts small blind $0.02
BAAR5: posts big blind $0.05
*** HOLE CARDS ***
Dealt to Dorex2007 [3d 9h]
Woodie YUL: folds 
Ruso1701: folds 
GutoFreitas99: folds 
leopoker1: folds 
Dorex2007: folds 
shakhtior: raises $0.10 to $0.15
El Trap0: folds 
BAAR5: calls $0.10
*** FLOP *** [2d 9s 3h]
BAAR5: checks 
shakhtior: checks 
*** TURN *** [2d 9s 3h] [As]
BAAR5: checks 
shakhtior: bets $0.21
BAAR5: folds 
Uncalled bet ($0.21) returned to shakhtior
shakhtior collected $0.31 from pot
shakhtior: doesn't show hand 
*** SUMMARY ***
Total pot $0.32 | Rake $0.01 
Board [2d 9s 3h As]
Seat 2: shakhtior (button) collected ($0.31)
Seat 3: El Trap0 (small blind) folded before Flop
Seat 4: BAAR5 (big blind) folded on the Turn
Seat 5: Woodie YUL folded before Flop (didn't bet)
Seat 6: Ruso1701 folded before Flop (didn't bet)
Seat 7: GutoFreitas99 folded before Flop (didn't bet)
Seat 8: leopoker1 folded before Flop (didn't bet)
Seat 9: Dorex2007 folded before Flop (didn't bet)



PokerStars Hand #237796879724:  Hold'em No Limit ($0.02/$0.05 USD) - 2022/08/04 20:51:31 PT [2022/08/04 23:51:31 ET]
Table 'Cogshall' 9-max Seat #3 is the button
Seat 2: shakhtior ($5.16 in chips) 
Seat 3: El Trap0 ($8.45 in chips) 
Seat 5: Woodie YUL ($5 in chips) 
Seat 6: Ruso1701 ($5.73 in chips) 
Seat 7: GutoFreitas99 ($5.63 in chips) 
Seat 8: leopoker1 ($8.32 in chips) 
Seat 9: Dorex2007 ($5 in chips) 
Woodie YUL: posts small blind $0.02
Ruso1701: posts big blind $0.05
*** HOLE CARDS ***
Dealt to Dorex2007 [5h 6h]
GutoFreitas99: folds 
BAAR5 leaves the table
leopoker1: folds 
Dorex2007: folds 
shakhtior: folds 
El Trap0: calls $0.05
Woodie YUL: raises $0.15 to $0.20
Ruso1701: calls $0.15
El Trap0: calls $0.15
*** FLOP *** [Qs 3d Ah]
Woodie YUL: checks 
Ruso1701: bets $0.29
El Trap0: folds 
Woodie YUL: raises $0.58 to $0.87
Ruso1701: calls $0.58
*** TURN *** [Qs 3d Ah] [8s]
Woodie YUL: bets $1.68
raskjgunnar joins the table at seat #4 
Ruso1701: folds 
Uncalled bet ($1.68) returned to Woodie YUL
Woodie YUL collected $2.24 from pot
*** SUMMARY ***
Total pot $2.34 | Rake $0.10 
Board [Qs 3d Ah 8s]
Seat 2: shakhtior folded before Flop (didn't bet)
Seat 3: El Trap0 (button) folded on the Flop
Seat 5: Woodie YUL (small blind) collected ($2.24)
Seat 6: Ruso1701 (big blind) folded on the Turn
Seat 7: GutoFreitas99 folded before Flop (didn't bet)
Seat 8: leopoker1 folded before Flop (didn't bet)
Seat 9: Dorex2007 folded before Flop (didn't bet)



PokerStars Hand #237796903048:  Hold'em No Limit ($0.02/$0.05 USD) - 2022/08/04 20:52:28 PT [2022/08/04 23:52:28 ET]
Table 'Cogshall' 9-max Seat #5 is the button
Seat 2: shakhtior ($5.16 in chips) 
Seat 3: El Trap0 ($8.25 in chips) 
Seat 5: Woodie YUL ($6.17 in chips) 
Seat 6: Ruso1701 ($4.66 in chips) 
Seat 7: GutoFreitas99 ($5.63 in chips) 
Seat 8: leopoker1 ($8.32 in chips) 
Seat 9: Dorex2007 ($5 in chips) 
Ruso1701: posts small blind $0.02
GutoFreitas99: posts big blind $0.05
raskjgunnar: sits out 
*** HOLE CARDS ***
Dealt to Dorex2007 [Ks 5s]
leopoker1: folds 
Dorex2007: folds 
shakhtior: folds 
El Trap0: folds 
Woodie YUL: folds 
Ruso1701: folds 
Uncalled bet ($0.03) returned to GutoFreitas99
GutoFreitas99 collected $0.04 from pot
*** SUMMARY ***
Total pot $0.04 | Rake $0 
Seat 2: shakhtior folded before Flop (didn't bet)
Seat 3: El Trap0 folded before Flop (didn't bet)
Seat 5: Woodie YUL (button) folded before Flop (didn't bet)
Seat 6: Ruso1701 (small blind) folded before Flop
Seat 7: GutoFreitas99 (big blind) collected ($0.04)
Seat 8: leopoker1 folded before Flop (didn't bet)
Seat 9: Dorex2007 folded before Flop (didn't bet)



PokerStars Hand #237796904813:  Hold'em No Limit ($0.02/$0.05 USD) - 2022/08/04 20:52:41 PT [2022/08/04 23:52:41 ET]
Table 'Cogshall' 9-max Seat #6 is the button
Seat 2: shakhtior ($5.16 in chips) 
Seat 3: El Trap0 ($8.25 in chips) 
Seat 5: Woodie YUL ($6.17 in chips) 
Seat 6: Ruso1701 ($4.64 in chips) 
Seat 7: GutoFreitas99 ($5.65 in chips) 
Seat 8: leopoker1 ($8.32 in chips) 
Seat 9: Dorex2007 ($5 in chips) 
GutoFreitas99: posts small blind $0.02
leopoker1: posts big blind $0.05
raskjgunnar: sits out 
*** HOLE CARDS ***
Dealt to Dorex2007 [4d 2h]
Dorex2007: folds 
shakhtior: folds 
El Trap0: calls $0.05
Woodie YUL: raises $0.17 to $0.22
Ruso1701: calls $0.22
GutoFreitas99: folds 
leopoker1: calls $0.17
El Trap0: folds 
*** FLOP *** [4h 5d 4s]
leopoker1: checks 
Woodie YUL: bets $0.70
Ruso1701: calls $0.70
leopoker1: folds 
*** TURN *** [4h 5d 4s] [As]
Woodie YUL: bets $1.53
Ruso1701: calls $1.53
*** RIVER *** [4h 5d 4s As] [Jh]
Woodie YUL: bets $3.72 and is all-in
Ruso1701: folds 
Uncalled bet ($3.72) returned to Woodie YUL
Woodie YUL collected $4.97 from pot
*** SUMMARY ***
Total pot $5.19 | Rake $0.22 
Board [4h 5d 4s As Jh]
Seat 2: shakhtior folded before Flop (didn't bet)
Seat 3: El Trap0 folded before Flop
Seat 5: Woodie YUL collected ($4.97)
Seat 6: Ruso1701 (button) folded on the River
Seat 7: GutoFreitas99 (small blind) folded before Flop
Seat 8: leopoker1 (big blind) folded on the Flop
Seat 9: Dorex2007 folded before Flop (didn't bet)



PokerStars Hand #237796912105:  Hold'em No Limit ($0.02/$0.05 USD) - 2022/08/04 20:53:32 PT [2022/08/04 23:53:32 ET]
Table 'Cogshall' 9-max Seat #7 is the button
Seat 2: shakhtior ($5.16 in chips) 
Seat 3: El Trap0 ($8.20 in chips) 
Seat 5: Woodie YUL ($8.69 in chips) 
Seat 6: Ruso1701 ($2.19 in chips) 
Seat 7: GutoFreitas99 ($5.63 in chips) 
Seat 8: leopoker1 ($8.10 in chips) 
Seat 9: Dorex2007 ($5 in chips) 
leopoker1: posts small blind $0.02
Dorex2007: posts big blind $0.05
raskjgunnar: sits out 
*** HOLE CARDS ***
Dealt to Dorex2007 [Qs Jd]
shakhtior: folds 
El Trap0: raises $0.15 to $0.20
Woodie YUL: folds 
Ruso1701: folds 
GutoFreitas99: folds 
leopoker1: folds 
Dorex2007: folds 
Uncalled bet ($0.15) returned to El Trap0
El Trap0 collected $0.12 from pot
El Trap0: doesn't show hand 
*** SUMMARY ***
Total pot $0.12 | Rake $0 
Seat 2: shakhtior folded before Flop (didn't bet)
Seat 3: El Trap0 collected ($0.12)
Seat 5: Woodie YUL folded before Flop (didn't bet)
Seat 6: Ruso1701 folded before Flop (didn't bet)
Seat 7: GutoFreitas99 (button) folded before Flop (didn't bet)
Seat 8: leopoker1 (small blind) folded before Flop
Seat 9: Dorex2007 (big blind) folded before Flop



PokerStars Hand #237796914544:  Hold'em No Limit ($0.02/$0.05 USD) - 2022/08/04 20:53:50 PT [2022/08/04 23:53:50 ET]
Table 'Cogshall' 9-max Seat #8 is the button
Seat 2: shakhtior ($5.16 in chips) 
Seat 3: El Trap0 ($8.27 in chips) 
Seat 5: Woodie YUL ($8.69 in chips) 
Seat 6: Ruso1701 ($2.19 in chips) 
Seat 7: GutoFreitas99 ($5.63 in chips) 
Seat 8: leopoker1 ($8.08 in chips) 
Seat 9: Dorex2007 ($5 in chips) 
Dorex2007: posts small blind $0.02
shakhtior: posts big blind $0.05
raskjgunnar: sits out 
*** HOLE CARDS ***
Dealt to Dorex2007 [Ac 3c]
El Trap0: folds 
Woodie YUL: raises $0.09 to $0.14
Ruso1701: folds 
GutoFreitas99: calls $0.14
leopoker1: folds 
Dorex2007: folds 
shakhtior: folds 
*** FLOP *** [9h 8c 9s]
Woodie YUL: checks 
GutoFreitas99: bets $0.14
Woodie YUL: calls $0.14
*** TURN *** [9h 8c 9s] [3d]
Woodie YUL: checks 
GutoFreitas99: bets $0.35
Woodie YUL: folds 
Uncalled bet ($0.35) returned to GutoFreitas99
GutoFreitas99 collected $0.60 from pot
*** SUMMARY ***
Total pot $0.63 | Rake $0.03 
Board [9h 8c 9s 3d]
Seat 2: shakhtior (big blind) folded before Flop
Seat 3: El Trap0 folded before Flop (didn't bet)
Seat 5: Woodie YUL folded on the Turn
Seat 6: Ruso1701 folded before Flop (didn't bet)
Seat 7: GutoFreitas99 collected ($0.60)
Seat 8: leopoker1 (button) folded before Flop (didn't bet)
Seat 9: Dorex2007 (small blind) folded before Flop



PokerStars Hand #237796921393:  Hold'em No Limit ($0.02/$0.05 USD) - 2022/08/04 20:54:38 PT [2022/08/04 23:54:38 ET]
Table 'Cogshall' 9-max Seat #9 is the button
Seat 2: shakhtior ($5.11 in chips) 
Seat 3: El Trap0 ($8.27 in chips) 
Seat 5: Woodie YUL ($8.41 in chips) 
Seat 6: Ruso1701 ($2.19 in chips) 
Seat 7: GutoFreitas99 ($5.95 in chips) 
Seat 8: leopoker1 ($8.08 in chips) 
Seat 9: Dorex2007 ($5 in chips) 
shakhtior: posts small blind $0.02
El Trap0: posts big blind $0.05
raskjgunnar: sits out 
*** HOLE CARDS ***
Dealt to Dorex2007 [6d 5h]
Woodie YUL: folds 
raskjgunnar leaves the table
Ruso1701: calls $0.05
GutoFreitas99: folds 
leopoker1: calls $0.05
Dorex2007: folds 
shakhtior: folds 
El Trap0: checks 
*** FLOP *** [Jh 6s 8s]
El Trap0: checks 
Ruso1701: checks 
leopoker1: checks 
*** TURN *** [Jh 6s 8s] [Kh]
El Trap0: checks 
Ruso1701: checks 
leopoker1: bets $0.11
El Trap0: calls $0.11
Ruso1701: calls $0.11
*** RIVER *** [Jh 6s 8s Kh] [Qs]
El Trap0: checks 
Ruso1701: checks 
leopoker1: checks 
*** SHOW DOWN ***
El Trap0: shows [7c 7d] (a pair of Sevens)
Ruso1701: mucks hand 
leopoker1: mucks hand 
El Trap0 collected $0.48 from pot
*** SUMMARY ***
Total pot $0.50 | Rake $0.02 
Board [Jh 6s 8s Kh Qs]
Seat 2: shakhtior (small blind) folded before Flop
Seat 3: El Trap0 (big blind) showed [7c 7d] and won ($0.48) with a pair of Sevens
Seat 5: Woodie YUL folded before Flop (didn't bet)
Seat 6: Ruso1701 mucked [Th 4h]
Seat 7: GutoFreitas99 folded before Flop (didn't bet)
Seat 8: leopoker1 mucked [3d 3c]
Seat 9: Dorex2007 (button) folded before Flop (didn't bet)



PokerStars Hand #237796928734:  Hold'em No Limit ($0.02/$0.05 USD) - 2022/08/04 20:55:34 PT [2022/08/04 23:55:34 ET]
Table 'Cogshall' 9-max Seat #2 is the button
Seat 2: shakhtior ($5.09 in chips) 
Seat 3: El Trap0 ($8.59 in chips) 
Seat 5: Woodie YUL ($8.41 in chips) 
Seat 6: Ruso1701 ($2.03 in chips) 
Seat 7: GutoFreitas99 ($5.95 in chips) 
Seat 8: leopoker1 ($7.92 in chips) 
Seat 9: Dorex2007 ($5 in chips) 
El Trap0: posts small blind $0.02
Woodie YUL: posts big blind $0.05
*** HOLE CARDS ***
Dealt to Dorex2007 [6h 4h]
Ruso1701: folds 
CoRyHaRpR joins the table at seat #4 
GutoFreitas99: raises $0.10 to $0.15
leopoker1: calls $0.15
Dorex2007: folds 
shakhtior: folds 
El Trap0: raises $0.15 to $0.30
Woodie YUL: folds 
GutoFreitas99: calls $0.15
leopoker1: calls $0.15
*** FLOP *** [Ks 2s Ad]
El Trap0: checks 
GutoFreitas99: checks 
leopoker1: checks 
*** TURN *** [Ks 2s Ad] [Jd]
El Trap0: bets $0.25
GutoFreitas99: folds 
leopoker1: calls $0.25
*** RIVER *** [Ks 2s Ad Jd] [7h]
El Trap0: checks 
leopoker1: checks 
*** SHOW DOWN ***
El Trap0: shows [Qs Qc] (a pair of Queens)
leopoker1: mucks hand 
El Trap0 collected $1.39 from pot
*** SUMMARY ***
Total pot $1.45 | Rake $0.06 
Board [Ks 2s Ad Jd 7h]
Seat 2: shakhtior (button) folded before Flop (didn't bet)
Seat 3: El Trap0 (small blind) showed [Qs Qc] and won ($1.39) with a pair of Queens
Seat 5: Woodie YUL (big blind) folded before Flop
Seat 6: Ruso1701 folded before Flop (didn't bet)
Seat 7: GutoFreitas99 folded on the Turn
Seat 8: leopoker1 mucked [Jc Qd]
Seat 9: Dorex2007 folded before Flop (didn't bet)



PokerStars Hand #237796937900:  Hold'em No Limit ($0.02/$0.05 USD) - 2022/08/04 20:56:52 PT [2022/08/04 23:56:52 ET]
Table 'Cogshall' 9-max Seat #3 is the button
Seat 2: shakhtior ($5.09 in chips) 
Seat 3: El Trap0 ($9.43 in chips) 
Seat 5: Woodie YUL ($8.36 in chips) 
Seat 6: Ruso1701 ($2.03 in chips) 
Seat 7: GutoFreitas99 ($5.65 in chips) 
Seat 8: leopoker1 ($7.37 in chips) 
Seat 9: Dorex2007 ($5 in chips) 
Woodie YUL: posts small blind $0.02
Ruso1701: posts big blind $0.05
*** HOLE CARDS ***
Dealt to Dorex2007 [Kd 3s]
GutoFreitas99: folds 
leopoker1: folds 
Dorex2007: folds 
shakhtior: folds 
El Trap0: folds 
Woodie YUL: raises $0.08 to $0.13
Ruso1701: calls $0.08
*** FLOP *** [4s Qc 6s]
Woodie YUL: checks 
Ruso1701: bets $0.25
Woodie YUL: folds 
Uncalled bet ($0.25) returned to Ruso1701
Ruso1701 collected $0.25 from pot
Ruso1701: doesn't show hand 
*** SUMMARY ***
Total pot $0.26 | Rake $0.01 
Board [4s Qc 6s]
Seat 2: shakhtior folded before Flop (didn't bet)
Seat 3: El Trap0 (button) folded before Flop (didn't bet)
Seat 5: Woodie YUL (small blind) folded on the Flop
Seat 6: Ruso1701 (big blind) collected ($0.25)
Seat 7: GutoFreitas99 folded before Flop (didn't bet)
Seat 8: leopoker1 folded before Flop (didn't bet)
Seat 9: Dorex2007 folded before Flop (didn't bet)



PokerStars Hand #237796941937:  Hold'em No Limit ($0.02/$0.05 USD) - 2022/08/04 20:57:27 PT [2022/08/04 23:57:27 ET]
Table 'Cogshall' 9-max Seat #5 is the button
Seat 2: shakhtior ($5.09 in chips) 
Seat 3: El Trap0 ($9.43 in chips) 
Seat 4: CoRyHaRpR ($2 in chips) 
Seat 5: Woodie YUL ($8.23 in chips) 
Seat 6: Ruso1701 ($2.15 in chips) 
Seat 7: GutoFreitas99 ($5.65 in chips) 
Seat 8: leopoker1 ($7.37 in chips) 
Seat 9: Dorex2007 ($5 in chips) 
Ruso1701: posts small blind $0.02
GutoFreitas99: posts big blind $0.05
CoRyHaRpR: posts big blind $0.05
*** HOLE CARDS ***
Dealt to Dorex2007 [4s 4h]
leopoker1: folds 
Dorex2007: calls $0.05
shakhtior: folds 
El Trap0: folds 
CoRyHaRpR: checks 
Woodie YUL: folds 
Ruso1701: calls $0.03
GutoFreitas99: checks 
*** FLOP *** [9d 7s Tc]
Ruso1701: bets $0.15
GutoFreitas99: calls $0.15
Dorex2007: folds 
CoRyHaRpR: calls $0.15
*** TURN *** [9d 7s Tc] [5s]
Ruso1701: bets $0.15
GutoFreitas99: calls $0.15
CoRyHaRpR: calls $0.15
*** RIVER *** [9d 7s Tc 5s] [Kh]
Ruso1701: checks 
GutoFreitas99: checks 
CoRyHaRpR: bets $1.65 and is all-in
Ruso1701: folds 
GutoFreitas99: folds 
Uncalled bet ($1.65) returned to CoRyHaRpR
CoRyHaRpR collected $1.05 from pot
*** SUMMARY ***
Total pot $1.10 | Rake $0.05 
Board [9d 7s Tc 5s Kh]
Seat 2: shakhtior folded before Flop (didn't bet)
Seat 3: El Trap0 folded before Flop (didn't bet)
Seat 4: CoRyHaRpR collected ($1.05)
Seat 5: Woodie YUL (button) folded before Flop (didn't bet)
Seat 6: Ruso1701 (small blind) folded on the River
Seat 7: GutoFreitas99 (big blind) folded on the River
Seat 8: leopoker1 folded before Flop (didn't bet)
Seat 9: Dorex2007 folded on the Flop



PokerStars Hand #237796949950:  Hold'em No Limit ($0.02/$0.05 USD) - 2022/08/04 20:58:35 PT [2022/08/04 23:58:35 ET]
Table 'Cogshall' 9-max Seat #6 is the button
Seat 2: shakhtior ($5.09 in chips) 
Seat 3: El Trap0 ($9.43 in chips) 
Seat 4: CoRyHaRpR ($2.70 in chips) 
Seat 5: Woodie YUL ($8.23 in chips) 
Seat 6: Ruso1701 ($1.80 in chips) 
Seat 7: GutoFreitas99 ($5.30 in chips) 
Seat 8: leopoker1 ($7.37 in chips) 
Seat 9: Dorex2007 ($5 in chips) 
GutoFreitas99: posts small blind $0.02
leopoker1: posts big blind $0.05
*** HOLE CARDS ***
Dealt to Dorex2007 [2d 9s]
Dorex2007: folds 
shakhtior: folds 
El Trap0: folds 
CoRyHaRpR: raises $0.10 to $0.15
Woodie YUL: folds 
Ruso1701: folds 
GutoFreitas99: folds 
leopoker1: calls $0.10
*** FLOP *** [8h 6c 6s]
leopoker1: bets $0.10
CoRyHaRpR: raises $0.26 to $0.36
leopoker1: calls $0.26
*** TURN *** [8h 6c 6s] [Kd]
leopoker1: checks 
CoRyHaRpR: checks 
*** RIVER *** [8h 6c 6s Kd] [Js]
leopoker1: checks 
CoRyHaRpR: checks 
*** SHOW DOWN ***
leopoker1: shows [7c Tc] (a pair of Sixes)
CoRyHaRpR: shows [5h 5c] (two pair, Sixes and Fives)
CoRyHaRpR collected $1 from pot
*** SUMMARY ***
Total pot $1.04 | Rake $0.04 
Board [8h 6c 6s Kd Js]
Seat 2: shakhtior folded before Flop (didn't bet)
Seat 3: El Trap0 folded before Flop (didn't bet)
Seat 4: CoRyHaRpR showed [5h 5c] and won ($1) with two pair, Sixes and Fives
Seat 5: Woodie YUL folded before Flop (didn't bet)
Seat 6: Ruso1701 (button) folded before Flop (didn't bet)
Seat 7: GutoFreitas99 (small blind) folded before Flop
Seat 8: leopoker1 (big blind) showed [7c Tc] and lost with a pair of Sixes
Seat 9: Dorex2007 folded before Flop (didn't bet)



PokerStars Hand #237796955388:  Hold'em No Limit ($0.02/$0.05 USD) - 2022/08/04 20:59:23 PT [2022/08/04 23:59:23 ET]
Table 'Cogshall' 9-max Seat #7 is the button
Seat 2: shakhtior ($5.09 in chips) 
Seat 3: El Trap0 ($9.43 in chips) 
Seat 4: CoRyHaRpR ($3.19 in chips) 
Seat 5: Woodie YUL ($8.23 in chips) 
Seat 6: Ruso1701 ($1.80 in chips) 
Seat 7: GutoFreitas99 ($5.28 in chips) 
Seat 8: leopoker1 ($6.86 in chips) 
Seat 9: Dorex2007 ($5 in chips) 
leopoker1: posts small blind $0.02
Dorex2007: posts big blind $0.05
*** HOLE CARDS ***
Dealt to Dorex2007 [Jc Qc]
shakhtior: folds 
El Trap0: folds 
CoRyHaRpR: calls $0.05
Woodie YUL: raises $0.17 to $0.22
Ruso1701: folds 
GutoFreitas99: folds 
leopoker1: folds 
Dorex2007: calls $0.17
CoRyHaRpR: calls $0.17
*** FLOP *** [Ah Kd 7c]
Dorex2007: checks 
CoRyHaRpR: checks 
Woodie YUL: bets $0.49
Dorex2007: folds 
CoRyHaRpR: calls $0.49
*** TURN *** [Ah Kd 7c] [6h]
CoRyHaRpR: checks 
Woodie YUL: checks 
*** RIVER *** [Ah Kd 7c 6h] [3s]
CoRyHaRpR: checks 
Woodie YUL: checks 
*** SHOW DOWN ***
CoRyHaRpR: shows [7s 4d] (a pair of Sevens)
Woodie YUL: shows [Qd Ks] (a pair of Kings)
Woodie YUL collected $1.59 from pot
*** SUMMARY ***
Total pot $1.66 | Rake $0.07 
Board [Ah Kd 7c 6h 3s]
Seat 2: shakhtior folded before Flop (didn't bet)
Seat 3: El Trap0 folded before Flop (didn't bet)
Seat 4: CoRyHaRpR showed [7s 4d] and lost with a pair of Sevens
Seat 5: Woodie YUL showed [Qd Ks] and won ($1.59) with a pair of Kings
Seat 6: Ruso1701 folded before Flop (didn't bet)
Seat 7: GutoFreitas99 (button) folded before Flop (didn't bet)
Seat 8: leopoker1 (small blind) folded before Flop
Seat 9: Dorex2007 (big blind) folded on the Flop



