PokerStars Hand #226790325074:  Hold'em No Limit ($0.01/$0.02 USD) - 2021/05/15 15:04:09 PT [2021/05/15 18:04:09 ET]
Table 'Geisei' 9-max Seat #2 is the button
Seat 2: Chalmers617 ($1.54 in chips) 
Seat 3: joelong ($0.76 in chips) 
Seat 4: ICEMANCB007 ($1.97 in chips) 
Seat 5: Radif999 ($2.26 in chips) 
Seat 6: prwiz ($0.66 in chips) 
Seat 7: Dorex2007 ($2 in chips) 
joelong: posts small blind $0.01
ICEMANCB007: posts big blind $0.02
prwiz: posts small blind $0.01
Dorex2007: posts big blind $0.02
diiiiego: sits out 
lahezis1950: sits out 
HardMickey83: sits out 
*** HOLE CARDS ***
Dealt to Dorex2007 [2d 9h]
Radif999: calls $0.02
prwiz: calls $0.02
Dorex2007: checks 
Chalmers617 has timed out
Chalmers617: folds 
joelong: folds 
ICEMANCB007: checks 
*** FLOP *** [9s 9d 4s]
ICEMANCB007: checks 
Radif999: checks 
prwiz: checks 
Dorex2007: checks 
*** TURN *** [9s 9d 4s] [Qd]
ICEMANCB007: checks 
Radif999: checks 
prwiz: checks 
Dorex2007: bets $0.05
ICEMANCB007: folds 
Radif999: folds 
prwiz: calls $0.05
*** RIVER *** [9s 9d 4s Qd] [7c]
Chalmers617 said, "you guys are making it a bit easy to get in pots, youre gonna have to bet a bit more"
prwiz: bets $0.58 and is all-in
Dorex2007: calls $0.58
*** SHOW DOWN ***
prwiz: shows [Qc Qh] (a full house, Queens full of Nines)
Dorex2007: shows [2d 9h] (three of a kind, Nines)
prwiz collected $1.31 from pot
*** SUMMARY ***
Total pot $1.36 | Rake $0.05 
Board [9s 9d 4s Qd 7c]
Seat 2: Chalmers617 (button) folded before Flop (didn't bet)
Seat 3: joelong (small blind) folded before Flop
Seat 4: ICEMANCB007 (big blind) folded on the Turn
Seat 5: Radif999 folded on the Turn
Seat 6: prwiz showed [Qc Qh] and won ($1.31) with a full house, Queens full of Nines
Seat 7: Dorex2007 showed [2d 9h] and lost with three of a kind, Nines



PokerStars Hand #226790357902:  Hold'em No Limit ($0.01/$0.02 USD) - 2021/05/15 15:05:16 PT [2021/05/15 18:05:16 ET]
Table 'Geisei' 9-max Seat #3 is the button
Seat 2: Chalmers617 ($1.54 in chips) 
Seat 3: joelong ($0.75 in chips) 
Seat 4: ICEMANCB007 ($1.95 in chips) 
Seat 5: Radif999 ($2.24 in chips) 
Seat 6: prwiz ($1.31 in chips) 
Seat 7: Dorex2007 ($1.35 in chips) 
ICEMANCB007: posts small blind $0.01
Radif999: posts big blind $0.02
diiiiego: sits out 
lahezis1950: sits out 
HardMickey83: sits out 
*** HOLE CARDS ***
Dealt to Dorex2007 [Kh Qh]
prwiz: folds 
Dorex2007: raises $0.04 to $0.06
Dorex2007 said, "great first hand for me :)"
Chalmers617: raises $0.05 to $0.11
joelong: folds 
ICEMANCB007: calls $0.10
Radif999: folds 
Dorex2007: folds 
*** FLOP *** [3d 7s Td]
ICEMANCB007: checks 
Chalmers617: checks 
*** TURN *** [3d 7s Td] [9d]
ICEMANCB007: checks 
Chalmers617: bets $0.12
ICEMANCB007: folds 
Uncalled bet ($0.12) returned to Chalmers617
Chalmers617 collected $0.29 from pot
Chalmers617: doesn't show hand 
*** SUMMARY ***
Total pot $0.30 | Rake $0.01 
Board [3d 7s Td 9d]
Seat 2: Chalmers617 collected ($0.29)
Seat 3: joelong (button) folded before Flop (didn't bet)
Seat 4: ICEMANCB007 (small blind) folded on the Turn
Seat 5: Radif999 (big blind) folded before Flop
Seat 6: prwiz folded before Flop (didn't bet)
Seat 7: Dorex2007 folded before Flop



PokerStars Hand #226790383846:  Hold'em No Limit ($0.01/$0.02 USD) - 2021/05/15 15:06:08 PT [2021/05/15 18:06:08 ET]
Table 'Geisei' 9-max Seat #4 is the button
Seat 2: Chalmers617 ($1.72 in chips) 
Seat 3: joelong ($0.75 in chips) 
Seat 4: ICEMANCB007 ($1.84 in chips) 
Seat 5: Radif999 ($2.22 in chips) 
Seat 6: prwiz ($1.31 in chips) 
Seat 7: Dorex2007 ($1.94 in chips) 
Radif999: posts small blind $0.01
prwiz: posts big blind $0.02
diiiiego: sits out 
lahezis1950: sits out 
HardMickey83: sits out 
*** HOLE CARDS ***
Dealt to Dorex2007 [3h Jh]
Dorex2007: folds 
Chalmers617: calls $0.02
joelong: folds 
ICEMANCB007: folds 
Radif999: calls $0.01
prwiz: checks 
*** FLOP *** [9h 4c 4d]
Radif999: checks 
prwiz: checks 
Chalmers617: bets $0.03
Radif999: folds 
prwiz: folds 
Uncalled bet ($0.03) returned to Chalmers617
Chalmers617 collected $0.06 from pot
Chalmers617: doesn't show hand 
*** SUMMARY ***
Total pot $0.06 | Rake $0 
Board [9h 4c 4d]
Seat 2: Chalmers617 collected ($0.06)
Seat 3: joelong folded before Flop (didn't bet)
Seat 4: ICEMANCB007 (button) folded before Flop (didn't bet)
Seat 5: Radif999 (small blind) folded on the Flop
Seat 6: prwiz (big blind) folded on the Flop
Seat 7: Dorex2007 folded before Flop (didn't bet)



PokerStars Hand #226790399114:  Hold'em No Limit ($0.01/$0.02 USD) - 2021/05/15 15:06:39 PT [2021/05/15 18:06:39 ET]
Table 'Geisei' 9-max Seat #5 is the button
Seat 2: Chalmers617 ($1.76 in chips) 
Seat 3: joelong ($0.75 in chips) 
Seat 4: ICEMANCB007 ($1.84 in chips) 
Seat 5: Radif999 ($2.20 in chips) 
Seat 6: prwiz ($1.29 in chips) 
Seat 7: Dorex2007 ($1.94 in chips) 
prwiz: posts small blind $0.01
Dorex2007: posts big blind $0.02
diiiiego: sits out 
lahezis1950: sits out 
HardMickey83: sits out 
*** HOLE CARDS ***
Dealt to Dorex2007 [3s 3h]
Chalmers617: calls $0.02
joelong: calls $0.02
ICEMANCB007: raises $0.04 to $0.06
Radif999: calls $0.06
prwiz: folds 
Dorex2007: calls $0.04
Chalmers617: calls $0.04
joelong: calls $0.04
*** FLOP *** [Qh Tc 7d]
Dorex2007: checks 
Chalmers617: checks 
joelong: checks 
ICEMANCB007: bets $0.15
Radif999: folds 
Dorex2007: folds 
Chalmers617: raises $0.30 to $0.45
joelong: folds 
ICEMANCB007: calls $0.30
*** TURN *** [Qh Tc 7d] [7h]
Chalmers617: checks 
ICEMANCB007: checks 
*** RIVER *** [Qh Tc 7d 7h] [4s]
Chalmers617: checks 
ICEMANCB007: checks 
*** SHOW DOWN ***
Chalmers617: shows [8s Th] (two pair, Tens and Sevens)
ICEMANCB007: shows [9d Td] (two pair, Tens and Sevens)
Chalmers617 collected $0.59 from pot
ICEMANCB007 collected $0.58 from pot
*** SUMMARY ***
Total pot $1.21 | Rake $0.04 
Board [Qh Tc 7d 7h 4s]
Seat 2: Chalmers617 showed [8s Th] and won ($0.59) with two pair, Tens and Sevens
Seat 3: joelong folded on the Flop
Seat 4: ICEMANCB007 showed [9d Td] and won ($0.58) with two pair, Tens and Sevens
Seat 5: Radif999 (button) folded on the Flop
Seat 6: prwiz (small blind) folded before Flop
Seat 7: Dorex2007 (big blind) folded on the Flop



PokerStars Hand #226790451939:  Hold'em No Limit ($0.01/$0.02 USD) - 2021/05/15 15:08:26 PT [2021/05/15 18:08:26 ET]
Table 'Geisei' 9-max Seat #6 is the button
Seat 2: Chalmers617 ($1.84 in chips) 
Seat 3: joelong ($0.69 in chips) 
Seat 4: ICEMANCB007 ($1.91 in chips) 
Seat 5: Radif999 ($2.14 in chips) 
Seat 6: prwiz ($1.28 in chips) 
Seat 7: Dorex2007 ($1.88 in chips) 
Seat 8: diiiiego ($2 in chips) 
Dorex2007: posts small blind $0.01
diiiiego: posts big blind $0.02
lahezis1950: sits out 
HardMickey83: sits out 
*** HOLE CARDS ***
Dealt to Dorex2007 [Jc Kh]
Chalmers617: folds 
joelong: folds 
ICEMANCB007: calls $0.02
Radif999: calls $0.02
prwiz: folds 
Dorex2007: calls $0.01
diiiiego: checks 
*** FLOP *** [6s 9s 8h]
Chalmers617 said, "NH ICCEMAN"
Dorex2007: checks 
diiiiego: checks 
ICEMANCB007: checks 
Radif999: checks 
*** TURN *** [6s 9s 8h] [6c]
Dorex2007: checks 
diiiiego: checks 
ICEMANCB007: checks 
Radif999: bets $0.37
Dorex2007: folds 
diiiiego: folds 
ICEMANCB007: folds 
Uncalled bet ($0.37) returned to Radif999
Radif999 collected $0.08 from pot
Radif999: doesn't show hand 
*** SUMMARY ***
Total pot $0.08 | Rake $0 
Board [6s 9s 8h 6c]
Seat 2: Chalmers617 folded before Flop (didn't bet)
Seat 3: joelong folded before Flop (didn't bet)
Seat 4: ICEMANCB007 folded on the Turn
Seat 5: Radif999 collected ($0.08)
Seat 6: prwiz (button) folded before Flop (didn't bet)
Seat 7: Dorex2007 (small blind) folded on the Turn
Seat 8: diiiiego (big blind) folded on the Turn



PokerStars Hand #226790475050:  Hold'em No Limit ($0.01/$0.02 USD) - 2021/05/15 15:09:12 PT [2021/05/15 18:09:12 ET]
Table 'Geisei' 9-max Seat #7 is the button
Seat 2: Chalmers617 ($1.84 in chips) 
Seat 3: joelong ($0.69 in chips) 
Seat 4: ICEMANCB007 ($1.89 in chips) 
Seat 5: Radif999 ($2.20 in chips) 
Seat 6: prwiz ($1.28 in chips) 
Seat 7: Dorex2007 ($1.86 in chips) 
Seat 8: diiiiego ($1.98 in chips) 
Seat 9: lahezis1950 ($1.60 in chips) 
diiiiego: posts small blind $0.01
lahezis1950: posts big blind $0.02
HardMickey83: sits out 
*** HOLE CARDS ***
Dealt to Dorex2007 [4h 5d]
Chalmers617: raises $0.02 to $0.04
joelong: folds 
ICEMANCB007: calls $0.04
Radif999: calls $0.04
prwiz: folds 
Dorex2007: folds 
diiiiego: folds 
lahezis1950: folds 
*** FLOP *** [Qd 9d Kd]
Chalmers617: bets $0.04
ICEMANCB007: folds 
Radif999: raises $0.04 to $0.08
Chalmers617: calls $0.04
*** TURN *** [Qd 9d Kd] [7c]
Chalmers617: checks 
Radif999: checks 
*** RIVER *** [Qd 9d Kd 7c] [6d]
Chalmers617: checks 
Radif999: bets $0.30
Chalmers617: folds 
Uncalled bet ($0.30) returned to Radif999
Radif999 collected $0.30 from pot
Radif999: doesn't show hand 
*** SUMMARY ***
Total pot $0.31 | Rake $0.01 
Board [Qd 9d Kd 7c 6d]
Seat 2: Chalmers617 folded on the River
Seat 3: joelong folded before Flop (didn't bet)
Seat 4: ICEMANCB007 folded on the Flop
Seat 5: Radif999 collected ($0.30)
Seat 6: prwiz folded before Flop (didn't bet)
Seat 7: Dorex2007 (button) folded before Flop (didn't bet)
Seat 8: diiiiego (small blind) folded before Flop
Seat 9: lahezis1950 (big blind) folded before Flop



PokerStars Hand #226790518372:  Hold'em No Limit ($0.01/$0.02 USD) - 2021/05/15 15:10:39 PT [2021/05/15 18:10:39 ET]
Table 'Geisei' 9-max Seat #8 is the button
Seat 1: HardMickey83 ($2 in chips) 
Seat 2: Chalmers617 ($1.72 in chips) 
Seat 3: joelong ($0.69 in chips) 
Seat 4: ICEMANCB007 ($1.85 in chips) 
Seat 5: Radif999 ($2.38 in chips) 
Seat 6: prwiz ($1.28 in chips) 
Seat 7: Dorex2007 ($1.86 in chips) 
Seat 8: diiiiego ($1.97 in chips) 
Seat 9: lahezis1950 ($1.58 in chips) 
lahezis1950: posts small blind $0.01
HardMickey83: posts big blind $0.02
*** HOLE CARDS ***
Dealt to Dorex2007 [9c Ks]
Chalmers617: raises $0.05 to $0.07
joelong: folds 
ICEMANCB007: folds 
Radif999: calls $0.07
prwiz: calls $0.07
Dorex2007: folds 
diiiiego: folds 
lahezis1950: calls $0.06
HardMickey83: folds 
*** FLOP *** [6d 2s 5d]
lahezis1950: checks 
Chalmers617: checks 
Radif999: checks 
prwiz: checks 
*** TURN *** [6d 2s 5d] [Ac]
lahezis1950: checks 
Chalmers617: checks 
Radif999: checks 
prwiz: checks 
*** RIVER *** [6d 2s 5d Ac] [Jc]
lahezis1950: checks 
Chalmers617: checks 
Radif999: checks 
prwiz: bets $1.21 and is all-in
lahezis1950: folds 
Chalmers617: folds 
Radif999: folds 
Uncalled bet ($1.21) returned to prwiz
prwiz collected $0.29 from pot
prwiz: doesn't show hand 
*** SUMMARY ***
Total pot $0.30 | Rake $0.01 
Board [6d 2s 5d Ac Jc]
Seat 1: HardMickey83 (big blind) folded before Flop
Seat 2: Chalmers617 folded on the River
Seat 3: joelong folded before Flop (didn't bet)
Seat 4: ICEMANCB007 folded before Flop (didn't bet)
Seat 5: Radif999 folded on the River
Seat 6: prwiz collected ($0.29)
Seat 7: Dorex2007 folded before Flop (didn't bet)
Seat 8: diiiiego (button) folded before Flop (didn't bet)
Seat 9: lahezis1950 (small blind) folded on the River



PokerStars Hand #226790574902:  Hold'em No Limit ($0.01/$0.02 USD) - 2021/05/15 15:12:34 PT [2021/05/15 18:12:34 ET]
Table 'Geisei' 9-max Seat #9 is the button
Seat 1: HardMickey83 ($1.98 in chips) 
Seat 2: Chalmers617 ($1.65 in chips) 
Seat 3: joelong ($0.69 in chips) 
Seat 4: ICEMANCB007 ($1.85 in chips) 
Seat 5: Radif999 ($2.31 in chips) 
Seat 6: prwiz ($1.50 in chips) 
Seat 7: Dorex2007 ($1.86 in chips) 
Seat 8: diiiiego ($1.97 in chips) 
Seat 9: lahezis1950 ($1.51 in chips) 
HardMickey83: posts small blind $0.01
Chalmers617: posts big blind $0.02
*** HOLE CARDS ***
Dealt to Dorex2007 [9d Ks]
joelong: calls $0.02
ICEMANCB007: folds 
Radif999: folds 
prwiz: calls $0.02
Dorex2007: folds 
diiiiego: calls $0.02
lahezis1950: folds 
HardMickey83: calls $0.01
Radif999 is disconnected 
Chalmers617: checks 
*** FLOP *** [6s 2s Tc]
HardMickey83: bets $0.07
Chalmers617: calls $0.07
joelong: calls $0.07
prwiz: calls $0.07
diiiiego: folds 
*** TURN *** [6s 2s Tc] [Td]
HardMickey83: checks 
Chalmers617: checks 
joelong: checks 
prwiz: checks 
*** RIVER *** [6s 2s Tc Td] [6c]
HardMickey83: checks 
Chalmers617: bets $0.18
joelong: folds 
prwiz: calls $0.18
HardMickey83: raises $0.28 to $0.46
Chalmers617: folds 
prwiz: calls $0.28
*** SHOW DOWN ***
HardMickey83: shows [Ts 9c] (a full house, Tens full of Sixes)
prwiz: mucks hand 
HardMickey83 collected $1.43 from pot
*** SUMMARY ***
Total pot $1.48 | Rake $0.05 
Board [6s 2s Tc Td 6c]
Seat 1: HardMickey83 (small blind) showed [Ts 9c] and won ($1.43) with a full house, Tens full of Sixes
Seat 2: Chalmers617 (big blind) folded on the River
Seat 3: joelong folded on the River
Seat 4: ICEMANCB007 folded before Flop (didn't bet)
Seat 5: Radif999 folded before Flop (didn't bet)
Seat 6: prwiz mucked [4d 4c]
Seat 7: Dorex2007 folded before Flop (didn't bet)
Seat 8: diiiiego folded on the Flop
Seat 9: lahezis1950 (button) folded before Flop (didn't bet)



PokerStars Hand #226790638701:  Hold'em No Limit ($0.01/$0.02 USD) - 2021/05/15 15:14:45 PT [2021/05/15 18:14:45 ET]
Table 'Geisei' 9-max Seat #1 is the button
Seat 1: HardMickey83 ($2.86 in chips) 
Seat 2: Chalmers617 ($1.38 in chips) 
Seat 3: joelong ($0.60 in chips) 
Seat 4: ICEMANCB007 ($1.85 in chips) 
Seat 5: Radif999 ($2.31 in chips) 
Seat 6: prwiz ($0.95 in chips) 
Seat 7: Dorex2007 ($1.86 in chips) 
Seat 8: diiiiego ($1.95 in chips) 
Seat 9: lahezis1950 ($1.51 in chips) 
Chalmers617: posts small blind $0.01
joelong: posts big blind $0.02
*** HOLE CARDS ***
Dealt to Dorex2007 [4h 7h]
ICEMANCB007: folds 
Radif999 has timed out while disconnected
Radif999: folds 
prwiz: folds 
Dorex2007: folds 
diiiiego: raises $0.04 to $0.06
lahezis1950: folds 
HardMickey83: folds 
Chalmers617: raises $0.06 to $0.12
joelong: folds 
diiiiego: calls $0.06
*** FLOP *** [Qc 7s 9d]
Chalmers617: checks 
diiiiego: bets $0.13
Chalmers617: calls $0.13
*** TURN *** [Qc 7s 9d] [3h]
Chalmers617: checks 
diiiiego: bets $0.25
Chalmers617: folds 
Uncalled bet ($0.25) returned to diiiiego
diiiiego collected $0.50 from pot
diiiiego: doesn't show hand 
*** SUMMARY ***
Total pot $0.52 | Rake $0.02 
Board [Qc 7s 9d 3h]
Seat 1: HardMickey83 (button) folded before Flop (didn't bet)
Seat 2: Chalmers617 (small blind) folded on the Turn
Seat 3: joelong (big blind) folded before Flop
Seat 4: ICEMANCB007 folded before Flop (didn't bet)
Seat 5: Radif999 folded before Flop (didn't bet)
Seat 6: prwiz folded before Flop (didn't bet)
Seat 7: Dorex2007 folded before Flop (didn't bet)
Seat 8: diiiiego collected ($0.50)
Seat 9: lahezis1950 folded before Flop (didn't bet)



PokerStars Hand #226790682813:  Hold'em No Limit ($0.01/$0.02 USD) - 2021/05/15 15:16:16 PT [2021/05/15 18:16:16 ET]
Table 'Geisei' 9-max Seat #2 is the button
Seat 1: HardMickey83 ($2.86 in chips) 
Seat 2: Chalmers617 ($1.13 in chips) 
Seat 3: joelong ($0.58 in chips) 
Seat 4: ICEMANCB007 ($1.85 in chips) 
Seat 6: prwiz ($0.95 in chips) 
Seat 7: Dorex2007 ($1.86 in chips) 
Seat 8: diiiiego ($2.20 in chips) 
Seat 9: lahezis1950 ($1.51 in chips) 
joelong: posts small blind $0.01
ICEMANCB007: posts big blind $0.02
*** HOLE CARDS ***
Dealt to Dorex2007 [8h Qs]
prwiz: folds 
Dorex2007: folds 
diiiiego: raises $0.04 to $0.06
lahezis1950: folds 
HardMickey83: folds 
Chalmers617: folds 
Chalmers617 leaves the table
joelong: folds 
ICEMANCB007: folds 
Uncalled bet ($0.04) returned to diiiiego
diiiiego collected $0.05 from pot
diiiiego: doesn't show hand 
*** SUMMARY ***
Total pot $0.05 | Rake $0 
Seat 1: HardMickey83 folded before Flop (didn't bet)
Seat 2: Chalmers617 (button) folded before Flop (didn't bet)
Seat 3: joelong (small blind) folded before Flop
Seat 4: ICEMANCB007 (big blind) folded before Flop
Seat 6: prwiz folded before Flop (didn't bet)
Seat 7: Dorex2007 folded before Flop (didn't bet)
Seat 8: diiiiego collected ($0.05)
Seat 9: lahezis1950 folded before Flop (didn't bet)



PokerStars Hand #226790693999:  Hold'em No Limit ($0.01/$0.02 USD) - 2021/05/15 15:16:39 PT [2021/05/15 18:16:39 ET]
Table 'Geisei' 9-max Seat #3 is the button
Seat 1: HardMickey83 ($2.86 in chips) 
Seat 3: joelong ($0.57 in chips) 
Seat 4: ICEMANCB007 ($1.83 in chips) 
Seat 6: prwiz ($0.95 in chips) 
Seat 7: Dorex2007 ($1.86 in chips) 
Seat 8: diiiiego ($2.23 in chips) 
Seat 9: lahezis1950 ($1.51 in chips) 
ICEMANCB007: posts small blind $0.01
prwiz: posts big blind $0.02
*** HOLE CARDS ***
Dealt to Dorex2007 [Ts Ah]
Alehta joins the table at seat #2 
Dorex2007: calls $0.02
diiiiego: raises $0.04 to $0.06
lahezis1950: raises $0.08 to $0.14
HardMickey83: folds 
joelong: folds 
ICEMANCB007: folds 
prwiz: folds 
Dorex2007: folds 
diiiiego: calls $0.08
*** FLOP *** [5d Kd 9c]
diiiiego: checks 
lahezis1950: bets $0.22
diiiiego: calls $0.22
*** TURN *** [5d Kd 9c] [Kh]
diiiiego: checks 
lahezis1950: bets $0.46
diiiiego: calls $0.46
*** RIVER *** [5d Kd 9c Kh] [Td]
diiiiego: checks 
lahezis1950: bets $0.69 and is all-in
diiiiego: calls $0.69
*** SHOW DOWN ***
lahezis1950: shows [Kc Qc] (three of a kind, Kings)
diiiiego: shows [Js Jh] (two pair, Kings and Jacks)
lahezis1950 collected $2.96 from pot
*** SUMMARY ***
Total pot $3.07 | Rake $0.11 
Board [5d Kd 9c Kh Td]
Seat 1: HardMickey83 folded before Flop (didn't bet)
Seat 3: joelong (button) folded before Flop (didn't bet)
Seat 4: ICEMANCB007 (small blind) folded before Flop
Seat 6: prwiz (big blind) folded before Flop
Seat 7: Dorex2007 folded before Flop
Seat 8: diiiiego showed [Js Jh] and lost with two pair, Kings and Jacks
Seat 9: lahezis1950 showed [Kc Qc] and won ($2.96) with three of a kind, Kings



PokerStars Hand #226790738935:  Hold'em No Limit ($0.01/$0.02 USD) - 2021/05/15 15:17:57 PT [2021/05/15 18:17:57 ET]
Table 'Geisei' 9-max Seat #4 is the button
Seat 1: HardMickey83 ($2.86 in chips) 
Seat 3: joelong ($0.57 in chips) 
Seat 4: ICEMANCB007 ($1.82 in chips) 
Seat 6: prwiz ($0.93 in chips) 
Seat 7: Dorex2007 ($1.84 in chips) 
Seat 8: diiiiego ($0.72 in chips) 
Seat 9: lahezis1950 ($2.96 in chips) 
prwiz: posts small blind $0.01
Dorex2007: posts big blind $0.02
Alehta: sits out 
*** HOLE CARDS ***
Dealt to Dorex2007 [Qd Kh]
diiiiego: raises $0.04 to $0.06
lahezis1950: folds 
HardMickey83: folds 
joelong: folds 
ICEMANCB007: calls $0.06
prwiz: folds 
Dorex2007: calls $0.04
*** FLOP *** [5c Ks 7h]
Dorex2007: checks 
diiiiego: checks 
ICEMANCB007: bets $0.18
Dorex2007: raises $0.18 to $0.36
diiiiego: folds 
ICEMANCB007: calls $0.18
*** TURN *** [5c Ks 7h] [6d]
Dorex2007: bets $0.44
ICEMANCB007: calls $0.44
*** RIVER *** [5c Ks 7h 6d] [3s]
Dorex2007: checks 
ICEMANCB007: checks 
*** SHOW DOWN ***
Dorex2007: shows [Qd Kh] (a pair of Kings)
ICEMANCB007: mucks hand 
Dorex2007 collected $1.73 from pot
*** SUMMARY ***
Total pot $1.79 | Rake $0.06 
Board [5c Ks 7h 6d 3s]
Seat 1: HardMickey83 folded before Flop (didn't bet)
Seat 3: joelong folded before Flop (didn't bet)
Seat 4: ICEMANCB007 (button) mucked [2d Kd]
Seat 6: prwiz (small blind) folded before Flop
Seat 7: Dorex2007 (big blind) showed [Qd Kh] and won ($1.73) with a pair of Kings
Seat 8: diiiiego folded on the Flop
Seat 9: lahezis1950 folded before Flop (didn't bet)



PokerStars Hand #226790768414:  Hold'em No Limit ($0.01/$0.02 USD) - 2021/05/15 15:19:00 PT [2021/05/15 18:19:00 ET]
Table 'Geisei' 9-max Seat #6 is the button
Seat 1: HardMickey83 ($2.86 in chips) 
Seat 3: joelong ($0.57 in chips) 
Seat 4: ICEMANCB007 ($0.96 in chips) 
Seat 6: prwiz ($0.92 in chips) 
Seat 7: Dorex2007 ($2.71 in chips) 
Seat 8: diiiiego ($1.94 in chips) 
Seat 9: lahezis1950 ($2.96 in chips) 
Dorex2007: posts small blind $0.01
diiiiego: posts big blind $0.02
Alehta: sits out 
*** HOLE CARDS ***
Dealt to Dorex2007 [6d 7s]
lahezis1950: folds 
HardMickey83: folds 
joelong: folds 
ICEMANCB007: raises $0.04 to $0.06
prwiz: calls $0.06
Dorex2007: folds 
diiiiego: folds 
*** FLOP *** [7c 2c 3s]
ICEMANCB007: checks 
prwiz: checks 
*** TURN *** [7c 2c 3s] [Kd]
ICEMANCB007: checks 
prwiz: checks 
*** RIVER *** [7c 2c 3s Kd] [Ad]
ICEMANCB007: checks 
prwiz: checks 
*** SHOW DOWN ***
ICEMANCB007: shows [Jd Qh] (high card Ace)
prwiz: shows [4d 4c] (a pair of Fours)
prwiz collected $0.14 from pot
*** SUMMARY ***
Total pot $0.15 | Rake $0.01 
Board [7c 2c 3s Kd Ad]
Seat 1: HardMickey83 folded before Flop (didn't bet)
Seat 3: joelong folded before Flop (didn't bet)
Seat 4: ICEMANCB007 showed [Jd Qh] and lost with high card Ace
Seat 6: prwiz (button) showed [4d 4c] and won ($0.14) with a pair of Fours
Seat 7: Dorex2007 (small blind) folded before Flop
Seat 8: diiiiego (big blind) folded before Flop
Seat 9: lahezis1950 folded before Flop (didn't bet)



PokerStars Hand #226790785227:  Hold'em No Limit ($0.01/$0.02 USD) - 2021/05/15 15:19:35 PT [2021/05/15 18:19:35 ET]
Table 'Geisei' 9-max Seat #7 is the button
Seat 1: HardMickey83 ($2.86 in chips) 
Seat 3: joelong ($0.57 in chips) 
Seat 4: ICEMANCB007 ($0.90 in chips) 
Seat 6: prwiz ($1 in chips) 
Seat 7: Dorex2007 ($2.70 in chips) 
Seat 8: diiiiego ($2 in chips) 
Seat 9: lahezis1950 ($2.96 in chips) 
diiiiego: posts small blind $0.01
lahezis1950: posts big blind $0.02
Alehta: sits out 
*** HOLE CARDS ***
Dealt to Dorex2007 [3s Kh]
HardMickey83: folds 
joelong: folds 
ICEMANCB007: calls $0.02
prwiz: folds 
Dorex2007: folds 
diiiiego: folds 
lahezis1950: checks 
*** FLOP *** [Ac 9s Jc]
lahezis1950: checks 
ICEMANCB007: checks 
*** TURN *** [Ac 9s Jc] [Jh]
lahezis1950: checks 
ICEMANCB007: checks 
*** RIVER *** [Ac 9s Jc Jh] [Th]
lahezis1950: checks 
ICEMANCB007: checks 
*** SHOW DOWN ***
lahezis1950: shows [5h 6d] (a pair of Jacks)
ICEMANCB007: shows [4s 4c] (two pair, Jacks and Fours)
ICEMANCB007 collected $0.05 from pot
*** SUMMARY ***
Total pot $0.05 | Rake $0 
Board [Ac 9s Jc Jh Th]
Seat 1: HardMickey83 folded before Flop (didn't bet)
Seat 3: joelong folded before Flop (didn't bet)
Seat 4: ICEMANCB007 showed [4s 4c] and won ($0.05) with two pair, Jacks and Fours
Seat 6: prwiz folded before Flop (didn't bet)
Seat 7: Dorex2007 (button) folded before Flop (didn't bet)
Seat 8: diiiiego (small blind) folded before Flop
Seat 9: lahezis1950 (big blind) showed [5h 6d] and lost with a pair of Jacks



PokerStars Hand #226790805783:  Hold'em No Limit ($0.01/$0.02 USD) - 2021/05/15 15:20:03 PT [2021/05/15 18:20:03 ET]
Table 'Geisei' 9-max Seat #8 is the button
Seat 1: HardMickey83 ($2.86 in chips) 
Seat 3: joelong ($0.57 in chips) 
Seat 4: ICEMANCB007 ($0.93 in chips) 
Seat 6: prwiz ($1 in chips) 
Seat 7: Dorex2007 ($2.70 in chips) 
Seat 8: diiiiego ($1.99 in chips) 
Seat 9: lahezis1950 ($2.94 in chips) 
lahezis1950: posts small blind $0.01
HardMickey83: posts big blind $0.02
Alehta: sits out 
*** HOLE CARDS ***
Dealt to Dorex2007 [Jh 6s]
joelong: folds 
ICEMANCB007: raises $0.04 to $0.06
prwiz: folds 
Dorex2007: folds 
diiiiego: folds 
lahezis1950: folds 
HardMickey83: folds 
Uncalled bet ($0.04) returned to ICEMANCB007
ICEMANCB007 collected $0.05 from pot
ICEMANCB007: doesn't show hand 
*** SUMMARY ***
Total pot $0.05 | Rake $0 
Seat 1: HardMickey83 (big blind) folded before Flop
Seat 3: joelong folded before Flop (didn't bet)
Seat 4: ICEMANCB007 collected ($0.05)
Seat 6: prwiz folded before Flop (didn't bet)
Seat 7: Dorex2007 folded before Flop (didn't bet)
Seat 8: diiiiego (button) folded before Flop (didn't bet)
Seat 9: lahezis1950 (small blind) folded before Flop



PokerStars Hand #226790812337:  Hold'em No Limit ($0.01/$0.02 USD) - 2021/05/15 15:20:17 PT [2021/05/15 18:20:17 ET]
Table 'Geisei' 9-max Seat #9 is the button
Seat 1: HardMickey83 ($2.84 in chips) 
Seat 2: Alehta ($2 in chips) 
Seat 3: joelong ($0.57 in chips) 
Seat 4: ICEMANCB007 ($0.96 in chips) 
Seat 6: prwiz ($1 in chips) 
Seat 7: Dorex2007 ($2.70 in chips) 
Seat 8: diiiiego ($1.99 in chips) 
Seat 9: lahezis1950 ($2.93 in chips) 
HardMickey83: posts small blind $0.01
Alehta: posts big blind $0.02
*** HOLE CARDS ***
Dealt to Dorex2007 [8h 6h]
joelong: calls $0.02
ICEMANCB007: folds 
prwiz: calls $0.02
Dorex2007: folds 
diiiiego: folds 
lahezis1950: folds 
HardMickey83: calls $0.01
Alehta: checks 
*** FLOP *** [4s 6d Ac]
HardMickey83: checks 
Alehta: checks 
joelong: checks 
prwiz: checks 
*** TURN *** [4s 6d Ac] [5d]
HardMickey83: bets $0.05
Alehta: calls $0.05
joelong: folds 
prwiz: calls $0.05
*** RIVER *** [4s 6d Ac 5d] [7h]
HardMickey83: bets $0.08
Alehta: calls $0.08
prwiz: raises $0.23 to $0.31
HardMickey83: calls $0.23
Alehta: folds 
*** SHOW DOWN ***
prwiz: shows [Ad 7d] (two pair, Aces and Sevens)
HardMickey83: shows [2c 3d] (a straight, Three to Seven)
HardMickey83 collected $0.90 from pot
*** SUMMARY ***
Total pot $0.93 | Rake $0.03 
Board [4s 6d Ac 5d 7h]
Seat 1: HardMickey83 (small blind) showed [2c 3d] and won ($0.90) with a straight, Three to Seven
Seat 2: Alehta (big blind) folded on the River
Seat 3: joelong folded on the Turn
Seat 4: ICEMANCB007 folded before Flop (didn't bet)
Seat 6: prwiz showed [Ad 7d] and lost with two pair, Aces and Sevens
Seat 7: Dorex2007 folded before Flop (didn't bet)
Seat 8: diiiiego folded before Flop (didn't bet)
Seat 9: lahezis1950 (button) folded before Flop (didn't bet)



PokerStars Hand #226790858936:  Hold'em No Limit ($0.01/$0.02 USD) - 2021/05/15 15:21:56 PT [2021/05/15 18:21:56 ET]
Table 'Geisei' 9-max Seat #1 is the button
Seat 1: HardMickey83 ($3.36 in chips) 
Seat 2: Alehta ($1.85 in chips) 
Seat 3: joelong ($0.55 in chips) 
Seat 4: ICEMANCB007 ($0.96 in chips) 
Seat 6: prwiz ($0.62 in chips) 
Seat 7: Dorex2007 ($2.70 in chips) 
Seat 8: diiiiego ($1.99 in chips) 
Seat 9: lahezis1950 ($2.93 in chips) 
Alehta: posts small blind $0.01
joelong: posts big blind $0.02
*** HOLE CARDS ***
Dealt to Dorex2007 [4c Jh]
ICEMANCB007: calls $0.02
prwiz: calls $0.02
Dorex2007: folds 
diiiiego: folds 
lahezis1950: folds 
HardMickey83: calls $0.02
Alehta: folds 
joelong: checks 
*** FLOP *** [5c Jc 9d]
joelong: checks 
ICEMANCB007: checks 
prwiz: checks 
diiiiego is disconnected 
HardMickey83: bets $0.06
joelong: folds 
ICEMANCB007: folds 
prwiz: calls $0.06
*** TURN *** [5c Jc 9d] [7s]
prwiz: checks 
HardMickey83: checks 
*** RIVER *** [5c Jc 9d 7s] [Ts]
lahezis1950 leaves the table
prwiz: checks 
HardMickey83: bets $0.08
qwertyalfa joins the table at seat #9 
prwiz: calls $0.08
*** SHOW DOWN ***
HardMickey83: shows [8d Ks] (a straight, Seven to Jack)
prwiz: mucks hand 
HardMickey83 collected $0.36 from pot
*** SUMMARY ***
Total pot $0.37 | Rake $0.01 
Board [5c Jc 9d 7s Ts]
Seat 1: HardMickey83 (button) showed [8d Ks] and won ($0.36) with a straight, Seven to Jack
Seat 2: Alehta (small blind) folded before Flop
Seat 3: joelong (big blind) folded on the Flop
Seat 4: ICEMANCB007 folded on the Flop
Seat 6: prwiz mucked [Ah Qh]
Seat 7: Dorex2007 folded before Flop (didn't bet)
Seat 8: diiiiego folded before Flop (didn't bet)
Seat 9: lahezis1950 folded before Flop (didn't bet)



PokerStars Hand #226790885632:  Hold'em No Limit ($0.01/$0.02 USD) - 2021/05/15 15:22:53 PT [2021/05/15 18:22:53 ET]
Table 'Geisei' 9-max Seat #2 is the button
Seat 1: HardMickey83 ($3.56 in chips) 
Seat 2: Alehta ($1.84 in chips) 
Seat 3: joelong ($0.53 in chips) 
Seat 4: ICEMANCB007 ($0.94 in chips) 
Seat 6: prwiz ($0.46 in chips) 
Seat 7: Dorex2007 ($2.70 in chips) 
Seat 8: diiiiego ($1.99 in chips) 
Radif999 leaves the table
joelong: posts small blind $0.01
ICEMANCB007: posts big blind $0.02
qwertyalfa: sits out 
*** HOLE CARDS ***
Dealt to Dorex2007 [9c 7d]
prwiz: folds 
Dorex2007: folds 
diiiiego has timed out while disconnected
diiiiego: folds 
HardMickey83: folds 
Alehta: folds 
joelong: folds 
Uncalled bet ($0.01) returned to ICEMANCB007
ICEMANCB007 collected $0.02 from pot
ICEMANCB007: doesn't show hand 
*** SUMMARY ***
Total pot $0.02 | Rake $0 
Seat 1: HardMickey83 folded before Flop (didn't bet)
Seat 2: Alehta (button) folded before Flop (didn't bet)
Seat 3: joelong (small blind) folded before Flop
Seat 4: ICEMANCB007 (big blind) collected ($0.02)
Seat 6: prwiz folded before Flop (didn't bet)
Seat 7: Dorex2007 folded before Flop (didn't bet)
Seat 8: diiiiego folded before Flop (didn't bet)



PokerStars Hand #226790895842:  Hold'em No Limit ($0.01/$0.02 USD) - 2021/05/15 15:23:15 PT [2021/05/15 18:23:15 ET]
Table 'Geisei' 9-max Seat #3 is the button
Seat 1: HardMickey83 ($3.56 in chips) 
Seat 2: Alehta ($1.84 in chips) 
Seat 3: joelong ($0.52 in chips) 
Seat 4: ICEMANCB007 ($0.95 in chips) 
Seat 6: prwiz ($0.46 in chips) 
Seat 7: Dorex2007 ($2.70 in chips) 
ICEMANCB007: posts small blind $0.01
prwiz: posts big blind $0.02
qwertyalfa: sits out 
*** HOLE CARDS ***
Dealt to Dorex2007 [7h Kc]
Dorex2007: folds 
HardMickey83: raises $0.04 to $0.06
Alehta: folds 
joelong: folds 
ICEMANCB007: calls $0.05
prwiz: calls $0.04
*** FLOP *** [4c 6d 4s]
ICEMANCB007: checks 
prwiz: checks 
HardMickey83: checks 
*** TURN *** [4c 6d 4s] [9s]
ICEMANCB007: checks 
prwiz: checks 
HardMickey83: bets $0.11
ICEMANCB007: folds 
prwiz: folds 
Uncalled bet ($0.11) returned to HardMickey83
HardMickey83 collected $0.17 from pot
HardMickey83: doesn't show hand 
*** SUMMARY ***
Total pot $0.18 | Rake $0.01 
Board [4c 6d 4s 9s]
Seat 1: HardMickey83 collected ($0.17)
Seat 2: Alehta folded before Flop (didn't bet)
Seat 3: joelong (button) folded before Flop (didn't bet)
Seat 4: ICEMANCB007 (small blind) folded on the Turn
Seat 6: prwiz (big blind) folded on the Turn
Seat 7: Dorex2007 folded before Flop (didn't bet)



PokerStars Hand #226790911988:  Hold'em No Limit ($0.01/$0.02 USD) - 2021/05/15 15:23:49 PT [2021/05/15 18:23:49 ET]
Table 'Geisei' 9-max Seat #4 is the button
Seat 1: HardMickey83 ($3.67 in chips) 
Seat 2: Alehta ($1.84 in chips) 
Seat 3: joelong ($0.52 in chips) 
Seat 4: ICEMANCB007 ($0.89 in chips) 
Seat 6: prwiz ($0.40 in chips) 
Seat 7: Dorex2007 ($2.70 in chips) 
Seat 8: diiiiego ($1.99 in chips) 
prwiz: posts small blind $0.01
Dorex2007: posts big blind $0.02
qwertyalfa: sits out 
*** HOLE CARDS ***
Dealt to Dorex2007 [9h Jd]
diiiiego: folds 
HardMickey83: folds 
Alehta: folds 
joelong: folds 
ICEMANCB007: calls $0.02
prwiz: folds 
Dorex2007: checks 
*** FLOP *** [6s 4s 6h]
Dorex2007: checks 
ICEMANCB007: checks 
*** TURN *** [6s 4s 6h] [3d]
Dorex2007: checks 
yKrOn joins the table at seat #5 
ICEMANCB007: checks 
*** RIVER *** [6s 4s 6h 3d] [4c]
Dorex2007: checks 
ICEMANCB007: checks 
*** SHOW DOWN ***
Dorex2007: shows [9h Jd] (two pair, Sixes and Fours)
ICEMANCB007: shows [As 5d] (two pair, Sixes and Fours - Ace kicker)
ICEMANCB007 collected $0.05 from pot
*** SUMMARY ***
Total pot $0.05 | Rake $0 
Board [6s 4s 6h 3d 4c]
Seat 1: HardMickey83 folded before Flop (didn't bet)
Seat 2: Alehta folded before Flop (didn't bet)
Seat 3: joelong folded before Flop (didn't bet)
Seat 4: ICEMANCB007 (button) showed [As 5d] and won ($0.05) with two pair, Sixes and Fours
Seat 6: prwiz (small blind) folded before Flop
Seat 7: Dorex2007 (big blind) showed [9h Jd] and lost with two pair, Sixes and Fours
Seat 8: diiiiego folded before Flop (didn't bet)



PokerStars Hand #226790929997:  Hold'em No Limit ($0.01/$0.02 USD) - 2021/05/15 15:24:28 PT [2021/05/15 18:24:28 ET]
Table 'Geisei' 9-max Seat #6 is the button
Seat 1: HardMickey83 ($3.67 in chips) 
Seat 2: Alehta ($1.84 in chips) 
Seat 3: joelong ($0.52 in chips) 
Seat 4: ICEMANCB007 ($0.92 in chips) 
Seat 6: prwiz ($0.39 in chips) 
Seat 7: Dorex2007 ($2.68 in chips) 
Seat 8: diiiiego ($1.99 in chips) 
Dorex2007: posts small blind $0.01
diiiiego: posts big blind $0.02
qwertyalfa: sits out 
yKrOn: sits out 
*** HOLE CARDS ***
Dealt to Dorex2007 [8s Ks]
HardMickey83: folds 
Alehta: raises $0.04 to $0.06
joelong: folds 
ICEMANCB007: folds 
prwiz: folds 
Dorex2007: folds 
diiiiego: folds 
Uncalled bet ($0.04) returned to Alehta
Alehta collected $0.05 from pot
Alehta: doesn't show hand 
*** SUMMARY ***
Total pot $0.05 | Rake $0 
Seat 1: HardMickey83 folded before Flop (didn't bet)
Seat 2: Alehta collected ($0.05)
Seat 3: joelong folded before Flop (didn't bet)
Seat 4: ICEMANCB007 folded before Flop (didn't bet)
Seat 6: prwiz (button) folded before Flop (didn't bet)
Seat 7: Dorex2007 (small blind) folded before Flop
Seat 8: diiiiego (big blind) folded before Flop



PokerStars Hand #226790941242:  Hold'em No Limit ($0.01/$0.02 USD) - 2021/05/15 15:24:52 PT [2021/05/15 18:24:52 ET]
Table 'Geisei' 9-max Seat #7 is the button
Seat 1: HardMickey83 ($3.67 in chips) 
Seat 2: Alehta ($1.87 in chips) 
Seat 3: joelong ($0.52 in chips) 
Seat 4: ICEMANCB007 ($0.92 in chips) 
Seat 6: prwiz ($0.39 in chips) 
Seat 7: Dorex2007 ($2.67 in chips) 
Seat 8: diiiiego ($1.97 in chips) 
Seat 9: qwertyalfa ($2 in chips) 
diiiiego: posts small blind $0.01
qwertyalfa: posts big blind $0.02
yKrOn: sits out 
*** HOLE CARDS ***
Dealt to Dorex2007 [4c Jc]
HardMickey83: raises $0.04 to $0.06
Alehta: folds 
joelong: folds 
ICEMANCB007: folds 
prwiz: raises $0.33 to $0.39 and is all-in
Dorex2007: folds 
diiiiego: folds 
qwertyalfa: folds 
HardMickey83: folds 
Uncalled bet ($0.33) returned to prwiz
prwiz collected $0.15 from pot
prwiz: doesn't show hand 
*** SUMMARY ***
Total pot $0.15 | Rake $0 
Seat 1: HardMickey83 folded before Flop
Seat 2: Alehta folded before Flop (didn't bet)
Seat 3: joelong folded before Flop (didn't bet)
Seat 4: ICEMANCB007 folded before Flop (didn't bet)
Seat 6: prwiz collected ($0.15)
Seat 7: Dorex2007 (button) folded before Flop (didn't bet)
Seat 8: diiiiego (small blind) folded before Flop
Seat 9: qwertyalfa (big blind) folded before Flop



PokerStars Hand #226790958341:  Hold'em No Limit ($0.01/$0.02 USD) - 2021/05/15 15:25:28 PT [2021/05/15 18:25:28 ET]
Table 'Geisei' 9-max Seat #8 is the button
Seat 1: HardMickey83 ($3.61 in chips) 
Seat 2: Alehta ($1.87 in chips) 
Seat 3: joelong ($0.52 in chips) 
Seat 4: ICEMANCB007 ($0.92 in chips) 
Seat 6: prwiz ($0.48 in chips) 
Seat 7: Dorex2007 ($2.67 in chips) 
Seat 8: diiiiego ($1.96 in chips) 
Seat 9: qwertyalfa ($2 in chips) 
qwertyalfa: posts small blind $0.01
HardMickey83: posts big blind $0.02
yKrOn: sits out 
*** HOLE CARDS ***
Dealt to Dorex2007 [8d 9h]
Alehta: folds 
joelong: calls $0.02
ICEMANCB007: folds 
prwiz: calls $0.02
Dorex2007: folds 
diiiiego: calls $0.02
qwertyalfa: folds 
HardMickey83: checks 
*** FLOP *** [Jh Ad 5s]
HardMickey83: checks 
joelong: checks 
prwiz: checks 
diiiiego: checks 
*** TURN *** [Jh Ad 5s] [Kh]
HardMickey83: checks 
joelong: bets $0.04
prwiz: calls $0.04
diiiiego: folds 
HardMickey83: folds 
*** RIVER *** [Jh Ad 5s Kh] [2s]
joelong: bets $0.16
prwiz: raises $0.26 to $0.42 and is all-in
joelong: calls $0.26
*** SHOW DOWN ***
prwiz: shows [Th Qh] (a straight, Ten to Ace)
joelong: shows [Kc Kd] (three of a kind, Kings)
prwiz collected $0.97 from pot
*** SUMMARY ***
Total pot $1.01 | Rake $0.04 
Board [Jh Ad 5s Kh 2s]
Seat 1: HardMickey83 (big blind) folded on the Turn
Seat 2: Alehta folded before Flop (didn't bet)
Seat 3: joelong showed [Kc Kd] and lost with three of a kind, Kings
Seat 4: ICEMANCB007 folded before Flop (didn't bet)
Seat 6: prwiz showed [Th Qh] and won ($0.97) with a straight, Ten to Ace
Seat 7: Dorex2007 folded before Flop (didn't bet)
Seat 8: diiiiego (button) folded on the Turn
Seat 9: qwertyalfa (small blind) folded before Flop



PokerStars Hand #226790987166:  Hold'em No Limit ($0.01/$0.02 USD) - 2021/05/15 15:26:29 PT [2021/05/15 18:26:29 ET]
Table 'Geisei' 9-max Seat #9 is the button
Seat 1: HardMickey83 ($3.59 in chips) 
Seat 2: Alehta ($1.87 in chips) 
Seat 3: joelong ($0.04 in chips) 
Seat 4: ICEMANCB007 ($0.92 in chips) 
Seat 6: prwiz ($0.97 in chips) 
Seat 7: Dorex2007 ($2.67 in chips) 
Seat 8: diiiiego ($1.94 in chips) 
Seat 9: qwertyalfa ($2 in chips) 
HardMickey83: posts small blind $0.01
Alehta: posts big blind $0.02
yKrOn: sits out 
*** HOLE CARDS ***
Dealt to Dorex2007 [8c 4s]
joelong: raises $0.02 to $0.04 and is all-in
ICEMANCB007: folds 
prwiz: folds 
Dorex2007: folds 
diiiiego: folds 
qwertyalfa: folds 
HardMickey83: calls $0.03
Alehta: calls $0.02
*** FLOP *** [Ac 3d 5s]
HardMickey83: checks 
Alehta: checks 
*** TURN *** [Ac 3d 5s] [Js]
HardMickey83: checks 
Alehta: checks 
*** RIVER *** [Ac 3d 5s Js] [Qd]
HardMickey83: checks 
Alehta: checks 
*** SHOW DOWN ***
HardMickey83: shows [6s 4c] (high card Ace)
Alehta: shows [6h 5h] (a pair of Fives)
joelong: mucks hand 
Alehta collected $0.12 from pot
*** SUMMARY ***
Total pot $0.12 | Rake $0 
Board [Ac 3d 5s Js Qd]
Seat 1: HardMickey83 (small blind) showed [6s 4c] and lost with high card Ace
Seat 2: Alehta (big blind) showed [6h 5h] and won ($0.12) with a pair of Fives
Seat 3: joelong mucked [9h Kh]
Seat 4: ICEMANCB007 folded before Flop (didn't bet)
Seat 6: prwiz folded before Flop (didn't bet)
Seat 7: Dorex2007 folded before Flop (didn't bet)
Seat 8: diiiiego folded before Flop (didn't bet)
Seat 9: qwertyalfa (button) folded before Flop (didn't bet)



PokerStars Hand #226791010570:  Hold'em No Limit ($0.01/$0.02 USD) - 2021/05/15 15:27:19 PT [2021/05/15 18:27:19 ET]
Table 'Geisei' 9-max Seat #1 is the button
Seat 1: HardMickey83 ($3.55 in chips) 
Seat 2: Alehta ($1.95 in chips) 
Seat 4: ICEMANCB007 ($0.92 in chips) 
Seat 6: prwiz ($0.97 in chips) 
Seat 7: Dorex2007 ($2.67 in chips) 
Seat 8: diiiiego ($1.94 in chips) 
Seat 9: qwertyalfa ($2 in chips) 
Alehta: posts small blind $0.01
ICEMANCB007: posts big blind $0.02
yKrOn: sits out 
*** HOLE CARDS ***
Dealt to Dorex2007 [2c Ah]
prwiz: folds 
Dorex2007: folds 
diiiiego: calls $0.02
qwertyalfa: folds 
HardMickey83: raises $0.04 to $0.06
Alehta: folds 
ICEMANCB007: folds 
diiiiego: calls $0.04
*** FLOP *** [Th 9d Qs]
diiiiego: bets $0.07
HardMickey83: folds 
Uncalled bet ($0.07) returned to diiiiego
diiiiego collected $0.14 from pot
diiiiego: doesn't show hand 
*** SUMMARY ***
Total pot $0.15 | Rake $0.01 
Board [Th 9d Qs]
Seat 1: HardMickey83 (button) folded on the Flop
Seat 2: Alehta (small blind) folded before Flop
Seat 4: ICEMANCB007 (big blind) folded before Flop
Seat 6: prwiz folded before Flop (didn't bet)
Seat 7: Dorex2007 folded before Flop (didn't bet)
Seat 8: diiiiego collected ($0.14)
Seat 9: qwertyalfa folded before Flop (didn't bet)



PokerStars Hand #226791031239:  Hold'em No Limit ($0.01/$0.02 USD) - 2021/05/15 15:28:04 PT [2021/05/15 18:28:04 ET]
Table 'Geisei' 9-max Seat #2 is the button
Seat 1: HardMickey83 ($3.49 in chips) 
Seat 2: Alehta ($1.94 in chips) 
Seat 4: ICEMANCB007 ($0.90 in chips) 
Seat 5: yKrOn ($2 in chips) 
Seat 6: prwiz ($0.97 in chips) 
Seat 7: Dorex2007 ($2.67 in chips) 
Seat 8: diiiiego ($2.02 in chips) 
Seat 9: qwertyalfa ($2 in chips) 
ICEMANCB007: posts small blind $0.01
yKrOn: posts big blind $0.02
*** HOLE CARDS ***
Dealt to Dorex2007 [9c Ad]
prwiz: folds 
Dorex2007: folds 
diiiiego: folds 
qwertyalfa: folds 
HardMickey83: folds 
Alehta: folds 
ICEMANCB007: folds 
Uncalled bet ($0.01) returned to yKrOn
yKrOn collected $0.02 from pot
yKrOn: doesn't show hand 
*** SUMMARY ***
Total pot $0.02 | Rake $0 
Seat 1: HardMickey83 folded before Flop (didn't bet)
Seat 2: Alehta (button) folded before Flop (didn't bet)
Seat 4: ICEMANCB007 (small blind) folded before Flop
Seat 5: yKrOn (big blind) collected ($0.02)
Seat 6: prwiz folded before Flop (didn't bet)
Seat 7: Dorex2007 folded before Flop (didn't bet)
Seat 8: diiiiego folded before Flop (didn't bet)
Seat 9: qwertyalfa folded before Flop (didn't bet)



PokerStars Hand #226791042437:  Hold'em No Limit ($0.01/$0.02 USD) - 2021/05/15 15:28:28 PT [2021/05/15 18:28:28 ET]
Table 'Geisei' 9-max Seat #4 is the button
Seat 1: HardMickey83 ($3.49 in chips) 
Seat 2: Alehta ($1.94 in chips) 
Seat 3: joelong ($0.80 in chips) 
Seat 4: ICEMANCB007 ($0.89 in chips) 
Seat 5: yKrOn ($2.01 in chips) 
Seat 6: prwiz ($0.97 in chips) 
Seat 7: Dorex2007 ($2.67 in chips) 
Seat 8: diiiiego ($2.02 in chips) 
Seat 9: qwertyalfa ($2 in chips) 
yKrOn: posts small blind $0.01
prwiz: posts big blind $0.02
joelong: posts small & big blinds $0.03
*** HOLE CARDS ***
Dealt to Dorex2007 [Tc Js]
Dorex2007: folds 
diiiiego: folds 
qwertyalfa: folds 
HardMickey83: folds 
Alehta: folds 
joelong: checks 
ICEMANCB007 has timed out
ICEMANCB007: folds 
yKrOn: folds 
prwiz: checks 
*** FLOP *** [7c Qc 6c]
prwiz: checks 
joelong: bets $0.06
prwiz: calls $0.06
*** TURN *** [7c Qc 6c] [Ah]
prwiz: checks 
joelong: bets $0.17
prwiz: calls $0.17
*** RIVER *** [7c Qc 6c Ah] [2c]
prwiz: checks 
joelong: checks 
*** SHOW DOWN ***
prwiz: shows [Qs Td] (a pair of Queens)
joelong: mucks hand 
prwiz collected $0.50 from pot
*** SUMMARY ***
Total pot $0.52 | Rake $0.02 
Board [7c Qc 6c Ah 2c]
Seat 1: HardMickey83 folded before Flop (didn't bet)
Seat 2: Alehta folded before Flop (didn't bet)
Seat 3: joelong mucked [Kd 8h]
Seat 4: ICEMANCB007 (button) folded before Flop (didn't bet)
Seat 5: yKrOn (small blind) folded before Flop
Seat 6: prwiz (big blind) showed [Qs Td] and won ($0.50) with a pair of Queens
Seat 7: Dorex2007 folded before Flop (didn't bet)
Seat 8: diiiiego folded before Flop (didn't bet)
Seat 9: qwertyalfa folded before Flop (didn't bet)



PokerStars Hand #226791074446:  Hold'em No Limit ($0.01/$0.02 USD) - 2021/05/15 15:29:37 PT [2021/05/15 18:29:37 ET]
Table 'Geisei' 9-max Seat #5 is the button
Seat 1: HardMickey83 ($3.49 in chips) 
Seat 2: Alehta ($1.94 in chips) 
Seat 3: joelong ($0.54 in chips) 
Seat 5: yKrOn ($2 in chips) 
Seat 6: prwiz ($1.22 in chips) 
Seat 7: Dorex2007 ($2.67 in chips) 
Seat 8: diiiiego ($2.02 in chips) 
Seat 9: qwertyalfa ($2 in chips) 
prwiz: posts small blind $0.01
Dorex2007: posts big blind $0.02
*** HOLE CARDS ***
Dealt to Dorex2007 [9s 5s]
diiiiego: folds 
qwertyalfa: folds 
HardMickey83: folds 
Alehta: folds 
joelong: calls $0.02
yKrOn: folds 
prwiz: folds 
Dorex2007: checks 
*** FLOP *** [9c 3d 8s]
Dorex2007: checks 
joelong: checks 
*** TURN *** [9c 3d 8s] [Ac]
Dorex2007: checks 
joelong: checks 
*** RIVER *** [9c 3d 8s Ac] [3s]
Dorex2007: bets $0.03
joelong: folds 
Uncalled bet ($0.03) returned to Dorex2007
Dorex2007 collected $0.05 from pot
Dorex2007: doesn't show hand 
*** SUMMARY ***
Total pot $0.05 | Rake $0 
Board [9c 3d 8s Ac 3s]
Seat 1: HardMickey83 folded before Flop (didn't bet)
Seat 2: Alehta folded before Flop (didn't bet)
Seat 3: joelong folded on the River
Seat 5: yKrOn (button) folded before Flop (didn't bet)
Seat 6: prwiz (small blind) folded before Flop
Seat 7: Dorex2007 (big blind) collected ($0.05)
Seat 8: diiiiego folded before Flop (didn't bet)
Seat 9: qwertyalfa folded before Flop (didn't bet)



PokerStars Hand #226791096862:  Hold'em No Limit ($0.01/$0.02 USD) - 2021/05/15 15:30:26 PT [2021/05/15 18:30:26 ET]
Table 'Geisei' 9-max Seat #6 is the button
Seat 1: HardMickey83 ($3.49 in chips) 
Seat 2: Alehta ($1.94 in chips) 
Seat 3: joelong ($0.52 in chips) 
Seat 5: yKrOn ($2 in chips) 
Seat 6: prwiz ($1.21 in chips) 
Seat 7: Dorex2007 ($2.70 in chips) 
Seat 8: diiiiego ($2.02 in chips) 
Seat 9: qwertyalfa ($2 in chips) 
Dorex2007: posts small blind $0.01
diiiiego: posts big blind $0.02
*** HOLE CARDS ***
Dealt to Dorex2007 [5c Jc]
qwertyalfa: folds 
HardMickey83: folds 
Alehta: folds 
joelong: folds 
yKrOn: folds 
prwiz: folds 
Dorex2007: calls $0.01
diiiiego: checks 
*** FLOP *** [7d 5h Ac]
Dorex2007: checks 
diiiiego: checks 
*** TURN *** [7d 5h Ac] [9d]
Dorex2007: bets $0.04
diiiiego: folds 
Uncalled bet ($0.04) returned to Dorex2007
Dorex2007 collected $0.04 from pot
Dorex2007: doesn't show hand 
*** SUMMARY ***
Total pot $0.04 | Rake $0 
Board [7d 5h Ac 9d]
Seat 1: HardMickey83 folded before Flop (didn't bet)
Seat 2: Alehta folded before Flop (didn't bet)
Seat 3: joelong folded before Flop (didn't bet)
Seat 5: yKrOn folded before Flop (didn't bet)
Seat 6: prwiz (button) folded before Flop (didn't bet)
Seat 7: Dorex2007 (small blind) collected ($0.04)
Seat 8: diiiiego (big blind) folded on the Turn
Seat 9: qwertyalfa folded before Flop (didn't bet)



PokerStars Hand #226791117594:  Hold'em No Limit ($0.01/$0.02 USD) - 2021/05/15 15:31:09 PT [2021/05/15 18:31:09 ET]
Table 'Geisei' 9-max Seat #7 is the button
Seat 1: HardMickey83 ($3.49 in chips) 
Seat 2: Alehta ($1.94 in chips) 
Seat 3: joelong ($0.52 in chips) 
Seat 5: yKrOn ($2 in chips) 
Seat 6: prwiz ($1.21 in chips) 
Seat 7: Dorex2007 ($2.72 in chips) 
Seat 8: diiiiego ($2 in chips) 
Seat 9: qwertyalfa ($2 in chips) 
diiiiego: posts small blind $0.01
qwertyalfa: posts big blind $0.02
*** HOLE CARDS ***
Dealt to Dorex2007 [Ah 6h]
HardMickey83: folds 
Alehta: folds 
joelong: folds 
yKrOn: folds 
prwiz: folds 
Dorex2007: raises $0.04 to $0.06
diiiiego: folds 
qwertyalfa: folds 
Uncalled bet ($0.04) returned to Dorex2007
Dorex2007 collected $0.05 from pot
Dorex2007: doesn't show hand 
*** SUMMARY ***
Total pot $0.05 | Rake $0 
Seat 1: HardMickey83 folded before Flop (didn't bet)
Seat 2: Alehta folded before Flop (didn't bet)
Seat 3: joelong folded before Flop (didn't bet)
Seat 5: yKrOn folded before Flop (didn't bet)
Seat 6: prwiz folded before Flop (didn't bet)
Seat 7: Dorex2007 (button) collected ($0.05)
Seat 8: diiiiego (small blind) folded before Flop
Seat 9: qwertyalfa (big blind) folded before Flop



PokerStars Hand #226791131107:  Hold'em No Limit ($0.01/$0.02 USD) - 2021/05/15 15:31:37 PT [2021/05/15 18:31:37 ET]
Table 'Geisei' 9-max Seat #8 is the button
Seat 1: HardMickey83 ($3.49 in chips) 
Seat 2: Alehta ($1.94 in chips) 
Seat 3: joelong ($0.52 in chips) 
Seat 5: yKrOn ($2 in chips) 
Seat 6: prwiz ($1.21 in chips) 
Seat 7: Dorex2007 ($2.75 in chips) 
Seat 8: diiiiego ($1.99 in chips) 
Seat 9: qwertyalfa ($2 in chips) 
qwertyalfa: posts small blind $0.01
HardMickey83: posts big blind $0.02
*** HOLE CARDS ***
Dealt to Dorex2007 [Ac 4d]
Alehta: folds 
joelong: calls $0.02
yKrOn: raises $0.06 to $0.08
prwiz: folds 
Dorex2007: folds 
diiiiego: folds 
qwertyalfa: folds 
HardMickey83: folds 
joelong: folds 
Uncalled bet ($0.06) returned to yKrOn
yKrOn collected $0.07 from pot
yKrOn: doesn't show hand 
*** SUMMARY ***
Total pot $0.07 | Rake $0 
Seat 1: HardMickey83 (big blind) folded before Flop
Seat 2: Alehta folded before Flop (didn't bet)
Seat 3: joelong folded before Flop
Seat 5: yKrOn collected ($0.07)
Seat 6: prwiz folded before Flop (didn't bet)
Seat 7: Dorex2007 folded before Flop (didn't bet)
Seat 8: diiiiego (button) folded before Flop (didn't bet)
Seat 9: qwertyalfa (small blind) folded before Flop



PokerStars Hand #226791148036:  Hold'em No Limit ($0.01/$0.02 USD) - 2021/05/15 15:32:13 PT [2021/05/15 18:32:13 ET]
Table 'Geisei' 9-max Seat #9 is the button
Seat 1: HardMickey83 ($3.47 in chips) 
Seat 2: Alehta ($1.94 in chips) 
Seat 3: joelong ($0.50 in chips) 
Seat 5: yKrOn ($2.05 in chips) 
Seat 6: prwiz ($1.21 in chips) 
Seat 7: Dorex2007 ($2.75 in chips) 
Seat 8: diiiiego ($1.99 in chips) 
Seat 9: qwertyalfa ($2 in chips) 
HardMickey83: posts small blind $0.01
Alehta: posts big blind $0.02
*** HOLE CARDS ***
Dealt to Dorex2007 [6s Kc]
joelong: calls $0.02
yKrOn: folds 
prwiz: calls $0.02
Dorex2007: folds 
diiiiego: folds 
qwertyalfa: calls $0.02
HardMickey83: calls $0.01
Alehta: raises $0.18 to $0.20
joelong: calls $0.18
prwiz: calls $0.18
qwertyalfa: folds 
HardMickey83: folds 
*** FLOP *** [3s Tc 5c]
Alehta: checks 
joelong: bets $0.30 and is all-in
prwiz: calls $0.30
HardMickey83 is disconnected 
Alehta: folds 
*** TURN *** [3s Tc 5c] [8s]
*** RIVER *** [3s Tc 5c 8s] [2d]
*** SHOW DOWN ***
joelong: shows [As 5s] (a pair of Fives)
prwiz: shows [7d 7s] (a pair of Sevens)
prwiz collected $1.20 from pot
*** SUMMARY ***
Total pot $1.24 | Rake $0.04 
Board [3s Tc 5c 8s 2d]
Seat 1: HardMickey83 (small blind) folded before Flop
Seat 2: Alehta (big blind) folded on the Flop
Seat 3: joelong showed [As 5s] and lost with a pair of Fives
Seat 5: yKrOn folded before Flop (didn't bet)
Seat 6: prwiz showed [7d 7s] and won ($1.20) with a pair of Sevens
Seat 7: Dorex2007 folded before Flop (didn't bet)
Seat 8: diiiiego folded before Flop (didn't bet)
Seat 9: qwertyalfa (button) folded before Flop



PokerStars Hand #226791197430:  Hold'em No Limit ($0.01/$0.02 USD) - 2021/05/15 15:34:00 PT [2021/05/15 18:34:00 ET]
Table 'Geisei' 9-max Seat #1 is the button
Seat 1: HardMickey83 ($3.45 in chips) 
Seat 2: Alehta ($1.74 in chips) 
Seat 5: yKrOn ($2.05 in chips) 
Seat 6: prwiz ($1.91 in chips) 
Seat 7: Dorex2007 ($2.75 in chips) 
Seat 8: diiiiego ($1.99 in chips) 
Seat 9: qwertyalfa ($2 in chips) 
Alehta: posts small blind $0.01
yKrOn: posts big blind $0.02
*** HOLE CARDS ***
Dealt to Dorex2007 [Qs 3c]
prwiz: folds 
Dorex2007: folds 
diiiiego: calls $0.02
qwertyalfa: raises $0.07 to $0.09
HardMickey83: folds 
Alehta: folds 
yKrOn: folds 
diiiiego: folds 
Uncalled bet ($0.07) returned to qwertyalfa
qwertyalfa collected $0.07 from pot
*** SUMMARY ***
Total pot $0.07 | Rake $0 
Seat 1: HardMickey83 (button) folded before Flop (didn't bet)
Seat 2: Alehta (small blind) folded before Flop
Seat 5: yKrOn (big blind) folded before Flop
Seat 6: prwiz folded before Flop (didn't bet)
Seat 7: Dorex2007 folded before Flop (didn't bet)
Seat 8: diiiiego folded before Flop
Seat 9: qwertyalfa collected ($0.07)



PokerStars Hand #226791210781:  Hold'em No Limit ($0.01/$0.02 USD) - 2021/05/15 15:34:28 PT [2021/05/15 18:34:28 ET]
Table 'Geisei' 9-max Seat #2 is the button
Seat 1: HardMickey83 ($3.45 in chips) 
Seat 2: Alehta ($1.73 in chips) 
Seat 5: yKrOn ($2.03 in chips) 
Seat 6: prwiz ($1.91 in chips) 
Seat 7: Dorex2007 ($2.75 in chips) 
Seat 8: diiiiego ($1.97 in chips) 
Seat 9: qwertyalfa ($2.05 in chips) 
yKrOn: posts small blind $0.01
prwiz: posts big blind $0.02
*** HOLE CARDS ***
Dealt to Dorex2007 [6c 8c]
Dorex2007: folds 
diiiiego: folds 
qwertyalfa: folds 
HardMickey83: folds 
Alehta: folds 
joelong leaves the table
yKrOn: folds 
Uncalled bet ($0.01) returned to prwiz
prwiz collected $0.02 from pot
prwiz: doesn't show hand 
*** SUMMARY ***
Total pot $0.02 | Rake $0 
Seat 1: HardMickey83 folded before Flop (didn't bet)
Seat 2: Alehta (button) folded before Flop (didn't bet)
Seat 5: yKrOn (small blind) folded before Flop
Seat 6: prwiz (big blind) collected ($0.02)
Seat 7: Dorex2007 folded before Flop (didn't bet)
Seat 8: diiiiego folded before Flop (didn't bet)
Seat 9: qwertyalfa folded before Flop (didn't bet)



PokerStars Hand #226791220215:  Hold'em No Limit ($0.01/$0.02 USD) - 2021/05/15 15:34:49 PT [2021/05/15 18:34:49 ET]
Table 'Geisei' 9-max Seat #5 is the button
Seat 1: HardMickey83 ($3.45 in chips) 
Seat 2: Alehta ($1.73 in chips) 
Seat 5: yKrOn ($2.02 in chips) 
Seat 6: prwiz ($1.92 in chips) 
Seat 7: Dorex2007 ($2.75 in chips) 
Seat 8: diiiiego ($1.97 in chips) 
Seat 9: qwertyalfa ($2.05 in chips) 
prwiz: posts small blind $0.01
Dorex2007: posts big blind $0.02
*** HOLE CARDS ***
Dealt to Dorex2007 [3h 9c]
diiiiego: folds 
qwertyalfa: folds 
HardMickey83: raises $0.04 to $0.06
Alehta: folds 
yKrOn: folds 
prwiz: calls $0.05
Dorex2007: folds 
*** FLOP *** [5d Ks 7d]
prwiz: checks 
HardMickey83: bets $0.09
prwiz: folds 
Uncalled bet ($0.09) returned to HardMickey83
HardMickey83 collected $0.14 from pot
HardMickey83: doesn't show hand 
*** SUMMARY ***
Total pot $0.14 | Rake $0 
Board [5d Ks 7d]
Seat 1: HardMickey83 collected ($0.14)
Seat 2: Alehta folded before Flop (didn't bet)
Seat 5: yKrOn (button) folded before Flop (didn't bet)
Seat 6: prwiz (small blind) folded on the Flop
Seat 7: Dorex2007 (big blind) folded before Flop
Seat 8: diiiiego folded before Flop (didn't bet)
Seat 9: qwertyalfa folded before Flop (didn't bet)



PokerStars Hand #226791237691:  Hold'em No Limit ($0.01/$0.02 USD) - 2021/05/15 15:35:26 PT [2021/05/15 18:35:26 ET]
Table 'Geisei' 9-max Seat #6 is the button
Seat 1: HardMickey83 ($3.53 in chips) 
Seat 2: Alehta ($1.73 in chips) 
Seat 5: yKrOn ($2.02 in chips) 
Seat 6: prwiz ($1.86 in chips) 
Seat 7: Dorex2007 ($2.73 in chips) 
Seat 8: diiiiego ($1.97 in chips) 
Seat 9: qwertyalfa ($2.05 in chips) 
Dorex2007: posts small blind $0.01
diiiiego: posts big blind $0.02
*** HOLE CARDS ***
Dealt to Dorex2007 [Jd 8d]
qwertyalfa: folds 
HardMickey83: folds 
Alehta: folds 
yKrOn: raises $0.04 to $0.06
prwiz: calls $0.06
Dorex2007: folds 
diiiiego: folds 
*** FLOP *** [8c Js 8h]
yKrOn has timed out
yKrOn: checks 
prwiz: checks 
*** TURN *** [8c Js 8h] [Ac]
yKrOn: bets $0.09
prwiz: calls $0.09
*** RIVER *** [8c Js 8h Ac] [5h]
EYMMSalvi joins the table at seat #3 
yKrOn: bets $0.18
prwiz: raises $1.53 to $1.71 and is all-in
yKrOn: folds 
Uncalled bet ($1.53) returned to prwiz
prwiz collected $0.67 from pot
prwiz: doesn't show hand 
*** SUMMARY ***
Total pot $0.69 | Rake $0.02 
Board [8c Js 8h Ac 5h]
Seat 1: HardMickey83 folded before Flop (didn't bet)
Seat 2: Alehta folded before Flop (didn't bet)
Seat 5: yKrOn folded on the River
Seat 6: prwiz (button) collected ($0.67)
Seat 7: Dorex2007 (small blind) folded before Flop
Seat 8: diiiiego (big blind) folded before Flop
Seat 9: qwertyalfa folded before Flop (didn't bet)



PokerStars Hand #226791285830:  Hold'em No Limit ($0.01/$0.02 USD) - 2021/05/15 15:36:58 PT [2021/05/15 18:36:58 ET]
Table 'Geisei' 9-max Seat #7 is the button
Seat 1: HardMickey83 ($3.53 in chips) 
Seat 2: Alehta ($1.73 in chips) 
Seat 5: yKrOn ($2 in chips) 
Seat 6: prwiz ($2.20 in chips) 
Seat 7: Dorex2007 ($2.72 in chips) 
Seat 8: diiiiego ($2 in chips) 
Seat 9: qwertyalfa ($2.05 in chips) 
diiiiego: posts small blind $0.01
qwertyalfa: posts big blind $0.02
EYMMSalvi: sits out 
*** HOLE CARDS ***
Dealt to Dorex2007 [8s 9s]
HardMickey83: raises $0.04 to $0.06
Alehta: folds 
yKrOn: folds 
prwiz: folds 
Dorex2007: folds 
diiiiego: calls $0.05
qwertyalfa: calls $0.04
*** FLOP *** [4c Ks 6s]
diiiiego: checks 
qwertyalfa: checks 
HardMickey83: checks 
*** TURN *** [4c Ks 6s] [Qh]
diiiiego: bets $0.09
qwertyalfa: folds 
HardMickey83: folds 
Uncalled bet ($0.09) returned to diiiiego
diiiiego collected $0.17 from pot
diiiiego: doesn't show hand 
*** SUMMARY ***
Total pot $0.18 | Rake $0.01 
Board [4c Ks 6s Qh]
Seat 1: HardMickey83 folded on the Turn
Seat 2: Alehta folded before Flop (didn't bet)
Seat 5: yKrOn folded before Flop (didn't bet)
Seat 6: prwiz folded before Flop (didn't bet)
Seat 7: Dorex2007 (button) folded before Flop (didn't bet)
Seat 8: diiiiego (small blind) collected ($0.17)
Seat 9: qwertyalfa (big blind) folded on the Turn



PokerStars Hand #226791306644:  Hold'em No Limit ($0.01/$0.02 USD) - 2021/05/15 15:37:44 PT [2021/05/15 18:37:44 ET]
Table 'Geisei' 9-max Seat #8 is the button
Seat 1: HardMickey83 ($3.47 in chips) 
Seat 2: Alehta ($1.73 in chips) 
Seat 5: yKrOn ($2 in chips) 
Seat 6: prwiz ($2.20 in chips) 
Seat 7: Dorex2007 ($2.72 in chips) 
Seat 8: diiiiego ($2.11 in chips) 
Seat 9: qwertyalfa ($2 in chips) 
qwertyalfa: posts small blind $0.01
HardMickey83: posts big blind $0.02
EYMMSalvi: sits out 
*** HOLE CARDS ***
Dealt to Dorex2007 [3s 7c]
Alehta: folds 
yKrOn: raises $0.03 to $0.05
prwiz: folds 
Dorex2007: folds 
diiiiego: calls $0.05
qwertyalfa: folds 
HardMickey83: calls $0.03
*** FLOP *** [2d 2h Td]
HardMickey83: checks 
yKrOn: bets $0.10
diiiiego: folds 
HardMickey83: raises $0.20 to $0.30
yKrOn: calls $0.20
*** TURN *** [2d 2h Td] [Jd]
HardMickey83: bets $0.37
yKrOn: calls $0.37
*** RIVER *** [2d 2h Td Jd] [5d]
HardMickey83: checks 
yKrOn: bets $0.80
HardMickey83: calls $0.80
*** SHOW DOWN ***
yKrOn: shows [Ad 6d] (a flush, Ace high)
HardMickey83: mucks hand 
yKrOn collected $2.99 from pot
*** SUMMARY ***
Total pot $3.10 | Rake $0.11 
Board [2d 2h Td Jd 5d]
Seat 1: HardMickey83 (big blind) mucked [2s As]
Seat 2: Alehta folded before Flop (didn't bet)
Seat 5: yKrOn showed [Ad 6d] and won ($2.99) with a flush, Ace high
Seat 6: prwiz folded before Flop (didn't bet)
Seat 7: Dorex2007 folded before Flop (didn't bet)
Seat 8: diiiiego (button) folded on the Flop
Seat 9: qwertyalfa (small blind) folded before Flop



PokerStars Hand #226791352101:  Hold'em No Limit ($0.01/$0.02 USD) - 2021/05/15 15:39:17 PT [2021/05/15 18:39:17 ET]
Table 'Geisei' 9-max Seat #9 is the button
Seat 1: HardMickey83 ($1.95 in chips) 
Seat 2: Alehta ($1.73 in chips) 
Seat 5: yKrOn ($3.47 in chips) 
Seat 6: prwiz ($2.20 in chips) 
Seat 7: Dorex2007 ($2.72 in chips) 
Seat 8: diiiiego ($2.06 in chips) 
Seat 9: qwertyalfa ($2 in chips) 
HardMickey83: posts small blind $0.01
Alehta: posts big blind $0.02
EYMMSalvi: sits out 
*** HOLE CARDS ***
Dealt to Dorex2007 [As 5s]
yKrOn: raises $0.03 to $0.05
prwiz: folds 
Dorex2007: folds 
diiiiego: folds 
qwertyalfa: folds 
HardMickey83: calls $0.04
Alehta: calls $0.03
*** FLOP *** [7c Js Kh]
HardMickey83: checks 
Alehta: checks 
yKrOn: bets $0.08
HardMickey83: folds 
Alehta: folds 
Uncalled bet ($0.08) returned to yKrOn
yKrOn collected $0.14 from pot
yKrOn: doesn't show hand 
*** SUMMARY ***
Total pot $0.15 | Rake $0.01 
Board [7c Js Kh]
Seat 1: HardMickey83 (small blind) folded on the Flop
Seat 2: Alehta (big blind) folded on the Flop
Seat 5: yKrOn collected ($0.14)
Seat 6: prwiz folded before Flop (didn't bet)
Seat 7: Dorex2007 folded before Flop (didn't bet)
Seat 8: diiiiego folded before Flop (didn't bet)
Seat 9: qwertyalfa (button) folded before Flop (didn't bet)



PokerStars Hand #226791376447:  Hold'em No Limit ($0.01/$0.02 USD) - 2021/05/15 15:40:11 PT [2021/05/15 18:40:11 ET]
Table 'Geisei' 9-max Seat #1 is the button
Seat 1: HardMickey83 ($1.90 in chips) 
Seat 2: Alehta ($1.68 in chips) 
Seat 3: EYMMSalvi ($2 in chips) 
Seat 5: yKrOn ($3.56 in chips) 
Seat 6: prwiz ($2.20 in chips) 
Seat 7: Dorex2007 ($2.72 in chips) 
Seat 8: diiiiego ($2.06 in chips) 
Seat 9: qwertyalfa ($2 in chips) 
Alehta: posts small blind $0.01
EYMMSalvi: posts big blind $0.02
*** HOLE CARDS ***
Dealt to Dorex2007 [8h 5d]
yKrOn: folds 
prwiz: folds 
Dorex2007: folds 
diiiiego: folds 
qwertyalfa: folds 
HardMickey83: raises $0.04 to $0.06
Alehta: folds 
EYMMSalvi: folds 
Uncalled bet ($0.04) returned to HardMickey83
HardMickey83 collected $0.05 from pot
HardMickey83: doesn't show hand 
*** SUMMARY ***
Total pot $0.05 | Rake $0 
Seat 1: HardMickey83 (button) collected ($0.05)
Seat 2: Alehta (small blind) folded before Flop
Seat 3: EYMMSalvi (big blind) folded before Flop
Seat 5: yKrOn folded before Flop (didn't bet)
Seat 6: prwiz folded before Flop (didn't bet)
Seat 7: Dorex2007 folded before Flop (didn't bet)
Seat 8: diiiiego folded before Flop (didn't bet)
Seat 9: qwertyalfa folded before Flop (didn't bet)



PokerStars Hand #226791385534:  Hold'em No Limit ($0.01/$0.02 USD) - 2021/05/15 15:40:31 PT [2021/05/15 18:40:31 ET]
Table 'Geisei' 9-max Seat #2 is the button
Seat 1: HardMickey83 ($1.93 in chips) 
Seat 2: Alehta ($1.67 in chips) 
Seat 3: EYMMSalvi ($2 in chips) 
Seat 6: prwiz ($2.20 in chips) 
Seat 7: Dorex2007 ($2.72 in chips) 
Seat 8: diiiiego ($2.06 in chips) 
Seat 9: qwertyalfa ($2 in chips) 
EYMMSalvi: posts small blind $0.01
yKrOn: is sitting out 
prwiz: posts big blind $0.02
*** HOLE CARDS ***
Dealt to Dorex2007 [Ts 5c]
Dorex2007: folds 
diiiiego: folds 
yKrOn leaves the table
qwertyalfa: folds 
HardMickey83: raises $0.04 to $0.06
Alehta: raises $0.12 to $0.18
EYMMSalvi: folds 
prwiz: folds 
HardMickey83: folds 
Uncalled bet ($0.12) returned to Alehta
Alehta collected $0.15 from pot
Alehta: doesn't show hand 
*** SUMMARY ***
Total pot $0.15 | Rake $0 
Seat 1: HardMickey83 folded before Flop
Seat 2: Alehta (button) collected ($0.15)
Seat 3: EYMMSalvi (small blind) folded before Flop
Seat 6: prwiz (big blind) folded before Flop
Seat 7: Dorex2007 folded before Flop (didn't bet)
Seat 8: diiiiego folded before Flop (didn't bet)
Seat 9: qwertyalfa folded before Flop (didn't bet)



PokerStars Hand #226791407366:  Hold'em No Limit ($0.01/$0.02 USD) - 2021/05/15 15:41:04 PT [2021/05/15 18:41:04 ET]
Table 'Geisei' 9-max Seat #3 is the button
Seat 1: HardMickey83 ($1.87 in chips) 
Seat 2: Alehta ($1.76 in chips) 
Seat 3: EYMMSalvi ($2 in chips) 
Seat 6: prwiz ($2.18 in chips) 
Seat 7: Dorex2007 ($2.72 in chips) 
Seat 8: diiiiego ($2.06 in chips) 
Seat 9: qwertyalfa ($2 in chips) 
prwiz: posts small blind $0.01
Dorex2007: posts big blind $0.02
*** HOLE CARDS ***
Dealt to Dorex2007 [4d Ac]
diiiiego: folds 
qwertyalfa: folds 
HardMickey83: raises $0.04 to $0.06
Alehta: folds 
EYMMSalvi: folds 
prwiz: folds 
Dorex2007: folds 
Uncalled bet ($0.04) returned to HardMickey83
HardMickey83 collected $0.05 from pot
HardMickey83: doesn't show hand 
*** SUMMARY ***
Total pot $0.05 | Rake $0 
Seat 1: HardMickey83 collected ($0.05)
Seat 2: Alehta folded before Flop (didn't bet)
Seat 3: EYMMSalvi (button) folded before Flop (didn't bet)
Seat 6: prwiz (small blind) folded before Flop
Seat 7: Dorex2007 (big blind) folded before Flop
Seat 8: diiiiego folded before Flop (didn't bet)
Seat 9: qwertyalfa folded before Flop (didn't bet)



PokerStars Hand #226791420840:  Hold'em No Limit ($0.01/$0.02 USD) - 2021/05/15 15:41:33 PT [2021/05/15 18:41:33 ET]
Table 'Geisei' 9-max Seat #6 is the button
Seat 1: HardMickey83 ($1.90 in chips) 
Seat 2: Alehta ($1.76 in chips) 
Seat 3: EYMMSalvi ($2 in chips) 
Seat 6: prwiz ($2.17 in chips) 
Seat 7: Dorex2007 ($2.70 in chips) 
Seat 8: diiiiego ($2.06 in chips) 
Seat 9: qwertyalfa ($2 in chips) 
Dorex2007: posts small blind $0.01
diiiiego: posts big blind $0.02
*** HOLE CARDS ***
Dealt to Dorex2007 [Tc 6c]
qwertyalfa: folds 
HardMickey83: folds 
Alehta: folds 
EYMMSalvi: folds 
prwiz: folds 
Dorex2007: calls $0.01
diiiiego: checks 
*** FLOP *** [5s As 8s]
Dorex2007: checks 
diiiiego: checks 
*** TURN *** [5s As 8s] [Kc]
Dorex2007: bets $0.04
diiiiego: calls $0.04
*** RIVER *** [5s As 8s Kc] [Qs]
Dorex2007: checks 
diiiiego: bets $0.12
Dorex2007: folds 
Uncalled bet ($0.12) returned to diiiiego
diiiiego collected $0.12 from pot
diiiiego: doesn't show hand 
*** SUMMARY ***
Total pot $0.12 | Rake $0 
Board [5s As 8s Kc Qs]
Seat 1: HardMickey83 folded before Flop (didn't bet)
Seat 2: Alehta folded before Flop (didn't bet)
Seat 3: EYMMSalvi folded before Flop (didn't bet)
Seat 6: prwiz (button) folded before Flop (didn't bet)
Seat 7: Dorex2007 (small blind) folded on the River
Seat 8: diiiiego (big blind) collected ($0.12)
Seat 9: qwertyalfa folded before Flop (didn't bet)



PokerStars Hand #226791436044:  Hold'em No Limit ($0.01/$0.02 USD) - 2021/05/15 15:42:08 PT [2021/05/15 18:42:08 ET]
Table 'Geisei' 9-max Seat #7 is the button
Seat 1: HardMickey83 ($1.90 in chips) 
Seat 2: Alehta ($1.76 in chips) 
Seat 3: EYMMSalvi ($2 in chips) 
Seat 6: prwiz ($2.17 in chips) 
Seat 7: Dorex2007 ($2.64 in chips) 
Seat 8: diiiiego ($2.12 in chips) 
Seat 9: qwertyalfa ($2 in chips) 
diiiiego: posts small blind $0.01
qwertyalfa: posts big blind $0.02
*** HOLE CARDS ***
Dealt to Dorex2007 [2c 4s]
HardMickey83: raises $0.04 to $0.06
Alehta: folds 
EYMMSalvi: folds 
prwiz: folds 
Dorex2007: folds 
diiiiego: folds 
qwertyalfa: folds 
Uncalled bet ($0.04) returned to HardMickey83
HardMickey83 collected $0.05 from pot
HardMickey83: doesn't show hand 
*** SUMMARY ***
Total pot $0.05 | Rake $0 
Seat 1: HardMickey83 collected ($0.05)
Seat 2: Alehta folded before Flop (didn't bet)
Seat 3: EYMMSalvi folded before Flop (didn't bet)
Seat 6: prwiz folded before Flop (didn't bet)
Seat 7: Dorex2007 (button) folded before Flop (didn't bet)
Seat 8: diiiiego (small blind) folded before Flop
Seat 9: qwertyalfa (big blind) folded before Flop



PokerStars Hand #226791443492:  Hold'em No Limit ($0.01/$0.02 USD) - 2021/05/15 15:42:24 PT [2021/05/15 18:42:24 ET]
Table 'Geisei' 9-max Seat #8 is the button
Seat 1: HardMickey83 ($1.93 in chips) 
Seat 2: Alehta ($1.76 in chips) 
Seat 3: EYMMSalvi ($2 in chips) 
Seat 6: prwiz ($2.17 in chips) 
Seat 7: Dorex2007 ($2.64 in chips) 
Seat 8: diiiiego ($2.11 in chips) 
Seat 9: qwertyalfa ($2 in chips) 
qwertyalfa: posts small blind $0.01
HardMickey83: posts big blind $0.02
*** HOLE CARDS ***
Dealt to Dorex2007 [8s 8h]
Alehta: folds 
EYMMSalvi: folds 
prwiz: calls $0.02
Dorex2007: raises $0.04 to $0.06
diiiiego: folds 
qwertyalfa: folds 
HardMickey83: folds 
prwiz: calls $0.04
*** FLOP *** [4s Qs 3s]
prwiz: checks 
Dorex2007: bets $0.14
prwiz: folds 
Uncalled bet ($0.14) returned to Dorex2007
Dorex2007 collected $0.14 from pot
Dorex2007: doesn't show hand 
*** SUMMARY ***
Total pot $0.15 | Rake $0.01 
Board [4s Qs 3s]
Seat 1: HardMickey83 (big blind) folded before Flop
Seat 2: Alehta folded before Flop (didn't bet)
Seat 3: EYMMSalvi folded before Flop (didn't bet)
Seat 6: prwiz folded on the Flop
Seat 7: Dorex2007 collected ($0.14)
Seat 8: diiiiego (button) folded before Flop (didn't bet)
Seat 9: qwertyalfa (small blind) folded before Flop



PokerStars Hand #226791456335:  Hold'em No Limit ($0.01/$0.02 USD) - 2021/05/15 15:42:53 PT [2021/05/15 18:42:53 ET]
Table 'Geisei' 9-max Seat #9 is the button
Seat 1: HardMickey83 ($1.91 in chips) 
Seat 2: Alehta ($1.76 in chips) 
Seat 3: EYMMSalvi ($2 in chips) 
Seat 6: prwiz ($2.11 in chips) 
Seat 7: Dorex2007 ($2.72 in chips) 
Seat 8: diiiiego ($2.11 in chips) 
Seat 9: qwertyalfa ($2 in chips) 
HardMickey83: posts small blind $0.01
Alehta: posts big blind $0.02
*** HOLE CARDS ***
Dealt to Dorex2007 [5h Ts]
EYMMSalvi: folds 
prwiz: folds 
Dorex2007: folds 
diiiiego: folds 
qwertyalfa: raises $0.02 to $0.04
HardMickey83: folds 
Alehta: calls $0.02
*** FLOP *** [Qc 4d Jd]
Alehta: checks 
qwertyalfa: bets $0.06
Alehta: calls $0.06
*** TURN *** [Qc 4d Jd] [Qs]
Alehta: checks 
qwertyalfa: checks 
*** RIVER *** [Qc 4d Jd Qs] [2d]
Alehta: checks 
qwertyalfa: bets $0.12
Alehta: calls $0.12
*** SHOW DOWN ***
qwertyalfa: shows [9s Tc] (a pair of Queens)
Alehta: shows [Jc 7c] (two pair, Queens and Jacks)
Alehta collected $0.43 from pot
*** SUMMARY ***
Total pot $0.45 | Rake $0.02 
Board [Qc 4d Jd Qs 2d]
Seat 1: HardMickey83 (small blind) folded before Flop
Seat 2: Alehta (big blind) showed [Jc 7c] and won ($0.43) with two pair, Queens and Jacks
Seat 3: EYMMSalvi folded before Flop (didn't bet)
Seat 6: prwiz folded before Flop (didn't bet)
Seat 7: Dorex2007 folded before Flop (didn't bet)
Seat 8: diiiiego folded before Flop (didn't bet)
Seat 9: qwertyalfa (button) showed [9s Tc] and lost with a pair of Queens



PokerStars Hand #226791481371:  Hold'em No Limit ($0.01/$0.02 USD) - 2021/05/15 15:43:49 PT [2021/05/15 18:43:49 ET]
Table 'Geisei' 9-max Seat #1 is the button
Seat 1: HardMickey83 ($1.90 in chips) 
Seat 2: Alehta ($1.97 in chips) 
Seat 3: EYMMSalvi ($2 in chips) 
Seat 6: prwiz ($2.11 in chips) 
Seat 7: Dorex2007 ($2.72 in chips) 
Seat 8: diiiiego ($2.11 in chips) 
Seat 9: qwertyalfa ($2 in chips) 
BrandonBorg joins the table at seat #5 
Alehta: posts small blind $0.01
EYMMSalvi: posts big blind $0.02
*** HOLE CARDS ***
Dealt to Dorex2007 [5s 4s]
prwiz: folds 
Dorex2007: folds 
diiiiego: raises $0.04 to $0.06
qwertyalfa has timed out
qwertyalfa: folds 
HardMickey83: calls $0.06
Alehta: calls $0.05
EYMMSalvi: folds 
*** FLOP *** [3s 6h Kd]
Alehta: checks 
diiiiego: bets $0.10
HardMickey83: folds 
Alehta: calls $0.10
*** TURN *** [3s 6h Kd] [4c]
Alehta: checks 
diiiiego: checks 
*** RIVER *** [3s 6h Kd 4c] [2d]
Alehta: bets $0.26
diiiiego: folds 
Uncalled bet ($0.26) returned to Alehta
Alehta collected $0.39 from pot
Alehta: doesn't show hand 
*** SUMMARY ***
Total pot $0.40 | Rake $0.01 
Board [3s 6h Kd 4c 2d]
Seat 1: HardMickey83 (button) folded on the Flop
Seat 2: Alehta (small blind) collected ($0.39)
Seat 3: EYMMSalvi (big blind) folded before Flop
Seat 6: prwiz folded before Flop (didn't bet)
Seat 7: Dorex2007 folded before Flop (didn't bet)
Seat 8: diiiiego folded on the River
Seat 9: qwertyalfa folded before Flop (didn't bet)



PokerStars Hand #226791506115:  Hold'em No Limit ($0.01/$0.02 USD) - 2021/05/15 15:44:45 PT [2021/05/15 18:44:45 ET]
Table 'Geisei' 9-max Seat #2 is the button
Seat 1: HardMickey83 ($1.84 in chips) 
Seat 2: Alehta ($2.20 in chips) 
Seat 3: EYMMSalvi ($2 in chips) 
Seat 5: BrandonBorg ($1.60 in chips) 
Seat 6: prwiz ($2.11 in chips) 
Seat 7: Dorex2007 ($2.72 in chips) 
Seat 8: diiiiego ($1.95 in chips) 
EYMMSalvi: posts small blind $0.01
BrandonBorg: posts big blind $0.02
*** HOLE CARDS ***
Dealt to Dorex2007 [Tc Ac]
prwiz: folds 
Dorex2007: raises $0.04 to $0.06
diiiiego: folds 
HardMickey83: folds 
Alehta: folds 
EYMMSalvi: calls $0.05
qwertyalfa leaves the table
Tedd24 joins the table at seat #9 
BrandonBorg: folds 
*** FLOP *** [7d 9d 8s]
EYMMSalvi: checks 
Dorex2007: bets $0.14
EYMMSalvi: folds 
Uncalled bet ($0.14) returned to Dorex2007
Dorex2007 collected $0.14 from pot
Dorex2007: doesn't show hand 
*** SUMMARY ***
Total pot $0.14 | Rake $0 
Board [7d 9d 8s]
Seat 1: HardMickey83 folded before Flop (didn't bet)
Seat 2: Alehta (button) folded before Flop (didn't bet)
Seat 3: EYMMSalvi (small blind) folded on the Flop
Seat 5: BrandonBorg (big blind) folded before Flop
Seat 6: prwiz folded before Flop (didn't bet)
Seat 7: Dorex2007 collected ($0.14)
Seat 8: diiiiego folded before Flop (didn't bet)



PokerStars Hand #226791526140:  Hold'em No Limit ($0.01/$0.02 USD) - 2021/05/15 15:45:30 PT [2021/05/15 18:45:30 ET]
Table 'Geisei' 9-max Seat #3 is the button
Seat 1: HardMickey83 ($1.84 in chips) 
Seat 2: Alehta ($2.20 in chips) 
Seat 3: EYMMSalvi ($2 in chips) 
Seat 5: BrandonBorg ($1.58 in chips) 
Seat 6: prwiz ($2.11 in chips) 
Seat 7: Dorex2007 ($2.80 in chips) 
Seat 8: diiiiego ($2 in chips) 
BrandonBorg: posts small blind $0.01
prwiz: posts big blind $0.02
Tedd24: sits out 
*** HOLE CARDS ***
Dealt to Dorex2007 [Qc 5h]
Dorex2007: folds 
diiiiego: folds 
HardMickey83: folds 
Alehta: folds 
EYMMSalvi: folds 
BrandonBorg: folds 
Uncalled bet ($0.01) returned to prwiz
prwiz collected $0.02 from pot
prwiz: doesn't show hand 
*** SUMMARY ***
Total pot $0.02 | Rake $0 
Seat 1: HardMickey83 folded before Flop (didn't bet)
Seat 2: Alehta folded before Flop (didn't bet)
Seat 3: EYMMSalvi (button) folded before Flop (didn't bet)
Seat 5: BrandonBorg (small blind) folded before Flop
Seat 6: prwiz (big blind) collected ($0.02)
Seat 7: Dorex2007 folded before Flop (didn't bet)
Seat 8: diiiiego folded before Flop (didn't bet)



PokerStars Hand #226791542637:  Hold'em No Limit ($0.01/$0.02 USD) - 2021/05/15 15:46:07 PT [2021/05/15 18:46:07 ET]
Table 'Geisei' 9-max Seat #5 is the button
Seat 1: HardMickey83 ($1.84 in chips) 
Seat 2: Alehta ($2.20 in chips) 
Seat 3: EYMMSalvi ($2 in chips) 
Seat 5: BrandonBorg ($1.57 in chips) 
Seat 6: prwiz ($2.12 in chips) 
Seat 7: Dorex2007 ($2.80 in chips) 
Seat 8: diiiiego ($2 in chips) 
prwiz: posts small blind $0.01
Dorex2007: posts big blind $0.02
Tedd24: sits out 
*** HOLE CARDS ***
Dealt to Dorex2007 [Kc 7h]
diiiiego: folds 
HardMickey83: folds 
Alehta: folds 
EYMMSalvi: folds 
BrandonBorg: raises $0.04 to $0.06
Tedd24 leaves the table
prwiz: calls $0.05
Dorex2007: folds 
*** FLOP *** [As 3d 3s]
prwiz: checks 
BrandonBorg: bets $0.06
prwiz: folds 
Uncalled bet ($0.06) returned to BrandonBorg
BrandonBorg collected $0.14 from pot
BrandonBorg: doesn't show hand 
*** SUMMARY ***
Total pot $0.14 | Rake $0 
Board [As 3d 3s]
Seat 1: HardMickey83 folded before Flop (didn't bet)
Seat 2: Alehta folded before Flop (didn't bet)
Seat 3: EYMMSalvi folded before Flop (didn't bet)
Seat 5: BrandonBorg (button) collected ($0.14)
Seat 6: prwiz (small blind) folded on the Flop
Seat 7: Dorex2007 (big blind) folded before Flop
Seat 8: diiiiego folded before Flop (didn't bet)



PokerStars Hand #226791561155:  Hold'em No Limit ($0.01/$0.02 USD) - 2021/05/15 15:46:49 PT [2021/05/15 18:46:49 ET]
Table 'Geisei' 9-max Seat #6 is the button
Seat 1: HardMickey83 ($1.84 in chips) 
Seat 2: Alehta ($2.20 in chips) 
Seat 3: EYMMSalvi ($2 in chips) 
Seat 5: BrandonBorg ($1.65 in chips) 
Seat 6: prwiz ($2.06 in chips) 
Seat 7: Dorex2007 ($2.78 in chips) 
Seat 8: diiiiego ($2 in chips) 
Dorex2007: posts small blind $0.01
diiiiego: posts big blind $0.02
*** HOLE CARDS ***
Dealt to Dorex2007 [5h Tc]
HardMickey83: folds 
Alehta: folds 
EYMMSalvi: folds 
BrandonBorg: folds 
prwiz: raises $0.04 to $0.06
Dorex2007: folds 
diiiiego: calls $0.04
*** FLOP *** [As Jc 9s]
diiiiego: checks 
prwiz: bets $0.07
diiiiego: calls $0.07
*** TURN *** [As Jc 9s] [5s]
diiiiego: checks 
prwiz: bets $0.13
diiiiego: calls $0.13
*** RIVER *** [As Jc 9s 5s] [2c]
diiiiego: bets $0.51
Loladog787 joins the table at seat #9 
prwiz: calls $0.51
*** SHOW DOWN ***
diiiiego: shows [Qh Th] (high card Ace)
prwiz: shows [9d Ac] (two pair, Aces and Nines)
prwiz collected $1.50 from pot
*** SUMMARY ***
Total pot $1.55 | Rake $0.05 
Board [As Jc 9s 5s 2c]
Seat 1: HardMickey83 folded before Flop (didn't bet)
Seat 2: Alehta folded before Flop (didn't bet)
Seat 3: EYMMSalvi folded before Flop (didn't bet)
Seat 5: BrandonBorg folded before Flop (didn't bet)
Seat 6: prwiz (button) showed [9d Ac] and won ($1.50) with two pair, Aces and Nines
Seat 7: Dorex2007 (small blind) folded before Flop
Seat 8: diiiiego (big blind) showed [Qh Th] and lost with high card Ace



PokerStars Hand #226791581127:  Hold'em No Limit ($0.01/$0.02 USD) - 2021/05/15 15:47:34 PT [2021/05/15 18:47:34 ET]
Table 'Geisei' 9-max Seat #7 is the button
Seat 1: HardMickey83 ($1.84 in chips) 
Seat 2: Alehta ($2.20 in chips) 
Seat 3: EYMMSalvi ($2 in chips) 
Seat 5: BrandonBorg ($1.65 in chips) 
Seat 6: prwiz ($2.79 in chips) 
Seat 7: Dorex2007 ($2.77 in chips) 
Seat 8: diiiiego ($1.23 in chips) 
Seat 9: Loladog787 ($0.80 in chips) 
diiiiego: posts small blind $0.01
Loladog787: posts big blind $0.02
*** HOLE CARDS ***
Dealt to Dorex2007 [4s 6c]
HardMickey83: folds 
Alehta: folds 
EYMMSalvi: folds 
BrandonBorg has timed out
BrandonBorg: folds 
prwiz: folds 
Dorex2007: folds 
diiiiego: raises $0.04 to $0.06
Loladog787: folds 
Uncalled bet ($0.04) returned to diiiiego
diiiiego collected $0.04 from pot
diiiiego: doesn't show hand 
*** SUMMARY ***
Total pot $0.04 | Rake $0 
Seat 1: HardMickey83 folded before Flop (didn't bet)
Seat 2: Alehta folded before Flop (didn't bet)
Seat 3: EYMMSalvi folded before Flop (didn't bet)
Seat 5: BrandonBorg folded before Flop (didn't bet)
Seat 6: prwiz folded before Flop (didn't bet)
Seat 7: Dorex2007 (button) folded before Flop (didn't bet)
Seat 8: diiiiego (small blind) collected ($0.04)
Seat 9: Loladog787 (big blind) folded before Flop



PokerStars Hand #226791601671:  Hold'em No Limit ($0.01/$0.02 USD) - 2021/05/15 15:48:01 PT [2021/05/15 18:48:01 ET]
Table 'Geisei' 9-max Seat #8 is the button
Seat 1: HardMickey83 ($1.84 in chips) 
Seat 2: Alehta ($2.20 in chips) 
Seat 3: EYMMSalvi ($2 in chips) 
Seat 5: BrandonBorg ($1.65 in chips) 
Seat 6: prwiz ($2.79 in chips) 
Seat 7: Dorex2007 ($2.77 in chips) 
Seat 8: diiiiego ($1.25 in chips) 
Seat 9: Loladog787 ($0.80 in chips) 
Loladog787: posts small blind $0.01
HardMickey83: posts big blind $0.02
*** HOLE CARDS ***
Dealt to Dorex2007 [9d Ac]
Alehta: raises $0.02 to $0.04
EYMMSalvi: folds 
BrandonBorg: folds 
prwiz: folds 
Dorex2007: folds 
diiiiego: folds 
Loladog787: folds 
HardMickey83: calls $0.02
*** FLOP *** [6d 4h As]
HardMickey83: checks 
Alehta: checks 
*** TURN *** [6d 4h As] [2c]
HardMickey83: checks 
Alehta: bets $0.05
HardMickey83: folds 
Uncalled bet ($0.05) returned to Alehta
Alehta collected $0.09 from pot
Alehta: doesn't show hand 
*** SUMMARY ***
Total pot $0.09 | Rake $0 
Board [6d 4h As 2c]
Seat 1: HardMickey83 (big blind) folded on the Turn
Seat 2: Alehta collected ($0.09)
Seat 3: EYMMSalvi folded before Flop (didn't bet)
Seat 5: BrandonBorg folded before Flop (didn't bet)
Seat 6: prwiz folded before Flop (didn't bet)
Seat 7: Dorex2007 folded before Flop (didn't bet)
Seat 8: diiiiego (button) folded before Flop (didn't bet)
Seat 9: Loladog787 (small blind) folded before Flop



PokerStars Hand #226791619406:  Hold'em No Limit ($0.01/$0.02 USD) - 2021/05/15 15:48:41 PT [2021/05/15 18:48:41 ET]
Table 'Geisei' 9-max Seat #9 is the button
Seat 1: HardMickey83 ($1.80 in chips) 
Seat 2: Alehta ($2.25 in chips) 
Seat 3: EYMMSalvi ($2 in chips) 
Seat 5: BrandonBorg ($1.65 in chips) 
Seat 6: prwiz ($2.79 in chips) 
Seat 7: Dorex2007 ($2.77 in chips) 
Seat 8: diiiiego ($2 in chips) 
Seat 9: Loladog787 ($0.80 in chips) 
HardMickey83: posts small blind $0.01
Alehta: posts big blind $0.02
*** HOLE CARDS ***
Dealt to Dorex2007 [2h 3s]
EYMMSalvi: folds 
BrandonBorg: raises $0.02 to $0.04
prwiz: folds 
Dorex2007: folds 
diiiiego: folds 
Loladog787: folds 
HardMickey83: folds 
Alehta: calls $0.02
*** FLOP *** [4s 6d 8h]
Alehta: checks 
BrandonBorg: checks 
*** TURN *** [4s 6d 8h] [Ks]
Alehta: checks 
BrandonBorg: bets $0.06
Alehta: calls $0.06
*** RIVER *** [4s 6d 8h Ks] [5d]
Alehta: checks 
BrandonBorg: bets $0.10
Alehta: calls $0.10
*** SHOW DOWN ***
BrandonBorg: shows [Qc Ah] (high card Ace)
Alehta: shows [Tc 8c] (a pair of Eights)
Alehta collected $0.40 from pot
*** SUMMARY ***
Total pot $0.41 | Rake $0.01 
Board [4s 6d 8h Ks 5d]
Seat 1: HardMickey83 (small blind) folded before Flop
Seat 2: Alehta (big blind) showed [Tc 8c] and won ($0.40) with a pair of Eights
Seat 3: EYMMSalvi folded before Flop (didn't bet)
Seat 5: BrandonBorg showed [Qc Ah] and lost with high card Ace
Seat 6: prwiz folded before Flop (didn't bet)
Seat 7: Dorex2007 folded before Flop (didn't bet)
Seat 8: diiiiego folded before Flop (didn't bet)
Seat 9: Loladog787 (button) folded before Flop (didn't bet)



PokerStars Hand #226791663506:  Hold'em No Limit ($0.01/$0.02 USD) - 2021/05/15 15:50:23 PT [2021/05/15 18:50:23 ET]
Table 'Geisei' 9-max Seat #1 is the button
Seat 1: HardMickey83 ($1.79 in chips) 
Seat 2: Alehta ($2.45 in chips) 
Seat 3: EYMMSalvi ($2 in chips) 
Seat 5: BrandonBorg ($1.45 in chips) 
Seat 6: prwiz ($2.79 in chips) 
Seat 7: Dorex2007 ($2.77 in chips) 
Seat 8: diiiiego ($2 in chips) 
Seat 9: Loladog787 ($0.80 in chips) 
Alehta: posts small blind $0.01
EYMMSalvi: posts big blind $0.02
*** HOLE CARDS ***
Dealt to Dorex2007 [4d 3h]
BrandonBorg has timed out
BrandonBorg: folds 
prwiz: folds 
Dorex2007: folds 
diiiiego: folds 
Loladog787: raises $0.08 to $0.10
HardMickey83: folds 
Alehta: folds 
EYMMSalvi: calls $0.08
*** FLOP *** [8s Tc 3c]
EYMMSalvi: checks 
Loladog787: bets $0.20
EYMMSalvi: folds 
Uncalled bet ($0.20) returned to Loladog787
Loladog787 collected $0.20 from pot
Loladog787: doesn't show hand 
*** SUMMARY ***
Total pot $0.21 | Rake $0.01 
Board [8s Tc 3c]
Seat 1: HardMickey83 (button) folded before Flop (didn't bet)
Seat 2: Alehta (small blind) folded before Flop
Seat 3: EYMMSalvi (big blind) folded on the Flop
Seat 5: BrandonBorg folded before Flop (didn't bet)
Seat 6: prwiz folded before Flop (didn't bet)
Seat 7: Dorex2007 folded before Flop (didn't bet)
Seat 8: diiiiego folded before Flop (didn't bet)
Seat 9: Loladog787 collected ($0.20)



PokerStars Hand #226791681964:  Hold'em No Limit ($0.01/$0.02 USD) - 2021/05/15 15:51:06 PT [2021/05/15 18:51:06 ET]
Table 'Geisei' 9-max Seat #2 is the button
Seat 1: HardMickey83 ($1.79 in chips) 
Seat 2: Alehta ($2.44 in chips) 
Seat 3: EYMMSalvi ($2 in chips) 
Seat 5: BrandonBorg ($1.45 in chips) 
Seat 6: prwiz ($2.79 in chips) 
Seat 7: Dorex2007 ($2.77 in chips) 
Seat 8: diiiiego ($2 in chips) 
Seat 9: Loladog787 ($0.90 in chips) 
EYMMSalvi: posts small blind $0.01
BrandonBorg: posts big blind $0.02
*** HOLE CARDS ***
Dealt to Dorex2007 [Ah Qh]
prwiz: folds 
Dorex2007: raises $0.04 to $0.06
diiiiego: folds 
Loladog787: folds 
HardMickey83: folds 
Alehta: folds 
EYMMSalvi: folds 
BrandonBorg: folds 
Uncalled bet ($0.04) returned to Dorex2007
Dorex2007 collected $0.05 from pot
ICEMANCB007 leaves the table
Dorex2007: doesn't show hand 
*** SUMMARY ***
Total pot $0.05 | Rake $0 
Seat 1: HardMickey83 folded before Flop (didn't bet)
Seat 2: Alehta (button) folded before Flop (didn't bet)
Seat 3: EYMMSalvi (small blind) folded before Flop
Seat 5: BrandonBorg (big blind) folded before Flop
Seat 6: prwiz folded before Flop (didn't bet)
Seat 7: Dorex2007 collected ($0.05)
Seat 8: diiiiego folded before Flop (didn't bet)
Seat 9: Loladog787 folded before Flop (didn't bet)



PokerStars Hand #226791690278:  Hold'em No Limit ($0.01/$0.02 USD) - 2021/05/15 15:51:25 PT [2021/05/15 18:51:25 ET]
Table 'Geisei' 9-max Seat #3 is the button
Seat 1: HardMickey83 ($1.79 in chips) 
Seat 2: Alehta ($2.44 in chips) 
Seat 3: EYMMSalvi ($2 in chips) 
Seat 5: BrandonBorg ($1.43 in chips) 
Seat 6: prwiz ($2.79 in chips) 
Seat 7: Dorex2007 ($2.80 in chips) 
Seat 8: diiiiego ($2 in chips) 
Seat 9: Loladog787 ($0.90 in chips) 
BrandonBorg: posts small blind $0.01
prwiz: posts big blind $0.02
*** HOLE CARDS ***
Dealt to Dorex2007 [6c 9s]
Dorex2007: folds 
diiiiego: folds 
Loladog787: folds 
HardMickey83: raises $0.04 to $0.06
Alehta: folds 
EYMMSalvi: folds 
BrandonBorg: folds 
johnnytyoko joins the table at seat #4 
prwiz: calls $0.04
*** FLOP *** [Kd 6d 6h]
prwiz: checks 
HardMickey83: bets $0.09
prwiz: folds 
Uncalled bet ($0.09) returned to HardMickey83
HardMickey83 collected $0.13 from pot
HardMickey83: doesn't show hand 
*** SUMMARY ***
Total pot $0.13 | Rake $0 
Board [Kd 6d 6h]
Seat 1: HardMickey83 collected ($0.13)
Seat 2: Alehta folded before Flop (didn't bet)
Seat 3: EYMMSalvi (button) folded before Flop (didn't bet)
Seat 5: BrandonBorg (small blind) folded before Flop
Seat 6: prwiz (big blind) folded on the Flop
Seat 7: Dorex2007 folded before Flop (didn't bet)
Seat 8: diiiiego folded before Flop (didn't bet)
Seat 9: Loladog787 folded before Flop (didn't bet)



PokerStars Hand #226791707362:  Hold'em No Limit ($0.01/$0.02 USD) - 2021/05/15 15:52:05 PT [2021/05/15 18:52:05 ET]
Table 'Geisei' 9-max Seat #5 is the button
Seat 1: HardMickey83 ($1.86 in chips) 
Seat 2: Alehta ($2.44 in chips) 
Seat 3: EYMMSalvi ($2 in chips) 
Seat 4: johnnytyoko ($1.06 in chips) 
Seat 5: BrandonBorg ($1.42 in chips) 
Seat 6: prwiz ($2.73 in chips) 
Seat 7: Dorex2007 ($2.80 in chips) 
Seat 8: diiiiego ($2 in chips) 
Seat 9: Loladog787 ($0.90 in chips) 
prwiz: posts small blind $0.01
Dorex2007: posts big blind $0.02
johnnytyoko: posts big blind $0.02
*** HOLE CARDS ***
Dealt to Dorex2007 [Qc Tc]
diiiiego: folds 
Loladog787: folds 
HardMickey83: folds 
Alehta: folds 
EYMMSalvi: folds 
johnnytyoko: raises $0.02 to $0.04
BrandonBorg: folds 
prwiz: folds 
Dorex2007: calls $0.02
*** FLOP *** [5d 8d Js]
Dorex2007: bets $0.06
johnnytyoko: calls $0.06
*** TURN *** [5d 8d Js] [Ah]
Dorex2007: checks 
johnnytyoko: bets $0.06
Dorex2007: folds 
Uncalled bet ($0.06) returned to johnnytyoko
johnnytyoko collected $0.20 from pot
johnnytyoko: doesn't show hand 
*** SUMMARY ***
Total pot $0.21 | Rake $0.01 
Board [5d 8d Js Ah]
Seat 1: HardMickey83 folded before Flop (didn't bet)
Seat 2: Alehta folded before Flop (didn't bet)
Seat 3: EYMMSalvi folded before Flop (didn't bet)
Seat 4: johnnytyoko collected ($0.20)
Seat 5: BrandonBorg (button) folded before Flop (didn't bet)
Seat 6: prwiz (small blind) folded before Flop
Seat 7: Dorex2007 (big blind) folded on the Turn
Seat 8: diiiiego folded before Flop (didn't bet)
Seat 9: Loladog787 folded before Flop (didn't bet)



PokerStars Hand #226791732972:  Hold'em No Limit ($0.01/$0.02 USD) - 2021/05/15 15:53:04 PT [2021/05/15 18:53:04 ET]
Table 'Geisei' 9-max Seat #6 is the button
Seat 1: HardMickey83 ($1.86 in chips) 
Seat 2: Alehta ($2.44 in chips) 
Seat 3: EYMMSalvi ($2 in chips) 
Seat 4: johnnytyoko ($1.16 in chips) 
Seat 5: BrandonBorg ($1.42 in chips) 
Seat 6: prwiz ($2.72 in chips) 
Seat 7: Dorex2007 ($2.70 in chips) 
Seat 8: diiiiego ($2 in chips) 
Seat 9: Loladog787 ($0.90 in chips) 
Dorex2007: posts small blind $0.01
diiiiego: posts big blind $0.02
*** HOLE CARDS ***
Dealt to Dorex2007 [Qs Ah]
Loladog787: folds 
HardMickey83: folds 
Alehta: folds 
EYMMSalvi: folds 
johnnytyoko: folds 
BrandonBorg: folds 
prwiz: folds 
Dorex2007: calls $0.01
diiiiego: checks 
*** FLOP *** [7h Jd 8c]
Dorex2007: checks 
diiiiego: checks 
*** TURN *** [7h Jd 8c] [Ad]
Dorex2007: checks 
diiiiego: bets $0.02
Dorex2007: calls $0.02
*** RIVER *** [7h Jd 8c Ad] [Ks]
Dorex2007: bets $0.08
diiiiego: calls $0.08
*** SHOW DOWN ***
Dorex2007: shows [Qs Ah] (a pair of Aces)
diiiiego: mucks hand 
Dorex2007 collected $0.23 from pot
*** SUMMARY ***
Total pot $0.24 | Rake $0.01 
Board [7h Jd 8c Ad Ks]
Seat 1: HardMickey83 folded before Flop (didn't bet)
Seat 2: Alehta folded before Flop (didn't bet)
Seat 3: EYMMSalvi folded before Flop (didn't bet)
Seat 4: johnnytyoko folded before Flop (didn't bet)
Seat 5: BrandonBorg folded before Flop (didn't bet)
Seat 6: prwiz (button) folded before Flop (didn't bet)
Seat 7: Dorex2007 (small blind) showed [Qs Ah] and won ($0.23) with a pair of Aces
Seat 8: diiiiego (big blind) mucked [Ts As]
Seat 9: Loladog787 folded before Flop (didn't bet)



PokerStars Hand #226791750005:  Hold'em No Limit ($0.01/$0.02 USD) - 2021/05/15 15:53:44 PT [2021/05/15 18:53:44 ET]
Table 'Geisei' 9-max Seat #7 is the button
Seat 1: HardMickey83 ($1.86 in chips) 
Seat 2: Alehta ($2.44 in chips) 
Seat 3: EYMMSalvi ($2 in chips) 
Seat 4: johnnytyoko ($1.16 in chips) 
Seat 5: BrandonBorg ($1.42 in chips) 
Seat 6: prwiz ($2.72 in chips) 
Seat 7: Dorex2007 ($2.81 in chips) 
Seat 8: diiiiego ($1.88 in chips) 
Seat 9: Loladog787 ($0.90 in chips) 
diiiiego: posts small blind $0.01
Loladog787: posts big blind $0.02
*** HOLE CARDS ***
Dealt to Dorex2007 [Jh 8h]
HardMickey83: folds 
Alehta: folds 
EYMMSalvi: raises $0.04 to $0.06
johnnytyoko: folds 
BrandonBorg: folds 
prwiz: folds 
Dorex2007: folds 
diiiiego: calls $0.05
Loladog787: raises $0.14 to $0.20
EYMMSalvi: raises $0.25 to $0.45
diiiiego: folds 
Loladog787: raises $0.45 to $0.90 and is all-in
EYMMSalvi: calls $0.45
*** FLOP *** [Qs 7s 4c]
*** TURN *** [Qs 7s 4c] [7c]
*** RIVER *** [Qs 7s 4c 7c] [6c]
*** SHOW DOWN ***
Loladog787: shows [Js Jd] (two pair, Jacks and Sevens)
EYMMSalvi: shows [Ks Ah] (a pair of Sevens)
Loladog787 cashed out the hand for $1.01 | Cash Out Fee $0.01
*** SUMMARY ***
Total pot $1.86 | Rake $0.07 
Board [Qs 7s 4c 7c 6c]
Seat 1: HardMickey83 folded before Flop (didn't bet)
Seat 2: Alehta folded before Flop (didn't bet)
Seat 3: EYMMSalvi showed [Ks Ah] and lost with a pair of Sevens
Seat 4: johnnytyoko folded before Flop (didn't bet)
Seat 5: BrandonBorg folded before Flop (didn't bet)
Seat 6: prwiz folded before Flop (didn't bet)
Seat 7: Dorex2007 (button) folded before Flop (didn't bet)
Seat 8: diiiiego (small blind) folded before Flop
Seat 9: Loladog787 (big blind) showed [Js Jd] and won ($1.79) with two pair, Jacks and Sevens (pot not awarded as player cashed out)



PokerStars Hand #226791780432:  Hold'em No Limit ($0.01/$0.02 USD) - 2021/05/15 15:54:56 PT [2021/05/15 18:54:56 ET]
Table 'Geisei' 9-max Seat #8 is the button
Seat 1: HardMickey83 ($1.86 in chips) 
Seat 2: Alehta ($2.44 in chips) 
Seat 3: EYMMSalvi ($2 in chips) 
Seat 4: johnnytyoko ($1.16 in chips) 
Seat 5: BrandonBorg ($1.42 in chips) 
Seat 6: prwiz ($2.72 in chips) 
Seat 7: Dorex2007 ($2.81 in chips) 
Seat 8: diiiiego ($1.82 in chips) 
Seat 9: Loladog787 ($1.01 in chips) 
Loladog787: posts small blind $0.01
HardMickey83: posts big blind $0.02
*** HOLE CARDS ***
Dealt to Dorex2007 [7d 6d]
Alehta: folds 
EYMMSalvi: folds 
johnnytyoko: raises $0.02 to $0.04
BrandonBorg: folds 
prwiz: folds 
Dorex2007: folds 
diiiiego: calls $0.04
Loladog787: folds 
HardMickey83: folds 
*** FLOP *** [6c Kc Qs]
johnnytyoko: bets $0.02
diiiiego: calls $0.02
*** TURN *** [6c Kc Qs] [Js]
johnnytyoko: bets $0.02
diiiiego: calls $0.02
*** RIVER *** [6c Kc Qs Js] [3s]
johnnytyoko: bets $0.02
diiiiego: calls $0.02
*** SHOW DOWN ***
johnnytyoko: shows [Qd 7h] (a pair of Queens)
diiiiego: mucks hand 
johnnytyoko collected $0.22 from pot
*** SUMMARY ***
Total pot $0.23 | Rake $0.01 
Board [6c Kc Qs Js 3s]
Seat 1: HardMickey83 (big blind) folded before Flop
Seat 2: Alehta folded before Flop (didn't bet)
Seat 3: EYMMSalvi folded before Flop (didn't bet)
Seat 4: johnnytyoko showed [Qd 7h] and won ($0.22) with a pair of Queens
Seat 5: BrandonBorg folded before Flop (didn't bet)
Seat 6: prwiz folded before Flop (didn't bet)
Seat 7: Dorex2007 folded before Flop (didn't bet)
Seat 8: diiiiego (button) mucked [Tc Jd]
Seat 9: Loladog787 (small blind) folded before Flop



PokerStars Hand #226791800704:  Hold'em No Limit ($0.01/$0.02 USD) - 2021/05/15 15:55:56 PT [2021/05/15 18:55:56 ET]
Table 'Geisei' 9-max Seat #9 is the button
Seat 1: HardMickey83 ($1.84 in chips) 
Seat 2: Alehta ($2.44 in chips) 
Seat 3: EYMMSalvi ($2 in chips) 
Seat 4: johnnytyoko ($1.28 in chips) 
Seat 5: BrandonBorg ($1.42 in chips) 
Seat 6: prwiz ($2.72 in chips) 
Seat 7: Dorex2007 ($2.81 in chips) 
Seat 8: diiiiego ($1.72 in chips) 
Seat 9: Loladog787 ($1 in chips) 
HardMickey83: posts small blind $0.01
Alehta: posts big blind $0.02
*** HOLE CARDS ***
Dealt to Dorex2007 [2s 5h]
EYMMSalvi: folds 
johnnytyoko: folds 
BrandonBorg has timed out
BrandonBorg: folds 
prwiz: folds 
Dorex2007: folds 
diiiiego: folds 
Loladog787: folds 
HardMickey83: raises $0.04 to $0.06
Alehta: folds 
Uncalled bet ($0.04) returned to HardMickey83
HardMickey83 collected $0.04 from pot
HardMickey83: doesn't show hand 
*** SUMMARY ***
Total pot $0.04 | Rake $0 
Seat 1: HardMickey83 (small blind) collected ($0.04)
Seat 2: Alehta (big blind) folded before Flop
Seat 3: EYMMSalvi folded before Flop (didn't bet)
Seat 4: johnnytyoko folded before Flop (didn't bet)
Seat 5: BrandonBorg folded before Flop (didn't bet)
Seat 6: prwiz folded before Flop (didn't bet)
Seat 7: Dorex2007 folded before Flop (didn't bet)
Seat 8: diiiiego folded before Flop (didn't bet)
Seat 9: Loladog787 (button) folded before Flop (didn't bet)



PokerStars Hand #226791809346:  Hold'em No Limit ($0.01/$0.02 USD) - 2021/05/15 15:56:22 PT [2021/05/15 18:56:22 ET]
Table 'Geisei' 9-max Seat #1 is the button
Seat 1: HardMickey83 ($1.86 in chips) 
Seat 2: Alehta ($2.42 in chips) 
Seat 3: EYMMSalvi ($2 in chips) 
Seat 4: johnnytyoko ($1.28 in chips) 
Seat 6: prwiz ($2.72 in chips) 
Seat 7: Dorex2007 ($2.81 in chips) 
Seat 8: diiiiego ($2 in chips) 
Seat 9: Loladog787 ($1 in chips) 
Alehta: posts small blind $0.01
EYMMSalvi: posts big blind $0.02
*** HOLE CARDS ***
Dealt to Dorex2007 [Js Ad]
johnnytyoko: folds 
prwiz: folds 
Dorex2007: raises $0.04 to $0.06
diiiiego: folds 
Loladog787: folds 
HardMickey83: calls $0.06
Alehta: folds 
EYMMSalvi: folds 
*** FLOP *** [Jd 9d 7h]
Dorex2007: bets $0.14
HardMickey83: folds 
Uncalled bet ($0.14) returned to Dorex2007
Dorex2007 collected $0.14 from pot
Dorex2007: doesn't show hand 
*** SUMMARY ***
Total pot $0.15 | Rake $0.01 
Board [Jd 9d 7h]
Seat 1: HardMickey83 (button) folded on the Flop
Seat 2: Alehta (small blind) folded before Flop
Seat 3: EYMMSalvi (big blind) folded before Flop
Seat 4: johnnytyoko folded before Flop (didn't bet)
Seat 6: prwiz folded before Flop (didn't bet)
Seat 7: Dorex2007 collected ($0.14)
Seat 8: diiiiego folded before Flop (didn't bet)
Seat 9: Loladog787 folded before Flop (didn't bet)



PokerStars Hand #226791819100:  Hold'em No Limit ($0.01/$0.02 USD) - 2021/05/15 15:56:52 PT [2021/05/15 18:56:52 ET]
Table 'Geisei' 9-max Seat #2 is the button
Seat 1: HardMickey83 ($1.80 in chips) 
Seat 2: Alehta ($2.41 in chips) 
Seat 3: EYMMSalvi ($2 in chips) 
Seat 4: johnnytyoko ($1.28 in chips) 
Seat 5: BrandonBorg ($1.42 in chips) 
Seat 6: prwiz ($2.72 in chips) 
Seat 7: Dorex2007 ($2.89 in chips) 
Seat 8: diiiiego ($2 in chips) 
Seat 9: Loladog787 ($1 in chips) 
EYMMSalvi: posts small blind $0.01
johnnytyoko: posts big blind $0.02
*** HOLE CARDS ***
Dealt to Dorex2007 [8s 6c]
BrandonBorg: folds 
prwiz: calls $0.02
Dorex2007: folds 
diiiiego: calls $0.02
Loladog787: folds 
HardMickey83: calls $0.02
Alehta: folds 
EYMMSalvi: raises $0.06 to $0.08
johnnytyoko: calls $0.06
prwiz: calls $0.06
diiiiego: calls $0.06
HardMickey83: folds 
*** FLOP *** [Tc 7h 6d]
EYMMSalvi: checks 
johnnytyoko: checks 
prwiz: checks 
diiiiego: checks 
*** TURN *** [Tc 7h 6d] [9h]
EYMMSalvi: checks 
johnnytyoko: bets $0.02
prwiz: folds 
diiiiego: raises $0.16 to $0.18
EYMMSalvi: folds 
johnnytyoko: folds 
Uncalled bet ($0.16) returned to diiiiego
diiiiego collected $0.37 from pot
diiiiego: doesn't show hand 
*** SUMMARY ***
Total pot $0.38 | Rake $0.01 
Board [Tc 7h 6d 9h]
Seat 1: HardMickey83 folded before Flop
Seat 2: Alehta (button) folded before Flop (didn't bet)
Seat 3: EYMMSalvi (small blind) folded on the Turn
Seat 4: johnnytyoko (big blind) folded on the Turn
Seat 5: BrandonBorg folded before Flop (didn't bet)
Seat 6: prwiz folded on the Turn
Seat 7: Dorex2007 folded before Flop (didn't bet)
Seat 8: diiiiego collected ($0.37)
Seat 9: Loladog787 folded before Flop (didn't bet)



PokerStars Hand #226791848380:  Hold'em No Limit ($0.01/$0.02 USD) - 2021/05/15 15:58:24 PT [2021/05/15 18:58:24 ET]
Table 'Geisei' 9-max Seat #3 is the button
Seat 1: HardMickey83 ($1.78 in chips) 
Seat 2: Alehta ($2.41 in chips) 
Seat 3: EYMMSalvi ($2 in chips) 
Seat 4: johnnytyoko ($1.18 in chips) 
Seat 5: BrandonBorg ($1.42 in chips) 
Seat 6: prwiz ($2.64 in chips) 
Seat 7: Dorex2007 ($2.89 in chips) 
Seat 8: diiiiego ($2.27 in chips) 
Seat 9: Loladog787 ($1 in chips) 
johnnytyoko: posts small blind $0.01
BrandonBorg: posts big blind $0.02
*** HOLE CARDS ***
Dealt to Dorex2007 [2d 5s]
prwiz: folds 
Dorex2007: folds 
diiiiego: calls $0.02
Loladog787: folds 
Loladog787 leaves the table
HardMickey83: raises $0.06 to $0.08
Alehta: calls $0.08
EYMMSalvi: folds 
johnnytyoko: calls $0.07
BrandonBorg: folds 
diiiiego: calls $0.06
*** FLOP *** [6c 3s As]
johnnytyoko: checks 
diiiiego: checks 
HardMickey83: checks 
Alehta: checks 
*** TURN *** [6c 3s As] [Qs]
johnnytyoko: checks 
diiiiego: bets $0.17
HardMickey83: calls $0.17
Alehta: folds 
johnnytyoko: folds 
*** RIVER *** [6c 3s As Qs] [3h]
diiiiego: bets $0.66
HardMickey83: folds 
Uncalled bet ($0.66) returned to diiiiego
KidMigueh joins the table at seat #9 
diiiiego collected $0.66 from pot
diiiiego: doesn't show hand 
*** SUMMARY ***
Total pot $0.68 | Rake $0.02 
Board [6c 3s As Qs 3h]
Seat 1: HardMickey83 folded on the River
Seat 2: Alehta folded on the Turn
Seat 3: EYMMSalvi (button) folded before Flop (didn't bet)
Seat 4: johnnytyoko (small blind) folded on the Turn
Seat 5: BrandonBorg (big blind) folded before Flop
Seat 6: prwiz folded before Flop (didn't bet)
Seat 7: Dorex2007 folded before Flop (didn't bet)
Seat 8: diiiiego collected ($0.66)
Seat 9: Loladog787 folded before Flop (didn't bet)



PokerStars Hand #226791872512:  Hold'em No Limit ($0.01/$0.02 USD) - 2021/05/15 15:59:39 PT [2021/05/15 18:59:39 ET]
Table 'Geisei' 9-max Seat #4 is the button
Seat 1: HardMickey83 ($1.53 in chips) 
Seat 2: Alehta ($2.33 in chips) 
Seat 3: EYMMSalvi ($2 in chips) 
Seat 4: johnnytyoko ($1.10 in chips) 
Seat 5: BrandonBorg ($1.40 in chips) 
Seat 6: prwiz ($2.64 in chips) 
Seat 7: Dorex2007 ($2.89 in chips) 
Seat 8: diiiiego ($2.68 in chips) 
BrandonBorg: posts small blind $0.01
prwiz: posts big blind $0.02
KidMigueh: sits out 
*** HOLE CARDS ***
Dealt to Dorex2007 [6h 6s]
Dorex2007: folds 
diiiiego: calls $0.02
HardMickey83: folds 
Alehta: folds 
EYMMSalvi: raises $0.04 to $0.06
johnnytyoko: folds 
BrandonBorg: folds 
prwiz: folds 
diiiiego: calls $0.04
*** FLOP *** [Qd Qh 4c]
diiiiego: checks 
EYMMSalvi: checks 
*** TURN *** [Qd Qh 4c] [9c]
diiiiego: bets $0.14
EYMMSalvi: calls $0.14
*** RIVER *** [Qd Qh 4c 9c] [5h]
diiiiego: bets $0.21
EYMMSalvi: raises $0.62 to $0.83
diiiiego: folds 
Uncalled bet ($0.62) returned to EYMMSalvi
EYMMSalvi collected $0.82 from pot
EYMMSalvi: doesn't show hand 
*** SUMMARY ***
Total pot $0.85 | Rake $0.03 
Board [Qd Qh 4c 9c 5h]
Seat 1: HardMickey83 folded before Flop (didn't bet)
Seat 2: Alehta folded before Flop (didn't bet)
Seat 3: EYMMSalvi collected ($0.82)
Seat 4: johnnytyoko (button) folded before Flop (didn't bet)
Seat 5: BrandonBorg (small blind) folded before Flop
Seat 6: prwiz (big blind) folded before Flop
Seat 7: Dorex2007 folded before Flop (didn't bet)
Seat 8: diiiiego folded on the River



PokerStars Hand #226791896615:  Hold'em No Limit ($0.01/$0.02 USD) - 2021/05/15 16:00:51 PT [2021/05/15 19:00:51 ET]
Table 'Geisei' 9-max Seat #5 is the button
Seat 1: HardMickey83 ($1.53 in chips) 
Seat 2: Alehta ($2.33 in chips) 
Seat 3: EYMMSalvi ($2.41 in chips) 
Seat 4: johnnytyoko ($1.10 in chips) 
Seat 5: BrandonBorg ($1.39 in chips) 
Seat 6: prwiz ($2.62 in chips) 
Seat 7: Dorex2007 ($2.89 in chips) 
Seat 8: diiiiego ($2.27 in chips) 
Seat 9: KidMigueh ($2 in chips) 
prwiz: posts small blind $0.01
Dorex2007: posts big blind $0.02
KidMigueh: posts big blind $0.02
*** HOLE CARDS ***
Dealt to Dorex2007 [2d 5d]
diiiiego: folds 
KidMigueh: checks 
HardMickey83: folds 
Alehta: folds 
EYMMSalvi: folds 
johnnytyoko: folds 
BrandonBorg: raises $0.04 to $0.06
prwiz: folds 
Dorex2007: folds 
KidMigueh: calls $0.04
*** FLOP *** [7s 4d 3s]
KidMigueh: bets $0.07
BrandonBorg: calls $0.07
*** TURN *** [7s 4d 3s] [Qd]
KidMigueh: checks 
BrandonBorg: bets $0.16
KidMigueh: folds 
Uncalled bet ($0.16) returned to BrandonBorg
BrandonBorg collected $0.28 from pot
BrandonBorg: doesn't show hand 
*** SUMMARY ***
Total pot $0.29 | Rake $0.01 
Board [7s 4d 3s Qd]
Seat 1: HardMickey83 folded before Flop (didn't bet)
Seat 2: Alehta folded before Flop (didn't bet)
Seat 3: EYMMSalvi folded before Flop (didn't bet)
Seat 4: johnnytyoko folded before Flop (didn't bet)
Seat 5: BrandonBorg (button) collected ($0.28)
Seat 6: prwiz (small blind) folded before Flop
Seat 7: Dorex2007 (big blind) folded before Flop
Seat 8: diiiiego folded before Flop (didn't bet)
Seat 9: KidMigueh folded on the Turn



PokerStars Hand #226791919552:  Hold'em No Limit ($0.01/$0.02 USD) - 2021/05/15 16:01:48 PT [2021/05/15 19:01:48 ET]
Table 'Geisei' 9-max Seat #6 is the button
Seat 1: HardMickey83 ($1.53 in chips) 
Seat 2: Alehta ($2.33 in chips) 
Seat 3: EYMMSalvi ($2.41 in chips) 
Seat 4: johnnytyoko ($1.10 in chips) 
Seat 5: BrandonBorg ($1.54 in chips) 
Seat 6: prwiz ($2.61 in chips) 
Seat 7: Dorex2007 ($2.87 in chips) 
Seat 8: diiiiego ($2.27 in chips) 
Seat 9: KidMigueh ($1.87 in chips) 
Dorex2007: posts small blind $0.01
diiiiego: posts big blind $0.02
*** HOLE CARDS ***
Dealt to Dorex2007 [5d 9c]
KidMigueh: raises $0.02 to $0.04
HardMickey83: raises $0.16 to $0.20
Alehta: folds 
EYMMSalvi: folds 
johnnytyoko: folds 
BrandonBorg: folds 
prwiz: folds 
Dorex2007: folds 
diiiiego: folds 
KidMigueh: folds 
Uncalled bet ($0.16) returned to HardMickey83
HardMickey83 collected $0.11 from pot
HardMickey83: doesn't show hand 
*** SUMMARY ***
Total pot $0.11 | Rake $0 
Seat 1: HardMickey83 collected ($0.11)
Seat 2: Alehta folded before Flop (didn't bet)
Seat 3: EYMMSalvi folded before Flop (didn't bet)
Seat 4: johnnytyoko folded before Flop (didn't bet)
Seat 5: BrandonBorg folded before Flop (didn't bet)
Seat 6: prwiz (button) folded before Flop (didn't bet)
Seat 7: Dorex2007 (small blind) folded before Flop
Seat 8: diiiiego (big blind) folded before Flop
Seat 9: KidMigueh folded before Flop



PokerStars Hand #226791930670:  Hold'em No Limit ($0.01/$0.02 USD) - 2021/05/15 16:02:14 PT [2021/05/15 19:02:14 ET]
Table 'Geisei' 9-max Seat #7 is the button
Seat 1: HardMickey83 ($1.60 in chips) 
Seat 2: Alehta ($2.33 in chips) 
Seat 3: EYMMSalvi ($2.41 in chips) 
Seat 4: johnnytyoko ($1.10 in chips) 
Seat 5: BrandonBorg ($1.54 in chips) 
Seat 6: prwiz ($2.61 in chips) 
Seat 7: Dorex2007 ($2.86 in chips) 
Seat 8: diiiiego ($2.25 in chips) 
Seat 9: KidMigueh ($1.83 in chips) 
diiiiego: posts small blind $0.01
KidMigueh: posts big blind $0.02
*** HOLE CARDS ***
Dealt to Dorex2007 [6s 5d]
HardMickey83: folds 
Alehta: raises $0.04 to $0.06
EYMMSalvi: folds 
johnnytyoko: folds 
BrandonBorg: folds 
prwiz: folds 
Dorex2007: folds 
diiiiego: folds 
KidMigueh: calls $0.04
*** FLOP *** [Qh 3d 7c]
KidMigueh: bets $0.13
Alehta: calls $0.13
*** TURN *** [Qh 3d 7c] [Kc]
KidMigueh: bets $0.19
Alehta: calls $0.19
*** RIVER *** [Qh 3d 7c Kc] [As]
KidMigueh: checks 
Alehta: bets $0.30
KidMigueh: folds 
Uncalled bet ($0.30) returned to Alehta
Alehta collected $0.74 from pot
Alehta: doesn't show hand 
*** SUMMARY ***
Total pot $0.77 | Rake $0.03 
Board [Qh 3d 7c Kc As]
Seat 1: HardMickey83 folded before Flop (didn't bet)
Seat 2: Alehta collected ($0.74)
Seat 3: EYMMSalvi folded before Flop (didn't bet)
Seat 4: johnnytyoko folded before Flop (didn't bet)
Seat 5: BrandonBorg folded before Flop (didn't bet)
Seat 6: prwiz folded before Flop (didn't bet)
Seat 7: Dorex2007 (button) folded before Flop (didn't bet)
Seat 8: diiiiego (small blind) folded before Flop
Seat 9: KidMigueh (big blind) folded on the River



PokerStars Hand #226791951324:  Hold'em No Limit ($0.01/$0.02 USD) - 2021/05/15 16:03:04 PT [2021/05/15 19:03:04 ET]
Table 'Geisei' 9-max Seat #8 is the button
Seat 3: EYMMSalvi ($2.41 in chips) 
Seat 4: johnnytyoko ($1.10 in chips) 
Seat 5: BrandonBorg ($1.54 in chips) 
Seat 6: prwiz ($2.61 in chips) 
Seat 7: Dorex2007 ($2.86 in chips) 
Seat 8: diiiiego ($2.24 in chips) 
Seat 9: KidMigueh ($1.45 in chips) 
KidMigueh: posts small blind $0.01
HardMickey83: is sitting out 
Alehta: is sitting out 
EYMMSalvi: posts big blind $0.02
*** HOLE CARDS ***
Dealt to Dorex2007 [Js 8h]
johnnytyoko: folds 
BrandonBorg: folds 
prwiz: folds 
Dorex2007: folds 
diiiiego: folds 
KidMigueh: raises $0.02 to $0.04
EYMMSalvi: calls $0.02
*** FLOP *** [Qs 2d 8d]
HardMickey83 leaves the table
KidMigueh: checks 
buggspray joins the table at seat #1 
EYMMSalvi: bets $0.04
Alehta leaves the table
KidMigueh: calls $0.04
*** TURN *** [Qs 2d 8d] [Kc]
KidMigueh: bets $0.08
EYMMSalvi: folds 
Uncalled bet ($0.08) returned to KidMigueh
KidMigueh collected $0.15 from pot
KidMigueh: doesn't show hand 
*** SUMMARY ***
Total pot $0.16 | Rake $0.01 
Board [Qs 2d 8d Kc]
Seat 3: EYMMSalvi (big blind) folded on the Turn
Seat 4: johnnytyoko folded before Flop (didn't bet)
Seat 5: BrandonBorg folded before Flop (didn't bet)
Seat 6: prwiz folded before Flop (didn't bet)
Seat 7: Dorex2007 folded before Flop (didn't bet)
Seat 8: diiiiego (button) folded before Flop (didn't bet)
Seat 9: KidMigueh (small blind) collected ($0.15)



PokerStars Hand #226791973565:  Hold'em No Limit ($0.01/$0.02 USD) - 2021/05/15 16:03:48 PT [2021/05/15 19:03:48 ET]
Table 'Geisei' 9-max Seat #9 is the button
Seat 3: EYMMSalvi ($2.33 in chips) 
Seat 4: johnnytyoko ($1.10 in chips) 
Seat 5: BrandonBorg ($1.54 in chips) 
Seat 6: prwiz ($2.61 in chips) 
Seat 7: Dorex2007 ($2.86 in chips) 
Seat 8: diiiiego ($2.24 in chips) 
Seat 9: KidMigueh ($1.52 in chips) 
EYMMSalvi: posts small blind $0.01
johnnytyoko: posts big blind $0.02
*** HOLE CARDS ***
Dealt to Dorex2007 [Qs Qh]
Doddi_Rogers joins the table at seat #2 
BrandonBorg: folds 
prwiz: folds 
Dorex2007: raises $0.04 to $0.06
diiiiego: folds 
KidMigueh: folds 
EYMMSalvi: folds 
johnnytyoko: calls $0.04
*** FLOP *** [2s 9c Ah]
johnnytyoko: bets $0.02
Dorex2007: calls $0.02
*** TURN *** [2s 9c Ah] [9s]
johnnytyoko: bets $0.02
Dorex2007: calls $0.02
*** RIVER *** [2s 9c Ah 9s] [5s]
johnnytyoko: bets $0.10
Dorex2007: folds 
Uncalled bet ($0.10) returned to johnnytyoko
johnnytyoko collected $0.20 from pot
johnnytyoko: doesn't show hand 
*** SUMMARY ***
Total pot $0.21 | Rake $0.01 
Board [2s 9c Ah 9s 5s]
Seat 3: EYMMSalvi (small blind) folded before Flop
Seat 4: johnnytyoko (big blind) collected ($0.20)
Seat 5: BrandonBorg folded before Flop (didn't bet)
Seat 6: prwiz folded before Flop (didn't bet)
Seat 7: Dorex2007 folded on the River
Seat 8: diiiiego folded before Flop (didn't bet)
Seat 9: KidMigueh (button) folded before Flop (didn't bet)



PokerStars Hand #226791994185:  Hold'em No Limit ($0.01/$0.02 USD) - 2021/05/15 16:04:38 PT [2021/05/15 19:04:38 ET]
Table 'Geisei' 9-max Seat #3 is the button
Seat 1: buggspray ($1.60 in chips) 
Seat 2: Doddi_Rogers ($2 in chips) 
Seat 3: EYMMSalvi ($2.32 in chips) 
Seat 4: johnnytyoko ($1.20 in chips) 
Seat 5: BrandonBorg ($1.54 in chips) 
Seat 6: prwiz ($2.61 in chips) 
Seat 7: Dorex2007 ($2.76 in chips) 
Seat 8: diiiiego ($2.24 in chips) 
Seat 9: KidMigueh ($1.52 in chips) 
johnnytyoko: posts small blind $0.01
BrandonBorg: posts big blind $0.02
buggspray: posts big blind $0.02
Doddi_Rogers: posts big blind $0.02
*** HOLE CARDS ***
Dealt to Dorex2007 [7d Kd]
prwiz: folds 
Dorex2007: folds 
diiiiego: folds 
KidMigueh: raises $0.02 to $0.04
buggspray: calls $0.02
Doddi_Rogers: folds 
EYMMSalvi: raises $0.10 to $0.14
johnnytyoko: calls $0.13
BrandonBorg: folds 
KidMigueh: folds 
buggspray: calls $0.10
*** FLOP *** [Th 3d Jd]
johnnytyoko: checks 
buggspray: checks 
EYMMSalvi: checks 
*** TURN *** [Th 3d Jd] [9h]
johnnytyoko: checks 
buggspray: checks 
EYMMSalvi: bets $0.14
johnnytyoko: calls $0.14
buggspray: folds 
*** RIVER *** [Th 3d Jd 9h] [Qs]
johnnytyoko: checks 
EYMMSalvi: bets $0.38
johnnytyoko: raises $0.38 to $0.76
EYMMSalvi: raises $0.38 to $1.14
johnnytyoko: calls $0.16 and is all-in
Uncalled bet ($0.22) returned to EYMMSalvi
*** SHOW DOWN ***
EYMMSalvi: shows [Kh Ad] (a straight, Ten to Ace)
johnnytyoko: shows [8c 9c] (a straight, Eight to Queen)
EYMMSalvi collected $2.53 from pot
*** SUMMARY ***
Total pot $2.62 | Rake $0.09 
Board [Th 3d Jd 9h Qs]
Seat 1: buggspray folded on the Turn
Seat 2: Doddi_Rogers folded before Flop (didn't bet)
Seat 3: EYMMSalvi (button) showed [Kh Ad] and won ($2.53) with a straight, Ten to Ace
Seat 4: johnnytyoko (small blind) showed [8c 9c] and lost with a straight, Eight to Queen
Seat 5: BrandonBorg (big blind) folded before Flop
Seat 6: prwiz folded before Flop (didn't bet)
Seat 7: Dorex2007 folded before Flop (didn't bet)
Seat 8: diiiiego folded before Flop (didn't bet)
Seat 9: KidMigueh folded before Flop



PokerStars Hand #226792033161:  Hold'em No Limit ($0.01/$0.02 USD) - 2021/05/15 16:06:13 PT [2021/05/15 19:06:13 ET]
Table 'Geisei' 9-max Seat #5 is the button
Seat 1: buggspray ($1.46 in chips) 
Seat 2: Doddi_Rogers ($1.98 in chips) 
Seat 3: EYMMSalvi ($3.65 in chips) 
Seat 5: BrandonBorg ($1.52 in chips) 
Seat 6: prwiz ($2.61 in chips) 
Seat 7: Dorex2007 ($2.76 in chips) 
Seat 8: diiiiego ($2.24 in chips) 
Seat 9: KidMigueh ($1.48 in chips) 
prwiz: posts small blind $0.01
Dorex2007: posts big blind $0.02
*** HOLE CARDS ***
Dealt to Dorex2007 [6h 5c]
diiiiego: folds 
KidMigueh: raises $0.02 to $0.04
johnnytyoko leaves the table
buggspray: calls $0.04
Doddi_Rogers: calls $0.04
EYMMSalvi: folds 
BrandonBorg: calls $0.04
prwiz: calls $0.03
Dorex2007: folds 
*** FLOP *** [2d 7d 8s]
prwiz: checks 
KidMigueh: checks 
buggspray: checks 
Doddi_Rogers: checks 
BrandonBorg: bets $0.08
prwiz: calls $0.08
KidMigueh: calls $0.08
buggspray: folds 
j0seef joins the table at seat #4 
Doddi_Rogers: calls $0.08
*** TURN *** [2d 7d 8s] [Th]
prwiz: checks 
KidMigueh: checks 
Doddi_Rogers: checks 
BrandonBorg: checks 
*** RIVER *** [2d 7d 8s Th] [4s]
prwiz: bets $2.49 and is all-in
KidMigueh: folds 
Doddi_Rogers: calls $1.86 and is all-in
BrandonBorg: folds 
Uncalled bet ($0.63) returned to prwiz
*** SHOW DOWN ***
prwiz: shows [2s 2h] (three of a kind, Deuces)
Doddi_Rogers: shows [Js 9h] (a straight, Seven to Jack)
Doddi_Rogers collected $4.11 from pot
*** SUMMARY ***
Total pot $4.26 | Rake $0.15 
Board [2d 7d 8s Th 4s]
Seat 1: buggspray folded on the Flop
Seat 2: Doddi_Rogers showed [Js 9h] and won ($4.11) with a straight, Seven to Jack
Seat 3: EYMMSalvi folded before Flop (didn't bet)
Seat 5: BrandonBorg (button) folded on the River
Seat 6: prwiz (small blind) showed [2s 2h] and lost with three of a kind, Deuces
Seat 7: Dorex2007 (big blind) folded before Flop
Seat 8: diiiiego folded before Flop (didn't bet)
Seat 9: KidMigueh folded on the River



PokerStars Hand #226792075327:  Hold'em No Limit ($0.01/$0.02 USD) - 2021/05/15 16:07:55 PT [2021/05/15 19:07:55 ET]
Table 'Geisei' 9-max Seat #6 is the button
Seat 1: buggspray ($1.42 in chips) 
Seat 2: Doddi_Rogers ($4.11 in chips) 
Seat 3: EYMMSalvi ($3.65 in chips) 
Seat 5: BrandonBorg ($1.40 in chips) 
Seat 6: prwiz ($0.63 in chips) 
Seat 7: Dorex2007 ($2.74 in chips) 
Seat 8: diiiiego ($2.24 in chips) 
Seat 9: KidMigueh ($1.36 in chips) 
Dorex2007: posts small blind $0.01
diiiiego: posts big blind $0.02
j0seef: sits out 
*** HOLE CARDS ***
Dealt to Dorex2007 [5d Qc]
KidMigueh: folds 
buggspray: raises $0.04 to $0.06
Doddi_Rogers: folds 
EYMMSalvi: folds 
BrandonBorg: folds 
prwiz: calls $0.06
Dorex2007: folds 
diiiiego: folds 
*** FLOP *** [3s 4h 5s]
j0seef leaves the table
buggspray: checks 
prwiz: checks 
*** TURN *** [3s 4h 5s] [Jh]
buggspray: checks 
prwiz: checks 
*** RIVER *** [3s 4h 5s Jh] [4d]
buggspray: checks 
lesttv15 joins the table at seat #4 
prwiz: bets $0.57 and is all-in
buggspray: folds 
Uncalled bet ($0.57) returned to prwiz
prwiz collected $0.14 from pot
prwiz: doesn't show hand 
*** SUMMARY ***
Total pot $0.15 | Rake $0.01 
Board [3s 4h 5s Jh 4d]
Seat 1: buggspray folded on the River
Seat 2: Doddi_Rogers folded before Flop (didn't bet)
Seat 3: EYMMSalvi folded before Flop (didn't bet)
Seat 5: BrandonBorg folded before Flop (didn't bet)
Seat 6: prwiz (button) collected ($0.14)
Seat 7: Dorex2007 (small blind) folded before Flop
Seat 8: diiiiego (big blind) folded before Flop
Seat 9: KidMigueh folded before Flop (didn't bet)



PokerStars Hand #226792095946:  Hold'em No Limit ($0.01/$0.02 USD) - 2021/05/15 16:08:45 PT [2021/05/15 19:08:45 ET]
Table 'Geisei' 9-max Seat #7 is the button
Seat 1: buggspray ($1.36 in chips) 
Seat 2: Doddi_Rogers ($4.11 in chips) 
Seat 3: EYMMSalvi ($3.65 in chips) 
Seat 4: lesttv15 ($1 in chips) 
Seat 5: BrandonBorg ($1.40 in chips) 
Seat 6: prwiz ($0.71 in chips) 
Seat 7: Dorex2007 ($2.73 in chips) 
Seat 8: diiiiego ($2.22 in chips) 
Seat 9: KidMigueh ($1.36 in chips) 
diiiiego: posts small blind $0.01
KidMigueh: posts big blind $0.02
lesttv15: posts big blind $0.02
*** HOLE CARDS ***
Dealt to Dorex2007 [4s Tc]
buggspray: folds 
Doddi_Rogers: folds 
EYMMSalvi: folds 
lesttv15: checks 
BrandonBorg: folds 
prwiz: folds 
Dorex2007: folds 
diiiiego: calls $0.01
KidMigueh: checks 
*** FLOP *** [Ac Qh 7c]
diiiiego: checks 
KidMigueh: bets $0.03
lesttv15: folds 
diiiiego: calls $0.03
*** TURN *** [Ac Qh 7c] [2d]
diiiiego: checks 
KidMigueh: bets $0.06
diiiiego: calls $0.06
*** RIVER *** [Ac Qh 7c 2d] [Ts]
diiiiego: bets $0.26
KidMigueh: folds 
Uncalled bet ($0.26) returned to diiiiego
diiiiego collected $0.23 from pot
diiiiego: doesn't show hand 
*** SUMMARY ***
Total pot $0.24 | Rake $0.01 
Board [Ac Qh 7c 2d Ts]
Seat 1: buggspray folded before Flop (didn't bet)
Seat 2: Doddi_Rogers folded before Flop (didn't bet)
Seat 3: EYMMSalvi folded before Flop (didn't bet)
Seat 4: lesttv15 folded on the Flop (didn't bet)
Seat 5: BrandonBorg folded before Flop (didn't bet)
Seat 6: prwiz folded before Flop (didn't bet)
Seat 7: Dorex2007 (button) folded before Flop (didn't bet)
Seat 8: diiiiego (small blind) collected ($0.23)
Seat 9: KidMigueh (big blind) folded on the River



PokerStars Hand #226792112372:  Hold'em No Limit ($0.01/$0.02 USD) - 2021/05/15 16:09:26 PT [2021/05/15 19:09:26 ET]
Table 'Geisei' 9-max Seat #8 is the button
Seat 1: buggspray ($1.36 in chips) 
Seat 2: Doddi_Rogers ($4.11 in chips) 
Seat 3: EYMMSalvi ($3.65 in chips) 
Seat 4: lesttv15 ($0.98 in chips) 
Seat 5: BrandonBorg ($1.40 in chips) 
Seat 6: prwiz ($0.71 in chips) 
Seat 7: Dorex2007 ($2.73 in chips) 
Seat 8: diiiiego ($2.34 in chips) 
Seat 9: KidMigueh ($1.25 in chips) 
KidMigueh: posts small blind $0.01
buggspray: posts big blind $0.02
*** HOLE CARDS ***
Dealt to Dorex2007 [Tc Qh]
Doddi_Rogers: folds 
EYMMSalvi: raises $0.04 to $0.06
lesttv15: folds 
BrandonBorg: folds 
prwiz: folds 
Dorex2007: folds 
diiiiego: folds 
KidMigueh: folds 
buggspray: folds 
Uncalled bet ($0.04) returned to EYMMSalvi
EYMMSalvi collected $0.05 from pot
EYMMSalvi: doesn't show hand 
*** SUMMARY ***
Total pot $0.05 | Rake $0 
Seat 1: buggspray (big blind) folded before Flop
Seat 2: Doddi_Rogers folded before Flop (didn't bet)
Seat 3: EYMMSalvi collected ($0.05)
Seat 4: lesttv15 folded before Flop (didn't bet)
Seat 5: BrandonBorg folded before Flop (didn't bet)
Seat 6: prwiz folded before Flop (didn't bet)
Seat 7: Dorex2007 folded before Flop (didn't bet)
Seat 8: diiiiego (button) folded before Flop (didn't bet)
Seat 9: KidMigueh (small blind) folded before Flop



PokerStars Hand #226792125822:  Hold'em No Limit ($0.01/$0.02 USD) - 2021/05/15 16:09:58 PT [2021/05/15 19:09:58 ET]
Table 'Geisei' 9-max Seat #9 is the button
Seat 1: buggspray ($1.34 in chips) 
Seat 2: Doddi_Rogers ($4.11 in chips) 
Seat 3: EYMMSalvi ($3.68 in chips) 
Seat 4: lesttv15 ($0.98 in chips) 
Seat 5: BrandonBorg ($1.40 in chips) 
Seat 6: prwiz ($0.71 in chips) 
Seat 7: Dorex2007 ($2.73 in chips) 
Seat 8: diiiiego ($2.34 in chips) 
Seat 9: KidMigueh ($1.24 in chips) 
buggspray: posts small blind $0.01
Doddi_Rogers: posts big blind $0.02
*** HOLE CARDS ***
Dealt to Dorex2007 [2s 6c]
EYMMSalvi: folds 
lesttv15: folds 
BrandonBorg: folds 
prwiz: calls $0.02
Dorex2007: folds 
diiiiego: folds 
KidMigueh: folds 
buggspray: calls $0.01
Doddi_Rogers: checks 
*** FLOP *** [9d As Js]
buggspray: checks 
Doddi_Rogers: checks 
prwiz: checks 
*** TURN *** [9d As Js] [9h]
buggspray: bets $0.03
Doddi_Rogers: folds 
prwiz: calls $0.03
*** RIVER *** [9d As Js 9h] [9s]
buggspray: bets $0.12
prwiz: calls $0.12
*** SHOW DOWN ***
buggspray: shows [Jh Ah] (a full house, Nines full of Aces)
prwiz: mucks hand 
buggspray collected $0.35 from pot
*** SUMMARY ***
Total pot $0.36 | Rake $0.01 
Board [9d As Js 9h 9s]
Seat 1: buggspray (small blind) showed [Jh Ah] and won ($0.35) with a full house, Nines full of Aces
Seat 2: Doddi_Rogers (big blind) folded on the Turn
Seat 3: EYMMSalvi folded before Flop (didn't bet)
Seat 4: lesttv15 folded before Flop (didn't bet)
Seat 5: BrandonBorg folded before Flop (didn't bet)
Seat 6: prwiz mucked [3d 3h]
Seat 7: Dorex2007 folded before Flop (didn't bet)
Seat 8: diiiiego folded before Flop (didn't bet)
Seat 9: KidMigueh (button) folded before Flop (didn't bet)



PokerStars Hand #226792152588:  Hold'em No Limit ($0.01/$0.02 USD) - 2021/05/15 16:11:03 PT [2021/05/15 19:11:03 ET]
Table 'Geisei' 9-max Seat #1 is the button
Seat 1: buggspray ($1.52 in chips) 
Seat 2: Doddi_Rogers ($4.09 in chips) 
Seat 3: EYMMSalvi ($3.68 in chips) 
Seat 4: lesttv15 ($0.98 in chips) 
Seat 5: BrandonBorg ($1.40 in chips) 
Seat 6: prwiz ($0.54 in chips) 
Seat 7: Dorex2007 ($2.73 in chips) 
Seat 8: diiiiego ($2.34 in chips) 
Seat 9: KidMigueh ($1.24 in chips) 
Doddi_Rogers: posts small blind $0.01
EYMMSalvi: posts big blind $0.02
*** HOLE CARDS ***
Dealt to Dorex2007 [9h 7d]
lesttv15: folds 
BrandonBorg: raises $0.02 to $0.04
prwiz: folds 
Dorex2007: folds 
diiiiego: folds 
KidMigueh: raises $0.02 to $0.06
buggspray: raises $0.02 to $0.08
Doddi_Rogers: calls $0.07
EYMMSalvi: folds 
BrandonBorg: calls $0.04
KidMigueh: calls $0.02
*** FLOP *** [9s 4h Td]
Doddi_Rogers: checks 
BrandonBorg: checks 
KidMigueh: bets $0.17
buggspray: calls $0.17
Doddi_Rogers: calls $0.17
BrandonBorg: folds 
*** TURN *** [9s 4h Td] [Qd]
Doddi_Rogers: checks 
KidMigueh: bets $0.41
buggspray: calls $0.41
Doddi_Rogers: calls $0.41
*** RIVER *** [9s 4h Td Qd] [Ks]
Doddi_Rogers: checks 
KidMigueh: bets $0.58 and is all-in
buggspray: calls $0.58
Doddi_Rogers: raises $0.58 to $1.16
buggspray: folds 
Uncalled bet ($0.58) returned to Doddi_Rogers
*** SHOW DOWN ***
Doddi_Rogers: shows [Js Jd] (a straight, Nine to King)
KidMigueh: shows [9c Jh] (a straight, Nine to King)
Doddi_Rogers collected $1.85 from pot
KidMigueh collected $1.84 from pot
*** SUMMARY ***
Total pot $3.82 | Rake $0.13 
Board [9s 4h Td Qd Ks]
Seat 1: buggspray (button) folded on the River
Seat 2: Doddi_Rogers (small blind) showed [Js Jd] and won ($1.85) with a straight, Nine to King
Seat 3: EYMMSalvi (big blind) folded before Flop
Seat 4: lesttv15 folded before Flop (didn't bet)
Seat 5: BrandonBorg folded on the Flop
Seat 6: prwiz folded before Flop (didn't bet)
Seat 7: Dorex2007 folded before Flop (didn't bet)
Seat 8: diiiiego folded before Flop (didn't bet)
Seat 9: KidMigueh showed [9c Jh] and won ($1.84) with a straight, Nine to King



PokerStars Hand #226792207387:  Hold'em No Limit ($0.01/$0.02 USD) - 2021/05/15 16:13:18 PT [2021/05/15 19:13:18 ET]
Table 'Geisei' 9-max Seat #2 is the button
Seat 1: buggspray ($0.28 in chips) 
Seat 2: Doddi_Rogers ($4.70 in chips) 
Seat 3: EYMMSalvi ($3.66 in chips) 
Seat 4: lesttv15 ($0.98 in chips) 
Seat 5: BrandonBorg ($1.32 in chips) 
Seat 6: prwiz ($0.54 in chips) 
Seat 7: Dorex2007 ($2.73 in chips) 
Seat 8: diiiiego ($2.34 in chips) 
Seat 9: KidMigueh ($1.84 in chips) 
EYMMSalvi: posts small blind $0.01
lesttv15: posts big blind $0.02
*** HOLE CARDS ***
Dealt to Dorex2007 [9d Qd]
BrandonBorg: folds 
prwiz: folds 
Dorex2007: folds 
diiiiego: folds 
KidMigueh: raises $0.02 to $0.04
buggspray: folds 
Doddi_Rogers: calls $0.04
EYMMSalvi: folds 
lesttv15: calls $0.02
*** FLOP *** [4s Qh Kd]
lesttv15: checks 
KidMigueh: checks 
Doddi_Rogers: bets $0.10
lesttv15: folds 
KidMigueh: folds 
Uncalled bet ($0.10) returned to Doddi_Rogers
Doddi_Rogers collected $0.13 from pot
Doddi_Rogers: doesn't show hand 
*** SUMMARY ***
Total pot $0.13 | Rake $0 
Board [4s Qh Kd]
Seat 1: buggspray folded before Flop (didn't bet)
Seat 2: Doddi_Rogers (button) collected ($0.13)
Seat 3: EYMMSalvi (small blind) folded before Flop
Seat 4: lesttv15 (big blind) folded on the Flop
Seat 5: BrandonBorg folded before Flop (didn't bet)
Seat 6: prwiz folded before Flop (didn't bet)
Seat 7: Dorex2007 folded before Flop (didn't bet)
Seat 8: diiiiego folded before Flop (didn't bet)
Seat 9: KidMigueh folded on the Flop



PokerStars Hand #226792236952:  Hold'em No Limit ($0.01/$0.02 USD) - 2021/05/15 16:14:13 PT [2021/05/15 19:14:13 ET]
Table 'Geisei' 9-max Seat #3 is the button
Seat 1: buggspray ($1.66 in chips) 
Seat 2: Doddi_Rogers ($4.79 in chips) 
Seat 3: EYMMSalvi ($3.65 in chips) 
Seat 4: lesttv15 ($0.94 in chips) 
Seat 5: BrandonBorg ($1.32 in chips) 
Seat 6: prwiz ($0.54 in chips) 
Seat 7: Dorex2007 ($2.73 in chips) 
Seat 8: diiiiego ($2.34 in chips) 
Seat 9: KidMigueh ($1.80 in chips) 
lesttv15: posts small blind $0.01
BrandonBorg: posts big blind $0.02
*** HOLE CARDS ***
Dealt to Dorex2007 [2h 6c]
prwiz: folds 
Dorex2007: folds 
diiiiego: folds 
KidMigueh: folds 
buggspray: folds 
Doddi_Rogers: folds 
EYMMSalvi: raises $0.03 to $0.05
lesttv15: calls $0.04
BrandonBorg: folds 
*** FLOP *** [Ah Ac 6s]
lesttv15: checks 
EYMMSalvi: bets $0.06
lesttv15: folds 
Uncalled bet ($0.06) returned to EYMMSalvi
EYMMSalvi collected $0.12 from pot
EYMMSalvi: doesn't show hand 
*** SUMMARY ***
Total pot $0.12 | Rake $0 
Board [Ah Ac 6s]
Seat 1: buggspray folded before Flop (didn't bet)
Seat 2: Doddi_Rogers folded before Flop (didn't bet)
Seat 3: EYMMSalvi (button) collected ($0.12)
Seat 4: lesttv15 (small blind) folded on the Flop
Seat 5: BrandonBorg (big blind) folded before Flop
Seat 6: prwiz folded before Flop (didn't bet)
Seat 7: Dorex2007 folded before Flop (didn't bet)
Seat 8: diiiiego folded before Flop (didn't bet)
Seat 9: KidMigueh folded before Flop (didn't bet)



PokerStars Hand #226792258226:  Hold'em No Limit ($0.01/$0.02 USD) - 2021/05/15 16:15:06 PT [2021/05/15 19:15:06 ET]
Table 'Geisei' 9-max Seat #4 is the button
Seat 1: buggspray ($1.66 in chips) 
Seat 2: Doddi_Rogers ($4.79 in chips) 
Seat 3: EYMMSalvi ($3.72 in chips) 
Seat 4: lesttv15 ($0.89 in chips) 
Seat 5: BrandonBorg ($1.30 in chips) 
Seat 6: prwiz ($0.54 in chips) 
Seat 7: Dorex2007 ($2.73 in chips) 
Seat 8: diiiiego ($2.34 in chips) 
Seat 9: KidMigueh ($1.80 in chips) 
BrandonBorg: posts small blind $0.01
prwiz: posts big blind $0.02
*** HOLE CARDS ***
Dealt to Dorex2007 [3h Ks]
Dorex2007: folds 
diiiiego: folds 
KidMigueh: raises $0.04 to $0.06
buggspray: folds 
Doddi_Rogers: folds 
EYMMSalvi: folds 
lesttv15: folds 
BrandonBorg: folds 
prwiz: calls $0.04
*** FLOP *** [3d Td 9h]
prwiz: checks 
KidMigueh: bets $0.07
prwiz: calls $0.07
*** TURN *** [3d Td 9h] [9d]
prwiz: checks 
KidMigueh: bets $0.13
prwiz: calls $0.13
*** RIVER *** [3d Td 9h 9d] [4h]
prwiz: checks 
KidMigueh: bets $0.51
prwiz: folds 
Uncalled bet ($0.51) returned to KidMigueh
KidMigueh collected $0.51 from pot
KidMigueh: doesn't show hand 
*** SUMMARY ***
Total pot $0.53 | Rake $0.02 
Board [3d Td 9h 9d 4h]
Seat 1: buggspray folded before Flop (didn't bet)
Seat 2: Doddi_Rogers folded before Flop (didn't bet)
Seat 3: EYMMSalvi folded before Flop (didn't bet)
Seat 4: lesttv15 (button) folded before Flop (didn't bet)
Seat 5: BrandonBorg (small blind) folded before Flop
Seat 6: prwiz (big blind) folded on the River
Seat 7: Dorex2007 folded before Flop (didn't bet)
Seat 8: diiiiego folded before Flop (didn't bet)
Seat 9: KidMigueh collected ($0.51)



PokerStars Hand #226792279574:  Hold'em No Limit ($0.01/$0.02 USD) - 2021/05/15 16:16:00 PT [2021/05/15 19:16:00 ET]
Table 'Geisei' 9-max Seat #5 is the button
Seat 1: buggspray ($1.66 in chips) 
Seat 2: Doddi_Rogers ($4.79 in chips) 
Seat 3: EYMMSalvi ($3.72 in chips) 
Seat 4: lesttv15 ($0.89 in chips) 
Seat 5: BrandonBorg ($1.29 in chips) 
Seat 6: prwiz ($0.28 in chips) 
Seat 7: Dorex2007 ($2.73 in chips) 
Seat 8: diiiiego ($2.34 in chips) 
Seat 9: KidMigueh ($2.05 in chips) 
prwiz: posts small blind $0.01
Dorex2007: posts big blind $0.02
*** HOLE CARDS ***
Dealt to Dorex2007 [Qd 9c]
diiiiego: folds 
KidMigueh: raises $0.02 to $0.04
buggspray: folds 
diiiiego leaves the table
Doddi_Rogers: calls $0.04
paimei77 joins the table at seat #8 
EYMMSalvi: folds 
lesttv15: folds 
BrandonBorg: folds 
prwiz: calls $0.03
Dorex2007: folds 
*** FLOP *** [6d 3d 4c]
prwiz: checks 
KidMigueh: checks 
Doddi_Rogers: checks 
*** TURN *** [6d 3d 4c] [5h]
prwiz: checks 
KidMigueh: bets $0.07
Doddi_Rogers: raises $0.07 to $0.14
prwiz: calls $0.14
KidMigueh: calls $0.07
*** RIVER *** [6d 3d 4c 5h] [9s]
prwiz: checks 
KidMigueh: checks 
Doddi_Rogers: checks 
*** SHOW DOWN ***
prwiz: shows [4h 4s] (three of a kind, Fours)
KidMigueh: mucks hand 
Doddi_Rogers: mucks hand 
prwiz collected $0.54 from pot
*** SUMMARY ***
Total pot $0.56 | Rake $0.02 
Board [6d 3d 4c 5h 9s]
Seat 1: buggspray folded before Flop (didn't bet)
Seat 2: Doddi_Rogers mucked [Ts Jd]
Seat 3: EYMMSalvi folded before Flop (didn't bet)
Seat 4: lesttv15 folded before Flop (didn't bet)
Seat 5: BrandonBorg (button) folded before Flop (didn't bet)
Seat 6: prwiz (small blind) showed [4h 4s] and won ($0.54) with three of a kind, Fours
Seat 7: Dorex2007 (big blind) folded before Flop
Seat 8: diiiiego folded before Flop (didn't bet)
Seat 9: KidMigueh mucked [As 8d]



PokerStars Hand #226792318636:  Hold'em No Limit ($0.01/$0.02 USD) - 2021/05/15 16:17:17 PT [2021/05/15 19:17:17 ET]
Table 'Geisei' 9-max Seat #6 is the button
Seat 1: buggspray ($1.66 in chips) 
Seat 2: Doddi_Rogers ($4.61 in chips) 
Seat 3: EYMMSalvi ($3.72 in chips) 
Seat 4: lesttv15 ($0.89 in chips) 
Seat 5: BrandonBorg ($1.29 in chips) 
Seat 6: prwiz ($0.64 in chips) 
Seat 7: Dorex2007 ($2.71 in chips) 
Seat 8: paimei77 ($2 in chips) 
Seat 9: KidMigueh ($1.87 in chips) 
Dorex2007: posts small blind $0.01
paimei77: posts big blind $0.02
*** HOLE CARDS ***
Dealt to Dorex2007 [Qd 6d]
KidMigueh: raises $0.04 to $0.06
buggspray: folds 
Doddi_Rogers: folds 
EYMMSalvi: folds 
lesttv15: folds 
BrandonBorg: folds 
prwiz: folds 
Doddi_Rogers leaves the table
Dorex2007: calls $0.05
paimei77: folds 
*** FLOP *** [Tc 5c Js]
Dorex2007: checks 
KidMigueh: checks 
*** TURN *** [Tc 5c Js] [Kd]
Dorex2007: checks 
KidMigueh: bets $0.07
Dorex2007: calls $0.07
*** RIVER *** [Tc 5c Js Kd] [8c]
Dorex2007: bets $0.27
KidMigueh: raises $1.47 to $1.74 and is all-in
Dorex2007: folds 
Uncalled bet ($1.47) returned to KidMigueh
KidMigueh collected $0.79 from pot
KidMigueh: doesn't show hand 
*** SUMMARY ***
Total pot $0.82 | Rake $0.03 
Board [Tc 5c Js Kd 8c]
Seat 1: buggspray folded before Flop (didn't bet)
Seat 2: Doddi_Rogers folded before Flop (didn't bet)
Seat 3: EYMMSalvi folded before Flop (didn't bet)
Seat 4: lesttv15 folded before Flop (didn't bet)
Seat 5: BrandonBorg folded before Flop (didn't bet)
Seat 6: prwiz (button) folded before Flop (didn't bet)
Seat 7: Dorex2007 (small blind) folded on the River
Seat 8: paimei77 (big blind) folded before Flop
Seat 9: KidMigueh collected ($0.79)



PokerStars Hand #226792342012:  Hold'em No Limit ($0.01/$0.02 USD) - 2021/05/15 16:18:16 PT [2021/05/15 19:18:16 ET]
Table 'Geisei' 9-max Seat #7 is the button
Seat 1: buggspray ($1.66 in chips) 
Seat 3: EYMMSalvi ($3.72 in chips) 
Seat 4: lesttv15 ($0.89 in chips) 
Seat 5: BrandonBorg ($1.29 in chips) 
Seat 6: prwiz ($0.64 in chips) 
Seat 7: Dorex2007 ($2.31 in chips) 
Seat 8: paimei77 ($1.98 in chips) 
Seat 9: KidMigueh ($2.26 in chips) 
paimei77: posts small blind $0.01
KidMigueh: posts big blind $0.02
*** HOLE CARDS ***
Dealt to Dorex2007 [6c Ac]
buggspray: folds 
EYMMSalvi: raises $0.04 to $0.06
lesttv15: folds 
BrandonBorg: folds 
prwiz: folds 
Dorex2007: folds 
paimei77: folds 
KidMigueh: calls $0.04
*** FLOP *** [9d 5s 7d]
Kevin0152 joins the table at seat #2 
KidMigueh: bets $0.07
EYMMSalvi: calls $0.07
*** TURN *** [9d 5s 7d] [Td]
KidMigueh: bets $0.13
EYMMSalvi: calls $0.13
*** RIVER *** [9d 5s 7d Td] [Qs]
KidMigueh: bets $2 and is all-in
EYMMSalvi: calls $2
*** SHOW DOWN ***
KidMigueh: shows [9c Ts] (two pair, Tens and Nines)
EYMMSalvi: shows [Ad Qh] (a pair of Queens)
KidMigueh collected $4.37 from pot
*** SUMMARY ***
Total pot $4.53 | Rake $0.16 
Board [9d 5s 7d Td Qs]
Seat 1: buggspray folded before Flop (didn't bet)
Seat 3: EYMMSalvi showed [Ad Qh] and lost with a pair of Queens
Seat 4: lesttv15 folded before Flop (didn't bet)
Seat 5: BrandonBorg folded before Flop (didn't bet)
Seat 6: prwiz folded before Flop (didn't bet)
Seat 7: Dorex2007 (button) folded before Flop (didn't bet)
Seat 8: paimei77 (small blind) folded before Flop
Seat 9: KidMigueh (big blind) showed [9c Ts] and won ($4.37) with two pair, Tens and Nines



PokerStars Hand #226792364003:  Hold'em No Limit ($0.01/$0.02 USD) - 2021/05/15 16:19:12 PT [2021/05/15 19:19:12 ET]
Table 'Geisei' 9-max Seat #8 is the button
Seat 1: buggspray ($1.66 in chips) 
Seat 2: Kevin0152 ($0.80 in chips) 
Seat 3: EYMMSalvi ($2 in chips) 
Seat 4: lesttv15 ($0.89 in chips) 
Seat 5: BrandonBorg ($1.29 in chips) 
Seat 6: prwiz ($0.64 in chips) 
Seat 7: Dorex2007 ($2.31 in chips) 
Seat 8: paimei77 ($1.97 in chips) 
Seat 9: KidMigueh ($4.37 in chips) 
KidMigueh: posts small blind $0.01
buggspray: posts big blind $0.02
Kevin0152: posts big blind $0.02
*** HOLE CARDS ***
Dealt to Dorex2007 [9d Ah]
Kevin0152: checks 
EYMMSalvi: folds 
lesttv15: folds 
BrandonBorg: raises $0.02 to $0.04
prwiz: folds 
Dorex2007: folds 
paimei77: calls $0.04
KidMigueh: calls $0.03
buggspray: calls $0.02
Kevin0152: calls $0.02
*** FLOP *** [5c 4c Kh]
KidMigueh: checks 
buggspray: checks 
Kevin0152: bets $0.06
BrandonBorg: raises $0.14 to $0.20
paimei77: folds 
KidMigueh: folds 
buggspray: folds 
Kevin0152: calls $0.14
*** TURN *** [5c 4c Kh] [3d]
Kevin0152: bets $0.10
BrandonBorg: calls $0.10
*** RIVER *** [5c 4c Kh 3d] [6c]
Kevin0152: bets $0.46 and is all-in
BrandonBorg: calls $0.46
*** SHOW DOWN ***
Kevin0152: shows [4s 3h] (two pair, Fours and Threes)
BrandonBorg: shows [Th Kc] (a pair of Kings)
Kevin0152 collected $1.66 from pot
*** SUMMARY ***
Total pot $1.72 | Rake $0.06 
Board [5c 4c Kh 3d 6c]
Seat 1: buggspray (big blind) folded on the Flop
Seat 2: Kevin0152 showed [4s 3h] and won ($1.66) with two pair, Fours and Threes
Seat 3: EYMMSalvi folded before Flop (didn't bet)
Seat 4: lesttv15 folded before Flop (didn't bet)
Seat 5: BrandonBorg showed [Th Kc] and lost with a pair of Kings
Seat 6: prwiz folded before Flop (didn't bet)
Seat 7: Dorex2007 folded before Flop (didn't bet)
Seat 8: paimei77 (button) folded on the Flop
Seat 9: KidMigueh (small blind) folded on the Flop



PokerStars Hand #226792410537:  Hold'em No Limit ($0.01/$0.02 USD) - 2021/05/15 16:21:11 PT [2021/05/15 19:21:11 ET]
Table 'Geisei' 9-max Seat #9 is the button
Seat 1: buggspray ($1.62 in chips) 
Seat 2: Kevin0152 ($1.66 in chips) 
Seat 3: EYMMSalvi ($2 in chips) 
Seat 4: lesttv15 ($0.89 in chips) 
Seat 5: BrandonBorg ($0.49 in chips) 
Seat 6: prwiz ($0.64 in chips) 
Seat 7: Dorex2007 ($2.31 in chips) 
Seat 8: paimei77 ($1.93 in chips) 
Seat 9: KidMigueh ($4.33 in chips) 
buggspray: posts small blind $0.01
Kevin0152: posts big blind $0.02
*** HOLE CARDS ***
Dealt to Dorex2007 [3h Qs]
EYMMSalvi: folds 
lesttv15: raises $0.02 to $0.04
BrandonBorg: folds 
prwiz: folds 
Dorex2007: folds 
paimei77: folds 
KidMigueh: calls $0.04
buggspray: calls $0.03
Kevin0152: calls $0.02
*** FLOP *** [8c 2h 8d]
buggspray: checks 
Kevin0152: bets $0.02
lesttv15: calls $0.02
KidMigueh: folds 
buggspray: folds 
*** TURN *** [8c 2h 8d] [7c]
Kevin0152: bets $0.02
lesttv15: calls $0.02
*** RIVER *** [8c 2h 8d 7c] [5d]
Kevin0152: bets $0.02
lesttv15: calls $0.02
*** SHOW DOWN ***
Kevin0152: shows [6h Jd] (a pair of Eights)
lesttv15: shows [Ah Qd] (a pair of Eights - Ace kicker)
lesttv15 collected $0.27 from pot
*** SUMMARY ***
Total pot $0.28 | Rake $0.01 
Board [8c 2h 8d 7c 5d]
Seat 1: buggspray (small blind) folded on the Flop
Seat 2: Kevin0152 (big blind) showed [6h Jd] and lost with a pair of Eights
Seat 3: EYMMSalvi folded before Flop (didn't bet)
Seat 4: lesttv15 showed [Ah Qd] and won ($0.27) with a pair of Eights
Seat 5: BrandonBorg folded before Flop (didn't bet)
Seat 6: prwiz folded before Flop (didn't bet)
Seat 7: Dorex2007 folded before Flop (didn't bet)
Seat 8: paimei77 folded before Flop (didn't bet)
Seat 9: KidMigueh (button) folded on the Flop



PokerStars Hand #226792431024:  Hold'em No Limit ($0.01/$0.02 USD) - 2021/05/15 16:22:05 PT [2021/05/15 19:22:05 ET]
Table 'Geisei' 9-max Seat #1 is the button
Seat 1: buggspray ($1.58 in chips) 
Seat 2: Kevin0152 ($1.56 in chips) 
Seat 4: lesttv15 ($1.06 in chips) 
Seat 5: BrandonBorg ($0.49 in chips) 
Seat 6: prwiz ($0.64 in chips) 
Seat 7: Dorex2007 ($2.31 in chips) 
Seat 8: paimei77 ($1.93 in chips) 
Seat 9: KidMigueh ($4.29 in chips) 
Kevin0152: posts small blind $0.01
EYMMSalvi: is sitting out 
lesttv15: posts big blind $0.02
*** HOLE CARDS ***
Dealt to Dorex2007 [8d 9h]
EYMMSalvi leaves the table
BrandonBorg: folds 
prwiz: folds 
Dorex2007: folds 
paimei77: folds 
KidMigueh: calls $0.02
buggspray: folds 
Kevin0152: calls $0.01
lesttv15: checks 
*** FLOP *** [5d 4d 3c]
Kevin0152: bets $0.06
lesttv15: folds 
KidMigueh: calls $0.06
*** TURN *** [5d 4d 3c] [4s]
Kevin0152: bets $0.06
KidMigueh: calls $0.06
*** RIVER *** [5d 4d 3c 4s] [As]
wovos joins the table at seat #3 
Kevin0152: bets $0.32
KidMigueh: raises $3.83 to $4.15 and is all-in
Kevin0152: calls $1.10 and is all-in
Uncalled bet ($2.73) returned to KidMigueh
*** SHOW DOWN ***
KidMigueh: shows [Kc 2c] (a straight, Ace to Five)
Kevin0152: shows [5s Ad] (two pair, Aces and Fives)
KidMigueh collected $3.03 from pot
*** SUMMARY ***
Total pot $3.14 | Rake $0.11 
Board [5d 4d 3c 4s As]
Seat 1: buggspray (button) folded before Flop (didn't bet)
Seat 2: Kevin0152 (small blind) showed [5s Ad] and lost with two pair, Aces and Fives
Seat 4: lesttv15 (big blind) folded on the Flop
Seat 5: BrandonBorg folded before Flop (didn't bet)
Seat 6: prwiz folded before Flop (didn't bet)
Seat 7: Dorex2007 folded before Flop (didn't bet)
Seat 8: paimei77 folded before Flop (didn't bet)
Seat 9: KidMigueh showed [Kc 2c] and won ($3.03) with a straight, Ace to Five



PokerStars Hand #226792451823:  Hold'em No Limit ($0.01/$0.02 USD) - 2021/05/15 16:22:59 PT [2021/05/15 19:22:59 ET]
Table 'Geisei' 9-max Seat #4 is the button
Seat 1: buggspray ($1.58 in chips) 
Seat 4: lesttv15 ($1.04 in chips) 
Seat 5: BrandonBorg ($0.49 in chips) 
Seat 6: prwiz ($0.64 in chips) 
Seat 7: Dorex2007 ($2.31 in chips) 
Seat 8: paimei77 ($1.93 in chips) 
Seat 9: KidMigueh ($5.76 in chips) 
BrandonBorg: posts small blind $0.01
prwiz: posts big blind $0.02
wovos: sits out 
*** HOLE CARDS ***
Dealt to Dorex2007 [2c 8d]
Dorex2007: folds 
Kevin0152 leaves the table
paimei77: raises $0.05 to $0.07
KidMigueh: folds 
buggspray: folds 
lesttv15: folds 
BrandonBorg: folds 
prwiz: calls $0.05
*** FLOP *** [As 2s 3c]
wovos leaves the table
prwiz: checks 
paimei77: bets $0.09
prwiz: folds 
Uncalled bet ($0.09) returned to paimei77
paimei77 collected $0.14 from pot
paimei77: doesn't show hand 
*** SUMMARY ***
Total pot $0.15 | Rake $0.01 
Board [As 2s 3c]
Seat 1: buggspray folded before Flop (didn't bet)
Seat 4: lesttv15 (button) folded before Flop (didn't bet)
Seat 5: BrandonBorg (small blind) folded before Flop
Seat 6: prwiz (big blind) folded on the Flop
Seat 7: Dorex2007 folded before Flop (didn't bet)
Seat 8: paimei77 collected ($0.14)
Seat 9: KidMigueh folded before Flop (didn't bet)



PokerStars Hand #226792465913:  Hold'em No Limit ($0.01/$0.02 USD) - 2021/05/15 16:23:36 PT [2021/05/15 19:23:36 ET]
Table 'Geisei' 9-max Seat #5 is the button
Seat 1: buggspray ($1.58 in chips) 
Seat 4: lesttv15 ($1.04 in chips) 
Seat 5: BrandonBorg ($0.48 in chips) 
Seat 6: prwiz ($0.57 in chips) 
Seat 7: Dorex2007 ($2.31 in chips) 
Seat 8: paimei77 ($2 in chips) 
Seat 9: KidMigueh ($5.76 in chips) 
prwiz: posts small blind $0.01
Dorex2007: posts big blind $0.02
*** HOLE CARDS ***
Dealt to Dorex2007 [3c 2h]
paimei77: calls $0.02
KidMigueh: raises $0.02 to $0.04
buggspray: folds 
lesttv15: folds 
BrandonBorg: folds 
prwiz: folds 
Dorex2007: folds 
paimei77: calls $0.02
*** FLOP *** [Th 4s Ad]
paimei77: checks 
KidMigueh: bets $0.06
paimei77: calls $0.06
*** TURN *** [Th 4s Ad] [Qh]
paimei77: checks 
KidMigueh: bets $0.11
paimei77: raises $0.22 to $0.33
KidMigueh: calls $0.22
*** RIVER *** [Th 4s Ad Qh] [9d]
paimei77: checks 
KidMigueh: checks 
*** SHOW DOWN ***
paimei77: shows [Jc Ah] (a pair of Aces)
KidMigueh: mucks hand 
paimei77 collected $0.86 from pot
*** SUMMARY ***
Total pot $0.89 | Rake $0.03 
Board [Th 4s Ad Qh 9d]
Seat 1: buggspray folded before Flop (didn't bet)
Seat 4: lesttv15 folded before Flop (didn't bet)
Seat 5: BrandonBorg (button) folded before Flop (didn't bet)
Seat 6: prwiz (small blind) folded before Flop
Seat 7: Dorex2007 (big blind) folded before Flop
Seat 8: paimei77 showed [Jc Ah] and won ($0.86) with a pair of Aces
Seat 9: KidMigueh mucked [Qd Jh]



PokerStars Hand #226792486088:  Hold'em No Limit ($0.01/$0.02 USD) - 2021/05/15 16:24:29 PT [2021/05/15 19:24:29 ET]
Table 'Geisei' 9-max Seat #6 is the button
Seat 1: buggspray ($1.58 in chips) 
Seat 4: lesttv15 ($1.04 in chips) 
Seat 5: BrandonBorg ($0.48 in chips) 
Seat 6: prwiz ($0.56 in chips) 
Seat 7: Dorex2007 ($2.29 in chips) 
Seat 8: paimei77 ($2.43 in chips) 
Seat 9: KidMigueh ($5.33 in chips) 
Dorex2007: posts small blind $0.01
paimei77: posts big blind $0.02
*** HOLE CARDS ***
Dealt to Dorex2007 [Qc Ks]
KidMigueh: calls $0.02
buggspray: folds 
lesttv15: folds 
BrandonBorg has timed out
BrandonBorg: folds 
prwiz: folds 
Dorex2007: raises $0.04 to $0.06
paimei77: folds 
KidMigueh: calls $0.04
*** FLOP *** [Th Ac Ad]
Dorex2007: bets $0.14
KidMigueh: folds 
Uncalled bet ($0.14) returned to Dorex2007
Dorex2007 collected $0.14 from pot
Dorex2007: doesn't show hand 
*** SUMMARY ***
Total pot $0.14 | Rake $0 
Board [Th Ac Ad]
Seat 1: buggspray folded before Flop (didn't bet)
Seat 4: lesttv15 folded before Flop (didn't bet)
Seat 5: BrandonBorg folded before Flop (didn't bet)
Seat 6: prwiz (button) folded before Flop (didn't bet)
Seat 7: Dorex2007 (small blind) collected ($0.14)
Seat 8: paimei77 (big blind) folded before Flop
Seat 9: KidMigueh folded on the Flop



PokerStars Hand #226792503962:  Hold'em No Limit ($0.01/$0.02 USD) - 2021/05/15 16:25:17 PT [2021/05/15 19:25:17 ET]
Table 'Geisei' 9-max Seat #7 is the button
Seat 1: buggspray ($1.58 in chips) 
Seat 4: lesttv15 ($1.04 in chips) 
Seat 5: BrandonBorg ($0.48 in chips) 
Seat 6: prwiz ($0.56 in chips) 
Seat 7: Dorex2007 ($2.37 in chips) 
Seat 8: paimei77 ($2.41 in chips) 
Seat 9: KidMigueh ($5.27 in chips) 
paimei77: posts small blind $0.01
KidMigueh: posts big blind $0.02
*** HOLE CARDS ***
Dealt to Dorex2007 [Kh 9c]
buggspray: folds 
lesttv15: folds 
buggspray leaves the table
BrandonBorg has timed out
BrandonBorg: folds 
prwiz: folds 
Dorex2007: folds 
paimei77: raises $0.04 to $0.06
KidMigueh: raises $0.14 to $0.20
paimei77: calls $0.14
*** FLOP *** [Qs 2h 2d]
paimei77: checks 
KidMigueh: bets $0.20
paimei77: folds 
Uncalled bet ($0.20) returned to KidMigueh
KidMigueh collected $0.39 from pot
KidMigueh: doesn't show hand 
*** SUMMARY ***
Total pot $0.40 | Rake $0.01 
Board [Qs 2h 2d]
Seat 1: buggspray folded before Flop (didn't bet)
Seat 4: lesttv15 folded before Flop (didn't bet)
Seat 5: BrandonBorg folded before Flop (didn't bet)
Seat 6: prwiz folded before Flop (didn't bet)
Seat 7: Dorex2007 (button) folded before Flop (didn't bet)
Seat 8: paimei77 (small blind) folded on the Flop
Seat 9: KidMigueh (big blind) collected ($0.39)



PokerStars Hand #226792521380:  Hold'em No Limit ($0.01/$0.02 USD) - 2021/05/15 16:26:03 PT [2021/05/15 19:26:03 ET]
Table 'Geisei' 9-max Seat #8 is the button
Seat 4: lesttv15 ($1.04 in chips) 
Seat 5: BrandonBorg ($0.48 in chips) 
Seat 6: prwiz ($0.56 in chips) 
Seat 7: Dorex2007 ($2.37 in chips) 
Seat 8: paimei77 ($2.21 in chips) 
Seat 9: KidMigueh ($5.46 in chips) 
KidMigueh: posts small blind $0.01
lesttv15: posts big blind $0.02
*** HOLE CARDS ***
Dealt to Dorex2007 [2h 8d]
BrandonBorg has timed out
BrandonBorg: folds 
prwiz: folds 
Dorex2007: folds 
BrandonBorg leaves the table
paimei77: raises $0.05 to $0.07
KidMigueh: folds 
lesttv15: calls $0.05
*** FLOP *** [Kd 2s Ks]
lesttv15: checks 
paimei77: bets $0.07
lesttv15: calls $0.07
*** TURN *** [Kd 2s Ks] [5d]
lesttv15: checks 
paimei77: bets $0.14
lesttv15: raises $0.14 to $0.28
paimei77: raises $0.42 to $0.70
lesttv15: raises $0.20 to $0.90 and is all-in
paimei77: calls $0.20
*** RIVER *** [Kd 2s Ks 5d] [7s]
*** SHOW DOWN ***
lesttv15: shows [Kh As] (three of a kind, Kings)
paimei77: shows [2c 2d] (a full house, Deuces full of Kings)
paimei77 collected $2.02 from pot
*** SUMMARY ***
Total pot $2.09 | Rake $0.07 
Board [Kd 2s Ks 5d 7s]
Seat 4: lesttv15 (big blind) showed [Kh As] and lost with three of a kind, Kings
Seat 5: BrandonBorg folded before Flop (didn't bet)
Seat 6: prwiz folded before Flop (didn't bet)
Seat 7: Dorex2007 folded before Flop (didn't bet)
Seat 8: paimei77 (button) showed [2c 2d] and won ($2.02) with a full house, Deuces full of Kings
Seat 9: KidMigueh (small blind) folded before Flop



