PokerStars Hand #237148134992:  Hold'em No Limit ($0.01/$0.02 USD) - 2022/07/03 18:52:48 PT [2022/07/03 21:52:48 ET]
Table 'Pollux III' 9-max Seat #3 is the button
Seat 1: crisrm ($0.76 in chips) 
Seat 2: Dorex2007 ($2 in chips) 
Seat 3: frosa9397 ($1.97 in chips) 
Seat 4: cberto09 ($4.51 in chips) 
Seat 5: mercali736 ($0.80 in chips) 
Seat 6: mumisber ($3.88 in chips) 
Seat 7: harbaka ($0.97 in chips) 
Seat 9: Glacius2050 ($2.79 in chips) 
cberto09: posts small blind $0.01
mercali736: posts big blind $0.02
Dorex2007: posts big blind $0.02
*** HOLE CARDS ***
Dealt to Dorex2007 [5h 3h]
mumisber: folds 
harbaka: folds 
Glacius2050: raises $0.04 to $0.06
crisrm: calls $0.06
Dorex2007: folds 
frosa9397: folds 
cberto09: folds 
mercali736: folds 
*** FLOP *** [9s Jd Ad]
Glacius2050: bets $0.10
crisrm: calls $0.10
*** TURN *** [9s Jd Ad] [9d]
Glacius2050: bets $0.10
crisrm: raises $0.50 to $0.60 and is all-in
Glacius2050: folds 
Uncalled bet ($0.50) returned to crisrm
crisrm collected $0.55 from pot
*** SUMMARY ***
Total pot $0.57 | Rake $0.02 
Board [9s Jd Ad 9d]
Seat 1: crisrm collected ($0.55)
Seat 2: Dorex2007 folded before Flop (didn't bet)
Seat 3: frosa9397 (button) folded before Flop (didn't bet)
Seat 4: cberto09 (small blind) folded before Flop
Seat 5: mercali736 (big blind) folded before Flop
Seat 6: mumisber folded before Flop (didn't bet)
Seat 7: harbaka folded before Flop (didn't bet)
Seat 9: Glacius2050 folded on the Turn



PokerStars Hand #237148144934:  Hold'em No Limit ($0.01/$0.02 USD) - 2022/07/03 18:53:43 PT [2022/07/03 21:53:43 ET]
Table 'Pollux III' 9-max Seat #4 is the button
Seat 1: crisrm ($1.05 in chips) 
Seat 2: Dorex2007 ($2 in chips) 
Seat 3: frosa9397 ($1.97 in chips) 
Seat 4: cberto09 ($4.50 in chips) 
Seat 5: mercali736 ($0.78 in chips) 
Seat 6: mumisber ($3.88 in chips) 
Seat 7: harbaka ($0.97 in chips) 
Seat 9: Glacius2050 ($2.53 in chips) 
mercali736: posts small blind $0.01
mumisber: posts big blind $0.02
*** HOLE CARDS ***
Dealt to Dorex2007 [Kc 6h]
harbaka: folds 
Glacius2050: raises $0.04 to $0.06
Virtual GL7 joins the table at seat #8 
crisrm: calls $0.06
Dorex2007: folds 
frosa9397: folds 
cberto09: calls $0.06
mercali736: folds 
mumisber: folds 
*** FLOP *** [8c 4d 4h]
Glacius2050: checks 
crisrm: checks 
cberto09: bets $0.06
Glacius2050: calls $0.06
crisrm: calls $0.06
*** TURN *** [8c 4d 4h] [2c]
Glacius2050: checks 
crisrm: checks 
cberto09: bets $0.12
Glacius2050: folds 
crisrm: folds 
Uncalled bet ($0.12) returned to cberto09
cberto09 collected $0.38 from pot
*** SUMMARY ***
Total pot $0.39 | Rake $0.01 
Board [8c 4d 4h 2c]
Seat 1: crisrm folded on the Turn
Seat 2: Dorex2007 folded before Flop (didn't bet)
Seat 3: frosa9397 folded before Flop (didn't bet)
Seat 4: cberto09 (button) collected ($0.38)
Seat 5: mercali736 (small blind) folded before Flop
Seat 6: mumisber (big blind) folded before Flop
Seat 7: harbaka folded before Flop (didn't bet)
Seat 9: Glacius2050 folded on the Turn



PokerStars Hand #237148155779:  Hold'em No Limit ($0.01/$0.02 USD) - 2022/07/03 18:54:44 PT [2022/07/03 21:54:44 ET]
Table 'Pollux III' 9-max Seat #5 is the button
Seat 1: crisrm ($0.93 in chips) 
Seat 2: Dorex2007 ($2 in chips) 
Seat 3: frosa9397 ($1.97 in chips) 
Seat 4: cberto09 ($4.76 in chips) 
Seat 5: mercali736 ($0.77 in chips) 
Seat 6: mumisber ($3.86 in chips) 
Seat 7: harbaka ($0.97 in chips) 
Seat 9: Glacius2050 ($2.41 in chips) 
mumisber: posts small blind $0.01
harbaka: posts big blind $0.02
Virtual GL7: sits out 
*** HOLE CARDS ***
Dealt to Dorex2007 [5c 5h]
Glacius2050: folds 
crisrm: calls $0.02
Dorex2007: calls $0.02
frosa9397: folds 
cberto09: folds 
mercali736: calls $0.02
mumisber: folds 
harbaka: checks 
*** FLOP *** [Kh 6c 3s]
harbaka: checks 
crisrm: checks 
Dorex2007: checks 
mercali736: checks 
*** TURN *** [Kh 6c 3s] [Ah]
harbaka: checks 
crisrm: checks 
Dorex2007: checks 
mercali736: checks 
*** RIVER *** [Kh 6c 3s Ah] [6s]
harbaka: checks 
crisrm: checks 
Dorex2007: checks 
mercali736: checks 
*** SHOW DOWN ***
harbaka: shows [8h 4h] (a pair of Sixes)
crisrm: shows [Td Qd] (a pair of Sixes - Ace+King+Queen kicker)
Dorex2007: shows [5c 5h] (two pair, Sixes and Fives)
mercali736: mucks hand 
Dorex2007 collected $0.09 from pot
*** SUMMARY ***
Total pot $0.09 | Rake $0 
Board [Kh 6c 3s Ah 6s]
Seat 1: crisrm showed [Td Qd] and lost with a pair of Sixes
Seat 2: Dorex2007 showed [5c 5h] and won ($0.09) with two pair, Sixes and Fives
Seat 3: frosa9397 folded before Flop (didn't bet)
Seat 4: cberto09 folded before Flop (didn't bet)
Seat 5: mercali736 (button) mucked [Tc Jd]
Seat 6: mumisber (small blind) folded before Flop
Seat 7: harbaka (big blind) showed [8h 4h] and lost with a pair of Sixes
Seat 9: Glacius2050 folded before Flop (didn't bet)



PokerStars Hand #237148165688:  Hold'em No Limit ($0.01/$0.02 USD) - 2022/07/03 18:55:51 PT [2022/07/03 21:55:51 ET]
Table 'Pollux III' 9-max Seat #6 is the button
Seat 1: crisrm ($0.91 in chips) 
Seat 2: Dorex2007 ($2.07 in chips) 
Seat 3: frosa9397 ($1.97 in chips) 
Seat 4: cberto09 ($4.76 in chips) 
Seat 5: mercali736 ($0.75 in chips) 
Seat 6: mumisber ($3.85 in chips) 
Seat 7: harbaka ($0.95 in chips) 
Seat 8: Virtual GL7 ($0.80 in chips) 
Seat 9: Glacius2050 ($2.41 in chips) 
harbaka: posts small blind $0.01
Virtual GL7: posts big blind $0.02
*** HOLE CARDS ***
Dealt to Dorex2007 [2d 8h]
Glacius2050: folds 
crisrm: calls $0.02
Dorex2007: folds 
frosa9397: folds 
cberto09: raises $0.08 to $0.10
mercali736: folds 
mumisber: calls $0.10
harbaka: folds 
Virtual GL7: calls $0.08
crisrm: calls $0.08
*** FLOP *** [5c Jd Kh]
Virtual GL7: checks 
crisrm: checks 
cberto09: checks 
mumisber: checks 
*** TURN *** [5c Jd Kh] [8s]
Virtual GL7: bets $0.08
crisrm: raises $0.30 to $0.38
cberto09: folds 
mumisber: folds 
Virtual GL7: folds 
Uncalled bet ($0.30) returned to crisrm
crisrm collected $0.55 from pot
*** SUMMARY ***
Total pot $0.57 | Rake $0.02 
Board [5c Jd Kh 8s]
Seat 1: crisrm collected ($0.55)
Seat 2: Dorex2007 folded before Flop (didn't bet)
Seat 3: frosa9397 folded before Flop (didn't bet)
Seat 4: cberto09 folded on the Turn
Seat 5: mercali736 folded before Flop (didn't bet)
Seat 6: mumisber (button) folded on the Turn
Seat 7: harbaka (small blind) folded before Flop
Seat 8: Virtual GL7 (big blind) folded on the Turn
Seat 9: Glacius2050 folded before Flop (didn't bet)



PokerStars Hand #237148175804:  Hold'em No Limit ($0.01/$0.02 USD) - 2022/07/03 18:57:04 PT [2022/07/03 21:57:04 ET]
Table 'Pollux III' 9-max Seat #7 is the button
Seat 1: crisrm ($1.28 in chips) 
Seat 2: Dorex2007 ($2.07 in chips) 
Seat 3: frosa9397 ($1.97 in chips) 
Seat 4: cberto09 ($4.66 in chips) 
Seat 5: mercali736 ($0.75 in chips) 
Seat 6: mumisber ($3.75 in chips) 
Seat 7: harbaka ($0.94 in chips) 
Seat 8: Virtual GL7 ($0.62 in chips) 
Seat 9: Glacius2050 ($2.41 in chips) 
Virtual GL7: posts small blind $0.01
Glacius2050: posts big blind $0.02
*** HOLE CARDS ***
Dealt to Dorex2007 [2s 4h]
crisrm: calls $0.02
Dorex2007: folds 
frosa9397: calls $0.02
cberto09: folds 
mercali736 has timed out
mercali736: folds 
mumisber: raises $0.08 to $0.10
harbaka: folds 
Virtual GL7: folds 
Glacius2050: folds 
crisrm: calls $0.08
frosa9397: folds 
*** FLOP *** [6h 3s 7c]
crisrm: checks 
mumisber: checks 
*** TURN *** [6h 3s 7c] [Kd]
crisrm: bets $0.12
mumisber: folds 
Uncalled bet ($0.12) returned to crisrm
crisrm collected $0.24 from pot
*** SUMMARY ***
Total pot $0.25 | Rake $0.01 
Board [6h 3s 7c Kd]
Seat 1: crisrm collected ($0.24)
Seat 2: Dorex2007 folded before Flop (didn't bet)
Seat 3: frosa9397 folded before Flop
Seat 4: cberto09 folded before Flop (didn't bet)
Seat 5: mercali736 folded before Flop (didn't bet)
Seat 6: mumisber folded on the Turn
Seat 7: harbaka (button) folded before Flop (didn't bet)
Seat 8: Virtual GL7 (small blind) folded before Flop
Seat 9: Glacius2050 (big blind) folded before Flop



PokerStars Hand #237148184313:  Hold'em No Limit ($0.01/$0.02 USD) - 2022/07/03 18:58:05 PT [2022/07/03 21:58:05 ET]
Table 'Pollux III' 9-max Seat #8 is the button
Seat 1: crisrm ($1.42 in chips) 
Seat 2: Dorex2007 ($2.07 in chips) 
Seat 3: frosa9397 ($1.95 in chips) 
Seat 4: cberto09 ($4.66 in chips) 
Seat 5: mercali736 ($0.75 in chips) 
Seat 6: mumisber ($3.65 in chips) 
Seat 7: harbaka ($0.94 in chips) 
Seat 8: Virtual GL7 ($0.61 in chips) 
Seat 9: Glacius2050 ($2.39 in chips) 
Glacius2050: posts small blind $0.01
crisrm: posts big blind $0.02
*** HOLE CARDS ***
Dealt to Dorex2007 [7s 5h]
Dorex2007: folds 
frosa9397: calls $0.02
cberto09: folds 
mercali736: folds 
mumisber: folds 
harbaka: folds 
Virtual GL7: folds 
Glacius2050: folds 
crisrm: checks 
*** FLOP *** [2d 4h Kc]
crisrm: checks 
frosa9397: checks 
*** TURN *** [2d 4h Kc] [Jh]
crisrm: checks 
frosa9397: bets $0.02
crisrm: folds 
Uncalled bet ($0.02) returned to frosa9397
frosa9397 collected $0.05 from pot
*** SUMMARY ***
Total pot $0.05 | Rake $0 
Board [2d 4h Kc Jh]
Seat 1: crisrm (big blind) folded on the Turn
Seat 2: Dorex2007 folded before Flop (didn't bet)
Seat 3: frosa9397 collected ($0.05)
Seat 4: cberto09 folded before Flop (didn't bet)
Seat 5: mercali736 folded before Flop (didn't bet)
Seat 6: mumisber folded before Flop (didn't bet)
Seat 7: harbaka folded before Flop (didn't bet)
Seat 8: Virtual GL7 (button) folded before Flop (didn't bet)
Seat 9: Glacius2050 (small blind) folded before Flop



PokerStars Hand #237148192577:  Hold'em No Limit ($0.01/$0.02 USD) - 2022/07/03 18:59:04 PT [2022/07/03 21:59:04 ET]
Table 'Pollux III' 9-max Seat #9 is the button
Seat 1: crisrm ($1.40 in chips) 
Seat 2: Dorex2007 ($2.07 in chips) 
Seat 3: frosa9397 ($1.98 in chips) 
Seat 4: cberto09 ($4.66 in chips) 
Seat 5: mercali736 ($0.75 in chips) 
Seat 6: mumisber ($3.65 in chips) 
Seat 7: harbaka ($0.94 in chips) 
Seat 8: Virtual GL7 ($0.61 in chips) 
Seat 9: Glacius2050 ($2.38 in chips) 
crisrm: posts small blind $0.01
Dorex2007: posts big blind $0.02
*** HOLE CARDS ***
Dealt to Dorex2007 [Ac Jd]
frosa9397: folds 
cberto09: folds 
mercali736: raises $0.04 to $0.06
mumisber: calls $0.06
harbaka: folds 
Virtual GL7: folds 
Glacius2050: calls $0.06
crisrm: folds 
Dorex2007: calls $0.04
*** FLOP *** [6h 3d 3h]
Dorex2007: checks 
mercali736: checks 
mumisber: checks 
Glacius2050: checks 
*** TURN *** [6h 3d 3h] [4d]
Dorex2007: bets $0.08
mercali736: folds 
mumisber: folds 
Glacius2050: calls $0.08
*** RIVER *** [6h 3d 3h 4d] [Ad]
Dorex2007: bets $0.20
Glacius2050: folds 
Uncalled bet ($0.20) returned to Dorex2007
Dorex2007 collected $0.40 from pot
*** SUMMARY ***
Total pot $0.41 | Rake $0.01 
Board [6h 3d 3h 4d Ad]
Seat 1: crisrm (small blind) folded before Flop
Seat 2: Dorex2007 (big blind) collected ($0.40)
Seat 3: frosa9397 folded before Flop (didn't bet)
Seat 4: cberto09 folded before Flop (didn't bet)
Seat 5: mercali736 folded on the Turn
Seat 6: mumisber folded on the Turn
Seat 7: harbaka folded before Flop (didn't bet)
Seat 8: Virtual GL7 folded before Flop (didn't bet)
Seat 9: Glacius2050 (button) folded on the River



PokerStars Hand #237148204912:  Hold'em No Limit ($0.01/$0.02 USD) - 2022/07/03 19:00:31 PT [2022/07/03 22:00:31 ET]
Table 'Pollux III' 9-max Seat #1 is the button
Seat 1: crisrm ($1.39 in chips) 
Seat 2: Dorex2007 ($2.33 in chips) 
Seat 3: frosa9397 ($1.98 in chips) 
Seat 4: cberto09 ($4.66 in chips) 
Seat 5: mercali736 ($0.69 in chips) 
Seat 6: mumisber ($3.59 in chips) 
Seat 7: harbaka ($0.94 in chips) 
Seat 8: Virtual GL7 ($0.61 in chips) 
Seat 9: Glacius2050 ($2.24 in chips) 
Dorex2007: posts small blind $0.01
frosa9397: posts big blind $0.02
*** HOLE CARDS ***
Dealt to Dorex2007 [Jc 9d]
cberto09: folds 
mercali736: calls $0.02
mumisber: folds 
harbaka: folds 
Virtual GL7: calls $0.02
Glacius2050: folds 
crisrm: calls $0.02
Dorex2007: folds 
frosa9397: checks 
*** FLOP *** [9c 6d 2h]
frosa9397: checks 
mercali736: checks 
Virtual GL7: checks 
crisrm: checks 
*** TURN *** [9c 6d 2h] [3d]
frosa9397: checks 
mercali736: checks 
Virtual GL7: checks 
crisrm: checks 
*** RIVER *** [9c 6d 2h 3d] [Ah]
frosa9397: checks 
mercali736: checks 
Virtual GL7: bets $0.02
crisrm: folds 
frosa9397: folds 
mercali736: folds 
Uncalled bet ($0.02) returned to Virtual GL7
Virtual GL7 collected $0.09 from pot
*** SUMMARY ***
Total pot $0.09 | Rake $0 
Board [9c 6d 2h 3d Ah]
Seat 1: crisrm (button) folded on the River
Seat 2: Dorex2007 (small blind) folded before Flop
Seat 3: frosa9397 (big blind) folded on the River
Seat 4: cberto09 folded before Flop (didn't bet)
Seat 5: mercali736 folded on the River
Seat 6: mumisber folded before Flop (didn't bet)
Seat 7: harbaka folded before Flop (didn't bet)
Seat 8: Virtual GL7 collected ($0.09)
Seat 9: Glacius2050 folded before Flop (didn't bet)



PokerStars Hand #237148221567:  Hold'em No Limit ($0.01/$0.02 USD) - 2022/07/03 19:02:09 PT [2022/07/03 22:02:09 ET]
Table 'Pollux III' 9-max Seat #2 is the button
Seat 1: crisrm ($1.37 in chips) 
Seat 2: Dorex2007 ($2.32 in chips) 
Seat 3: frosa9397 ($1.96 in chips) 
Seat 4: cberto09 ($4.66 in chips) 
Seat 5: mercali736 ($0.67 in chips) 
Seat 6: mumisber ($3.59 in chips) 
Seat 7: harbaka ($0.94 in chips) 
Seat 8: Virtual GL7 ($0.68 in chips) 
Seat 9: Glacius2050 ($2.24 in chips) 
frosa9397: posts small blind $0.01
cberto09: posts big blind $0.02
*** HOLE CARDS ***
Dealt to Dorex2007 [3s 3d]
mercali736: folds 
mumisber: folds 
harbaka: folds 
Virtual GL7: folds 
Glacius2050: folds 
crisrm: raises $0.02 to $0.04
Dorex2007: calls $0.04
frosa9397: folds 
cberto09: folds 
*** FLOP *** [6s 5c 9d]
crisrm: checks 
Dorex2007: checks 
*** TURN *** [6s 5c 9d] [As]
crisrm: checks 
Dorex2007: bets $0.05
crisrm: calls $0.05
*** RIVER *** [6s 5c 9d As] [4h]
crisrm: checks 
Dorex2007: checks 
*** SHOW DOWN ***
crisrm: shows [8h 5h] (a pair of Fives)
Dorex2007: mucks hand 
crisrm collected $0.20 from pot
*** SUMMARY ***
Total pot $0.21 | Rake $0.01 
Board [6s 5c 9d As 4h]
Seat 1: crisrm showed [8h 5h] and won ($0.20) with a pair of Fives
Seat 2: Dorex2007 (button) mucked [3s 3d]
Seat 3: frosa9397 (small blind) folded before Flop
Seat 4: cberto09 (big blind) folded before Flop
Seat 5: mercali736 folded before Flop (didn't bet)
Seat 6: mumisber folded before Flop (didn't bet)
Seat 7: harbaka folded before Flop (didn't bet)
Seat 8: Virtual GL7 folded before Flop (didn't bet)
Seat 9: Glacius2050 folded before Flop (didn't bet)



PokerStars Hand #237148231666:  Hold'em No Limit ($0.01/$0.02 USD) - 2022/07/03 19:03:03 PT [2022/07/03 22:03:03 ET]
Table 'Pollux III' 9-max Seat #3 is the button
Seat 1: crisrm ($1.48 in chips) 
Seat 2: Dorex2007 ($2.23 in chips) 
Seat 3: frosa9397 ($1.95 in chips) 
Seat 4: cberto09 ($4.64 in chips) 
Seat 5: mercali736 ($0.67 in chips) 
Seat 6: mumisber ($3.59 in chips) 
Seat 7: harbaka ($0.94 in chips) 
Seat 8: Virtual GL7 ($0.68 in chips) 
Seat 9: Glacius2050 ($2.24 in chips) 
cberto09: posts small blind $0.01
mercali736: posts big blind $0.02
*** HOLE CARDS ***
Dealt to Dorex2007 [7d Td]
mumisber: folds 
harbaka: folds 
Virtual GL7: folds 
Glacius2050: folds 
crisrm: calls $0.02
Dorex2007: folds 
frosa9397: folds 
cberto09: folds 
mercali736: checks 
*** FLOP *** [4h 2h Jh]
mercali736: checks 
crisrm: bets $0.05
mercali736: folds 
Uncalled bet ($0.05) returned to crisrm
crisrm collected $0.05 from pot
*** SUMMARY ***
Total pot $0.05 | Rake $0 
Board [4h 2h Jh]
Seat 1: crisrm collected ($0.05)
Seat 2: Dorex2007 folded before Flop (didn't bet)
Seat 3: frosa9397 (button) folded before Flop (didn't bet)
Seat 4: cberto09 (small blind) folded before Flop
Seat 5: mercali736 (big blind) folded on the Flop
Seat 6: mumisber folded before Flop (didn't bet)
Seat 7: harbaka folded before Flop (didn't bet)
Seat 8: Virtual GL7 folded before Flop (didn't bet)
Seat 9: Glacius2050 folded before Flop (didn't bet)



PokerStars Hand #237148238258:  Hold'em No Limit ($0.01/$0.02 USD) - 2022/07/03 19:03:40 PT [2022/07/03 22:03:40 ET]
Table 'Pollux III' 9-max Seat #4 is the button
Seat 1: crisrm ($1.51 in chips) 
Seat 2: Dorex2007 ($2.23 in chips) 
Seat 3: frosa9397 ($1.95 in chips) 
Seat 4: cberto09 ($4.63 in chips) 
Seat 5: mercali736 ($0.65 in chips) 
Seat 6: mumisber ($3.59 in chips) 
Seat 7: harbaka ($0.94 in chips) 
Seat 8: Virtual GL7 ($0.68 in chips) 
Seat 9: Glacius2050 ($2.24 in chips) 
mercali736: posts small blind $0.01
mumisber: posts big blind $0.02
*** HOLE CARDS ***
Dealt to Dorex2007 [Qc 5h]
harbaka: folds 
Virtual GL7: folds 
Glacius2050: folds 
crisrm: folds 
Dorex2007: folds 
frosa9397: folds 
cberto09: raises $0.04 to $0.06
mercali736: raises $0.06 to $0.12
mumisber: calls $0.10
cberto09: folds 
*** FLOP *** [5s 7c Ah]
mercali736: bets $0.10
mumisber: raises $0.16 to $0.26
mercali736: calls $0.16
*** TURN *** [5s 7c Ah] [7d]
mercali736: checks 
mumisber: bets $0.39
mercali736: calls $0.27 and is all-in
Uncalled bet ($0.12) returned to mumisber
*** RIVER *** [5s 7c Ah 7d] [Tc]
*** SHOW DOWN ***
mercali736: shows [Js Jc] (two pair, Jacks and Sevens)
mumisber: shows [As Qs] (two pair, Aces and Sevens)
mumisber collected $1.31 from pot
mercali736 cashed out the hand for $0.06
*** SUMMARY ***
Total pot $1.36 | Rake $0.05 
Board [5s 7c Ah 7d Tc]
Seat 1: crisrm folded before Flop (didn't bet)
Seat 2: Dorex2007 folded before Flop (didn't bet)
Seat 3: frosa9397 folded before Flop (didn't bet)
Seat 4: cberto09 (button) folded before Flop
Seat 5: mercali736 (small blind) showed [Js Jc] and lost with two pair, Jacks and Sevens (cashed out).
Seat 6: mumisber (big blind) showed [As Qs] and won ($1.31) with two pair, Aces and Sevens
Seat 7: harbaka folded before Flop (didn't bet)
Seat 8: Virtual GL7 folded before Flop (didn't bet)
Seat 9: Glacius2050 folded before Flop (didn't bet)



PokerStars Hand #237148250054:  Hold'em No Limit ($0.01/$0.02 USD) - 2022/07/03 19:04:47 PT [2022/07/03 22:04:47 ET]
Table 'Pollux III' 9-max Seat #5 is the button
Seat 1: crisrm ($1.51 in chips) 
Seat 2: Dorex2007 ($2.23 in chips) 
Seat 3: frosa9397 ($1.95 in chips) 
Seat 4: cberto09 ($4.57 in chips) 
Seat 5: mercali736 ($0.06 in chips) 
Seat 6: mumisber ($4.25 in chips) 
Seat 7: harbaka ($0.94 in chips) 
Seat 8: Virtual GL7 ($0.68 in chips) 
Seat 9: Glacius2050 ($2.24 in chips) 
mumisber: posts small blind $0.01
harbaka: posts big blind $0.02
*** HOLE CARDS ***
Dealt to Dorex2007 [6c 8d]
Virtual GL7: calls $0.02
Glacius2050: raises $0.05 to $0.07
crisrm: folds 
Dorex2007: folds 
frosa9397: folds 
cberto09: calls $0.07
mercali736: calls $0.06 and is all-in
mumisber: folds 
harbaka: folds 
Virtual GL7: calls $0.05
*** FLOP *** [2s As 3h]
Virtual GL7: checks 
Glacius2050: checks 
cberto09: bets $0.10
Virtual GL7: folds 
Glacius2050: folds 
Uncalled bet ($0.10) returned to cberto09
*** TURN *** [2s As 3h] [2c]
*** RIVER *** [2s As 3h 2c] [8h]
*** SHOW DOWN ***
cberto09: shows [Ad Jc] (two pair, Aces and Deuces)
cberto09 collected $0.03 from side pot
mercali736: shows [Ac 7s] (two pair, Aces and Deuces - lower kicker)
cberto09 collected $0.26 from main pot
*** SUMMARY ***
Total pot $0.30 Main pot $0.26. Side pot $0.03. | Rake $0.01 
Board [2s As 3h 2c 8h]
Seat 1: crisrm folded before Flop (didn't bet)
Seat 2: Dorex2007 folded before Flop (didn't bet)
Seat 3: frosa9397 folded before Flop (didn't bet)
Seat 4: cberto09 showed [Ad Jc] and won ($0.29) with two pair, Aces and Deuces
Seat 5: mercali736 (button) showed [Ac 7s] and lost with two pair, Aces and Deuces
Seat 6: mumisber (small blind) folded before Flop
Seat 7: harbaka (big blind) folded before Flop
Seat 8: Virtual GL7 folded on the Flop
Seat 9: Glacius2050 folded on the Flop



PokerStars Hand #237148269716:  Hold'em No Limit ($0.01/$0.02 USD) - 2022/07/03 19:06:08 PT [2022/07/03 22:06:08 ET]
Table 'Pollux III' 9-max Seat #6 is the button
Seat 1: crisrm ($1.51 in chips) 
Seat 2: Dorex2007 ($2.23 in chips) 
Seat 3: frosa9397 ($1.95 in chips) 
Seat 4: cberto09 ($4.79 in chips) 
Seat 6: mumisber ($4.24 in chips) 
Seat 7: harbaka ($0.92 in chips) 
Seat 8: Virtual GL7 ($0.61 in chips) 
Seat 9: Glacius2050 ($2.17 in chips) 
harbaka: posts small blind $0.01
Virtual GL7: posts big blind $0.02
*** HOLE CARDS ***
Dealt to Dorex2007 [8s 6d]
Glacius2050: raises $0.04 to $0.06
Gabilanpio joins the table at seat #5 
crisrm: folds 
Dorex2007: folds 
frosa9397: folds 
cberto09: folds 
mumisber: folds 
harbaka: folds 
Virtual GL7: calls $0.04
*** FLOP *** [Qs Kc Ah]
Virtual GL7: bets $0.04
Glacius2050: folds 
Uncalled bet ($0.04) returned to Virtual GL7
Virtual GL7 collected $0.13 from pot
*** SUMMARY ***
Total pot $0.13 | Rake $0 
Board [Qs Kc Ah]
Seat 1: crisrm folded before Flop (didn't bet)
Seat 2: Dorex2007 folded before Flop (didn't bet)
Seat 3: frosa9397 folded before Flop (didn't bet)
Seat 4: cberto09 folded before Flop (didn't bet)
Seat 6: mumisber (button) folded before Flop (didn't bet)
Seat 7: harbaka (small blind) folded before Flop
Seat 8: Virtual GL7 (big blind) collected ($0.13)
Seat 9: Glacius2050 folded on the Flop



PokerStars Hand #237148275403:  Hold'em No Limit ($0.01/$0.02 USD) - 2022/07/03 19:06:41 PT [2022/07/03 22:06:41 ET]
Table 'Pollux III' 9-max Seat #7 is the button
Seat 1: crisrm ($1.51 in chips) 
Seat 2: Dorex2007 ($2.23 in chips) 
Seat 3: frosa9397 ($1.95 in chips) 
Seat 4: cberto09 ($4.79 in chips) 
Seat 5: Gabilanpio ($1.60 in chips) 
Seat 6: mumisber ($4.24 in chips) 
Seat 7: harbaka ($0.91 in chips) 
Seat 8: Virtual GL7 ($0.68 in chips) 
Seat 9: Glacius2050 ($2.11 in chips) 
Virtual GL7: posts small blind $0.01
Glacius2050: posts big blind $0.02
Gabilanpio: posts big blind $0.02
*** HOLE CARDS ***
Dealt to Dorex2007 [Ac 3h]
crisrm: folds 
Dorex2007: folds 
frosa9397 has timed out
frosa9397: folds 
cberto09: folds 
Gabilanpio: checks 
mumisber: raises $0.08 to $0.10
harbaka: folds 
Virtual GL7: folds 
Glacius2050: calls $0.08
Gabilanpio: folds 
*** FLOP *** [Td 9c Jh]
Glacius2050: checks 
mumisber: checks 
*** TURN *** [Td 9c Jh] [Qh]
Glacius2050: bets $0.30
mumisber: raises $0.41 to $0.71
Glacius2050: calls $0.41
*** RIVER *** [Td 9c Jh Qh] [Kh]
Glacius2050: checks 
mumisber: checks 
*** SHOW DOWN ***
Glacius2050: shows [Js Qd] (a straight, Nine to King)
mumisber: shows [Kd Ad] (a straight, Ten to Ace)
mumisber collected $1.59 from pot
*** SUMMARY ***
Total pot $1.65 | Rake $0.06 
Board [Td 9c Jh Qh Kh]
Seat 1: crisrm folded before Flop (didn't bet)
Seat 2: Dorex2007 folded before Flop (didn't bet)
Seat 3: frosa9397 folded before Flop (didn't bet)
Seat 4: cberto09 folded before Flop (didn't bet)
Seat 5: Gabilanpio folded before Flop (didn't bet)
Seat 6: mumisber showed [Kd Ad] and won ($1.59) with a straight, Ten to Ace
Seat 7: harbaka (button) folded before Flop (didn't bet)
Seat 8: Virtual GL7 (small blind) folded before Flop
Seat 9: Glacius2050 (big blind) showed [Js Qd] and lost with a straight, Nine to King



PokerStars Hand #237148286590:  Hold'em No Limit ($0.01/$0.02 USD) - 2022/07/03 19:07:44 PT [2022/07/03 22:07:44 ET]
Table 'Pollux III' 9-max Seat #8 is the button
Seat 1: crisrm ($1.51 in chips) 
Seat 2: Dorex2007 ($2.23 in chips) 
Seat 4: cberto09 ($4.79 in chips) 
Seat 5: Gabilanpio ($1.58 in chips) 
Seat 6: mumisber ($5.02 in chips) 
Seat 7: harbaka ($0.91 in chips) 
Seat 8: Virtual GL7 ($0.67 in chips) 
Seat 9: Glacius2050 ($1.30 in chips) 
Glacius2050: posts small blind $0.01
crisrm: posts big blind $0.02
*** HOLE CARDS ***
Dealt to Dorex2007 [Jc 3s]
Dorex2007: folds 
cberto09: folds 
Gabilanpio: raises $0.02 to $0.04
mumisber: folds 
harbaka: folds 
Virtual GL7: calls $0.04
Glacius2050: calls $0.03
crisrm: folds 
*** FLOP *** [9c 5d Qh]
Glacius2050: checks 
Gabilanpio: checks 
Virtual GL7: bets $0.04
Glacius2050: calls $0.04
Gabilanpio: folds 
*** TURN *** [9c 5d Qh] [Qc]
Glacius2050: checks 
Virtual GL7: bets $0.08
Glacius2050: calls $0.08
*** RIVER *** [9c 5d Qh Qc] [Ks]
Glacius2050: checks 
Virtual GL7: checks 
*** SHOW DOWN ***
Glacius2050: shows [4d 4h] (two pair, Queens and Fours)
Virtual GL7: mucks hand 
Glacius2050 collected $0.37 from pot
*** SUMMARY ***
Total pot $0.38 | Rake $0.01 
Board [9c 5d Qh Qc Ks]
Seat 1: crisrm (big blind) folded before Flop
Seat 2: Dorex2007 folded before Flop (didn't bet)
Seat 4: cberto09 folded before Flop (didn't bet)
Seat 5: Gabilanpio folded on the Flop
Seat 6: mumisber folded before Flop (didn't bet)
Seat 7: harbaka folded before Flop (didn't bet)
Seat 8: Virtual GL7 (button) mucked [Ad 7c]
Seat 9: Glacius2050 (small blind) showed [4d 4h] and won ($0.37) with two pair, Queens and Fours



PokerStars Hand #237148297870:  Hold'em No Limit ($0.01/$0.02 USD) - 2022/07/03 19:08:49 PT [2022/07/03 22:08:49 ET]
Table 'Pollux III' 9-max Seat #9 is the button
Seat 1: crisrm ($1.49 in chips) 
Seat 2: Dorex2007 ($2.23 in chips) 
Seat 4: cberto09 ($4.79 in chips) 
Seat 5: Gabilanpio ($1.54 in chips) 
Seat 6: mumisber ($5.02 in chips) 
Seat 7: harbaka ($0.91 in chips) 
Seat 8: Virtual GL7 ($0.51 in chips) 
Seat 9: Glacius2050 ($1.51 in chips) 
crisrm: posts small blind $0.01
Dorex2007: posts big blind $0.02
*** HOLE CARDS ***
Dealt to Dorex2007 [Qc 2c]
cberto09: folds 
Gabilanpio: folds 
mumisber: folds 
harbaka: folds 
Virtual GL7: folds 
Glacius2050: folds 
crisrm: raises $0.04 to $0.06
Dorex2007: folds 
Uncalled bet ($0.04) returned to crisrm
crisrm collected $0.04 from pot
*** SUMMARY ***
Total pot $0.04 | Rake $0 
Seat 1: crisrm (small blind) collected ($0.04)
Seat 2: Dorex2007 (big blind) folded before Flop
Seat 4: cberto09 folded before Flop (didn't bet)
Seat 5: Gabilanpio folded before Flop (didn't bet)
Seat 6: mumisber folded before Flop (didn't bet)
Seat 7: harbaka folded before Flop (didn't bet)
Seat 8: Virtual GL7 folded before Flop (didn't bet)
Seat 9: Glacius2050 (button) folded before Flop (didn't bet)



PokerStars Hand #237148301395:  Hold'em No Limit ($0.01/$0.02 USD) - 2022/07/03 19:09:10 PT [2022/07/03 22:09:10 ET]
Table 'Pollux III' 9-max Seat #1 is the button
Seat 1: crisrm ($1.51 in chips) 
Seat 2: Dorex2007 ($2.21 in chips) 
Seat 4: cberto09 ($4.79 in chips) 
Seat 5: Gabilanpio ($1.54 in chips) 
Seat 6: mumisber ($5.02 in chips) 
Seat 7: harbaka ($0.91 in chips) 
Seat 8: Virtual GL7 ($0.51 in chips) 
Seat 9: Glacius2050 ($1.51 in chips) 
Dorex2007: posts small blind $0.01
cberto09: posts big blind $0.02
*** HOLE CARDS ***
Dealt to Dorex2007 [2s Js]
Gabilanpio: calls $0.02
mumisber: folds 
harbaka: folds 
Virtual GL7: folds 
Glacius2050: raises $0.04 to $0.06
crisrm: folds 
Dorex2007: folds 
cberto09: folds 
Gabilanpio: folds 
Uncalled bet ($0.04) returned to Glacius2050
Glacius2050 collected $0.07 from pot
*** SUMMARY ***
Total pot $0.07 | Rake $0 
Seat 1: crisrm (button) folded before Flop (didn't bet)
Seat 2: Dorex2007 (small blind) folded before Flop
Seat 4: cberto09 (big blind) folded before Flop
Seat 5: Gabilanpio folded before Flop
Seat 6: mumisber folded before Flop (didn't bet)
Seat 7: harbaka folded before Flop (didn't bet)
Seat 8: Virtual GL7 folded before Flop (didn't bet)
Seat 9: Glacius2050 collected ($0.07)



PokerStars Hand #237148305999:  Hold'em No Limit ($0.01/$0.02 USD) - 2022/07/03 19:09:37 PT [2022/07/03 22:09:37 ET]
Table 'Pollux III' 9-max Seat #2 is the button
Seat 1: crisrm ($1.51 in chips) 
Seat 2: Dorex2007 ($2.20 in chips) 
Seat 4: cberto09 ($4.77 in chips) 
Seat 5: Gabilanpio ($1.52 in chips) 
Seat 6: mumisber ($5.02 in chips) 
Seat 7: harbaka ($0.91 in chips) 
Seat 8: Virtual GL7 ($0.51 in chips) 
Seat 9: Glacius2050 ($1.56 in chips) 
cberto09: posts small blind $0.01
Gabilanpio: posts big blind $0.02
*** HOLE CARDS ***
Dealt to Dorex2007 [2c 7h]
mumisber: folds 
harbaka: raises $0.06 to $0.08
Virtual GL7: folds 
Glacius2050: calls $0.08
crisrm: folds 
Dorex2007: folds 
cberto09: folds 
Gabilanpio: folds 
*** FLOP *** [Js Jd 6s]
harbaka: bets $0.18
Glacius2050: folds 
Uncalled bet ($0.18) returned to harbaka
harbaka collected $0.18 from pot
*** SUMMARY ***
Total pot $0.19 | Rake $0.01 
Board [Js Jd 6s]
Seat 1: crisrm folded before Flop (didn't bet)
Seat 2: Dorex2007 (button) folded before Flop (didn't bet)
Seat 4: cberto09 (small blind) folded before Flop
Seat 5: Gabilanpio (big blind) folded before Flop
Seat 6: mumisber folded before Flop (didn't bet)
Seat 7: harbaka collected ($0.18)
Seat 8: Virtual GL7 folded before Flop (didn't bet)
Seat 9: Glacius2050 folded on the Flop



PokerStars Hand #237148310455:  Hold'em No Limit ($0.01/$0.02 USD) - 2022/07/03 19:10:02 PT [2022/07/03 22:10:02 ET]
Table 'Pollux III' 9-max Seat #4 is the button
Seat 1: crisrm ($1.51 in chips) 
Seat 2: Dorex2007 ($2.20 in chips) 
Seat 4: cberto09 ($4.76 in chips) 
Seat 5: Gabilanpio ($1.50 in chips) 
Seat 6: mumisber ($5.02 in chips) 
Seat 7: harbaka ($1.01 in chips) 
Seat 8: Virtual GL7 ($0.51 in chips) 
Seat 9: Glacius2050 ($1.48 in chips) 
Gabilanpio: posts small blind $0.01
mumisber: posts big blind $0.02
*** HOLE CARDS ***
Dealt to Dorex2007 [5h 8s]
harbaka: folds 
Virtual GL7: folds 
Glacius2050: raises $0.04 to $0.06
crisrm: folds 
Dorex2007: folds 
cberto09: folds 
Gabilanpio: folds 
mumisber: folds 
Uncalled bet ($0.04) returned to Glacius2050
Glacius2050 collected $0.05 from pot
*** SUMMARY ***
Total pot $0.05 | Rake $0 
Seat 1: crisrm folded before Flop (didn't bet)
Seat 2: Dorex2007 folded before Flop (didn't bet)
Seat 4: cberto09 (button) folded before Flop (didn't bet)
Seat 5: Gabilanpio (small blind) folded before Flop
Seat 6: mumisber (big blind) folded before Flop
Seat 7: harbaka folded before Flop (didn't bet)
Seat 8: Virtual GL7 folded before Flop (didn't bet)
Seat 9: Glacius2050 collected ($0.05)



PokerStars Hand #237148313118:  Hold'em No Limit ($0.01/$0.02 USD) - 2022/07/03 19:10:18 PT [2022/07/03 22:10:18 ET]
Table 'Pollux III' 9-max Seat #5 is the button
Seat 1: crisrm ($1.51 in chips) 
Seat 2: Dorex2007 ($2.20 in chips) 
Seat 4: cberto09 ($4.76 in chips) 
Seat 5: Gabilanpio ($1.49 in chips) 
Seat 6: mumisber ($5 in chips) 
Seat 7: harbaka ($1.01 in chips) 
Seat 8: Virtual GL7 ($0.51 in chips) 
Seat 9: Glacius2050 ($1.51 in chips) 
mumisber: posts small blind $0.01
harbaka: posts big blind $0.02
*** HOLE CARDS ***
Dealt to Dorex2007 [2s 9c]
Virtual GL7: folds 
Glacius2050: raises $0.04 to $0.06
crisrm: calls $0.06
Dorex2007: folds 
cberto09: folds 
Gabilanpio: calls $0.06
mumisber: folds 
harbaka: folds 
*** FLOP *** [Qd As 8s]
Glacius2050: bets $0.10
crisrm: folds 
Gabilanpio: folds 
Uncalled bet ($0.10) returned to Glacius2050
Glacius2050 collected $0.20 from pot
*** SUMMARY ***
Total pot $0.21 | Rake $0.01 
Board [Qd As 8s]
Seat 1: crisrm folded on the Flop
Seat 2: Dorex2007 folded before Flop (didn't bet)
Seat 4: cberto09 folded before Flop (didn't bet)
Seat 5: Gabilanpio (button) folded on the Flop
Seat 6: mumisber (small blind) folded before Flop
Seat 7: harbaka (big blind) folded before Flop
Seat 8: Virtual GL7 folded before Flop (didn't bet)
Seat 9: Glacius2050 collected ($0.20)



PokerStars Hand #237148319501:  Hold'em No Limit ($0.01/$0.02 USD) - 2022/07/03 19:10:56 PT [2022/07/03 22:10:56 ET]
Table 'Pollux III' 9-max Seat #6 is the button
Seat 1: crisrm ($1.45 in chips) 
Seat 2: Dorex2007 ($2.20 in chips) 
Seat 3: frosa9397 ($1.95 in chips) 
Seat 4: cberto09 ($4.76 in chips) 
Seat 5: Gabilanpio ($1.43 in chips) 
Seat 6: mumisber ($4.99 in chips) 
Seat 7: harbaka ($0.99 in chips) 
Seat 8: Virtual GL7 ($0.51 in chips) 
Seat 9: Glacius2050 ($1.65 in chips) 
harbaka: posts small blind $0.01
Virtual GL7: posts big blind $0.02
frosa9397: posts small & big blinds $0.03
*** HOLE CARDS ***
Dealt to Dorex2007 [7d 5c]
Glacius2050: folds 
crisrm: folds 
Dorex2007: folds 
frosa9397 has timed out
frosa9397: checks 
cberto09: raises $0.10 to $0.12
Gabilanpio: calls $0.12
mumisber: folds 
harbaka: folds 
Virtual GL7: folds 
frosa9397: folds 
*** FLOP *** [4d Tc 8h]
cberto09: bets $0.12
Gabilanpio: folds 
Uncalled bet ($0.12) returned to cberto09
cberto09 collected $0.29 from pot
*** SUMMARY ***
Total pot $0.30 | Rake $0.01 
Board [4d Tc 8h]
Seat 1: crisrm folded before Flop (didn't bet)
Seat 2: Dorex2007 folded before Flop (didn't bet)
Seat 3: frosa9397 folded before Flop (didn't bet)
Seat 4: cberto09 collected ($0.29)
Seat 5: Gabilanpio folded on the Flop
Seat 6: mumisber (button) folded before Flop (didn't bet)
Seat 7: harbaka (small blind) folded before Flop
Seat 8: Virtual GL7 (big blind) folded before Flop
Seat 9: Glacius2050 folded before Flop (didn't bet)



PokerStars Hand #237148331827:  Hold'em No Limit ($0.01/$0.02 USD) - 2022/07/03 19:12:08 PT [2022/07/03 22:12:08 ET]
Table 'Pollux III' 9-max Seat #7 is the button
Seat 1: crisrm ($1.45 in chips) 
Seat 2: Dorex2007 ($2.20 in chips) 
Seat 3: frosa9397 ($1.92 in chips) 
Seat 4: cberto09 ($4.93 in chips) 
Seat 5: Gabilanpio ($1.31 in chips) 
Seat 6: mumisber ($4.99 in chips) 
Seat 7: harbaka ($0.98 in chips) 
Seat 8: Virtual GL7 ($0.49 in chips) 
Seat 9: Glacius2050 ($1.65 in chips) 
Virtual GL7: posts small blind $0.01
Glacius2050: posts big blind $0.02
*** HOLE CARDS ***
Dealt to Dorex2007 [2s Ac]
crisrm: folds 
Dorex2007: folds 
frosa9397: raises $0.02 to $0.04
cberto09: folds 
Gabilanpio: calls $0.04
mumisber: folds 
harbaka: folds 
Virtual GL7: calls $0.03
Glacius2050: calls $0.02
*** FLOP *** [Kd 5h 5s]
Virtual GL7: checks 
Glacius2050: checks 
frosa9397: checks 
Gabilanpio: checks 
*** TURN *** [Kd 5h 5s] [8h]
Virtual GL7: checks 
Glacius2050: checks 
frosa9397: checks 
Gabilanpio: checks 
*** RIVER *** [Kd 5h 5s 8h] [7h]
Virtual GL7: bets $0.02
Glacius2050: folds 
frosa9397: calls $0.02
Gabilanpio: folds 
*** SHOW DOWN ***
Virtual GL7: shows [Qs 7c] (two pair, Sevens and Fives)
frosa9397: shows [9s 9h] (two pair, Nines and Fives)
frosa9397 collected $0.19 from pot
*** SUMMARY ***
Total pot $0.20 | Rake $0.01 
Board [Kd 5h 5s 8h 7h]
Seat 1: crisrm folded before Flop (didn't bet)
Seat 2: Dorex2007 folded before Flop (didn't bet)
Seat 3: frosa9397 showed [9s 9h] and won ($0.19) with two pair, Nines and Fives
Seat 4: cberto09 folded before Flop (didn't bet)
Seat 5: Gabilanpio folded on the River
Seat 6: mumisber folded before Flop (didn't bet)
Seat 7: harbaka (button) folded before Flop (didn't bet)
Seat 8: Virtual GL7 (small blind) showed [Qs 7c] and lost with two pair, Sevens and Fives
Seat 9: Glacius2050 (big blind) folded on the River



PokerStars Hand #237148344094:  Hold'em No Limit ($0.01/$0.02 USD) - 2022/07/03 19:13:20 PT [2022/07/03 22:13:20 ET]
Table 'Pollux III' 9-max Seat #8 is the button
Seat 1: crisrm ($1.45 in chips) 
Seat 2: Dorex2007 ($2.20 in chips) 
Seat 3: frosa9397 ($2.05 in chips) 
Seat 4: cberto09 ($4.93 in chips) 
Seat 5: Gabilanpio ($1.27 in chips) 
Seat 6: mumisber ($4.99 in chips) 
Seat 7: harbaka ($0.98 in chips) 
Seat 8: Virtual GL7 ($0.43 in chips) 
Seat 9: Glacius2050 ($1.61 in chips) 
Glacius2050: posts small blind $0.01
crisrm: posts big blind $0.02
*** HOLE CARDS ***
Dealt to Dorex2007 [Qd Kd]
Dorex2007: raises $0.02 to $0.04
frosa9397: folds 
cberto09: folds 
Gabilanpio: raises $0.08 to $0.12
mumisber: folds 
harbaka: folds 
Virtual GL7: calls $0.12
Glacius2050: calls $0.11
crisrm: folds 
Dorex2007: calls $0.08
*** FLOP *** [Qs 4d Jd]
Glacius2050: checks 
Dorex2007: bets $0.48
Gabilanpio: folds 
Virtual GL7: folds 
Glacius2050: calls $0.48
*** TURN *** [Qs 4d Jd] [3c]
Glacius2050: checks 
Dorex2007: bets $1.60 and is all-in
Glacius2050: calls $1.01 and is all-in
Uncalled bet ($0.59) returned to Dorex2007
*** RIVER *** [Qs 4d Jd 3c] [9h]
*** SHOW DOWN ***
Glacius2050: shows [4h Qc] (two pair, Queens and Fours)
Dorex2007: shows [Qd Kd] (a pair of Queens)
Glacius2050 collected $3.36 from pot
*** SUMMARY ***
Total pot $3.48 | Rake $0.12 
Board [Qs 4d Jd 3c 9h]
Seat 1: crisrm (big blind) folded before Flop
Seat 2: Dorex2007 showed [Qd Kd] and lost with a pair of Queens
Seat 3: frosa9397 folded before Flop (didn't bet)
Seat 4: cberto09 folded before Flop (didn't bet)
Seat 5: Gabilanpio folded on the Flop
Seat 6: mumisber folded before Flop (didn't bet)
Seat 7: harbaka folded before Flop (didn't bet)
Seat 8: Virtual GL7 (button) folded on the Flop
Seat 9: Glacius2050 (small blind) showed [4h Qc] and won ($3.36) with two pair, Queens and Fours



PokerStars Hand #237148357481:  Hold'em No Limit ($0.01/$0.02 USD) - 2022/07/03 19:14:40 PT [2022/07/03 22:14:40 ET]
Table 'Pollux III' 9-max Seat #9 is the button
Seat 1: crisrm ($1.43 in chips) 
Seat 2: Dorex2007 ($2 in chips) 
Seat 3: frosa9397 ($2.05 in chips) 
Seat 4: cberto09 ($4.93 in chips) 
Seat 5: Gabilanpio ($1.15 in chips) 
Seat 6: mumisber ($4.99 in chips) 
Seat 7: harbaka ($0.98 in chips) 
Seat 8: Virtual GL7 ($0.31 in chips) 
Seat 9: Glacius2050 ($3.36 in chips) 
crisrm: posts small blind $0.01
Dorex2007: posts big blind $0.02
*** HOLE CARDS ***
Dealt to Dorex2007 [8h Kh]
frosa9397: folds 
cberto09: folds 
Gabilanpio: raises $0.04 to $0.06
mumisber: folds 
harbaka: folds 
Virtual GL7: folds 
Glacius2050: folds 
crisrm: calls $0.05
Dorex2007: calls $0.04
*** FLOP *** [4d 2c 2h]
crisrm: bets $0.17
Dorex2007: folds 
Gabilanpio: folds 
Uncalled bet ($0.17) returned to crisrm
crisrm collected $0.17 from pot
*** SUMMARY ***
Total pot $0.18 | Rake $0.01 
Board [4d 2c 2h]
Seat 1: crisrm (small blind) collected ($0.17)
Seat 2: Dorex2007 (big blind) folded on the Flop
Seat 3: frosa9397 folded before Flop (didn't bet)
Seat 4: cberto09 folded before Flop (didn't bet)
Seat 5: Gabilanpio folded on the Flop
Seat 6: mumisber folded before Flop (didn't bet)
Seat 7: harbaka folded before Flop (didn't bet)
Seat 8: Virtual GL7 folded before Flop (didn't bet)
Seat 9: Glacius2050 (button) folded before Flop (didn't bet)



PokerStars Hand #237148363910:  Hold'em No Limit ($0.01/$0.02 USD) - 2022/07/03 19:15:19 PT [2022/07/03 22:15:19 ET]
Table 'Pollux III' 9-max Seat #1 is the button
Seat 1: crisrm ($1.54 in chips) 
Seat 2: Dorex2007 ($2 in chips) 
Seat 3: frosa9397 ($2.05 in chips) 
Seat 4: cberto09 ($4.93 in chips) 
Seat 5: Gabilanpio ($1.09 in chips) 
Seat 6: mumisber ($4.99 in chips) 
Seat 7: harbaka ($0.98 in chips) 
Seat 8: Virtual GL7 ($0.31 in chips) 
Seat 9: Glacius2050 ($3.36 in chips) 
Dorex2007: posts small blind $0.01
frosa9397: posts big blind $0.02
*** HOLE CARDS ***
Dealt to Dorex2007 [4h 2h]
cberto09: folds 
Gabilanpio: raises $0.04 to $0.06
mumisber: folds 
harbaka: folds 
Virtual GL7: folds 
Glacius2050: calls $0.06
crisrm: calls $0.06
Dorex2007: folds 
frosa9397: folds 
*** FLOP *** [9c 3h 8d]
Gabilanpio: bets $0.08
Glacius2050: calls $0.08
crisrm: folds 
*** TURN *** [9c 3h 8d] [Qs]
Gabilanpio: checks 
Glacius2050: checks 
*** RIVER *** [9c 3h 8d Qs] [Qc]
Gabilanpio: bets $0.12
Glacius2050: folds 
Uncalled bet ($0.12) returned to Gabilanpio
Gabilanpio collected $0.36 from pot
*** SUMMARY ***
Total pot $0.37 | Rake $0.01 
Board [9c 3h 8d Qs Qc]
Seat 1: crisrm (button) folded on the Flop
Seat 2: Dorex2007 (small blind) folded before Flop
Seat 3: frosa9397 (big blind) folded before Flop
Seat 4: cberto09 folded before Flop (didn't bet)
Seat 5: Gabilanpio collected ($0.36)
Seat 6: mumisber folded before Flop (didn't bet)
Seat 7: harbaka folded before Flop (didn't bet)
Seat 8: Virtual GL7 folded before Flop (didn't bet)
Seat 9: Glacius2050 folded on the River



PokerStars Hand #237148375183:  Hold'em No Limit ($0.01/$0.02 USD) - 2022/07/03 19:16:26 PT [2022/07/03 22:16:26 ET]
Table 'Pollux III' 9-max Seat #2 is the button
Seat 1: crisrm ($1.48 in chips) 
Seat 2: Dorex2007 ($2 in chips) 
Seat 3: frosa9397 ($2.03 in chips) 
Seat 4: cberto09 ($4.93 in chips) 
Seat 5: Gabilanpio ($1.31 in chips) 
Seat 6: mumisber ($4.99 in chips) 
Seat 7: harbaka ($0.98 in chips) 
Seat 8: Virtual GL7 ($0.31 in chips) 
Seat 9: Glacius2050 ($3.22 in chips) 
frosa9397: posts small blind $0.01
cberto09: posts big blind $0.02
*** HOLE CARDS ***
Dealt to Dorex2007 [Th 5d]
Gabilanpio: calls $0.02
mumisber: folds 
harbaka: folds 
Virtual GL7: calls $0.02
Glacius2050: folds 
crisrm: raises $0.04 to $0.06
Dorex2007: folds 
frosa9397: folds 
cberto09: folds 
Gabilanpio: folds 
Virtual GL7: calls $0.04
*** FLOP *** [7s Jd 3h]
Virtual GL7: checks 
crisrm: bets $0.08
Virtual GL7: calls $0.08
*** TURN *** [7s Jd 3h] [7d]
Virtual GL7: checks 
crisrm: bets $0.32
Virtual GL7: calls $0.17 and is all-in
Uncalled bet ($0.15) returned to crisrm
crisrm has timed out
*** RIVER *** [7s Jd 3h 7d] [Jc]
*** SHOW DOWN ***
Virtual GL7: shows [Js 8c] (a full house, Jacks full of Sevens)
crisrm: shows [7h 6h] (a full house, Sevens full of Jacks)
Virtual GL7 collected $0.65 from pot
*** SUMMARY ***
Total pot $0.67 | Rake $0.02 
Board [7s Jd 3h 7d Jc]
Seat 1: crisrm showed [7h 6h] and lost with a full house, Sevens full of Jacks
Seat 2: Dorex2007 (button) folded before Flop (didn't bet)
Seat 3: frosa9397 (small blind) folded before Flop
Seat 4: cberto09 (big blind) folded before Flop
Seat 5: Gabilanpio folded before Flop
Seat 6: mumisber folded before Flop (didn't bet)
Seat 7: harbaka folded before Flop (didn't bet)
Seat 8: Virtual GL7 showed [Js 8c] and won ($0.65) with a full house, Jacks full of Sevens
Seat 9: Glacius2050 folded before Flop (didn't bet)



PokerStars Hand #237148386163:  Hold'em No Limit ($0.01/$0.02 USD) - 2022/07/03 19:17:32 PT [2022/07/03 22:17:32 ET]
Table 'Pollux III' 9-max Seat #3 is the button
Seat 1: crisrm ($1.17 in chips) 
Seat 2: Dorex2007 ($2 in chips) 
Seat 3: frosa9397 ($2.02 in chips) 
Seat 4: cberto09 ($4.91 in chips) 
Seat 5: Gabilanpio ($1.29 in chips) 
Seat 6: mumisber ($4.99 in chips) 
Seat 7: harbaka ($0.98 in chips) 
Seat 8: Virtual GL7 ($0.65 in chips) 
Seat 9: Glacius2050 ($3.22 in chips) 
cberto09: posts small blind $0.01
Gabilanpio: posts big blind $0.02
*** HOLE CARDS ***
Dealt to Dorex2007 [4d 5s]
mumisber: folds 
harbaka: folds 
Virtual GL7: calls $0.02
Glacius2050: raises $0.05 to $0.07
crisrm: calls $0.07
Dorex2007: folds 
frosa9397: folds 
cberto09: folds 
Gabilanpio: folds 
Virtual GL7: calls $0.05
*** FLOP *** [9h 2s 7s]
Virtual GL7: checks 
Glacius2050: bets $0.10
crisrm: calls $0.10
Virtual GL7: folds 
*** TURN *** [9h 2s 7s] [Ts]
Glacius2050: bets $0.30
crisrm: calls $0.30
*** RIVER *** [9h 2s 7s Ts] [5c]
Glacius2050: bets $0.60
crisrm: folds 
Uncalled bet ($0.60) returned to Glacius2050
Glacius2050 collected $1 from pot
*** SUMMARY ***
Total pot $1.04 | Rake $0.04 
Board [9h 2s 7s Ts 5c]
Seat 1: crisrm folded on the River
Seat 2: Dorex2007 folded before Flop (didn't bet)
Seat 3: frosa9397 (button) folded before Flop (didn't bet)
Seat 4: cberto09 (small blind) folded before Flop
Seat 5: Gabilanpio (big blind) folded before Flop
Seat 6: mumisber folded before Flop (didn't bet)
Seat 7: harbaka folded before Flop (didn't bet)
Seat 8: Virtual GL7 folded on the Flop
Seat 9: Glacius2050 collected ($1)



PokerStars Hand #237148398008:  Hold'em No Limit ($0.01/$0.02 USD) - 2022/07/03 19:18:43 PT [2022/07/03 22:18:43 ET]
Table 'Pollux III' 9-max Seat #4 is the button
Seat 1: crisrm ($0.70 in chips) 
Seat 2: Dorex2007 ($2 in chips) 
Seat 3: frosa9397 ($2.02 in chips) 
Seat 4: cberto09 ($4.90 in chips) 
Seat 5: Gabilanpio ($1.27 in chips) 
Seat 6: mumisber ($4.99 in chips) 
Seat 7: harbaka ($0.98 in chips) 
Seat 8: Virtual GL7 ($0.58 in chips) 
Seat 9: Glacius2050 ($3.75 in chips) 
Gabilanpio: posts small blind $0.01
mumisber: posts big blind $0.02
*** HOLE CARDS ***
Dealt to Dorex2007 [Qc 6s]
harbaka: folds 
harbaka leaves the table
Virtual GL7: calls $0.02
Glacius2050: raises $0.05 to $0.07
crisrm: calls $0.07
Dorex2007: folds 
frosa9397: folds 
cberto09: folds 
Gabilanpio: calls $0.06
mumisber: calls $0.05
Virtual GL7: raises $0.13 to $0.20
Glacius2050: calls $0.13
crisrm: raises $0.50 to $0.70 and is all-in
Gabilanpio: folds 
mumisber: folds 
Virtual GL7: calls $0.38 and is all-in
Glacius2050: folds 
Uncalled bet ($0.12) returned to crisrm
*** FLOP *** [Qh Ah As]
*** TURN *** [Qh Ah As] [Th]
*** RIVER *** [Qh Ah As Th] [8d]
*** SHOW DOWN ***
Virtual GL7: shows [Qs Qd] (a full house, Queens full of Aces)
crisrm: shows [9d Kc] (a pair of Aces)
Virtual GL7 collected $1.45 from pot
*** SUMMARY ***
Total pot $1.50 | Rake $0.05 
Board [Qh Ah As Th 8d]
Seat 1: crisrm showed [9d Kc] and lost with a pair of Aces
Seat 2: Dorex2007 folded before Flop (didn't bet)
Seat 3: frosa9397 folded before Flop (didn't bet)
Seat 4: cberto09 (button) folded before Flop (didn't bet)
Seat 5: Gabilanpio (small blind) folded before Flop
Seat 6: mumisber (big blind) folded before Flop
Seat 7: harbaka folded before Flop (didn't bet)
Seat 8: Virtual GL7 showed [Qs Qd] and won ($1.45) with a full house, Queens full of Aces
Seat 9: Glacius2050 folded before Flop



PokerStars Hand #237148418526:  Hold'em No Limit ($0.01/$0.02 USD) - 2022/07/03 19:19:46 PT [2022/07/03 22:19:46 ET]
Table 'Pollux III' 9-max Seat #5 is the button
Seat 1: crisrm ($0.12 in chips) 
Seat 2: Dorex2007 ($2 in chips) 
Seat 3: frosa9397 ($2.02 in chips) 
Seat 4: cberto09 ($4.90 in chips) 
Seat 5: Gabilanpio ($1.20 in chips) 
Seat 6: mumisber ($4.92 in chips) 
Seat 8: Virtual GL7 ($1.45 in chips) 
Seat 9: Glacius2050 ($3.55 in chips) 
mumisber: posts small blind $0.01
Virtual GL7: posts big blind $0.02
*** HOLE CARDS ***
Dealt to Dorex2007 [Qh 7s]
Glacius2050: raises $0.04 to $0.06
crisrm: raises $0.06 to $0.12 and is all-in
Dorex2007: folds 
frosa9397: folds 
cberto09: folds 
Gabilanpio: calls $0.12
mumisber: folds 
Virtual GL7: calls $0.10
Glacius2050: calls $0.06
*** FLOP *** [3h Ah 2d]
Virtual GL7: bets $0.08
Glacius2050: folds 
Gabilanpio: calls $0.08
*** TURN *** [3h Ah 2d] [3c]
Virtual GL7: bets $0.04
Gabilanpio: raises $0.14 to $0.18
Virtual GL7: calls $0.14
*** RIVER *** [3h Ah 2d 3c] [6h]
Virtual GL7: checks 
Gabilanpio: bets $0.82 and is all-in
Virtual GL7: calls $0.82
*** SHOW DOWN ***
Gabilanpio: shows [Ad Ts] (two pair, Aces and Threes)
Virtual GL7: shows [Ac Jc] (two pair, Aces and Threes - Jack kicker)
Virtual GL7 collected $2.09 from side pot
crisrm: shows [Qd 2s] (two pair, Threes and Deuces)
Virtual GL7 collected $0.47 from main pot
*** SUMMARY ***
Total pot $2.65 Main pot $0.47. Side pot $2.09. | Rake $0.09 
Board [3h Ah 2d 3c 6h]
Seat 1: crisrm showed [Qd 2s] and lost with two pair, Threes and Deuces
Seat 2: Dorex2007 folded before Flop (didn't bet)
Seat 3: frosa9397 folded before Flop (didn't bet)
Seat 4: cberto09 folded before Flop (didn't bet)
Seat 5: Gabilanpio (button) showed [Ad Ts] and lost with two pair, Aces and Threes
Seat 6: mumisber (small blind) folded before Flop
Seat 8: Virtual GL7 (big blind) showed [Ac Jc] and won ($2.56) with two pair, Aces and Threes
Seat 9: Glacius2050 folded on the Flop



PokerStars Hand #237148431737:  Hold'em No Limit ($0.01/$0.02 USD) - 2022/07/03 19:21:05 PT [2022/07/03 22:21:05 ET]
Table 'Pollux III' 9-max Seat #6 is the button
Seat 2: Dorex2007 ($2 in chips) 
Seat 3: frosa9397 ($2.02 in chips) 
Seat 4: cberto09 ($4.90 in chips) 
Seat 6: mumisber ($4.91 in chips) 
Seat 8: Virtual GL7 ($2.81 in chips) 
Seat 9: Glacius2050 ($3.43 in chips) 
Virtual GL7: posts small blind $0.01
Glacius2050: posts big blind $0.02
*** HOLE CARDS ***
Dealt to Dorex2007 [Ts 9d]
Dorex2007: folds 
frosa9397: folds 
cberto09: folds 
mumisber: folds 
Virtual GL7: folds 
Uncalled bet ($0.01) returned to Glacius2050
Glacius2050 collected $0.02 from pot
*** SUMMARY ***
Total pot $0.02 | Rake $0 
Seat 2: Dorex2007 folded before Flop (didn't bet)
Seat 3: frosa9397 folded before Flop (didn't bet)
Seat 4: cberto09 folded before Flop (didn't bet)
Seat 6: mumisber (button) folded before Flop (didn't bet)
Seat 8: Virtual GL7 (small blind) folded before Flop
Seat 9: Glacius2050 (big blind) collected ($0.02)



PokerStars Hand #237148434810:  Hold'em No Limit ($0.01/$0.02 USD) - 2022/07/03 19:21:24 PT [2022/07/03 22:21:24 ET]
Table 'Pollux III' 9-max Seat #8 is the button
Seat 2: Dorex2007 ($2 in chips) 
Seat 3: frosa9397 ($2.02 in chips) 
Seat 4: cberto09 ($4.90 in chips) 
Seat 5: Gabilanpio ($2 in chips) 
Seat 6: mumisber ($4.91 in chips) 
Seat 8: Virtual GL7 ($2.80 in chips) 
Seat 9: Glacius2050 ($3.44 in chips) 
Glacius2050: posts small blind $0.01
Dorex2007: posts big blind $0.02
*** HOLE CARDS ***
Dealt to Dorex2007 [Jc Qc]
frosa9397: folds 
cberto09: raises $0.04 to $0.06
Gabilanpio: calls $0.06
mumisber: folds 
Virtual GL7: calls $0.06
Glacius2050: calls $0.05
Dorex2007: calls $0.04
*** FLOP *** [5s 4c 9c]
Marko82352 joins the table at seat #7 
Glacius2050: checks 
Dorex2007: bets $0.14
cberto09: calls $0.14
Gabilanpio: folds 
Virtual GL7: folds 
Glacius2050: calls $0.14
*** TURN *** [5s 4c 9c] [2h]
Glacius2050: checks 
Dorex2007: checks 
cberto09: bets $0.35
Glacius2050: raises $0.65 to $1
Dorex2007: folds 
cberto09: calls $0.65
*** RIVER *** [5s 4c 9c 2h] [7h]
Glacius2050: bets $1.50
cberto09: calls $1.50
*** SHOW DOWN ***
Glacius2050: shows [3c 6c] (a straight, Three to Seven)
cberto09: mucks hand 
Glacius2050 collected $5.52 from pot
*** SUMMARY ***
Total pot $5.72 | Rake $0.20 
Board [5s 4c 9c 2h 7h]
Seat 2: Dorex2007 (big blind) folded on the Turn
Seat 3: frosa9397 folded before Flop (didn't bet)
Seat 4: cberto09 mucked [5c 5h]
Seat 5: Gabilanpio folded on the Flop
Seat 6: mumisber folded before Flop (didn't bet)
Seat 8: Virtual GL7 (button) folded on the Flop
Seat 9: Glacius2050 (small blind) showed [3c 6c] and won ($5.52) with a straight, Three to Seven



PokerStars Hand #237148453690:  Hold'em No Limit ($0.01/$0.02 USD) - 2022/07/03 19:23:09 PT [2022/07/03 22:23:09 ET]
Table 'Pollux III' 9-max Seat #9 is the button
Seat 2: Dorex2007 ($2 in chips) 
Seat 3: frosa9397 ($2.02 in chips) 
Seat 4: cberto09 ($2.20 in chips) 
Seat 5: Gabilanpio ($1.94 in chips) 
Seat 6: mumisber ($4.91 in chips) 
Seat 7: Marko82352 ($2 in chips) 
Seat 8: Virtual GL7 ($2.74 in chips) 
Seat 9: Glacius2050 ($6.26 in chips) 
Dorex2007: posts small blind $0.01
frosa9397: posts big blind $0.02
Marko82352: posts big blind $0.02
*** HOLE CARDS ***
Dealt to Dorex2007 [5d 3d]
cberto09: folds 
Gabilanpio: raises $0.06 to $0.08
mumisber: folds 
Marko82352: calls $0.06
Virtual GL7: folds 
Glacius2050: folds 
Dorex2007: folds 
frosa9397: folds 
*** FLOP *** [6h 4d Kh]
Gabilanpio: bets $0.08
Marko82352: raises $0.08 to $0.16
Gabilanpio: calls $0.08
*** TURN *** [6h 4d Kh] [7s]
Gabilanpio: bets $0.08
Marko82352: raises $0.14 to $0.22
Gabilanpio: calls $0.14
*** RIVER *** [6h 4d Kh 7s] [Kd]
Gabilanpio: checks 
Marko82352: bets $1.54 and is all-in
Gabilanpio: folds 
Uncalled bet ($1.54) returned to Marko82352
Marko82352 collected $0.92 from pot
*** SUMMARY ***
Total pot $0.95 | Rake $0.03 
Board [6h 4d Kh 7s Kd]
Seat 2: Dorex2007 (small blind) folded before Flop
Seat 3: frosa9397 (big blind) folded before Flop
Seat 4: cberto09 folded before Flop (didn't bet)
Seat 5: Gabilanpio folded on the River
Seat 6: mumisber folded before Flop (didn't bet)
Seat 7: Marko82352 collected ($0.92)
Seat 8: Virtual GL7 folded before Flop (didn't bet)
Seat 9: Glacius2050 (button) folded before Flop (didn't bet)



PokerStars Hand #237148463585:  Hold'em No Limit ($0.01/$0.02 USD) - 2022/07/03 19:24:10 PT [2022/07/03 22:24:10 ET]
Table 'Pollux III' 9-max Seat #2 is the button
Seat 2: Dorex2007 ($2 in chips) 
Seat 3: frosa9397 ($2 in chips) 
Seat 4: cberto09 ($2.20 in chips) 
Seat 5: Gabilanpio ($1.48 in chips) 
Seat 6: mumisber ($4.91 in chips) 
Seat 7: Marko82352 ($2.46 in chips) 
Seat 8: Virtual GL7 ($2.74 in chips) 
Seat 9: Glacius2050 ($6.26 in chips) 
frosa9397: posts small blind $0.01
cberto09: posts big blind $0.02
*** HOLE CARDS ***
Dealt to Dorex2007 [Qs 7s]
Gabilanpio: folds 
mumisber: folds 
Marko82352: calls $0.02
Virtual GL7: calls $0.02
Glacius2050: folds 
Dorex2007: folds 
frosa9397: calls $0.01
cberto09: checks 
*** FLOP *** [7c 6d 5d]
frosa9397: checks 
cberto09: checks 
Marko82352: bets $0.04
Virtual GL7: calls $0.04
frosa9397: folds 
cberto09: folds 
*** TURN *** [7c 6d 5d] [3d]
Marko82352: checks 
Virtual GL7: checks 
*** RIVER *** [7c 6d 5d 3d] [Td]
Marko82352: bets $0.26
Virtual GL7: calls $0.26
*** SHOW DOWN ***
Marko82352: shows [5h Th] (two pair, Tens and Fives)
Virtual GL7: shows [Kd 5c] (a flush, King high)
Virtual GL7 collected $0.66 from pot
*** SUMMARY ***
Total pot $0.68 | Rake $0.02 
Board [7c 6d 5d 3d Td]
Seat 2: Dorex2007 (button) folded before Flop (didn't bet)
Seat 3: frosa9397 (small blind) folded on the Flop
Seat 4: cberto09 (big blind) folded on the Flop
Seat 5: Gabilanpio folded before Flop (didn't bet)
Seat 6: mumisber folded before Flop (didn't bet)
Seat 7: Marko82352 showed [5h Th] and lost with two pair, Tens and Fives
Seat 8: Virtual GL7 showed [Kd 5c] and won ($0.66) with a flush, King high
Seat 9: Glacius2050 folded before Flop (didn't bet)



PokerStars Hand #237148474828:  Hold'em No Limit ($0.01/$0.02 USD) - 2022/07/03 19:25:20 PT [2022/07/03 22:25:20 ET]
Table 'Pollux III' 9-max Seat #3 is the button
Seat 2: Dorex2007 ($2 in chips) 
Seat 3: frosa9397 ($1.98 in chips) 
Seat 4: cberto09 ($2.18 in chips) 
Seat 5: Gabilanpio ($1.48 in chips) 
Seat 6: mumisber ($4.91 in chips) 
Seat 7: Marko82352 ($2.14 in chips) 
Seat 8: Virtual GL7 ($3.08 in chips) 
Seat 9: Glacius2050 ($6.26 in chips) 
cberto09: posts small blind $0.01
Gabilanpio: posts big blind $0.02
*** HOLE CARDS ***
Dealt to Dorex2007 [Kc 8s]
mumisber: folds 
Marko82352: calls $0.02
Virtual GL7: calls $0.02
Glacius2050: raises $0.06 to $0.08
Dorex2007: folds 
frosa9397: folds 
cberto09: folds 
Gabilanpio: calls $0.06
Marko82352: calls $0.06
Virtual GL7: folds 
*** FLOP *** [Kh Td 6s]
Gabilanpio: checks 
Marko82352: checks 
Glacius2050: bets $0.10
Gabilanpio: calls $0.10
Marko82352: calls $0.10
*** TURN *** [Kh Td 6s] [7d]
Gabilanpio: checks 
Marko82352: checks 
Glacius2050: bets $0.40
Gabilanpio: raises $0.90 to $1.30 and is all-in
Marko82352: folds 
Glacius2050: calls $0.90
*** RIVER *** [Kh Td 6s 7d] [3h]
*** SHOW DOWN ***
Gabilanpio: shows [6h Ks] (two pair, Kings and Sixes)
Glacius2050: shows [Jc Qh] (high card King)
Gabilanpio collected $3.06 from pot
*** SUMMARY ***
Total pot $3.17 | Rake $0.11 
Board [Kh Td 6s 7d 3h]
Seat 2: Dorex2007 folded before Flop (didn't bet)
Seat 3: frosa9397 (button) folded before Flop (didn't bet)
Seat 4: cberto09 (small blind) folded before Flop
Seat 5: Gabilanpio (big blind) showed [6h Ks] and won ($3.06) with two pair, Kings and Sixes
Seat 6: mumisber folded before Flop (didn't bet)
Seat 7: Marko82352 folded on the Turn
Seat 8: Virtual GL7 folded before Flop
Seat 9: Glacius2050 showed [Jc Qh] and lost with high card King



PokerStars Hand #237148487280:  Hold'em No Limit ($0.01/$0.02 USD) - 2022/07/03 19:26:38 PT [2022/07/03 22:26:38 ET]
Table 'Pollux III' 9-max Seat #4 is the button
Seat 2: Dorex2007 ($2 in chips) 
Seat 3: frosa9397 ($1.98 in chips) 
Seat 4: cberto09 ($2.17 in chips) 
Seat 5: Gabilanpio ($3.06 in chips) 
Seat 6: mumisber ($4.91 in chips) 
Seat 7: Marko82352 ($1.96 in chips) 
Seat 8: Virtual GL7 ($3.06 in chips) 
Seat 9: Glacius2050 ($4.78 in chips) 
Gabilanpio: posts small blind $0.01
mumisber: posts big blind $0.02
*** HOLE CARDS ***
Dealt to Dorex2007 [4c 9s]
Marko82352: raises $0.08 to $0.10
Virtual GL7: folds 
Glacius2050: folds 
Glacius2050 leaves the table
Dorex2007: folds 
frosa9397: folds 
cberto09: folds 
Gabilanpio: folds 
mumisber: folds 
Uncalled bet ($0.08) returned to Marko82352
Marko82352 collected $0.05 from pot
*** SUMMARY ***
Total pot $0.05 | Rake $0 
Seat 2: Dorex2007 folded before Flop (didn't bet)
Seat 3: frosa9397 folded before Flop (didn't bet)
Seat 4: cberto09 (button) folded before Flop (didn't bet)
Seat 5: Gabilanpio (small blind) folded before Flop
Seat 6: mumisber (big blind) folded before Flop
Seat 7: Marko82352 collected ($0.05)
Seat 8: Virtual GL7 folded before Flop (didn't bet)
Seat 9: Glacius2050 folded before Flop (didn't bet)



PokerStars Hand #237148490765:  Hold'em No Limit ($0.01/$0.02 USD) - 2022/07/03 19:27:00 PT [2022/07/03 22:27:00 ET]
Table 'Pollux III' 9-max Seat #5 is the button
Seat 2: Dorex2007 ($2 in chips) 
Seat 3: frosa9397 ($1.98 in chips) 
Seat 4: cberto09 ($2.17 in chips) 
Seat 5: Gabilanpio ($3.05 in chips) 
Seat 6: mumisber ($4.89 in chips) 
Seat 7: Marko82352 ($1.99 in chips) 
Seat 8: Virtual GL7 ($3.06 in chips) 
mumisber: posts small blind $0.01
Marko82352: posts big blind $0.02
*** HOLE CARDS ***
Dealt to Dorex2007 [2c 9h]
Virtual GL7: folds 
Dorex2007: folds 
frosa9397: raises $0.02 to $0.04
cberto09: calls $0.04
Gabilanpio: calls $0.04
mumisber: calls $0.03
Marko82352: raises $0.06 to $0.10
frosa9397: calls $0.06
cberto09: calls $0.06
Gabilanpio: calls $0.06
mumisber: calls $0.06
*** FLOP *** [Qc 4d Js]
mumisber: checks 
Marko82352: checks 
frosa9397: checks 
cberto09: checks 
Gabilanpio: checks 
*** TURN *** [Qc 4d Js] [4c]
mumisber: checks 
Marko82352: bets $0.14
frosa9397: calls $0.14
cberto09: folds 
Gabilanpio: raises $2.81 to $2.95 and is all-in
mumisber: folds 
Marko82352: folds 
frosa9397: folds 
Uncalled bet ($2.81) returned to Gabilanpio
Gabilanpio collected $0.89 from pot
*** SUMMARY ***
Total pot $0.92 | Rake $0.03 
Board [Qc 4d Js 4c]
Seat 2: Dorex2007 folded before Flop (didn't bet)
Seat 3: frosa9397 folded on the Turn
Seat 4: cberto09 folded on the Turn
Seat 5: Gabilanpio (button) collected ($0.89)
Seat 6: mumisber (small blind) folded on the Turn
Seat 7: Marko82352 (big blind) folded on the Turn
Seat 8: Virtual GL7 folded before Flop (didn't bet)



PokerStars Hand #237148521196:  Hold'em No Limit ($0.01/$0.02 USD) - 2022/07/03 19:28:54 PT [2022/07/03 22:28:54 ET]
Table 'Pollux III' 9-max Seat #6 is the button
Seat 2: Dorex2007 ($2 in chips) 
Seat 3: frosa9397 ($1.74 in chips) 
Seat 4: cberto09 ($2.07 in chips) 
Seat 5: Gabilanpio ($3.70 in chips) 
Seat 6: mumisber ($4.79 in chips) 
Seat 7: Marko82352 ($1.75 in chips) 
Marko82352: posts small blind $0.01
Virtual GL7: is sitting out 
Dorex2007: posts big blind $0.02
*** HOLE CARDS ***
Dealt to Dorex2007 [9h 9c]
Virtual GL7 leaves the table
frosa9397: calls $0.02
cberto09: folds 
Gabilanpio: folds 
Gabilanpio leaves the table
mumisber: raises $0.04 to $0.06
Marko82352: calls $0.05
Dorex2007: calls $0.04
frosa9397: folds 
*** FLOP *** [Ad Jh Ts]
Marko82352: checks 
Dorex2007: checks 
mumisber: checks 
*** TURN *** [Ad Jh Ts] [6d]
Marko82352: bets $0.02
Dorex2007: folds 
mumisber: folds 
Uncalled bet ($0.02) returned to Marko82352
Marko82352 collected $0.19 from pot
*** SUMMARY ***
Total pot $0.20 | Rake $0.01 
Board [Ad Jh Ts 6d]
Seat 2: Dorex2007 (big blind) folded on the Turn
Seat 3: frosa9397 folded before Flop
Seat 4: cberto09 folded before Flop (didn't bet)
Seat 5: Gabilanpio folded before Flop (didn't bet)
Seat 6: mumisber (button) folded on the Turn
Seat 7: Marko82352 (small blind) collected ($0.19)



PokerStars Hand #237148530267:  Hold'em No Limit ($0.01/$0.02 USD) - 2022/07/03 19:29:51 PT [2022/07/03 22:29:51 ET]
Table 'Pollux III' 9-max Seat #7 is the button
Seat 2: Dorex2007 ($2 in chips) 
Seat 3: frosa9397 ($1.72 in chips) 
Seat 4: cberto09 ($2.07 in chips) 
Seat 6: mumisber ($4.73 in chips) 
Seat 7: Marko82352 ($1.88 in chips) 
Dorex2007: posts small blind $0.01
frosa9397: posts big blind $0.02
*** HOLE CARDS ***
Dealt to Dorex2007 [Qh Jc]
cberto09: raises $0.04 to $0.06
mumisber: folds 
Marko82352: calls $0.06
Dorex2007: folds 
frosa9397: folds 
*** FLOP *** [7h 2s Kh]
cberto09: checks 
Marko82352: bets $0.08
cberto09: folds 
Uncalled bet ($0.08) returned to Marko82352
Marko82352 collected $0.14 from pot
*** SUMMARY ***
Total pot $0.15 | Rake $0.01 
Board [7h 2s Kh]
Seat 2: Dorex2007 (small blind) folded before Flop
Seat 3: frosa9397 (big blind) folded before Flop
Seat 4: cberto09 folded on the Flop
Seat 6: mumisber folded before Flop (didn't bet)
Seat 7: Marko82352 (button) collected ($0.14)



PokerStars Hand #237148535249:  Hold'em No Limit ($0.01/$0.02 USD) - 2022/07/03 19:30:22 PT [2022/07/03 22:30:22 ET]
Table 'Pollux III' 9-max Seat #2 is the button
Seat 2: Dorex2007 ($2 in chips) 
Seat 3: frosa9397 ($1.70 in chips) 
Seat 6: mumisber ($4.73 in chips) 
Seat 7: Marko82352 ($1.96 in chips) 
frosa9397: posts small blind $0.01
cberto09: is sitting out 
mumisber: posts big blind $0.02
*** HOLE CARDS ***
Dealt to Dorex2007 [5d Qh]
cberto09 leaves the table
Marko82352: calls $0.02
Dorex2007: folds 
frosa9397: folds 
mumisber: checks 
*** FLOP *** [2d Jc 7s]
mumisber: checks 
Marko82352: bets $0.08
mumisber: folds 
Uncalled bet ($0.08) returned to Marko82352
Marko82352 collected $0.05 from pot
*** SUMMARY ***
Total pot $0.05 | Rake $0 
Board [2d Jc 7s]
Seat 2: Dorex2007 (button) folded before Flop (didn't bet)
Seat 3: frosa9397 (small blind) folded before Flop
Seat 6: mumisber (big blind) folded on the Flop
Seat 7: Marko82352 collected ($0.05)



PokerStars Hand #237148538695:  Hold'em No Limit ($0.01/$0.02 USD) - 2022/07/03 19:30:44 PT [2022/07/03 22:30:44 ET]
Table 'Pollux III' 9-max Seat #3 is the button
Seat 2: Dorex2007 ($2 in chips) 
Seat 3: frosa9397 ($1.69 in chips) 
Seat 6: mumisber ($4.71 in chips) 
Seat 7: Marko82352 ($1.99 in chips) 
mumisber: posts small blind $0.01
Marko82352: posts big blind $0.02
*** HOLE CARDS ***
Dealt to Dorex2007 [4d 6h]
Dorex2007: folds 
frosa9397: folds 
mumisber: folds 
Uncalled bet ($0.01) returned to Marko82352
Marko82352 collected $0.02 from pot
*** SUMMARY ***
Total pot $0.02 | Rake $0 
Seat 2: Dorex2007 folded before Flop (didn't bet)
Seat 3: frosa9397 (button) folded before Flop (didn't bet)
Seat 6: mumisber (small blind) folded before Flop
Seat 7: Marko82352 (big blind) collected ($0.02)



