PokerStars Zoom Hand #237654105707:  Hold'em No Limit ($0.01/$0.02) - 2022/07/28 22:38:40 PT [2022/07/29 1:38:40 ET]
Table 'Halley' 6-max Seat #1 is the button
Seat 1: sanych_san55 ($1.50 in chips) 
Seat 2: fry911 ($2.01 in chips) 
Seat 3: Dorex2007 ($2 in chips) 
Seat 4: Oneil51438 ($0.65 in chips) 
Seat 5: Fre$hG ($1.32 in chips) 
Seat 6: GermanCA14 ($4.19 in chips) 
fry911: posts small blind $0.01
Dorex2007: posts big blind $0.02
*** HOLE CARDS ***
Dealt to Dorex2007 [7c 2d]
Oneil51438: folds 
Oneil51438 is disconnected 
Fre$hG: folds 
GermanCA14: folds 
Fre$hG is disconnected 
GermanCA14 is disconnected 
sanych_san55: folds 
fry911: raises $0.04 to $0.06
Dorex2007: folds 
Uncalled bet ($0.04) returned to fry911
fry911 collected $0.04 from pot
fry911: doesn't show hand 
Dorex2007 is disconnected 
*** SUMMARY ***
Total pot $0.04 | Rake $0 
Seat 1: sanych_san55 (button) folded before Flop (didn't bet)
Seat 2: fry911 (small blind) collected ($0.04)
Seat 3: Dorex2007 (big blind) folded before Flop
Seat 4: Oneil51438 folded before Flop (didn't bet)
Seat 5: Fre$hG folded before Flop (didn't bet)
Seat 6: GermanCA14 folded before Flop (didn't bet)



PokerStars Zoom Hand #237654107777:  Hold'em No Limit ($0.01/$0.02) - 2022/07/28 22:38:59 PT [2022/07/29 1:38:59 ET]
Table 'Halley' 6-max Seat #1 is the button
Seat 1: ken463 ($9.38 in chips) 
Seat 2: Dorex2007 ($2 in chips) 
Seat 3: GermanCA14 ($4.11 in chips) 
Seat 4: fry911 ($3.71 in chips) 
Seat 5: intentii ($2.23 in chips) 
Seat 6: iwantwhiskey ($1 in chips) 
Dorex2007: posts small blind $0.01
GermanCA14: posts big blind $0.02
*** HOLE CARDS ***
Dealt to Dorex2007 [8d 8s]
intentii is disconnected 
fry911: folds 
intentii: folds 
fry911 is disconnected 
ken463 is disconnected 
iwantwhiskey: folds 
ken463: folds 
Dorex2007: raises $0.04 to $0.06
GermanCA14: folds 
Uncalled bet ($0.04) returned to Dorex2007
Dorex2007 collected $0.04 from pot
Dorex2007: doesn't show hand 
GermanCA14 is disconnected 
*** SUMMARY ***
Total pot $0.04 | Rake $0 
Seat 1: ken463 (button) folded before Flop (didn't bet)
Seat 2: Dorex2007 (small blind) collected ($0.04)
Seat 3: GermanCA14 (big blind) folded before Flop
Seat 4: fry911 folded before Flop (didn't bet)
Seat 5: intentii folded before Flop (didn't bet)
Seat 6: iwantwhiskey folded before Flop (didn't bet)



PokerStars Zoom Hand #237654109314:  Hold'em No Limit ($0.01/$0.02) - 2022/07/28 22:39:13 PT [2022/07/29 1:39:13 ET]
Table 'Halley' 6-max Seat #1 is the button
Seat 1: jorel888 ($2.01 in chips) 
Seat 2: magnex-boy ($6.25 in chips) 
Seat 3: Yocus ($2.11 in chips) 
Seat 4: Ficere58 ($0.22 in chips) 
Seat 5: GermanCA14 ($4.19 in chips) 
Seat 6: Dorex2007 ($2.02 in chips) 
magnex-boy: posts small blind $0.01
Yocus: posts big blind $0.02
*** HOLE CARDS ***
Dealt to Dorex2007 [3d 3s]
Ficere58: folds 
Ficere58 is disconnected 
GermanCA14: folds 
GermanCA14 is disconnected 
Dorex2007: raises $0.06 to $0.08
jorel888: raises $0.16 to $0.24
Yocus is disconnected 
magnex-boy: folds 
Yocus: folds 
magnex-boy is disconnected 
Dorex2007: folds 
Uncalled bet ($0.16) returned to jorel888
jorel888 collected $0.19 from pot
jorel888: doesn't show hand 
Dorex2007 is disconnected 
*** SUMMARY ***
Total pot $0.19 | Rake $0 
Seat 1: jorel888 (button) collected ($0.19)
Seat 2: magnex-boy (small blind) folded before Flop
Seat 3: Yocus (big blind) folded before Flop
Seat 4: Ficere58 folded before Flop (didn't bet)
Seat 5: GermanCA14 folded before Flop (didn't bet)
Seat 6: Dorex2007 folded before Flop



PokerStars Zoom Hand #237654111561:  Hold'em No Limit ($0.01/$0.02) - 2022/07/28 22:39:34 PT [2022/07/29 1:39:34 ET]
Table 'Halley' 6-max Seat #1 is the button
Seat 1: Dorex2007 ($2 in chips) 
Seat 2: Sagory ($3.80 in chips) 
Seat 3: Feja890 ($1.66 in chips) 
Seat 4: Darin_Boldrin ($4.15 in chips) 
Seat 5: devainitapok ($1.49 in chips) 
Seat 6: TeshioRiver ($2.41 in chips) 
Sagory: posts small blind $0.01
Feja890: posts big blind $0.02
*** HOLE CARDS ***
Dealt to Dorex2007 [2c Ts]
Darin_Boldrin: folds 
TeshioRiver is disconnected 
Darin_Boldrin is disconnected 
devainitapok: folds 
TeshioRiver: folds 
devainitapok is disconnected 
Dorex2007: folds 
Dorex2007 is disconnected 
Sagory: raises $0.03 to $0.05
Feja890: calls $0.03
*** FLOP *** [4s 5d 4h]
Sagory: checks 
Feja890: checks 
*** TURN *** [4s 5d 4h] [9c]
Sagory: checks 
Feja890: checks 
*** RIVER *** [4s 5d 4h 9c] [Td]
Sagory: checks 
Feja890: checks 
*** SHOW DOWN ***
Sagory: shows [7h Ac] (a pair of Fours)
Feja890: mucks hand 
Sagory collected $0.10 from pot
*** SUMMARY ***
Total pot $0.10 | Rake $0 
Board [4s 5d 4h 9c Td]
Seat 1: Dorex2007 (button) folded before Flop (didn't bet)
Seat 2: Sagory (small blind) showed [7h Ac] and won ($0.10) with a pair of Fours
Seat 3: Feja890 (big blind) mucked [6d 2s]
Seat 4: Darin_Boldrin folded before Flop (didn't bet)
Seat 5: devainitapok folded before Flop (didn't bet)
Seat 6: TeshioRiver folded before Flop (didn't bet)



PokerStars Zoom Hand #237654113256:  Hold'em No Limit ($0.01/$0.02) - 2022/07/28 22:39:49 PT [2022/07/29 1:39:49 ET]
Table 'Halley' 6-max Seat #1 is the button
Seat 1: starwars121 ($2.19 in chips) 
Seat 2: realdlink ($2.01 in chips) 
Seat 3: rolfinhu88 ($0.09 in chips) 
Seat 4: Dorex2007 ($2 in chips) 
Seat 5: chikahilt ($2.94 in chips) 
Seat 6: SylencY0 ($2.40 in chips) 
realdlink: posts small blind $0.01
rolfinhu88: posts big blind $0.02
*** HOLE CARDS ***
Dealt to Dorex2007 [Td 2d]
SylencY0 is disconnected 
chikahilt is disconnected 
Dorex2007: folds 
chikahilt: folds 
SylencY0: folds 
Dorex2007 is disconnected 
starwars121: folds 
starwars121 is disconnected 
realdlink: raises $0.04 to $0.06
rolfinhu88: folds 
Uncalled bet ($0.04) returned to realdlink
realdlink collected $0.04 from pot
realdlink: doesn't show hand 
rolfinhu88 is disconnected 
*** SUMMARY ***
Total pot $0.04 | Rake $0 
Seat 1: starwars121 (button) folded before Flop (didn't bet)
Seat 2: realdlink (small blind) collected ($0.04)
Seat 3: rolfinhu88 (big blind) folded before Flop
Seat 4: Dorex2007 folded before Flop (didn't bet)
Seat 5: chikahilt folded before Flop (didn't bet)
Seat 6: SylencY0 folded before Flop (didn't bet)



PokerStars Zoom Hand #237654114471:  Hold'em No Limit ($0.01/$0.02) - 2022/07/28 22:40:00 PT [2022/07/29 1:40:00 ET]
Table 'Halley' 6-max Seat #1 is the button
Seat 1: epsilon2011 ($2.03 in chips) 
Seat 2: Tutunn ($1.21 in chips) 
Seat 3: ken463 ($2.38 in chips) 
Seat 4: sanych_san55 ($1.50 in chips) 
Seat 5: Zamora0213 ($2.34 in chips) 
Seat 6: Dorex2007 ($2 in chips) 
Tutunn: posts small blind $0.01
ken463: posts big blind $0.02
*** HOLE CARDS ***
Dealt to Dorex2007 [7d 8h]
sanych_san55: folds 
Tutunn is disconnected 
Dorex2007 is disconnected 
epsilon2011 is disconnected 
Zamora0213: folds 
Dorex2007: folds 
epsilon2011: folds 
Tutunn: folds 
Uncalled bet ($0.01) returned to ken463
Zamora0213 is disconnected 
ken463 collected $0.02 from pot
ken463: doesn't show hand 
*** SUMMARY ***
Total pot $0.02 | Rake $0 
Seat 1: epsilon2011 (button) folded before Flop (didn't bet)
Seat 2: Tutunn (small blind) folded before Flop
Seat 3: ken463 (big blind) collected ($0.02)
Seat 4: sanych_san55 folded before Flop (didn't bet)
Seat 5: Zamora0213 folded before Flop (didn't bet)
Seat 6: Dorex2007 folded before Flop (didn't bet)



PokerStars Zoom Hand #237654112691:  Hold'em No Limit ($0.01/$0.02) - 2022/07/28 22:39:44 PT [2022/07/29 1:39:44 ET]
Table 'Halley' 6-max Seat #1 is the button
Seat 1: Zamora0213 ($2 in chips) 
Seat 2: todoroki5n5 ($2 in chips) 
Seat 3: epsilon2011 ($2.19 in chips) 
Seat 4: chikahilt ($2.17 in chips) 
Seat 5: Dorex2007 ($2 in chips) 
Seat 6: MarksmanGK ($1.65 in chips) 
todoroki5n5: posts small blind $0.01
epsilon2011: posts big blind $0.02
*** HOLE CARDS ***
Dealt to Dorex2007 [8s 2h]
chikahilt: folds 
chikahilt is disconnected 
Dorex2007: folds 
Dorex2007 is disconnected 
Zamora0213 is disconnected 
MarksmanGK: raises $0.03 to $0.05
Zamora0213: folds 
epsilon2011 is disconnected 
todoroki5n5: folds 
epsilon2011: folds 
Uncalled bet ($0.03) returned to MarksmanGK
todoroki5n5 is disconnected 
MarksmanGK collected $0.05 from pot
MarksmanGK: doesn't show hand 
*** SUMMARY ***
Total pot $0.05 | Rake $0 
Seat 1: Zamora0213 (button) folded before Flop (didn't bet)
Seat 2: todoroki5n5 (small blind) folded before Flop
Seat 3: epsilon2011 (big blind) folded before Flop
Seat 4: chikahilt folded before Flop (didn't bet)
Seat 5: Dorex2007 folded before Flop (didn't bet)
Seat 6: MarksmanGK collected ($0.05)



PokerStars Zoom Hand #237654115034:  Hold'em No Limit ($0.01/$0.02) - 2022/07/28 22:40:05 PT [2022/07/29 1:40:05 ET]
Table 'Halley' 6-max Seat #1 is the button
Seat 1: Fedezun ($2.54 in chips) 
Seat 2: Dorex2007 ($2 in chips) 
Seat 3: JPASmoker ($2 in chips) 
Seat 4: sanych_san55 ($1.62 in chips) 
Seat 5: pottthem ($2.65 in chips) 
Seat 6: zepas.hn ($2.85 in chips) 
Dorex2007: posts small blind $0.01
JPASmoker: posts big blind $0.02
*** HOLE CARDS ***
Dealt to Dorex2007 [2h 3d]
sanych_san55: folds 
pottthem: folds 
pottthem is disconnected 
Dorex2007 is disconnected 
Fedezun is disconnected 
zepas.hn: calls $0.02
Fedezun: folds 
Dorex2007: folds 
JPASmoker: checks 
*** FLOP *** [6s 5c 5d]
JPASmoker: checks 
zepas.hn: checks 
*** TURN *** [6s 5c 5d] [Ts]
JPASmoker: checks 
zepas.hn: checks 
*** RIVER *** [6s 5c 5d Ts] [9s]
JPASmoker: checks 
zepas.hn: bets $0.05
JPASmoker: folds 
Uncalled bet ($0.05) returned to zepas.hn
zepas.hn collected $0.05 from pot
zepas.hn: doesn't show hand 
JPASmoker is disconnected 
*** SUMMARY ***
Total pot $0.05 | Rake $0 
Board [6s 5c 5d Ts 9s]
Seat 1: Fedezun (button) folded before Flop (didn't bet)
Seat 2: Dorex2007 (small blind) folded before Flop
Seat 3: JPASmoker (big blind) folded on the River
Seat 4: sanych_san55 folded before Flop (didn't bet)
Seat 5: pottthem folded before Flop (didn't bet)
Seat 6: zepas.hn collected ($0.05)



PokerStars Zoom Hand #237654116787:  Hold'em No Limit ($0.01/$0.02) - 2022/07/28 22:40:21 PT [2022/07/29 1:40:21 ET]
Table 'Halley' 6-max Seat #1 is the button
Seat 1: Dorex2007 ($2 in chips) 
Seat 2: Zlat36 ($1.29 in chips) 
Seat 3: K0ntext ($2 in chips) 
Seat 4: MarksmanGK ($1.67 in chips) 
Seat 5: ryutaro1 ($2.61 in chips) 
Seat 6: Numakin ($2 in chips) 
Zlat36: posts small blind $0.01
K0ntext: posts big blind $0.02
*** HOLE CARDS ***
Dealt to Dorex2007 [4d 9h]
Zlat36 is disconnected 
Dorex2007 is disconnected 
MarksmanGK: folds 
ryutaro1: folds 
ryutaro1 is disconnected 
MarksmanGK is disconnected 
Numakin: folds 
Dorex2007: folds 
Zlat36: folds 
Uncalled bet ($0.01) returned to K0ntext
Numakin is disconnected 
K0ntext collected $0.02 from pot
K0ntext: doesn't show hand 
*** SUMMARY ***
Total pot $0.02 | Rake $0 
Seat 1: Dorex2007 (button) folded before Flop (didn't bet)
Seat 2: Zlat36 (small blind) folded before Flop
Seat 3: K0ntext (big blind) collected ($0.02)
Seat 4: MarksmanGK folded before Flop (didn't bet)
Seat 5: ryutaro1 folded before Flop (didn't bet)
Seat 6: Numakin folded before Flop (didn't bet)



PokerStars Zoom Hand #237654117353:  Hold'em No Limit ($0.01/$0.02) - 2022/07/28 22:40:26 PT [2022/07/29 1:40:26 ET]
Table 'Halley' 6-max Seat #1 is the button
Seat 1: epsilon2011 ($2.03 in chips) 
Seat 2: MaksDV ($6.63 in chips) 
Seat 3: telesforo21 ($2 in chips) 
Seat 4: pembrom ($0.51 in chips) 
Seat 5: podekor ($1.04 in chips) 
Seat 6: Dorex2007 ($2 in chips) 
MaksDV: posts small blind $0.01
telesforo21: posts big blind $0.02
*** HOLE CARDS ***
Dealt to Dorex2007 [5h 2d]
Dorex2007 is disconnected 
epsilon2011 is disconnected 
pembrom: folds 
pembrom is disconnected 
podekor: raises $0.02 to $0.04
Dorex2007: folds 
epsilon2011: folds 
MaksDV: folds 
MaksDV is disconnected 
telesforo21: calls $0.02
*** FLOP *** [3h Kh 6s]
telesforo21: checks 
podekor: bets $0.02
telesforo21: calls $0.02
*** TURN *** [3h Kh 6s] [5d]
telesforo21: checks 
podekor: checks 
*** RIVER *** [3h Kh 6s 5d] [7c]
telesforo21: checks 
podekor: checks 
*** SHOW DOWN ***
telesforo21: shows [As 6d] (a pair of Sixes)
podekor: mucks hand 
telesforo21 collected $0.13 from pot
*** SUMMARY ***
Total pot $0.13 | Rake $0 
Board [3h Kh 6s 5d 7c]
Seat 1: epsilon2011 (button) folded before Flop (didn't bet)
Seat 2: MaksDV (small blind) folded before Flop
Seat 3: telesforo21 (big blind) showed [As 6d] and won ($0.13) with a pair of Sixes
Seat 4: pembrom folded before Flop (didn't bet)
Seat 5: podekor mucked [9s Th]
Seat 6: Dorex2007 folded before Flop (didn't bet)



PokerStars Zoom Hand #237654117865:  Hold'em No Limit ($0.01/$0.02) - 2022/07/28 22:40:31 PT [2022/07/29 1:40:31 ET]
Table 'Halley' 6-max Seat #1 is the button
Seat 1: SaschaBorni1977 ($1.70 in chips) 
Seat 2: Blargh117 ($4.81 in chips) 
Seat 3: realdlink ($1.98 in chips) 
Seat 4: edithsr3 ($1.18 in chips) 
Seat 5: Dorex2007 ($2 in chips) 
Seat 6: katsasvag ($1.88 in chips) 
Blargh117: posts small blind $0.01
realdlink: posts big blind $0.02
*** HOLE CARDS ***
Dealt to Dorex2007 [8d 3c]
Dorex2007 is disconnected 
edithsr3: folds 
Dorex2007: folds 
edithsr3 is disconnected 
katsasvag: calls $0.02
SaschaBorni1977: raises $0.02 to $0.04
realdlink is disconnected 
Blargh117: calls $0.03
realdlink: folds 
katsasvag: calls $0.02
*** FLOP *** [9h 6c 8h]
Blargh117: checks 
katsasvag: checks 
SaschaBorni1977: bets $0.07
Blargh117: raises $0.11 to $0.18
katsasvag: folds 
katsasvag is disconnected 
SaschaBorni1977: folds 
Uncalled bet ($0.11) returned to Blargh117
Blargh117 collected $0.27 from pot
Blargh117: doesn't show hand 
SaschaBorni1977 is disconnected 
*** SUMMARY ***
Total pot $0.28 | Rake $0.01 
Board [9h 6c 8h]
Seat 1: SaschaBorni1977 (button) folded on the Flop
Seat 2: Blargh117 (small blind) collected ($0.27)
Seat 3: realdlink (big blind) folded before Flop
Seat 4: edithsr3 folded before Flop (didn't bet)
Seat 5: Dorex2007 folded before Flop (didn't bet)
Seat 6: katsasvag folded on the Flop



PokerStars Zoom Hand #237654115691:  Hold'em No Limit ($0.01/$0.02) - 2022/07/28 22:40:11 PT [2022/07/29 1:40:11 ET]
Table 'Halley' 6-max Seat #1 is the button
Seat 1: DosenB1A ($2.59 in chips) 
Seat 2: intentii ($2.19 in chips) 
Seat 3: Dorex2007 ($2 in chips) 
Seat 4: ganador_8674 ($5.26 in chips) 
Seat 5: aspid1977 ($2.12 in chips) 
Seat 6: Dima18118113 ($3.85 in chips) 
intentii: posts small blind $0.01
Dorex2007: posts big blind $0.02
*** HOLE CARDS ***
Dealt to Dorex2007 [5h Ad]
ganador_8674: raises $0.04 to $0.06
aspid1977: folds 
aspid1977 is disconnected 
Dorex2007 is disconnected 
Dima18118113: folds 
Dima18118113 is disconnected 
DosenB1A: calls $0.06
intentii: folds 
Dorex2007: folds 
*** FLOP *** [Jh Ts 8h]
intentii is disconnected 
ganador_8674: bets $0.07
DosenB1A: raises $0.16 to $0.23
ganador_8674: calls $0.16
*** TURN *** [Jh Ts 8h] [Tc]
ganador_8674: checks 
DosenB1A: bets $0.47
ganador_8674: folds 
Uncalled bet ($0.47) returned to DosenB1A
DosenB1A collected $0.59 from pot
DosenB1A: doesn't show hand 
ganador_8674 is disconnected 
*** SUMMARY ***
Total pot $0.61 | Rake $0.02 
Board [Jh Ts 8h Tc]
Seat 1: DosenB1A (button) collected ($0.59)
Seat 2: intentii (small blind) folded before Flop
Seat 3: Dorex2007 (big blind) folded before Flop
Seat 4: ganador_8674 folded on the Turn
Seat 5: aspid1977 folded before Flop (didn't bet)
Seat 6: Dima18118113 folded before Flop (didn't bet)



PokerStars Zoom Hand #237654118614:  Hold'em No Limit ($0.01/$0.02) - 2022/07/28 22:40:38 PT [2022/07/29 1:40:38 ET]
Table 'Halley' 6-max Seat #1 is the button
Seat 1: FokusNik696 ($0.86 in chips) 
Seat 2: sanych_san55 ($1.50 in chips) 
Seat 3: Dorex2007 ($2 in chips) 
Seat 4: Ficere58 ($2.60 in chips) 
Seat 5: mr.dfox13 ($1.43 in chips) 
Seat 6: intentii ($2 in chips) 
sanych_san55: posts small blind $0.01
Dorex2007: posts big blind $0.02
*** HOLE CARDS ***
Dealt to Dorex2007 [5d Ks]
mr.dfox13 is disconnected 
Ficere58: calls $0.02
mr.dfox13: folds 
intentii: folds 
intentii is disconnected 
FokusNik696: calls $0.02
sanych_san55: folds 
Dorex2007: checks 
*** FLOP *** [7c Kc 2c]
Dorex2007: bets $0.05
Ficere58: folds 
Ficere58 is disconnected 
FokusNik696: calls $0.05
*** TURN *** [7c Kc 2c] [Ah]
Dorex2007: bets $0.16
FokusNik696: calls $0.16
*** RIVER *** [7c Kc 2c Ah] [8s]
Dorex2007: bets $0.23
FokusNik696: calls $0.23
*** SHOW DOWN ***
Dorex2007: shows [5d Ks] (a pair of Kings)
FokusNik696: shows [Ac Td] (a pair of Aces)
FokusNik696 collected $0.92 from pot
*** SUMMARY ***
Total pot $0.95 | Rake $0.03 
Board [7c Kc 2c Ah 8s]
Seat 1: FokusNik696 (button) showed [Ac Td] and won ($0.92) with a pair of Aces
Seat 2: sanych_san55 (small blind) folded before Flop
Seat 3: Dorex2007 (big blind) showed [5d Ks] and lost with a pair of Kings
Seat 4: Ficere58 folded on the Flop
Seat 5: mr.dfox13 folded before Flop (didn't bet)
Seat 6: intentii folded before Flop (didn't bet)



PokerStars Zoom Hand #237654125639:  Hold'em No Limit ($0.01/$0.02) - 2022/07/28 22:41:42 PT [2022/07/29 1:41:42 ET]
Table 'Halley' 6-max Seat #1 is the button
Seat 1: Zamora0213 ($2.14 in chips) 
Seat 2: Tutunn ($1.25 in chips) 
Seat 3: hchchcvgcggc ($2.22 in chips) 
Seat 4: aspid1977 ($2.29 in chips) 
Seat 5: Fre$hG ($0.91 in chips) 
Seat 6: Dorex2007 ($2 in chips) 
Tutunn: posts small blind $0.01
hchchcvgcggc: posts big blind $0.02
*** HOLE CARDS ***
Dealt to Dorex2007 [5d 5s]
aspid1977: folds 
aspid1977 is disconnected 
Fre$hG: folds 
Fre$hG is disconnected 
Zamora0213 is disconnected 
Dorex2007: raises $0.08 to $0.10
Zamora0213: folds 
hchchcvgcggc is disconnected 
Tutunn: calls $0.09
hchchcvgcggc: folds 
*** FLOP *** [9d 8c Kh]
Tutunn: checks 
Dorex2007: bets $0.21
Tutunn: folds 
Uncalled bet ($0.21) returned to Dorex2007
Dorex2007 collected $0.21 from pot
Dorex2007: doesn't show hand 
Tutunn is disconnected 
*** SUMMARY ***
Total pot $0.22 | Rake $0.01 
Board [9d 8c Kh]
Seat 1: Zamora0213 (button) folded before Flop (didn't bet)
Seat 2: Tutunn (small blind) folded on the Flop
Seat 3: hchchcvgcggc (big blind) folded before Flop
Seat 4: aspid1977 folded before Flop (didn't bet)
Seat 5: Fre$hG folded before Flop (didn't bet)
Seat 6: Dorex2007 collected ($0.21)



PokerStars Zoom Hand #237654125057:  Hold'em No Limit ($0.01/$0.02) - 2022/07/28 22:41:37 PT [2022/07/29 1:41:37 ET]
Table 'Halley' 6-max Seat #1 is the button
Seat 1: podekor ($0.98 in chips) 
Seat 2: Dorex2007 ($2 in chips) 
Seat 3: enry7.ice ($2.60 in chips) 
Seat 4: Dima18118113 ($3.88 in chips) 
Seat 5: FASITOS ($6.96 in chips) 
Seat 6: telesforo21 ($2.07 in chips) 
Dorex2007: posts small blind $0.01
enry7.ice: posts big blind $0.02
*** HOLE CARDS ***
Dealt to Dorex2007 [Td 2c]
Dima18118113: folds 
Dima18118113 is disconnected 
Dorex2007 is disconnected 
FASITOS: raises $0.04 to $0.06
telesforo21: folds 
podekor: calls $0.06
Dorex2007: folds 
enry7.ice: folds 
*** FLOP *** [6c 4h 4c]
enry7.ice is disconnected 
FASITOS: checks 
podekor: checks 
*** TURN *** [6c 4h 4c] [2h]
FASITOS: bets $0.08
podekor: folds 
Uncalled bet ($0.08) returned to FASITOS
FASITOS collected $0.14 from pot
FASITOS: doesn't show hand 
podekor is disconnected 
*** SUMMARY ***
Total pot $0.15 | Rake $0.01 
Board [6c 4h 4c 2h]
Seat 1: podekor (button) folded on the Turn
Seat 2: Dorex2007 (small blind) folded before Flop
Seat 3: enry7.ice (big blind) folded before Flop
Seat 4: Dima18118113 folded before Flop (didn't bet)
Seat 5: FASITOS collected ($0.14)
Seat 6: telesforo21 folded before Flop (didn't bet)



PokerStars Zoom Hand #237654128169:  Hold'em No Limit ($0.01/$0.02) - 2022/07/28 22:42:05 PT [2022/07/29 1:42:05 ET]
Table 'Halley' 6-max Seat #1 is the button
Seat 1: Dorex2007 ($2.11 in chips) 
Seat 2: iwantwhiskey ($0.98 in chips) 
Seat 3: starwars121 ($2.15 in chips) 
Seat 4: ken463 ($2 in chips) 
Seat 5: aspid1977 ($2.24 in chips) 
Seat 6: Tutunn ($1.15 in chips) 
iwantwhiskey: posts small blind $0.01
starwars121: posts big blind $0.02
*** HOLE CARDS ***
Dealt to Dorex2007 [7s 4c]
Tutunn is disconnected 
aspid1977 is disconnected 
Dorex2007 is disconnected 
ken463: raises $0.02 to $0.04
aspid1977: folds 
Tutunn: folds 
Dorex2007: folds 
iwantwhiskey: folds 
starwars121: folds 
Uncalled bet ($0.02) returned to ken463
ken463 collected $0.05 from pot
ken463: doesn't show hand 
starwars121 is disconnected 
*** SUMMARY ***
Total pot $0.05 | Rake $0 
Seat 1: Dorex2007 (button) folded before Flop (didn't bet)
Seat 2: iwantwhiskey (small blind) folded before Flop
Seat 3: starwars121 (big blind) folded before Flop
Seat 4: ken463 collected ($0.05)
Seat 5: aspid1977 folded before Flop (didn't bet)
Seat 6: Tutunn folded before Flop (didn't bet)



PokerStars Zoom Hand #237654128928:  Hold'em No Limit ($0.01/$0.02) - 2022/07/28 22:42:12 PT [2022/07/29 1:42:12 ET]
Table 'Halley' 6-max Seat #1 is the button
Seat 1: ken463 ($3.13 in chips) 
Seat 2: Dorex2007 ($2.11 in chips) 
Seat 3: mr.dfox13 ($2.92 in chips) 
Seat 4: ganador_8674 ($6.65 in chips) 
Seat 5: Apache1960 ($0.74 in chips) 
Seat 6: SylencY0 ($2.38 in chips) 
Dorex2007: posts small blind $0.01
mr.dfox13: posts big blind $0.02
*** HOLE CARDS ***
Dealt to Dorex2007 [Jc 8s]
SylencY0 is disconnected 
ganador_8674: folds 
ganador_8674 is disconnected 
ken463 is disconnected 
Apache1960: raises $0.02 to $0.04
SylencY0: folds 
ken463: folds 
mr.dfox13 is disconnected 
Dorex2007: calls $0.03
mr.dfox13: folds 
*** FLOP *** [As 6s 8c]
Dorex2007: checks 
Apache1960: bets $0.06
Dorex2007: calls $0.06
*** TURN *** [As 6s 8c] [Th]
Dorex2007: checks 
Apache1960: checks 
*** RIVER *** [As 6s 8c Th] [Qc]
Dorex2007: bets $0.14
Apache1960: folds 
Uncalled bet ($0.14) returned to Dorex2007
Dorex2007 collected $0.21 from pot
Dorex2007: doesn't show hand 
Apache1960 is disconnected 
*** SUMMARY ***
Total pot $0.22 | Rake $0.01 
Board [As 6s 8c Th Qc]
Seat 1: ken463 (button) folded before Flop (didn't bet)
Seat 2: Dorex2007 (small blind) collected ($0.21)
Seat 3: mr.dfox13 (big blind) folded before Flop
Seat 4: ganador_8674 folded before Flop (didn't bet)
Seat 5: Apache1960 folded on the River
Seat 6: SylencY0 folded before Flop (didn't bet)



PokerStars Zoom Hand #237654132673:  Hold'em No Limit ($0.01/$0.02) - 2022/07/28 22:42:46 PT [2022/07/29 1:42:46 ET]
Table 'Halley' 6-max Seat #1 is the button
Seat 1: Liedolsheim ($2 in chips) 
Seat 2: Numakin ($2.20 in chips) 
Seat 3: telesforo21 ($2 in chips) 
Seat 4: SylencY0 ($2.54 in chips) 
Seat 5: Dorex2007 ($2.22 in chips) 
Seat 6: Victor151886 ($2.21 in chips) 
Numakin: posts small blind $0.01
telesforo21: posts big blind $0.02
*** HOLE CARDS ***
Dealt to Dorex2007 [Kc 2s]
SylencY0: folds 
SylencY0 is disconnected 
Dorex2007: folds 
Dorex2007 is disconnected 
Victor151886: folds 
Victor151886 is disconnected 
Liedolsheim: folds 
Liedolsheim is disconnected 
Numakin: folds 
Uncalled bet ($0.01) returned to telesforo21
telesforo21 collected $0.02 from pot
telesforo21: doesn't show hand 
Numakin is disconnected 
*** SUMMARY ***
Total pot $0.02 | Rake $0 
Seat 1: Liedolsheim (button) folded before Flop (didn't bet)
Seat 2: Numakin (small blind) folded before Flop
Seat 3: telesforo21 (big blind) collected ($0.02)
Seat 4: SylencY0 folded before Flop (didn't bet)
Seat 5: Dorex2007 folded before Flop (didn't bet)
Seat 6: Victor151886 folded before Flop (didn't bet)



PokerStars Zoom Hand #237654133207:  Hold'em No Limit ($0.01/$0.02) - 2022/07/28 22:42:51 PT [2022/07/29 1:42:51 ET]
Table 'Halley' 6-max Seat #1 is the button
Seat 1: MToka033 ($1.47 in chips) 
Seat 2: ganador_8674 ($7.34 in chips) 
Seat 3: ken463 ($9.60 in chips) 
Seat 4: Dorex2007 ($2.22 in chips) 
Seat 5: TeshioRiver ($5.47 in chips) 
Seat 6: Darin_Boldrin ($3.88 in chips) 
ganador_8674: posts small blind $0.01
ken463: posts big blind $0.02
*** HOLE CARDS ***
Dealt to Dorex2007 [Qs 5c]
MToka033 is disconnected 
Darin_Boldrin is disconnected 
Dorex2007: folds 
Dorex2007 is disconnected 
TeshioRiver: folds 
Darin_Boldrin: folds 
MToka033: folds 
TeshioRiver is disconnected 
ganador_8674: folds 
Uncalled bet ($0.01) returned to ken463
ken463 collected $0.02 from pot
ken463: doesn't show hand 
ganador_8674 is disconnected 
*** SUMMARY ***
Total pot $0.02 | Rake $0 
Seat 1: MToka033 (button) folded before Flop (didn't bet)
Seat 2: ganador_8674 (small blind) folded before Flop
Seat 3: ken463 (big blind) collected ($0.02)
Seat 4: Dorex2007 folded before Flop (didn't bet)
Seat 5: TeshioRiver folded before Flop (didn't bet)
Seat 6: Darin_Boldrin folded before Flop (didn't bet)



PokerStars Zoom Hand #237654133849:  Hold'em No Limit ($0.01/$0.02) - 2022/07/28 22:42:57 PT [2022/07/29 1:42:57 ET]
Table 'Halley' 6-max Seat #1 is the button
Seat 1: Aniko197510 ($1 in chips) 
Seat 2: devainitapok ($1.51 in chips) 
Seat 3: Dorex2007 ($2.22 in chips) 
Seat 4: KeeNchiK ($2 in chips) 
Seat 5: jorel888 ($2.37 in chips) 
Seat 6: ryutaro1 ($2.48 in chips) 
devainitapok: posts small blind $0.01
Dorex2007: posts big blind $0.02
*** HOLE CARDS ***
Dealt to Dorex2007 [8d As]
KeeNchiK: folds 
KeeNchiK is disconnected 
Aniko197510 is disconnected 
ryutaro1 is disconnected 
jorel888: folds 
ryutaro1: folds 
Aniko197510: folds 
jorel888 is disconnected 
devainitapok: calls $0.01
Dorex2007: raises $0.06 to $0.08
devainitapok: folds 
Uncalled bet ($0.06) returned to Dorex2007
Dorex2007 collected $0.04 from pot
Dorex2007: doesn't show hand 
devainitapok is disconnected 
*** SUMMARY ***
Total pot $0.04 | Rake $0 
Seat 1: Aniko197510 (button) folded before Flop (didn't bet)
Seat 2: devainitapok (small blind) folded before Flop
Seat 3: Dorex2007 (big blind) collected ($0.04)
Seat 4: KeeNchiK folded before Flop (didn't bet)
Seat 5: jorel888 folded before Flop (didn't bet)
Seat 6: ryutaro1 folded before Flop (didn't bet)



PokerStars Zoom Hand #237654140824:  Hold'em No Limit ($0.01/$0.02) - 2022/07/28 22:43:24 PT [2022/07/29 1:43:24 ET]
Table 'Halley' 6-max Seat #1 is the button
Seat 1: Dorex2007 ($2.24 in chips) 
Seat 2: Kama7282 ($1.98 in chips) 
Seat 3: CNXJM ($1.88 in chips) 
Seat 4: starwars121 ($2.20 in chips) 
Seat 5: podekor ($0.92 in chips) 
Seat 6: S_towler ($1.88 in chips) 
Kama7282: posts small blind $0.01
CNXJM: posts big blind $0.02
*** HOLE CARDS ***
Dealt to Dorex2007 [2s Ah]
Kama7282 is disconnected 
S_towler is disconnected 
podekor is disconnected 
Dorex2007 is disconnected 
starwars121: folds 
podekor: folds 
S_towler: folds 
Dorex2007: folds 
Kama7282: folds 
Uncalled bet ($0.01) returned to CNXJM
starwars121 is disconnected 
CNXJM collected $0.02 from pot
CNXJM: doesn't show hand 
*** SUMMARY ***
Total pot $0.02 | Rake $0 
Seat 1: Dorex2007 (button) folded before Flop (didn't bet)
Seat 2: Kama7282 (small blind) folded before Flop
Seat 3: CNXJM (big blind) collected ($0.02)
Seat 4: starwars121 folded before Flop (didn't bet)
Seat 5: podekor folded before Flop (didn't bet)
Seat 6: S_towler folded before Flop (didn't bet)



PokerStars Zoom Hand #237654140165:  Hold'em No Limit ($0.01/$0.02) - 2022/07/28 22:43:18 PT [2022/07/29 1:43:18 ET]
Table 'Halley' 6-max Seat #1 is the button
Seat 1: todoroki5n5 ($2.29 in chips) 
Seat 2: Apache1960 ($0.65 in chips) 
Seat 3: lalula90 ($1.30 in chips) 
Seat 4: aspid1977 ($2.02 in chips) 
Seat 5: Dorex2007 ($2.24 in chips) 
Seat 6: DosenB1A ($3 in chips) 
Apache1960: posts small blind $0.01
lalula90: posts big blind $0.02
*** HOLE CARDS ***
Dealt to Dorex2007 [9s 5s]
aspid1977: folds 
aspid1977 is disconnected 
DosenB1A is disconnected 
Dorex2007: folds 
DosenB1A: folds 
Dorex2007 is disconnected 
todoroki5n5: raises $0.03 to $0.05
Apache1960: calls $0.04
lalula90: calls $0.03
*** FLOP *** [Ac 8c 4d]
Apache1960: checks 
lalula90: checks 
todoroki5n5: bets $0.07
Apache1960: folds 
Apache1960 is disconnected 
lalula90: folds 
Uncalled bet ($0.07) returned to todoroki5n5
todoroki5n5 collected $0.14 from pot
todoroki5n5: doesn't show hand 
lalula90 is disconnected 
*** SUMMARY ***
Total pot $0.15 | Rake $0.01 
Board [Ac 8c 4d]
Seat 1: todoroki5n5 (button) collected ($0.14)
Seat 2: Apache1960 (small blind) folded on the Flop
Seat 3: lalula90 (big blind) folded on the Flop
Seat 4: aspid1977 folded before Flop (didn't bet)
Seat 5: Dorex2007 folded before Flop (didn't bet)
Seat 6: DosenB1A folded before Flop (didn't bet)



PokerStars Zoom Hand #237654141812:  Hold'em No Limit ($0.01/$0.02) - 2022/07/28 22:43:33 PT [2022/07/29 1:43:33 ET]
Table 'Halley' 6-max Seat #1 is the button
Seat 1: prostars62 ($1.25 in chips) 
Seat 2: Ficere58 ($2.12 in chips) 
Seat 3: gena60 ($2 in chips) 
Seat 4: Dorex2007 ($2.24 in chips) 
Seat 5: S_towler ($1.88 in chips) 
Seat 6: iwantwhiskey ($0.90 in chips) 
Ficere58: posts small blind $0.01
gena60: posts big blind $0.02
*** HOLE CARDS ***
Dealt to Dorex2007 [5d 4c]
S_towler is disconnected 
Dorex2007: folds 
S_towler: folds 
iwantwhiskey: folds 
Dorex2007 is disconnected 
prostars62: folds 
prostars62 is disconnected 
Ficere58: raises $0.04 to $0.06
gena60: calls $0.04
*** FLOP *** [Ks 6d Kh]
Ficere58: bets $0.12
gena60: folds 
Uncalled bet ($0.12) returned to Ficere58
Ficere58 collected $0.12 from pot
Ficere58: doesn't show hand 
gena60 is disconnected 
*** SUMMARY ***
Total pot $0.12 | Rake $0 
Board [Ks 6d Kh]
Seat 1: prostars62 (button) folded before Flop (didn't bet)
Seat 2: Ficere58 (small blind) collected ($0.12)
Seat 3: gena60 (big blind) folded on the Flop
Seat 4: Dorex2007 folded before Flop (didn't bet)
Seat 5: S_towler folded before Flop (didn't bet)
Seat 6: iwantwhiskey folded before Flop (didn't bet)



PokerStars Zoom Hand #237654142464:  Hold'em No Limit ($0.01/$0.02) - 2022/07/28 22:43:39 PT [2022/07/29 1:43:39 ET]
Table 'Halley' 6-max Seat #1 is the button
Seat 1: Apache1960 ($0.60 in chips) 
Seat 2: Mario@kom ($1.95 in chips) 
Seat 3: Dorex2007 ($2.24 in chips) 
Seat 4: entity_fade ($2.12 in chips) 
Seat 5: DosenB1A ($4.51 in chips) 
Seat 6: Gupcsó János ($1 in chips) 
Mario@kom: posts small blind $0.01
Dorex2007: posts big blind $0.02
*** HOLE CARDS ***
Dealt to Dorex2007 [9s 3s]
DosenB1A is disconnected 
Apache1960 is disconnected 
Mario@kom is disconnected 
entity_fade: folds 
DosenB1A: folds 
entity_fade is disconnected 
Gupcsó János: calls $0.02
Apache1960: folds 
Mario@kom: folds 
Dorex2007: checks 
*** FLOP *** [3h Qs Qd]
Dorex2007: checks 
Gupcsó János: bets $0.02
Dorex2007: folds 
Uncalled bet ($0.02) returned to Gupcsó János
Gupcsó János collected $0.05 from pot
Gupcsó János: doesn't show hand 
Dorex2007 is disconnected 
*** SUMMARY ***
Total pot $0.05 | Rake $0 
Board [3h Qs Qd]
Seat 1: Apache1960 (button) folded before Flop (didn't bet)
Seat 2: Mario@kom (small blind) folded before Flop
Seat 3: Dorex2007 (big blind) folded on the Flop
Seat 4: entity_fade folded before Flop (didn't bet)
Seat 5: DosenB1A folded before Flop (didn't bet)
Seat 6: Gupcsó János collected ($0.05)



PokerStars Zoom Hand #237654147588:  Hold'em No Limit ($0.01/$0.02) - 2022/07/28 22:44:26 PT [2022/07/29 1:44:26 ET]
Table 'Halley' 6-max Seat #1 is the button
Seat 1: MaksDV ($3.22 in chips) 
Seat 2: Limited_Al ($2.01 in chips) 
Seat 3: hchchcvgcggc ($3.09 in chips) 
Seat 4: S_towler ($1.85 in chips) 
Seat 5: Ficere58 ($2.21 in chips) 
Seat 6: Dorex2007 ($2.22 in chips) 
Limited_Al: posts small blind $0.01
hchchcvgcggc: posts big blind $0.02
*** HOLE CARDS ***
Dealt to Dorex2007 [Ts 7d]
S_towler: folds 
Limited_Al is disconnected 
S_towler is disconnected 
Dorex2007 is disconnected 
Ficere58: raises $0.04 to $0.06
Dorex2007: folds 
MaksDV: folds 
Limited_Al: folds 
MaksDV is disconnected 
hchchcvgcggc: folds 
Uncalled bet ($0.04) returned to Ficere58
Ficere58 collected $0.05 from pot
Ficere58: doesn't show hand 
hchchcvgcggc is disconnected 
*** SUMMARY ***
Total pot $0.05 | Rake $0 
Seat 1: MaksDV (button) folded before Flop (didn't bet)
Seat 2: Limited_Al (small blind) folded before Flop
Seat 3: hchchcvgcggc (big blind) folded before Flop
Seat 4: S_towler folded before Flop (didn't bet)
Seat 5: Ficere58 collected ($0.05)
Seat 6: Dorex2007 folded before Flop (didn't bet)



PokerStars Zoom Hand #237654148241:  Hold'em No Limit ($0.01/$0.02) - 2022/07/28 22:44:32 PT [2022/07/29 1:44:32 ET]
Table 'Halley' 6-max Seat #1 is the button
Seat 1: chikahilt ($2.58 in chips) 
Seat 2: Dorex2007 ($2.22 in chips) 
Seat 3: Sindaragosa ($1 in chips) 
Seat 4: Liedolsheim ($2.03 in chips) 
Seat 5: Gupcsó János ($1.02 in chips) 
Seat 6: GrindMFlush ($4.07 in chips) 
Dorex2007: posts small blind $0.01
Sindaragosa: posts big blind $0.02
*** HOLE CARDS ***
Dealt to Dorex2007 [Kc Qh]
Liedolsheim: raises $0.04 to $0.06
Gupcsó János: folds 
Gupcsó János is disconnected 
chikahilt is disconnected 
GrindMFlush: folds 
chikahilt: folds 
GrindMFlush is disconnected 
Dorex2007: raises $0.12 to $0.18
Sindaragosa: folds 
Sindaragosa is disconnected 
Liedolsheim: folds 
Uncalled bet ($0.12) returned to Dorex2007
Dorex2007 collected $0.14 from pot
Dorex2007: doesn't show hand 
Liedolsheim is disconnected 
*** SUMMARY ***
Total pot $0.14 | Rake $0 
Seat 1: chikahilt (button) folded before Flop (didn't bet)
Seat 2: Dorex2007 (small blind) collected ($0.14)
Seat 3: Sindaragosa (big blind) folded before Flop
Seat 4: Liedolsheim folded before Flop
Seat 5: Gupcsó János folded before Flop (didn't bet)
Seat 6: GrindMFlush folded before Flop (didn't bet)



PokerStars Zoom Hand #237654150544:  Hold'em No Limit ($0.01/$0.02) - 2022/07/28 22:44:54 PT [2022/07/29 1:44:54 ET]
Table 'Halley' 6-max Seat #1 is the button
Seat 1: Dorex2007 ($2.30 in chips) 
Seat 2: ganador_8674 ($7.40 in chips) 
Seat 3: todoroki5n5 ($2.20 in chips) 
Seat 4: Sindaragosa ($0.97 in chips) 
Seat 5: sanych_san55 ($1.50 in chips) 
Seat 6: S_towler ($1.82 in chips) 
ganador_8674: posts small blind $0.01
todoroki5n5: posts big blind $0.02
*** HOLE CARDS ***
Dealt to Dorex2007 [4d 5d]
S_towler is disconnected 
Sindaragosa: folds 
Sindaragosa is disconnected 
Dorex2007 is disconnected 
sanych_san55: folds 
S_towler: folds 
Dorex2007: folds 
ganador_8674: raises $0.04 to $0.06
todoroki5n5: folds 
Uncalled bet ($0.04) returned to ganador_8674
ganador_8674 collected $0.04 from pot
ganador_8674: doesn't show hand 
todoroki5n5 is disconnected 
*** SUMMARY ***
Total pot $0.04 | Rake $0 
Seat 1: Dorex2007 (button) folded before Flop (didn't bet)
Seat 2: ganador_8674 (small blind) collected ($0.04)
Seat 3: todoroki5n5 (big blind) folded before Flop
Seat 4: Sindaragosa folded before Flop (didn't bet)
Seat 5: sanych_san55 folded before Flop (didn't bet)
Seat 6: S_towler folded before Flop (didn't bet)



PokerStars Zoom Hand #237654151728:  Hold'em No Limit ($0.01/$0.02) - 2022/07/28 22:45:05 PT [2022/07/29 1:45:05 ET]
Table 'Halley' 6-max Seat #1 is the button
Seat 1: hchchcvgcggc ($3.09 in chips) 
Seat 2: DWM10 ($4.02 in chips) 
Seat 3: Sindaragosa ($0.97 in chips) 
Seat 4: Dorex2007 ($2.30 in chips) 
Seat 5: prostars62 ($1.14 in chips) 
Seat 6: aspid1977 ($2 in chips) 
DWM10: posts small blind $0.01
Sindaragosa: posts big blind $0.02
*** HOLE CARDS ***
Dealt to Dorex2007 [Ac 5d]
aspid1977 is disconnected 
hchchcvgcggc is disconnected 
prostars62 is disconnected 
Dorex2007: folds 
prostars62: folds 
aspid1977: folds 
hchchcvgcggc: folds 
Dorex2007 is disconnected 
DWM10: raises $0.04 to $0.06
Sindaragosa: folds 
Uncalled bet ($0.04) returned to DWM10
DWM10 collected $0.04 from pot
DWM10: doesn't show hand 
Sindaragosa is disconnected 
*** SUMMARY ***
Total pot $0.04 | Rake $0 
Seat 1: hchchcvgcggc (button) folded before Flop (didn't bet)
Seat 2: DWM10 (small blind) collected ($0.04)
Seat 3: Sindaragosa (big blind) folded before Flop
Seat 4: Dorex2007 folded before Flop (didn't bet)
Seat 5: prostars62 folded before Flop (didn't bet)
Seat 6: aspid1977 folded before Flop (didn't bet)



PokerStars Zoom Hand #237654151073:  Hold'em No Limit ($0.01/$0.02) - 2022/07/28 22:44:59 PT [2022/07/29 1:44:59 ET]
Table 'Halley' 6-max Seat #1 is the button
Seat 1: entity_fade ($3.67 in chips) 
Seat 2: Victor151886 ($2.90 in chips) 
Seat 3: neodelos ($2.67 in chips) 
Seat 4: intentii ($2 in chips) 
Seat 5: Dorex2007 ($2.30 in chips) 
Seat 6: TeshioRiver ($2.62 in chips) 
Victor151886: posts small blind $0.01
neodelos: posts big blind $0.02
*** HOLE CARDS ***
Dealt to Dorex2007 [7s 5s]
intentii: folds 
intentii is disconnected 
Dorex2007: folds 
Dorex2007 is disconnected 
entity_fade is disconnected 
TeshioRiver: raises $0.03 to $0.05
entity_fade: folds 
neodelos is disconnected 
Victor151886: calls $0.04
neodelos: folds 
*** FLOP *** [Jc 2c 5d]
Victor151886: checks 
TeshioRiver: checks 
*** TURN *** [Jc 2c 5d] [Ah]
Victor151886: checks 
TeshioRiver: checks 
*** RIVER *** [Jc 2c 5d Ah] [Kd]
Victor151886: checks 
TeshioRiver: checks 
*** SHOW DOWN ***
Victor151886: shows [3c 3s] (a pair of Threes)
TeshioRiver: shows [As Qc] (a pair of Aces)
TeshioRiver collected $0.12 from pot
Victor151886 is disconnected 
*** SUMMARY ***
Total pot $0.12 | Rake $0 
Board [Jc 2c 5d Ah Kd]
Seat 1: entity_fade (button) folded before Flop (didn't bet)
Seat 2: Victor151886 (small blind) showed [3c 3s] and lost with a pair of Threes
Seat 3: neodelos (big blind) folded before Flop
Seat 4: intentii folded before Flop (didn't bet)
Seat 5: Dorex2007 folded before Flop (didn't bet)
Seat 6: TeshioRiver showed [As Qc] and won ($0.12) with a pair of Aces



PokerStars Zoom Hand #237654153437:  Hold'em No Limit ($0.01/$0.02) - 2022/07/28 22:45:21 PT [2022/07/29 1:45:21 ET]
Table 'Halley' 6-max Seat #1 is the button
Seat 1: Mario@kom ($2.06 in chips) 
Seat 2: intentii ($2.01 in chips) 
Seat 3: Dorex2007 ($2.30 in chips) 
Seat 4: Blargh117 ($4.98 in chips) 
Seat 5: Azzhfrak ($3.27 in chips) 
Seat 6: ganador_8674 ($7.42 in chips) 
intentii: posts small blind $0.01
Dorex2007: posts big blind $0.02
*** HOLE CARDS ***
Dealt to Dorex2007 [Qh 6h]
Azzhfrak is disconnected 
Blargh117: folds 
Azzhfrak: folds 
Blargh117 is disconnected 
ganador_8674: folds 
Mario@kom: calls $0.02
ganador_8674 is disconnected 
intentii: folds 
intentii is disconnected 
Dorex2007: checks 
*** FLOP *** [Ac 8s 9h]
Dorex2007: checks 
Mario@kom: checks 
*** TURN *** [Ac 8s 9h] [5s]
Dorex2007: checks 
Mario@kom: checks 
*** RIVER *** [Ac 8s 9h 5s] [2d]
Dorex2007: checks 
Mario@kom: checks 
*** SHOW DOWN ***
Dorex2007: shows [Qh 6h] (high card Ace)
Mario@kom: shows [3h 3s] (a pair of Threes)
Mario@kom collected $0.05 from pot
*** SUMMARY ***
Total pot $0.05 | Rake $0 
Board [Ac 8s 9h 5s 2d]
Seat 1: Mario@kom (button) showed [3h 3s] and won ($0.05) with a pair of Threes
Seat 2: intentii (small blind) folded before Flop
Seat 3: Dorex2007 (big blind) showed [Qh 6h] and lost with high card Ace
Seat 4: Blargh117 folded before Flop (didn't bet)
Seat 5: Azzhfrak folded before Flop (didn't bet)
Seat 6: ganador_8674 folded before Flop (didn't bet)



PokerStars Zoom Hand #237654152483:  Hold'em No Limit ($0.01/$0.02) - 2022/07/28 22:45:12 PT [2022/07/29 1:45:12 ET]
Table 'Halley' 6-max Seat #1 is the button
Seat 1: Numakin ($2 in chips) 
Seat 2: J McClane007 ($1.01 in chips) 
Seat 3: todoroki5n5 ($2.40 in chips) 
Seat 4: Dorex2007 ($2.30 in chips) 
Seat 5: chikahilt ($3.87 in chips) 
Seat 6: realdlink ($2.36 in chips) 
J McClane007: posts small blind $0.01
todoroki5n5: posts big blind $0.02
*** HOLE CARDS ***
Dealt to Dorex2007 [6c Ks]
realdlink is disconnected 
Numakin is disconnected 
Dorex2007: folds 
Dorex2007 is disconnected 
chikahilt: folds 
realdlink: folds 
Numakin: folds 
chikahilt is disconnected 
J McClane007: raises $0.04 to $0.06
todoroki5n5: calls $0.04
*** FLOP *** [Js 9c 7d]
J McClane007: bets $0.04
todoroki5n5: calls $0.04
*** TURN *** [Js 9c 7d] [Qh]
J McClane007: checks 
todoroki5n5: bets $0.13
J McClane007: folds 
Uncalled bet ($0.13) returned to todoroki5n5
todoroki5n5 collected $0.19 from pot
todoroki5n5: doesn't show hand 
J McClane007 is disconnected 
*** SUMMARY ***
Total pot $0.20 | Rake $0.01 
Board [Js 9c 7d Qh]
Seat 1: Numakin (button) folded before Flop (didn't bet)
Seat 2: J McClane007 (small blind) folded on the Turn
Seat 3: todoroki5n5 (big blind) collected ($0.19)
Seat 4: Dorex2007 folded before Flop (didn't bet)
Seat 5: chikahilt folded before Flop (didn't bet)
Seat 6: realdlink folded before Flop (didn't bet)



PokerStars Zoom Hand #237654156640:  Hold'em No Limit ($0.01/$0.02) - 2022/07/28 22:45:50 PT [2022/07/29 1:45:50 ET]
Table 'Halley' 6-max Seat #1 is the button
Seat 1: gena60 ($2.05 in chips) 
Seat 2: Dorex2007 ($2.28 in chips) 
Seat 3: zoran445 ($0.65 in chips) 
Seat 4: Mario@kom ($2.09 in chips) 
Seat 5: ganador_8674 ($11.73 in chips) 
Seat 6: FokusNik696 ($1.09 in chips) 
Dorex2007: posts small blind $0.01
zoran445: posts big blind $0.02
*** HOLE CARDS ***
Dealt to Dorex2007 [8c Th]
Mario@kom: raises $0.05 to $0.07
Dorex2007 is disconnected 
ganador_8674: calls $0.07
gena60 is disconnected 
FokusNik696: calls $0.07
gena60: folds 
Dorex2007: folds 
zoran445: calls $0.05
*** FLOP *** [9d 5s 2h]
zoran445: bets $0.02
Mario@kom: raises $0.32 to $0.34
ganador_8674: calls $0.34
zoran445 is disconnected 
FokusNik696: folds 
zoran445: folds 
*** TURN *** [9d 5s 2h] [2c]
Mario@kom: bets $1.68 and is all-in
ganador_8674: calls $1.68
*** RIVER *** [9d 5s 2h 2c] [2d]
*** SHOW DOWN ***
Mario@kom: shows [Kc Kd] (a full house, Deuces full of Kings)
ganador_8674: shows [9s 9c] (a full house, Nines full of Deuces)
ganador_8674 collected $4.20 from pot
*** SUMMARY ***
Total pot $4.35 | Rake $0.15 
Board [9d 5s 2h 2c 2d]
Seat 1: gena60 (button) folded before Flop (didn't bet)
Seat 2: Dorex2007 (small blind) folded before Flop
Seat 3: zoran445 (big blind) folded on the Flop
Seat 4: Mario@kom showed [Kc Kd] and lost with a full house, Deuces full of Kings
Seat 5: ganador_8674 showed [9s 9c] and won ($4.20) with a full house, Nines full of Deuces
Seat 6: FokusNik696 folded on the Flop



PokerStars Zoom Hand #237654157180:  Hold'em No Limit ($0.01/$0.02) - 2022/07/28 22:45:55 PT [2022/07/29 1:45:55 ET]
Table 'Halley' 6-max Seat #1 is the button
Seat 1: Dorex2007 ($2.27 in chips) 
Seat 2: MarCel1898 ($1.90 in chips) 
Seat 3: copperfield ($0.05 in chips) 
Seat 4: ken463 ($3.10 in chips) 
Seat 5: KeeNchiK ($4.13 in chips) 
Seat 6: MarksmanGK ($1.97 in chips) 
MarCel1898: posts small blind $0.01
copperfield: posts big blind $0.02
*** HOLE CARDS ***
Dealt to Dorex2007 [2d Ad]
MarCel1898 is disconnected 
ken463: raises $0.04 to $0.06
MarksmanGK is disconnected 
KeeNchiK: folds 
MarksmanGK: folds 
Dorex2007: folds 
MarCel1898: folds 
Dorex2007 is disconnected 
KeeNchiK is disconnected 
copperfield: calls $0.03 and is all-in
Uncalled bet ($0.01) returned to ken463
copperfield has timed out
*** FLOP *** [3d 8d 9d]
*** TURN *** [3d 8d 9d] [Ts]
*** RIVER *** [3d 8d 9d Ts] [Qd]
*** SHOW DOWN ***
copperfield: shows [7s 9h] (a pair of Nines)
ken463: shows [Ac Ks] (high card Ace)
copperfield collected $0.11 from pot
*** SUMMARY ***
Total pot $0.11 | Rake $0 
Board [3d 8d 9d Ts Qd]
Seat 1: Dorex2007 (button) folded before Flop (didn't bet)
Seat 2: MarCel1898 (small blind) folded before Flop
Seat 3: copperfield (big blind) showed [7s 9h] and won ($0.11) with a pair of Nines
Seat 4: ken463 showed [Ac Ks] and lost with high card Ace
Seat 5: KeeNchiK folded before Flop (didn't bet)
Seat 6: MarksmanGK folded before Flop (didn't bet)



PokerStars Zoom Hand #237654158266:  Hold'em No Limit ($0.01/$0.02) - 2022/07/28 22:46:05 PT [2022/07/29 1:46:05 ET]
Table 'Halley' 6-max Seat #1 is the button
Seat 1: Numakin ($2.07 in chips) 
Seat 2: TeshioRiver ($2.42 in chips) 
Seat 3: Vaillant777 ($1 in chips) 
Seat 4: Yocus ($1.65 in chips) 
Seat 5: LuisChessPoker ($2 in chips) 
Seat 6: Dorex2007 ($2.27 in chips) 
TeshioRiver: posts small blind $0.01
Vaillant777: posts big blind $0.02
*** HOLE CARDS ***
Dealt to Dorex2007 [7s 7d]
Yocus: folds 
Yocus is disconnected 
TeshioRiver is disconnected 
LuisChessPoker: folds 
LuisChessPoker is disconnected 
Dorex2007: raises $0.08 to $0.10
Numakin: folds 
TeshioRiver: folds 
Vaillant777: calls $0.08
*** FLOP *** [9h 4d Ks]
Numakin is disconnected 
Vaillant777: bets $0.02
Dorex2007: raises $0.12 to $0.14
Vaillant777: raises $0.76 to $0.90 and is all-in
Dorex2007: folds 
Uncalled bet ($0.76) returned to Vaillant777
Vaillant777 collected $0.47 from pot
Vaillant777: doesn't show hand 
Dorex2007 is disconnected 
*** SUMMARY ***
Total pot $0.49 | Rake $0.02 
Board [9h 4d Ks]
Seat 1: Numakin (button) folded before Flop (didn't bet)
Seat 2: TeshioRiver (small blind) folded before Flop
Seat 3: Vaillant777 (big blind) collected ($0.47)
Seat 4: Yocus folded before Flop (didn't bet)
Seat 5: LuisChessPoker folded before Flop (didn't bet)
Seat 6: Dorex2007 folded on the Flop



PokerStars Zoom Hand #237654162237:  Hold'em No Limit ($0.01/$0.02) - 2022/07/28 22:46:41 PT [2022/07/29 1:46:41 ET]
Table 'Halley' 6-max Seat #1 is the button
Seat 1: Liedolsheim ($2 in chips) 
Seat 2: Fre$hG ($1.51 in chips) 
Seat 3: neodelos ($2.59 in chips) 
Seat 4: chikahilt ($3.84 in chips) 
Seat 5: Dorex2007 ($2.03 in chips) 
Seat 6: Kama7282 ($2.03 in chips) 
Fre$hG: posts small blind $0.01
neodelos: posts big blind $0.02
*** HOLE CARDS ***
Dealt to Dorex2007 [As 3d]
Kama7282 is disconnected 
chikahilt: folds 
Dorex2007: folds 
Kama7282: folds 
Liedolsheim: folds 
chikahilt is disconnected 
Liedolsheim is disconnected 
Dorex2007 is disconnected 
Fre$hG: folds 
Uncalled bet ($0.01) returned to neodelos
neodelos collected $0.02 from pot
neodelos: doesn't show hand 
Fre$hG is disconnected 
*** SUMMARY ***
Total pot $0.02 | Rake $0 
Seat 1: Liedolsheim (button) folded before Flop (didn't bet)
Seat 2: Fre$hG (small blind) folded before Flop
Seat 3: neodelos (big blind) collected ($0.02)
Seat 4: chikahilt folded before Flop (didn't bet)
Seat 5: Dorex2007 folded before Flop (didn't bet)
Seat 6: Kama7282 folded before Flop (didn't bet)



PokerStars Zoom Hand #237654162758:  Hold'em No Limit ($0.01/$0.02) - 2022/07/28 22:46:46 PT [2022/07/29 1:46:46 ET]
Table 'Halley' 6-max Seat #1 is the button
Seat 1: Numakin ($2.07 in chips) 
Seat 2: epsilon2011 ($2.59 in chips) 
Seat 3: ken463 ($2.38 in chips) 
Seat 4: Dorex2007 ($2.03 in chips) 
Seat 5: Kama7282 ($2.03 in chips) 
Seat 6: Sonic Geko ($1.33 in chips) 
epsilon2011: posts small blind $0.01
ken463: posts big blind $0.02
*** HOLE CARDS ***
Dealt to Dorex2007 [Ad 5c]
Kama7282 is disconnected 
Numakin is disconnected 
Dorex2007: folds 
Kama7282: folds 
Sonic Geko: folds 
Numakin: folds 
Dorex2007 is disconnected 
Sonic Geko is disconnected 
epsilon2011: raises $0.02 to $0.04
ken463: folds 
Uncalled bet ($0.02) returned to epsilon2011
epsilon2011 collected $0.04 from pot
epsilon2011: doesn't show hand 
ken463 is disconnected 
*** SUMMARY ***
Total pot $0.04 | Rake $0 
Seat 1: Numakin (button) folded before Flop (didn't bet)
Seat 2: epsilon2011 (small blind) collected ($0.04)
Seat 3: ken463 (big blind) folded before Flop
Seat 4: Dorex2007 folded before Flop (didn't bet)
Seat 5: Kama7282 folded before Flop (didn't bet)
Seat 6: Sonic Geko folded before Flop (didn't bet)



PokerStars Zoom Hand #237654163399:  Hold'em No Limit ($0.01/$0.02) - 2022/07/28 22:46:52 PT [2022/07/29 1:46:52 ET]
Table 'Halley' 6-max Seat #1 is the button
Seat 1: hchchcvgcggc ($1.85 in chips) 
Seat 2: Sonic Geko ($1.33 in chips) 
Seat 3: Numakin ($2.07 in chips) 
Seat 4: realdlink ($1.88 in chips) 
Seat 5: sanych_san55 ($2.35 in chips) 
Seat 6: Dorex2007 ($2.03 in chips) 
Sonic Geko: posts small blind $0.01
Numakin: posts big blind $0.02
*** HOLE CARDS ***
Dealt to Dorex2007 [4c 3c]
realdlink: folds 
sanych_san55: folds 
realdlink is disconnected 
Dorex2007: folds 
Dorex2007 is disconnected 
hchchcvgcggc: folds 
hchchcvgcggc is disconnected 
Sonic Geko: folds 
Uncalled bet ($0.01) returned to Numakin
Numakin collected $0.02 from pot
Numakin: doesn't show hand 
Sonic Geko is disconnected 
*** SUMMARY ***
Total pot $0.02 | Rake $0 
Seat 1: hchchcvgcggc (button) folded before Flop (didn't bet)
Seat 2: Sonic Geko (small blind) folded before Flop
Seat 3: Numakin (big blind) collected ($0.02)
Seat 4: realdlink folded before Flop (didn't bet)
Seat 5: sanych_san55 folded before Flop (didn't bet)
Seat 6: Dorex2007 folded before Flop (didn't bet)



PokerStars Zoom Hand #237654163951:  Hold'em No Limit ($0.01/$0.02) - 2022/07/28 22:46:57 PT [2022/07/29 1:46:57 ET]
Table 'Halley' 6-max Seat #1 is the button
Seat 1: chikahilt ($2.23 in chips) 
Seat 2: intentii ($2.12 in chips) 
Seat 3: Dorex2007 ($2.03 in chips) 
Seat 4: telesforo21 ($2 in chips) 
Seat 5: iwantwhiskey ($1.11 in chips) 
Seat 6: 9NoobSaibot6 ($1.97 in chips) 
intentii: posts small blind $0.01
Dorex2007: posts big blind $0.02
*** HOLE CARDS ***
Dealt to Dorex2007 [7c Jd]
9NoobSaibot6 is disconnected 
chikahilt is disconnected 
telesforo21: folds 
iwantwhiskey: folds 
9NoobSaibot6: folds 
chikahilt: folds 
intentii: folds 
Uncalled bet ($0.01) returned to Dorex2007
intentii is disconnected 
Dorex2007 collected $0.02 from pot
Dorex2007: doesn't show hand 
*** SUMMARY ***
Total pot $0.02 | Rake $0 
Seat 1: chikahilt (button) folded before Flop (didn't bet)
Seat 2: intentii (small blind) folded before Flop
Seat 3: Dorex2007 (big blind) collected ($0.02)
Seat 4: telesforo21 folded before Flop (didn't bet)
Seat 5: iwantwhiskey folded before Flop (didn't bet)
Seat 6: 9NoobSaibot6 folded before Flop (didn't bet)



PokerStars Zoom Hand #237654165571:  Hold'em No Limit ($0.01/$0.02) - 2022/07/28 22:47:12 PT [2022/07/29 1:47:12 ET]
Table 'Halley' 6-max Seat #1 is the button
Seat 1: 1FIC ($4.12 in chips) 
Seat 2: murisou0710 ($1.44 in chips) 
Seat 3: Cardphile ($2.58 in chips) 
Seat 4: excel ($1.21 in chips) 
Seat 5: Dorex2007 ($2.03 in chips) 
Seat 6: hchchcvgcggc ($1.85 in chips) 
murisou0710: posts small blind $0.01
Cardphile: posts big blind $0.02
*** HOLE CARDS ***
Dealt to Dorex2007 [Qs 5c]
Dorex2007 is disconnected 
hchchcvgcggc is disconnected 
excel: folds 
Dorex2007: folds 
hchchcvgcggc: folds 
excel is disconnected 
1FIC: raises $0.06 to $0.08
Cardphile is disconnected 
murisou0710: folds 
Cardphile: folds 
Uncalled bet ($0.06) returned to 1FIC
murisou0710 is disconnected 
1FIC collected $0.05 from pot
1FIC: doesn't show hand 
*** SUMMARY ***
Total pot $0.05 | Rake $0 
Seat 1: 1FIC (button) collected ($0.05)
Seat 2: murisou0710 (small blind) folded before Flop
Seat 3: Cardphile (big blind) folded before Flop
Seat 4: excel folded before Flop (didn't bet)
Seat 5: Dorex2007 folded before Flop (didn't bet)
Seat 6: hchchcvgcggc folded before Flop (didn't bet)



PokerStars Zoom Hand #237654166261:  Hold'em No Limit ($0.01/$0.02) - 2022/07/28 22:47:18 PT [2022/07/29 1:47:18 ET]
Table 'Halley' 6-max Seat #1 is the button
Seat 1: Dorex2007 ($2.03 in chips) 
Seat 2: gena60 ($2.17 in chips) 
Seat 3: lalula90 ($1.01 in chips) 
Seat 4: XHerrTUMNUSX ($4.84 in chips) 
Seat 5: Azzhfrak ($3.21 in chips) 
Seat 6: ken463 ($2.98 in chips) 
gena60: posts small blind $0.01
lalula90: posts big blind $0.02
*** HOLE CARDS ***
Dealt to Dorex2007 [3h Jd]
XHerrTUMNUSX: folds 
XHerrTUMNUSX is disconnected 
Azzhfrak: folds 
ken463: folds 
Dorex2007: folds 
ken463 is disconnected 
Dorex2007 is disconnected 
Azzhfrak is disconnected 
gena60: folds 
Uncalled bet ($0.01) returned to lalula90
lalula90 collected $0.02 from pot
lalula90: doesn't show hand 
gena60 is disconnected 
*** SUMMARY ***
Total pot $0.02 | Rake $0 
Seat 1: Dorex2007 (button) folded before Flop (didn't bet)
Seat 2: gena60 (small blind) folded before Flop
Seat 3: lalula90 (big blind) collected ($0.02)
Seat 4: XHerrTUMNUSX folded before Flop (didn't bet)
Seat 5: Azzhfrak folded before Flop (didn't bet)
Seat 6: ken463 folded before Flop (didn't bet)



PokerStars Zoom Hand #237654166914:  Hold'em No Limit ($0.01/$0.02) - 2022/07/28 22:47:24 PT [2022/07/29 1:47:24 ET]
Table 'Halley' 6-max Seat #1 is the button
Seat 1: Bebere19 ($2.44 in chips) 
Seat 2: Dorex2007 ($2.03 in chips) 
Seat 3: MarCel1898 ($1.86 in chips) 
Seat 4: intentii ($2.09 in chips) 
Seat 5: Sindaragosa ($0.97 in chips) 
Seat 6: CNXJM ($1.80 in chips) 
Dorex2007: posts small blind $0.01
MarCel1898: posts big blind $0.02
*** HOLE CARDS ***
Dealt to Dorex2007 [5s 8h]
intentii: folds 
intentii is disconnected 
Sindaragosa: folds 
Sindaragosa is disconnected 
CNXJM: folds 
CNXJM is disconnected 
Dorex2007 is disconnected 
Bebere19: raises $0.04 to $0.06
Dorex2007: folds 
MarCel1898: folds 
Uncalled bet ($0.04) returned to Bebere19
Bebere19 collected $0.05 from pot
Bebere19: doesn't show hand 
MarCel1898 is disconnected 
*** SUMMARY ***
Total pot $0.05 | Rake $0 
Seat 1: Bebere19 (button) collected ($0.05)
Seat 2: Dorex2007 (small blind) folded before Flop
Seat 3: MarCel1898 (big blind) folded before Flop
Seat 4: intentii folded before Flop (didn't bet)
Seat 5: Sindaragosa folded before Flop (didn't bet)
Seat 6: CNXJM folded before Flop (didn't bet)



PokerStars Zoom Hand #237654164901:  Hold'em No Limit ($0.01/$0.02) - 2022/07/28 22:47:06 PT [2022/07/29 1:47:06 ET]
Table 'Halley' 6-max Seat #1 is the button
Seat 1: SylencY0 ($2 in chips) 
Seat 2: Dorex2007 ($2.04 in chips) 
Seat 3: TeshioRiver ($5.12 in chips) 
Seat 4: sanych_san55 ($1.59 in chips) 
Seat 5: entity_fade ($3.91 in chips) 
Seat 6: telesforo21 ($2.30 in chips) 
Dorex2007: posts small blind $0.01
TeshioRiver: posts big blind $0.02
*** HOLE CARDS ***
Dealt to Dorex2007 [6h 2s]
sanych_san55: folds 
Dorex2007 is disconnected 
entity_fade: folds 
entity_fade is disconnected 
telesforo21: raises $0.03 to $0.05
SylencY0: folds 
Dorex2007: folds 
SylencY0 is disconnected 
TeshioRiver: calls $0.03
*** FLOP *** [Jc 8s Ac]
TeshioRiver: checks 
telesforo21: checks 
*** TURN *** [Jc 8s Ac] [Js]
TeshioRiver: checks 
telesforo21: bets $0.08
TeshioRiver: calls $0.08
*** RIVER *** [Jc 8s Ac Js] [Kh]
TeshioRiver: checks 
telesforo21: bets $0.20
TeshioRiver: folds 
Uncalled bet ($0.20) returned to telesforo21
telesforo21 collected $0.26 from pot
telesforo21: doesn't show hand 
TeshioRiver is disconnected 
*** SUMMARY ***
Total pot $0.27 | Rake $0.01 
Board [Jc 8s Ac Js Kh]
Seat 1: SylencY0 (button) folded before Flop (didn't bet)
Seat 2: Dorex2007 (small blind) folded before Flop
Seat 3: TeshioRiver (big blind) folded on the River
Seat 4: sanych_san55 folded before Flop (didn't bet)
Seat 5: entity_fade folded before Flop (didn't bet)
Seat 6: telesforo21 collected ($0.26)



PokerStars Zoom Hand #237654167540:  Hold'em No Limit ($0.01/$0.02) - 2022/07/28 22:47:30 PT [2022/07/29 1:47:30 ET]
Table 'Halley' 6-max Seat #1 is the button
Seat 1: Gupcsó János ($2.75 in chips) 
Seat 2: DosenB1A ($4.63 in chips) 
Seat 3: Dorex2007 ($2.02 in chips) 
Seat 4: Ficere58 ($2.29 in chips) 
Seat 5: ganador_8674 ($7.30 in chips) 
Seat 6: omv83 ($3.67 in chips) 
DosenB1A: posts small blind $0.01
Dorex2007: posts big blind $0.02
*** HOLE CARDS ***
Dealt to Dorex2007 [4c 4s]
omv83 is disconnected 
Ficere58: folds 
Ficere58 is disconnected 
ganador_8674: folds 
omv83: folds 
ganador_8674 is disconnected 
Gupcsó János: raises $0.03 to $0.05
DosenB1A: folds 
DosenB1A is disconnected 
Dorex2007: raises $0.11 to $0.16
Gupcsó János: calls $0.11
*** FLOP *** [Ts Qd 5c]
Dorex2007: bets $0.21
Gupcsó János: folds 
Uncalled bet ($0.21) returned to Dorex2007
Dorex2007 collected $0.32 from pot
Dorex2007: doesn't show hand 
Gupcsó János is disconnected 
*** SUMMARY ***
Total pot $0.33 | Rake $0.01 
Board [Ts Qd 5c]
Seat 1: Gupcsó János (button) folded on the Flop
Seat 2: DosenB1A (small blind) folded before Flop
Seat 3: Dorex2007 (big blind) collected ($0.32)
Seat 4: Ficere58 folded before Flop (didn't bet)
Seat 5: ganador_8674 folded before Flop (didn't bet)
Seat 6: omv83 folded before Flop (didn't bet)



PokerStars Zoom Hand #237654170455:  Hold'em No Limit ($0.01/$0.02) - 2022/07/28 22:47:57 PT [2022/07/29 1:47:57 ET]
Table 'Halley' 6-max Seat #1 is the button
Seat 1: enry7.ice ($1.67 in chips) 
Seat 2: FokusNik696 ($0.40 in chips) 
Seat 3: chikahilt ($3.82 in chips) 
Seat 4: ZeKy90 ($1.60 in chips) 
Seat 5: Dorex2007 ($2.18 in chips) 
Seat 6: magnex-boy ($6.26 in chips) 
FokusNik696: posts small blind $0.01
chikahilt: posts big blind $0.02
*** HOLE CARDS ***
Dealt to Dorex2007 [Jc 2h]
ZeKy90: folds 
ZeKy90 is disconnected 
Dorex2007: folds 
Dorex2007 is disconnected 
magnex-boy: folds 
magnex-boy is disconnected 
enry7.ice: folds 
FokusNik696: folds 
Uncalled bet ($0.01) returned to chikahilt
enry7.ice is disconnected 
chikahilt collected $0.02 from pot
chikahilt: doesn't show hand 
*** SUMMARY ***
Total pot $0.02 | Rake $0 
Seat 1: enry7.ice (button) folded before Flop (didn't bet)
Seat 2: FokusNik696 (small blind) folded before Flop
Seat 3: chikahilt (big blind) collected ($0.02)
Seat 4: ZeKy90 folded before Flop (didn't bet)
Seat 5: Dorex2007 folded before Flop (didn't bet)
Seat 6: magnex-boy folded before Flop (didn't bet)



PokerStars Zoom Hand #237654171547:  Hold'em No Limit ($0.01/$0.02) - 2022/07/28 22:48:07 PT [2022/07/29 1:48:07 ET]
Table 'Halley' 6-max Seat #1 is the button
Seat 1: DWM10 ($2.19 in chips) 
Seat 2: cassmila2007 ($1.56 in chips) 
Seat 3: FASITOS ($1.73 in chips) 
Seat 4: Dorex2007 ($2.18 in chips) 
Seat 5: epsilon2011 ($2.72 in chips) 
Seat 6: murisou0710 ($1.39 in chips) 
cassmila2007: posts small blind $0.01
FASITOS: posts big blind $0.02
*** HOLE CARDS ***
Dealt to Dorex2007 [3s 5s]
epsilon2011 is disconnected 
DWM10 is disconnected 
cassmila2007 is disconnected 
Dorex2007 has timed out
Dorex2007: folds 
epsilon2011: folds 
Dorex2007 is disconnected 
murisou0710: raises $0.06 to $0.08
DWM10: folds 
cassmila2007: folds 
FASITOS: folds 
Uncalled bet ($0.06) returned to murisou0710
murisou0710 collected $0.05 from pot
murisou0710: doesn't show hand 
FASITOS is disconnected 
*** SUMMARY ***
Total pot $0.05 | Rake $0 
Seat 1: DWM10 (button) folded before Flop (didn't bet)
Seat 2: cassmila2007 (small blind) folded before Flop
Seat 3: FASITOS (big blind) folded before Flop
Seat 4: Dorex2007 folded before Flop (didn't bet)
Seat 5: epsilon2011 folded before Flop (didn't bet)
Seat 6: murisou0710 collected ($0.05)



PokerStars Zoom Hand #237654176005:  Hold'em No Limit ($0.01/$0.02) - 2022/07/28 22:48:49 PT [2022/07/29 1:48:49 ET]
Table 'Halley' 6-max Seat #1 is the button
Seat 1: XHerrTUMNUSX ($4.93 in chips) 
Seat 2: iwantwhiskey ($1.15 in chips) 
Seat 3: MToka033 ($1.95 in chips) 
Seat 4: Fre$hG ($1.45 in chips) 
Seat 5: hchchcvgcggc ($2.23 in chips) 
Seat 6: Dorex2007 ($2.18 in chips) 
iwantwhiskey: posts small blind $0.01
MToka033: posts big blind $0.02
*** HOLE CARDS ***
Dealt to Dorex2007 [Jc Kd]
XHerrTUMNUSX is disconnected 
Fre$hG: folds 
Fre$hG is disconnected 
hchchcvgcggc: raises $0.03 to $0.05
Dorex2007: calls $0.05
XHerrTUMNUSX: folds 
MToka033 is disconnected 
iwantwhiskey: folds 
MToka033: folds 
*** FLOP *** [9d Th Qh]
hchchcvgcggc: checks 
Dorex2007: bets $0.06
hchchcvgcggc: folds 
Uncalled bet ($0.06) returned to Dorex2007
Dorex2007 collected $0.13 from pot
Dorex2007: doesn't show hand 
hchchcvgcggc is disconnected 
*** SUMMARY ***
Total pot $0.13 | Rake $0 
Board [9d Th Qh]
Seat 1: XHerrTUMNUSX (button) folded before Flop (didn't bet)
Seat 2: iwantwhiskey (small blind) folded before Flop
Seat 3: MToka033 (big blind) folded before Flop
Seat 4: Fre$hG folded before Flop (didn't bet)
Seat 5: hchchcvgcggc folded on the Flop
Seat 6: Dorex2007 collected ($0.13)



