PokerStars Hand #227357113084:  Hold'em No Limit ($0.01/$0.02 USD) - 2021/06/05 15:15:41 PT [2021/06/05 18:15:41 ET]
Table 'Pythia' 9-max Seat #6 is the button
Seat 1: Maksoi ($2.45 in chips) 
Seat 2: AdrianoHFS ($1.65 in chips) 
Seat 3: SOBACH75 ($5.05 in chips) 
Seat 4: Sunpower333 ($2.84 in chips) 
Seat 5: Dorex2007 ($2 in chips) 
Seat 6: futuredream1 ($1.94 in chips) 
Seat 7: Apostol108 ($2.41 in chips) 
Seat 8: isennnn ($2.81 in chips) 
Seat 9: redriverwolf ($0.88 in chips) 
Apostol108: posts small blind $0.01
isennnn: posts big blind $0.02
Dorex2007: posts big blind $0.02
*** HOLE CARDS ***
Dealt to Dorex2007 [4c 4s]
redriverwolf: calls $0.02
Maksoi: folds 
AdrianoHFS: folds 
SOBACH75: raises $0.08 to $0.10
Sunpower333: folds 
Dorex2007: folds 
futuredream1 has timed out
futuredream1: folds 
Apostol108: folds 
isennnn: folds 
redriverwolf: folds 
Uncalled bet ($0.08) returned to SOBACH75
SOBACH75 collected $0.09 from pot
SOBACH75: doesn't show hand 
*** SUMMARY ***
Total pot $0.09 | Rake $0 
Seat 1: Maksoi folded before Flop (didn't bet)
Seat 2: AdrianoHFS folded before Flop (didn't bet)
Seat 3: SOBACH75 collected ($0.09)
Seat 4: Sunpower333 folded before Flop (didn't bet)
Seat 5: Dorex2007 folded before Flop (didn't bet)
Seat 6: futuredream1 (button) folded before Flop (didn't bet)
Seat 7: Apostol108 (small blind) folded before Flop
Seat 8: isennnn (big blind) folded before Flop
Seat 9: redriverwolf folded before Flop



PokerStars Hand #227357133477:  Hold'em No Limit ($0.01/$0.02 USD) - 2021/06/05 15:16:28 PT [2021/06/05 18:16:28 ET]
Table 'Pythia' 9-max Seat #7 is the button
Seat 1: Maksoi ($2.45 in chips) 
Seat 2: AdrianoHFS ($1.65 in chips) 
Seat 3: SOBACH75 ($5.12 in chips) 
Seat 4: Sunpower333 ($2.84 in chips) 
Seat 5: Dorex2007 ($1.98 in chips) 
Seat 6: futuredream1 ($1.94 in chips) 
Seat 7: Apostol108 ($2.40 in chips) 
Seat 8: isennnn ($2.79 in chips) 
Seat 9: redriverwolf ($0.86 in chips) 
isennnn: posts small blind $0.01
redriverwolf: posts big blind $0.02
*** HOLE CARDS ***
Dealt to Dorex2007 [3d Jc]
Maksoi: folds 
AdrianoHFS: folds 
SOBACH75: folds 
Sunpower333: folds 
Dorex2007: folds 
futuredream1: folds 
Apostol108: folds 
isennnn: folds 
Uncalled bet ($0.01) returned to redriverwolf
redriverwolf collected $0.02 from pot
redriverwolf: doesn't show hand 
*** SUMMARY ***
Total pot $0.02 | Rake $0 
Seat 1: Maksoi folded before Flop (didn't bet)
Seat 2: AdrianoHFS folded before Flop (didn't bet)
Seat 3: SOBACH75 folded before Flop (didn't bet)
Seat 4: Sunpower333 folded before Flop (didn't bet)
Seat 5: Dorex2007 folded before Flop (didn't bet)
Seat 6: futuredream1 folded before Flop (didn't bet)
Seat 7: Apostol108 (button) folded before Flop (didn't bet)
Seat 8: isennnn (small blind) folded before Flop
Seat 9: redriverwolf (big blind) collected ($0.02)



PokerStars Hand #227357144006:  Hold'em No Limit ($0.01/$0.02 USD) - 2021/06/05 15:16:52 PT [2021/06/05 18:16:52 ET]
Table 'Pythia' 9-max Seat #8 is the button
Seat 1: Maksoi ($2.45 in chips) 
Seat 2: AdrianoHFS ($1.65 in chips) 
Seat 3: SOBACH75 ($5.12 in chips) 
Seat 4: Sunpower333 ($2.84 in chips) 
Seat 5: Dorex2007 ($1.98 in chips) 
Seat 6: futuredream1 ($1.94 in chips) 
Seat 7: Apostol108 ($2.40 in chips) 
Seat 8: isennnn ($2.78 in chips) 
Seat 9: redriverwolf ($0.87 in chips) 
redriverwolf: posts small blind $0.01
Maksoi: posts big blind $0.02
*** HOLE CARDS ***
Dealt to Dorex2007 [6s Tc]
AdrianoHFS: calls $0.02
SOBACH75: folds 
Sunpower333: folds 
Dorex2007: folds 
futuredream1 has timed out
futuredream1: folds 
Apostol108: folds 
isennnn: folds 
redriverwolf: raises $0.02 to $0.04
Maksoi: calls $0.02
AdrianoHFS: calls $0.02
*** FLOP *** [6c Ks 7c]
redriverwolf: bets $0.02
Maksoi: folds 
AdrianoHFS: calls $0.02
*** TURN *** [6c Ks 7c] [8c]
redriverwolf: bets $0.08
AdrianoHFS: calls $0.08
*** RIVER *** [6c Ks 7c 8c] [2c]
redriverwolf: checks 
AdrianoHFS: bets $1.51 and is all-in
redriverwolf: folds 
Uncalled bet ($1.51) returned to AdrianoHFS
AdrianoHFS collected $0.31 from pot
AdrianoHFS: doesn't show hand 
*** SUMMARY ***
Total pot $0.32 | Rake $0.01 
Board [6c Ks 7c 8c 2c]
Seat 1: Maksoi (big blind) folded on the Flop
Seat 2: AdrianoHFS collected ($0.31)
Seat 3: SOBACH75 folded before Flop (didn't bet)
Seat 4: Sunpower333 folded before Flop (didn't bet)
Seat 5: Dorex2007 folded before Flop (didn't bet)
Seat 6: futuredream1 folded before Flop (didn't bet)
Seat 7: Apostol108 folded before Flop (didn't bet)
Seat 8: isennnn (button) folded before Flop (didn't bet)
Seat 9: redriverwolf (small blind) folded on the River



PokerStars Hand #227357173559:  Hold'em No Limit ($0.01/$0.02 USD) - 2021/06/05 15:18:00 PT [2021/06/05 18:18:00 ET]
Table 'Pythia' 9-max Seat #9 is the button
Seat 1: Maksoi ($2.41 in chips) 
Seat 2: AdrianoHFS ($1.82 in chips) 
Seat 3: SOBACH75 ($5.12 in chips) 
Seat 4: Sunpower333 ($2.84 in chips) 
Seat 5: Dorex2007 ($1.98 in chips) 
Seat 6: futuredream1 ($1.94 in chips) 
Seat 7: Apostol108 ($2.40 in chips) 
Seat 8: isennnn ($2.78 in chips) 
Seat 9: redriverwolf ($0.73 in chips) 
Maksoi: posts small blind $0.01
AdrianoHFS: posts big blind $0.02
*** HOLE CARDS ***
Dealt to Dorex2007 [As 7c]
SOBACH75: folds 
Sunpower333: folds 
Dorex2007: folds 
futuredream1 has timed out
futuredream1: folds 
Apostol108: folds 
isennnn: folds 
redriverwolf: calls $0.02
Maksoi: folds 
AdrianoHFS: checks 
*** FLOP *** [4c Tc 6c]
AdrianoHFS: bets $0.05
redriverwolf: folds 
Uncalled bet ($0.05) returned to AdrianoHFS
AdrianoHFS collected $0.05 from pot
AdrianoHFS: doesn't show hand 
*** SUMMARY ***
Total pot $0.05 | Rake $0 
Board [4c Tc 6c]
Seat 1: Maksoi (small blind) folded before Flop
Seat 2: AdrianoHFS (big blind) collected ($0.05)
Seat 3: SOBACH75 folded before Flop (didn't bet)
Seat 4: Sunpower333 folded before Flop (didn't bet)
Seat 5: Dorex2007 folded before Flop (didn't bet)
Seat 6: futuredream1 folded before Flop (didn't bet)
Seat 7: Apostol108 folded before Flop (didn't bet)
Seat 8: isennnn folded before Flop (didn't bet)
Seat 9: redriverwolf (button) folded on the Flop



PokerStars Hand #227357192186:  Hold'em No Limit ($0.01/$0.02 USD) - 2021/06/05 15:18:43 PT [2021/06/05 18:18:43 ET]
Table 'Pythia' 9-max Seat #1 is the button
Seat 1: Maksoi ($2.40 in chips) 
Seat 2: AdrianoHFS ($1.85 in chips) 
Seat 3: SOBACH75 ($5.12 in chips) 
Seat 4: Sunpower333 ($2.84 in chips) 
Seat 5: Dorex2007 ($1.98 in chips) 
Seat 6: futuredream1 ($1.94 in chips) 
Seat 7: Apostol108 ($2.40 in chips) 
Seat 8: isennnn ($2.78 in chips) 
Seat 9: redriverwolf ($0.71 in chips) 
AdrianoHFS: posts small blind $0.01
SOBACH75: posts big blind $0.02
*** HOLE CARDS ***
Dealt to Dorex2007 [5h 8c]
Sunpower333: folds 
Dorex2007: folds 
futuredream1: folds 
Apostol108: folds 
isennnn: folds 
redriverwolf: folds 
Maksoi: folds 
AdrianoHFS: calls $0.01
SOBACH75: raises $0.04 to $0.06
AdrianoHFS: calls $0.04
*** FLOP *** [9h Kd 8h]
AdrianoHFS: bets $0.02
SOBACH75: calls $0.02
*** TURN *** [9h Kd 8h] [Qd]
AdrianoHFS: checks 
SOBACH75: bets $0.04
AdrianoHFS: calls $0.04
*** RIVER *** [9h Kd 8h Qd] [9s]
AdrianoHFS: bets $0.23
SOBACH75: calls $0.23
*** SHOW DOWN ***
AdrianoHFS: shows [Th 5c] (a pair of Nines)
SOBACH75: shows [Ah 9d] (three of a kind, Nines)
SOBACH75 collected $0.68 from pot
*** SUMMARY ***
Total pot $0.70 | Rake $0.02 
Board [9h Kd 8h Qd 9s]
Seat 1: Maksoi (button) folded before Flop (didn't bet)
Seat 2: AdrianoHFS (small blind) showed [Th 5c] and lost with a pair of Nines
Seat 3: SOBACH75 (big blind) showed [Ah 9d] and won ($0.68) with three of a kind, Nines
Seat 4: Sunpower333 folded before Flop (didn't bet)
Seat 5: Dorex2007 folded before Flop (didn't bet)
Seat 6: futuredream1 folded before Flop (didn't bet)
Seat 7: Apostol108 folded before Flop (didn't bet)
Seat 8: isennnn folded before Flop (didn't bet)
Seat 9: redriverwolf folded before Flop (didn't bet)



PokerStars Hand #227357238534:  Hold'em No Limit ($0.01/$0.02 USD) - 2021/06/05 15:20:30 PT [2021/06/05 18:20:30 ET]
Table 'Pythia' 9-max Seat #2 is the button
Seat 1: Maksoi ($2.40 in chips) 
Seat 2: AdrianoHFS ($1.50 in chips) 
Seat 3: SOBACH75 ($5.45 in chips) 
Seat 4: Sunpower333 ($2.84 in chips) 
Seat 5: Dorex2007 ($1.98 in chips) 
Seat 6: futuredream1 ($1.94 in chips) 
Seat 7: Apostol108 ($2.40 in chips) 
Seat 8: isennnn ($2.78 in chips) 
Seat 9: redriverwolf ($0.71 in chips) 
SOBACH75: posts small blind $0.01
Sunpower333: posts big blind $0.02
*** HOLE CARDS ***
Dealt to Dorex2007 [Qc 7c]
Dorex2007: folds 
futuredream1: folds 
Apostol108: folds 
isennnn: folds 
redriverwolf: calls $0.02
Maksoi: folds 
AdrianoHFS: folds 
SOBACH75: folds 
Sunpower333: checks 
*** FLOP *** [Kh 6c 8c]
Sunpower333: checks 
redriverwolf: bets $0.04
Sunpower333: folds 
Uncalled bet ($0.04) returned to redriverwolf
redriverwolf collected $0.05 from pot
redriverwolf: doesn't show hand 
*** SUMMARY ***
Total pot $0.05 | Rake $0 
Board [Kh 6c 8c]
Seat 1: Maksoi folded before Flop (didn't bet)
Seat 2: AdrianoHFS (button) folded before Flop (didn't bet)
Seat 3: SOBACH75 (small blind) folded before Flop
Seat 4: Sunpower333 (big blind) folded on the Flop
Seat 5: Dorex2007 folded before Flop (didn't bet)
Seat 6: futuredream1 folded before Flop (didn't bet)
Seat 7: Apostol108 folded before Flop (didn't bet)
Seat 8: isennnn folded before Flop (didn't bet)
Seat 9: redriverwolf collected ($0.05)



PokerStars Hand #227357251301:  Hold'em No Limit ($0.01/$0.02 USD) - 2021/06/05 15:21:00 PT [2021/06/05 18:21:00 ET]
Table 'Pythia' 9-max Seat #3 is the button
Seat 1: Maksoi ($2.40 in chips) 
Seat 2: AdrianoHFS ($1.50 in chips) 
Seat 3: SOBACH75 ($5.44 in chips) 
Seat 4: Sunpower333 ($2.82 in chips) 
Seat 5: Dorex2007 ($1.98 in chips) 
Seat 6: futuredream1 ($1.94 in chips) 
Seat 7: Apostol108 ($2.40 in chips) 
Seat 8: isennnn ($2.78 in chips) 
Seat 9: redriverwolf ($0.74 in chips) 
Sunpower333: posts small blind $0.01
Dorex2007: posts big blind $0.02
*** HOLE CARDS ***
Dealt to Dorex2007 [8d Kh]
futuredream1 has timed out
futuredream1: folds 
Apostol108: folds 
isennnn: folds 
redriverwolf: raises $0.02 to $0.04
Maksoi: folds 
AdrianoHFS: calls $0.04
SOBACH75: folds 
Sunpower333: folds 
Dorex2007: folds 
*** FLOP *** [As 7c Th]
redriverwolf: bets $0.04
AdrianoHFS: raises $0.19 to $0.23
redriverwolf: raises $0.47 to $0.70 and is all-in
AdrianoHFS: calls $0.47
*** TURN *** [As 7c Th] [3s]
*** RIVER *** [As 7c Th 3s] [9d]
*** SHOW DOWN ***
redriverwolf: shows [Ks Js] (high card Ace)
AdrianoHFS: shows [Ah Qd] (a pair of Aces)
AdrianoHFS collected $1.46 from pot
*** SUMMARY ***
Total pot $1.51 | Rake $0.05 
Board [As 7c Th 3s 9d]
Seat 1: Maksoi folded before Flop (didn't bet)
Seat 2: AdrianoHFS showed [Ah Qd] and won ($1.46) with a pair of Aces
Seat 3: SOBACH75 (button) folded before Flop (didn't bet)
Seat 4: Sunpower333 (small blind) folded before Flop
Seat 5: Dorex2007 (big blind) folded before Flop
Seat 6: futuredream1 folded before Flop (didn't bet)
Seat 7: Apostol108 folded before Flop (didn't bet)
Seat 8: isennnn folded before Flop (didn't bet)
Seat 9: redriverwolf showed [Ks Js] and lost with high card Ace



PokerStars Hand #227357273775:  Hold'em No Limit ($0.01/$0.02 USD) - 2021/06/05 15:21:53 PT [2021/06/05 18:21:53 ET]
Table 'Pythia' 9-max Seat #4 is the button
Seat 1: Maksoi ($2.40 in chips) 
Seat 2: AdrianoHFS ($2.22 in chips) 
Seat 3: SOBACH75 ($5.44 in chips) 
Seat 4: Sunpower333 ($2.81 in chips) 
Seat 5: Dorex2007 ($1.96 in chips) 
Seat 6: futuredream1 ($1.94 in chips) 
Seat 8: isennnn ($2.78 in chips) 
redriverwolf leaves the table
Dorex2007: posts small blind $0.01
futuredream1: posts big blind $0.02
*** HOLE CARDS ***
Dealt to Dorex2007 [3c 5c]
isennnn: folds 
Maksoi: raises $0.04 to $0.06
AdrianoHFS: folds 
SOBACH75: folds 
Sunpower333: folds 
Dorex2007: folds 
futuredream1: folds 
Uncalled bet ($0.04) returned to Maksoi
Maksoi collected $0.05 from pot
Maksoi: doesn't show hand 
*** SUMMARY ***
Total pot $0.05 | Rake $0 
Seat 1: Maksoi collected ($0.05)
Seat 2: AdrianoHFS folded before Flop (didn't bet)
Seat 3: SOBACH75 folded before Flop (didn't bet)
Seat 4: Sunpower333 (button) folded before Flop (didn't bet)
Seat 5: Dorex2007 (small blind) folded before Flop
Seat 6: futuredream1 (big blind) folded before Flop
Seat 8: isennnn folded before Flop (didn't bet)



PokerStars Hand #227357280177:  Hold'em No Limit ($0.01/$0.02 USD) - 2021/06/05 15:22:08 PT [2021/06/05 18:22:08 ET]
Table 'Pythia' 9-max Seat #5 is the button
Seat 1: Maksoi ($2.43 in chips) 
Seat 2: AdrianoHFS ($2.22 in chips) 
Seat 3: SOBACH75 ($5.44 in chips) 
Seat 4: Sunpower333 ($2.81 in chips) 
Seat 5: Dorex2007 ($1.95 in chips) 
Seat 6: futuredream1 ($1.92 in chips) 
Seat 8: isennnn ($2.78 in chips) 
futuredream1: posts small blind $0.01
isennnn: posts big blind $0.02
*** HOLE CARDS ***
Dealt to Dorex2007 [3h 3d]
Maksoi: raises $0.04 to $0.06
AdrianoHFS: calls $0.06
SOBACH75: folds 
Sunpower333: folds 
Dorex2007: calls $0.06
futuredream1: calls $0.05
isennnn: folds 
*** FLOP *** [2c Qd Ac]
futuredream1: bets $0.02
Maksoi: calls $0.02
AdrianoHFS: calls $0.02
Dorex2007: calls $0.02
*** TURN *** [2c Qd Ac] [2d]
oidamoh joins the table at seat #9 
futuredream1: bets $0.04
Maksoi: calls $0.04
AdrianoHFS: raises $0.06 to $0.10
Dorex2007: folds 
futuredream1: calls $0.06
Maksoi: folds 
*** RIVER *** [2c Qd Ac 2d] [7s]
futuredream1: bets $0.02
AdrianoHFS: raises $0.30 to $0.32
futuredream1: folds 
Uncalled bet ($0.30) returned to AdrianoHFS
AdrianoHFS collected $0.60 from pot
AdrianoHFS: doesn't show hand 
*** SUMMARY ***
Total pot $0.62 | Rake $0.02 
Board [2c Qd Ac 2d 7s]
Seat 1: Maksoi folded on the Turn
Seat 2: AdrianoHFS collected ($0.60)
Seat 3: SOBACH75 folded before Flop (didn't bet)
Seat 4: Sunpower333 folded before Flop (didn't bet)
Seat 5: Dorex2007 (button) folded on the Turn
Seat 6: futuredream1 (small blind) folded on the River
Seat 8: isennnn (big blind) folded before Flop



PokerStars Hand #227357315859:  Hold'em No Limit ($0.01/$0.02 USD) - 2021/06/05 15:23:30 PT [2021/06/05 18:23:30 ET]
Table 'Pythia' 9-max Seat #6 is the button
Seat 1: Maksoi ($2.31 in chips) 
Seat 2: AdrianoHFS ($2.62 in chips) 
Seat 3: SOBACH75 ($5.44 in chips) 
Seat 4: Sunpower333 ($2.81 in chips) 
Seat 5: Dorex2007 ($1.87 in chips) 
Seat 6: futuredream1 ($1.72 in chips) 
Seat 8: isennnn ($2.76 in chips) 
Seat 9: oidamoh ($2 in chips) 
isennnn: posts small blind $0.01
oidamoh: posts big blind $0.02
*** HOLE CARDS ***
Dealt to Dorex2007 [8s 7h]
Maksoi: raises $0.04 to $0.06
AdrianoHFS: folds 
SOBACH75: folds 
Sunpower333: folds 
Dorex2007: folds 
futuredream1: folds 
isennnn: folds 
oidamoh: folds 
Uncalled bet ($0.04) returned to Maksoi
Maksoi collected $0.05 from pot
Maksoi: doesn't show hand 
*** SUMMARY ***
Total pot $0.05 | Rake $0 
Seat 1: Maksoi collected ($0.05)
Seat 2: AdrianoHFS folded before Flop (didn't bet)
Seat 3: SOBACH75 folded before Flop (didn't bet)
Seat 4: Sunpower333 folded before Flop (didn't bet)
Seat 5: Dorex2007 folded before Flop (didn't bet)
Seat 6: futuredream1 (button) folded before Flop (didn't bet)
Seat 8: isennnn (small blind) folded before Flop
Seat 9: oidamoh (big blind) folded before Flop



PokerStars Hand #227357322388:  Hold'em No Limit ($0.01/$0.02 USD) - 2021/06/05 15:23:45 PT [2021/06/05 18:23:45 ET]
Table 'Pythia' 9-max Seat #8 is the button
Seat 2: AdrianoHFS ($2.62 in chips) 
Seat 3: SOBACH75 ($5.44 in chips) 
Seat 4: Sunpower333 ($2.81 in chips) 
Seat 5: Dorex2007 ($1.87 in chips) 
Seat 6: futuredream1 ($1.72 in chips) 
Seat 8: isennnn ($2.75 in chips) 
Seat 9: oidamoh ($1.98 in chips) 
oidamoh: posts small blind $0.01
Maksoi: is sitting out 
AdrianoHFS: posts big blind $0.02
*** HOLE CARDS ***
Dealt to Dorex2007 [Jd 8s]
SOBACH75: folds 
Sunpower333: folds 
Maksoi leaves the table
Dorex2007: folds 
futuredream1: calls $0.02
isennnn: folds 
keithriff999 joins the table at seat #1 
oidamoh: folds 
AdrianoHFS: checks 
*** FLOP *** [9h 8d Ah]
AdrianoHFS: checks 
futuredream1 has timed out
futuredream1: checks 
*** TURN *** [9h 8d Ah] [6d]
AdrianoHFS: checks 
futuredream1: bets $0.02
AdrianoHFS: folds 
Uncalled bet ($0.02) returned to futuredream1
futuredream1 collected $0.05 from pot
*** SUMMARY ***
Total pot $0.05 | Rake $0 
Board [9h 8d Ah 6d]
Seat 2: AdrianoHFS (big blind) folded on the Turn
Seat 3: SOBACH75 folded before Flop (didn't bet)
Seat 4: Sunpower333 folded before Flop (didn't bet)
Seat 5: Dorex2007 folded before Flop (didn't bet)
Seat 6: futuredream1 collected ($0.05)
Seat 8: isennnn (button) folded before Flop (didn't bet)
Seat 9: oidamoh (small blind) folded before Flop



PokerStars Hand #227357365095:  Hold'em No Limit ($0.01/$0.02 USD) - 2021/06/05 15:25:25 PT [2021/06/05 18:25:25 ET]
Table 'Pythia' 9-max Seat #9 is the button
Seat 2: AdrianoHFS ($2.60 in chips) 
Seat 3: SOBACH75 ($5.44 in chips) 
Seat 4: Sunpower333 ($2.81 in chips) 
Seat 5: Dorex2007 ($1.87 in chips) 
Seat 6: futuredream1 ($1.75 in chips) 
Seat 8: isennnn ($2.75 in chips) 
Seat 9: oidamoh ($1.97 in chips) 
AdrianoHFS: posts small blind $0.01
SOBACH75: posts big blind $0.02
Apostol108: sits out 
*** HOLE CARDS ***
Dealt to Dorex2007 [Td 5c]
Sunpower333: folds 
Dorex2007 has timed out
Dorex2007: folds 
futuredream1: folds 
isennnn: folds 
oidamoh: calls $0.02
AdrianoHFS: calls $0.01
SOBACH75: checks 
*** FLOP *** [Qd Qh 3c]
AdrianoHFS: checks 
SOBACH75: checks 
oidamoh: checks 
*** TURN *** [Qd Qh 3c] [2c]
AdrianoHFS: checks 
SOBACH75: checks 
oidamoh: checks 
*** RIVER *** [Qd Qh 3c 2c] [6c]
AdrianoHFS: bets $0.15
SOBACH75: folds 
oidamoh: folds 
Uncalled bet ($0.15) returned to AdrianoHFS
AdrianoHFS collected $0.06 from pot
AdrianoHFS: doesn't show hand 
*** SUMMARY ***
Total pot $0.06 | Rake $0 
Board [Qd Qh 3c 2c 6c]
Seat 2: AdrianoHFS (small blind) collected ($0.06)
Seat 3: SOBACH75 (big blind) folded on the River
Seat 4: Sunpower333 folded before Flop (didn't bet)
Seat 5: Dorex2007 folded before Flop (didn't bet)
Seat 6: futuredream1 folded before Flop (didn't bet)
Seat 8: isennnn folded before Flop (didn't bet)
Seat 9: oidamoh (button) folded on the River



PokerStars Hand #227357391611:  Hold'em No Limit ($0.01/$0.02 USD) - 2021/06/05 15:26:20 PT [2021/06/05 18:26:20 ET]
Table 'Pythia' 9-max Seat #2 is the button
Seat 1: keithriff999 ($2 in chips) 
Seat 2: AdrianoHFS ($2.64 in chips) 
Seat 3: SOBACH75 ($5.42 in chips) 
Seat 4: Sunpower333 ($2.81 in chips) 
Seat 5: Dorex2007 ($1.87 in chips) 
Seat 8: isennnn ($2.75 in chips) 
Seat 9: oidamoh ($1.95 in chips) 
SOBACH75: posts small blind $0.01
Sunpower333: posts big blind $0.02
Apostol108: sits out 
keithriff999: posts big blind $0.02
*** HOLE CARDS ***
Dealt to Dorex2007 [Kh 2d]
Dorex2007: folds 
isennnn: folds 
oidamoh: folds 
keithriff999: checks 
AdrianoHFS: calls $0.02
SOBACH75: raises $0.06 to $0.08
Sunpower333: folds 
keithriff999: folds 
AdrianoHFS: calls $0.06
*** FLOP *** [2s 7h Th]
SOBACH75: bets $0.10
AdrianoHFS: folds 
Uncalled bet ($0.10) returned to SOBACH75
SOBACH75 collected $0.19 from pot
SOBACH75: doesn't show hand 
*** SUMMARY ***
Total pot $0.20 | Rake $0.01 
Board [2s 7h Th]
Seat 1: keithriff999 folded before Flop (didn't bet)
Seat 2: AdrianoHFS (button) folded on the Flop
Seat 3: SOBACH75 (small blind) collected ($0.19)
Seat 4: Sunpower333 (big blind) folded before Flop
Seat 5: Dorex2007 folded before Flop (didn't bet)
Seat 8: isennnn folded before Flop (didn't bet)
Seat 9: oidamoh folded before Flop (didn't bet)



PokerStars Hand #227357403782:  Hold'em No Limit ($0.01/$0.02 USD) - 2021/06/05 15:26:49 PT [2021/06/05 18:26:49 ET]
Table 'Pythia' 9-max Seat #3 is the button
Seat 1: keithriff999 ($1.98 in chips) 
Seat 2: AdrianoHFS ($2.56 in chips) 
Seat 3: SOBACH75 ($5.53 in chips) 
Seat 4: Sunpower333 ($2.79 in chips) 
Seat 5: Dorex2007 ($1.87 in chips) 
Seat 8: isennnn ($2.75 in chips) 
Seat 9: oidamoh ($1.95 in chips) 
Sunpower333: posts small blind $0.01
Dorex2007: posts big blind $0.02
Apostol108: sits out 
*** HOLE CARDS ***
Dealt to Dorex2007 [4c 6d]
isennnn: folds 
oidamoh: folds 
keithriff999: folds 
AdrianoHFS: folds 
SOBACH75: raises $0.04 to $0.06
Sunpower333: folds 
Dorex2007: folds 
Uncalled bet ($0.04) returned to SOBACH75
SOBACH75 collected $0.05 from pot
*** SUMMARY ***
Total pot $0.05 | Rake $0 
Seat 1: keithriff999 folded before Flop (didn't bet)
Seat 2: AdrianoHFS folded before Flop (didn't bet)
Seat 3: SOBACH75 (button) collected ($0.05)
Seat 4: Sunpower333 (small blind) folded before Flop
Seat 5: Dorex2007 (big blind) folded before Flop
Seat 8: isennnn folded before Flop (didn't bet)
Seat 9: oidamoh folded before Flop (didn't bet)



PokerStars Hand #227357410302:  Hold'em No Limit ($0.01/$0.02 USD) - 2021/06/05 15:27:04 PT [2021/06/05 18:27:04 ET]
Table 'Pythia' 9-max Seat #4 is the button
Seat 1: keithriff999 ($1.98 in chips) 
Seat 2: AdrianoHFS ($2.56 in chips) 
Seat 3: SOBACH75 ($5.56 in chips) 
Seat 4: Sunpower333 ($2.78 in chips) 
Seat 5: Dorex2007 ($1.85 in chips) 
Seat 7: Apostol108 ($2.40 in chips) 
Seat 8: isennnn ($2.75 in chips) 
Seat 9: oidamoh ($1.95 in chips) 
Dorex2007: posts small blind $0.01
Apostol108: posts big blind $0.02
*** HOLE CARDS ***
Dealt to Dorex2007 [Jc 7s]
isennnn: folds 
oidamoh: folds 
keithriff999: folds 
AdrianoHFS: folds 
SOBACH75: folds 
Sunpower333: folds 
Dorex2007: calls $0.01
Apostol108: checks 
*** FLOP *** [5s 3d Ks]
Dorex2007: checks 
Apostol108: checks 
*** TURN *** [5s 3d Ks] [Th]
Dorex2007: checks 
Apostol108: checks 
*** RIVER *** [5s 3d Ks Th] [9c]
Dorex2007: checks 
Apostol108: checks 
*** SHOW DOWN ***
Dorex2007: shows [Jc 7s] (high card King)
Apostol108: shows [5d Jh] (a pair of Fives)
Apostol108 collected $0.04 from pot
*** SUMMARY ***
Total pot $0.04 | Rake $0 
Board [5s 3d Ks Th 9c]
Seat 1: keithriff999 folded before Flop (didn't bet)
Seat 2: AdrianoHFS folded before Flop (didn't bet)
Seat 3: SOBACH75 folded before Flop (didn't bet)
Seat 4: Sunpower333 (button) folded before Flop (didn't bet)
Seat 5: Dorex2007 (small blind) showed [Jc 7s] and lost with high card King
Seat 7: Apostol108 (big blind) showed [5d Jh] and won ($0.04) with a pair of Fives
Seat 8: isennnn folded before Flop (didn't bet)
Seat 9: oidamoh folded before Flop (didn't bet)



PokerStars Hand #227357424105:  Hold'em No Limit ($0.01/$0.02 USD) - 2021/06/05 15:27:37 PT [2021/06/05 18:27:37 ET]
Table 'Pythia' 9-max Seat #5 is the button
Seat 1: keithriff999 ($1.98 in chips) 
Seat 2: AdrianoHFS ($2.56 in chips) 
Seat 3: SOBACH75 ($5.56 in chips) 
Seat 4: Sunpower333 ($2.78 in chips) 
Seat 5: Dorex2007 ($1.83 in chips) 
Seat 7: Apostol108 ($2.42 in chips) 
Seat 8: isennnn ($2.75 in chips) 
Seat 9: oidamoh ($1.95 in chips) 
Apostol108: posts small blind $0.01
isennnn: posts big blind $0.02
*** HOLE CARDS ***
Dealt to Dorex2007 [Th Ac]
oidamoh: folds 
keithriff999: folds 
AdrianoHFS: folds 
SOBACH75: folds 
Sunpower333: folds 
Dorex2007: calls $0.02
Apostol108: folds 
isennnn: raises $0.08 to $0.10
Dorex2007: calls $0.08
*** FLOP *** [7d 3s Kc]
isennnn: checks 
Dorex2007: checks 
*** TURN *** [7d 3s Kc] [4c]
isennnn: bets $0.10
Dorex2007: calls $0.10
*** RIVER *** [7d 3s Kc 4c] [5d]
isennnn: checks 
Dorex2007: bets $0.20
isennnn: calls $0.20
*** SHOW DOWN ***
Dorex2007: shows [Th Ac] (high card Ace)
isennnn: shows [Jc Kd] (a pair of Kings)
isennnn collected $0.78 from pot
*** SUMMARY ***
Total pot $0.81 | Rake $0.03 
Board [7d 3s Kc 4c 5d]
Seat 1: keithriff999 folded before Flop (didn't bet)
Seat 2: AdrianoHFS folded before Flop (didn't bet)
Seat 3: SOBACH75 folded before Flop (didn't bet)
Seat 4: Sunpower333 folded before Flop (didn't bet)
Seat 5: Dorex2007 (button) showed [Th Ac] and lost with high card Ace
Seat 7: Apostol108 (small blind) folded before Flop
Seat 8: isennnn (big blind) showed [Jc Kd] and won ($0.78) with a pair of Kings
Seat 9: oidamoh folded before Flop (didn't bet)



PokerStars Hand #227357458865:  Hold'em No Limit ($0.01/$0.02 USD) - 2021/06/05 15:28:49 PT [2021/06/05 18:28:49 ET]
Table 'Pythia' 9-max Seat #7 is the button
Seat 1: keithriff999 ($1.98 in chips) 
Seat 2: AdrianoHFS ($2.56 in chips) 
Seat 3: SOBACH75 ($5.56 in chips) 
Seat 4: Sunpower333 ($2.78 in chips) 
Seat 5: Dorex2007 ($1.43 in chips) 
Seat 7: Apostol108 ($2.41 in chips) 
Seat 8: isennnn ($3.13 in chips) 
Seat 9: oidamoh ($1.95 in chips) 
isennnn: posts small blind $0.01
oidamoh: posts big blind $0.02
futuredream1: sits out 
*** HOLE CARDS ***
Dealt to Dorex2007 [Tc Ah]
keithriff999: folds 
AdrianoHFS: folds 
SOBACH75: folds 
Sunpower333: folds 
Dorex2007: raises $0.02 to $0.04
Apostol108: folds 
isennnn: folds 
oidamoh: folds 
Uncalled bet ($0.02) returned to Dorex2007
Dorex2007 collected $0.05 from pot
Dorex2007: doesn't show hand 
*** SUMMARY ***
Total pot $0.05 | Rake $0 
Seat 1: keithriff999 folded before Flop (didn't bet)
Seat 2: AdrianoHFS folded before Flop (didn't bet)
Seat 3: SOBACH75 folded before Flop (didn't bet)
Seat 4: Sunpower333 folded before Flop (didn't bet)
Seat 5: Dorex2007 collected ($0.05)
Seat 7: Apostol108 (button) folded before Flop (didn't bet)
Seat 8: isennnn (small blind) folded before Flop
Seat 9: oidamoh (big blind) folded before Flop



PokerStars Hand #227357468907:  Hold'em No Limit ($0.01/$0.02 USD) - 2021/06/05 15:29:13 PT [2021/06/05 18:29:13 ET]
Table 'Pythia' 9-max Seat #8 is the button
Seat 1: keithriff999 ($1.98 in chips) 
Seat 2: AdrianoHFS ($2.56 in chips) 
Seat 3: SOBACH75 ($5.56 in chips) 
Seat 4: Sunpower333 ($2.78 in chips) 
Seat 5: Dorex2007 ($2 in chips) 
Seat 7: Apostol108 ($2.41 in chips) 
Seat 8: isennnn ($3.12 in chips) 
Seat 9: oidamoh ($1.93 in chips) 
oidamoh: posts small blind $0.01
keithriff999: posts big blind $0.02
futuredream1: sits out 
*** HOLE CARDS ***
Dealt to Dorex2007 [6d 4h]
AdrianoHFS: calls $0.02
SOBACH75: folds 
Sunpower333: folds 
Dorex2007: folds 
Apostol108: folds 
isennnn: folds 
oidamoh: raises $0.04 to $0.06
keithriff999: folds 
AdrianoHFS: calls $0.04
*** FLOP *** [8d Qc Th]
oidamoh: bets $0.07
AdrianoHFS: raises $0.07 to $0.14
oidamoh: calls $0.07
*** TURN *** [8d Qc Th] [2h]
oidamoh: checks 
AdrianoHFS: bets $0.41
oidamoh: calls $0.41
*** RIVER *** [8d Qc Th 2h] [3s]
oidamoh: checks 
AdrianoHFS: bets $1
oidamoh: calls $1
*** SHOW DOWN ***
AdrianoHFS: shows [9h Qh] (a pair of Queens)
oidamoh: shows [Qs Ks] (a pair of Queens - King kicker)
oidamoh collected $3.13 from pot
*** SUMMARY ***
Total pot $3.24 | Rake $0.11 
Board [8d Qc Th 2h 3s]
Seat 1: keithriff999 (big blind) folded before Flop
Seat 2: AdrianoHFS showed [9h Qh] and lost with a pair of Queens
Seat 3: SOBACH75 folded before Flop (didn't bet)
Seat 4: Sunpower333 folded before Flop (didn't bet)
Seat 5: Dorex2007 folded before Flop (didn't bet)
Seat 7: Apostol108 folded before Flop (didn't bet)
Seat 8: isennnn (button) folded before Flop (didn't bet)
Seat 9: oidamoh (small blind) showed [Qs Ks] and won ($3.13) with a pair of Queens



PokerStars Hand #227357500358:  Hold'em No Limit ($0.01/$0.02 USD) - 2021/06/05 15:30:27 PT [2021/06/05 18:30:27 ET]
Table 'Pythia' 9-max Seat #9 is the button
Seat 1: keithriff999 ($2 in chips) 
Seat 2: AdrianoHFS ($0.95 in chips) 
Seat 3: SOBACH75 ($5.56 in chips) 
Seat 4: Sunpower333 ($2.78 in chips) 
Seat 5: Dorex2007 ($2 in chips) 
Seat 7: Apostol108 ($2.41 in chips) 
Seat 8: isennnn ($3.12 in chips) 
Seat 9: oidamoh ($3.45 in chips) 
keithriff999: posts small blind $0.01
AdrianoHFS: posts big blind $0.02
futuredream1: sits out 
*** HOLE CARDS ***
Dealt to Dorex2007 [7d 4c]
SOBACH75: folds 
Sunpower333: folds 
Dorex2007: folds 
Apostol108: folds 
isennnn: folds 
oidamoh: folds 
keithriff999: folds 
Uncalled bet ($0.01) returned to AdrianoHFS
AdrianoHFS collected $0.02 from pot
AdrianoHFS: doesn't show hand 
*** SUMMARY ***
Total pot $0.02 | Rake $0 
Seat 1: keithriff999 (small blind) folded before Flop
Seat 2: AdrianoHFS (big blind) collected ($0.02)
Seat 3: SOBACH75 folded before Flop (didn't bet)
Seat 4: Sunpower333 folded before Flop (didn't bet)
Seat 5: Dorex2007 folded before Flop (didn't bet)
Seat 7: Apostol108 folded before Flop (didn't bet)
Seat 8: isennnn folded before Flop (didn't bet)
Seat 9: oidamoh (button) folded before Flop (didn't bet)



PokerStars Hand #227357507606:  Hold'em No Limit ($0.01/$0.02 USD) - 2021/06/05 15:30:43 PT [2021/06/05 18:30:43 ET]
Table 'Pythia' 9-max Seat #1 is the button
Seat 1: keithriff999 ($1.99 in chips) 
Seat 2: AdrianoHFS ($0.96 in chips) 
Seat 3: SOBACH75 ($5.56 in chips) 
Seat 4: Sunpower333 ($2.78 in chips) 
Seat 5: Dorex2007 ($2 in chips) 
Seat 7: Apostol108 ($2.41 in chips) 
Seat 8: isennnn ($3.12 in chips) 
Seat 9: oidamoh ($3.45 in chips) 
AdrianoHFS: posts small blind $0.01
SOBACH75: posts big blind $0.02
futuredream1: sits out 
*** HOLE CARDS ***
Dealt to Dorex2007 [2s 9d]
Sunpower333: calls $0.02
Dorex2007: folds 
Apostol108: folds 
isennnn: folds 
oidamoh: folds 
keithriff999: folds 
AdrianoHFS: raises $0.94 to $0.96 and is all-in
SOBACH75: folds 
Sunpower333: folds 
Uncalled bet ($0.94) returned to AdrianoHFS
AdrianoHFS collected $0.06 from pot
AdrianoHFS: doesn't show hand 
*** SUMMARY ***
Total pot $0.06 | Rake $0 
Seat 1: keithriff999 (button) folded before Flop (didn't bet)
Seat 2: AdrianoHFS (small blind) collected ($0.06)
Seat 3: SOBACH75 (big blind) folded before Flop
Seat 4: Sunpower333 folded before Flop
Seat 5: Dorex2007 folded before Flop (didn't bet)
Seat 7: Apostol108 folded before Flop (didn't bet)
Seat 8: isennnn folded before Flop (didn't bet)
Seat 9: oidamoh folded before Flop (didn't bet)



PokerStars Hand #227357514929:  Hold'em No Limit ($0.01/$0.02 USD) - 2021/06/05 15:31:00 PT [2021/06/05 18:31:00 ET]
Table 'Pythia' 9-max Seat #2 is the button
Seat 1: keithriff999 ($2 in chips) 
Seat 2: AdrianoHFS ($1 in chips) 
Seat 3: SOBACH75 ($5.54 in chips) 
Seat 4: Sunpower333 ($2.76 in chips) 
Seat 5: Dorex2007 ($2 in chips) 
Seat 7: Apostol108 ($2.41 in chips) 
Seat 8: isennnn ($3.12 in chips) 
Seat 9: oidamoh ($3.45 in chips) 
SOBACH75: posts small blind $0.01
Sunpower333: posts big blind $0.02
futuredream1: sits out 
*** HOLE CARDS ***
Dealt to Dorex2007 [Jh 9s]
Dorex2007: folds 
Apostol108: folds 
isennnn: folds 
oidamoh: folds 
keithriff999: folds 
AdrianoHFS: folds 
SOBACH75: raises $0.04 to $0.06
Sunpower333: folds 
Uncalled bet ($0.04) returned to SOBACH75
SOBACH75 collected $0.04 from pot
*** SUMMARY ***
Total pot $0.04 | Rake $0 
Seat 1: keithriff999 folded before Flop (didn't bet)
Seat 2: AdrianoHFS (button) folded before Flop (didn't bet)
Seat 3: SOBACH75 (small blind) collected ($0.04)
Seat 4: Sunpower333 (big blind) folded before Flop
Seat 5: Dorex2007 folded before Flop (didn't bet)
Seat 7: Apostol108 folded before Flop (didn't bet)
Seat 8: isennnn folded before Flop (didn't bet)
Seat 9: oidamoh folded before Flop (didn't bet)



PokerStars Hand #227357519712:  Hold'em No Limit ($0.01/$0.02 USD) - 2021/06/05 15:31:12 PT [2021/06/05 18:31:12 ET]
Table 'Pythia' 9-max Seat #3 is the button
Seat 1: keithriff999 ($2 in chips) 
Seat 2: AdrianoHFS ($1 in chips) 
Seat 3: SOBACH75 ($5.56 in chips) 
Seat 4: Sunpower333 ($2.74 in chips) 
Seat 5: Dorex2007 ($2 in chips) 
Seat 7: Apostol108 ($2.41 in chips) 
Seat 8: isennnn ($3.12 in chips) 
Seat 9: oidamoh ($3.45 in chips) 
Sunpower333: posts small blind $0.01
Dorex2007: posts big blind $0.02
futuredream1: sits out 
*** HOLE CARDS ***
Dealt to Dorex2007 [5h Ad]
Apostol108: folds 
isennnn: folds 
oidamoh: folds 
keithriff999: folds 
AdrianoHFS: calls $0.02
SOBACH75: folds 
Sunpower333: folds 
Dorex2007: checks 
*** FLOP *** [8c 7s Kd]
Dorex2007: checks 
AdrianoHFS: bets $0.98 and is all-in
Dorex2007: folds 
Uncalled bet ($0.98) returned to AdrianoHFS
AdrianoHFS collected $0.05 from pot
AdrianoHFS: doesn't show hand 
*** SUMMARY ***
Total pot $0.05 | Rake $0 
Board [8c 7s Kd]
Seat 1: keithriff999 folded before Flop (didn't bet)
Seat 2: AdrianoHFS collected ($0.05)
Seat 3: SOBACH75 (button) folded before Flop (didn't bet)
Seat 4: Sunpower333 (small blind) folded before Flop
Seat 5: Dorex2007 (big blind) folded on the Flop
Seat 7: Apostol108 folded before Flop (didn't bet)
Seat 8: isennnn folded before Flop (didn't bet)
Seat 9: oidamoh folded before Flop (didn't bet)



PokerStars Hand #227357528745:  Hold'em No Limit ($0.01/$0.02 USD) - 2021/06/05 15:31:32 PT [2021/06/05 18:31:32 ET]
Table 'Pythia' 9-max Seat #4 is the button
Seat 1: keithriff999 ($2 in chips) 
Seat 2: AdrianoHFS ($1.03 in chips) 
Seat 3: SOBACH75 ($5.56 in chips) 
Seat 4: Sunpower333 ($2.73 in chips) 
Seat 5: Dorex2007 ($1.98 in chips) 
Seat 6: futuredream1 ($1.75 in chips) 
Seat 7: Apostol108 ($2.41 in chips) 
Seat 8: isennnn ($3.12 in chips) 
Seat 9: oidamoh ($3.45 in chips) 
Dorex2007: posts small blind $0.01
futuredream1: posts big blind $0.02
*** HOLE CARDS ***
Dealt to Dorex2007 [3h 7c]
Apostol108: folds 
isennnn: folds 
oidamoh: folds 
keithriff999: folds 
AdrianoHFS: folds 
SOBACH75: folds 
Sunpower333: folds 
Dorex2007: folds 
Uncalled bet ($0.01) returned to futuredream1
futuredream1 collected $0.02 from pot
*** SUMMARY ***
Total pot $0.02 | Rake $0 
Seat 1: keithriff999 folded before Flop (didn't bet)
Seat 2: AdrianoHFS folded before Flop (didn't bet)
Seat 3: SOBACH75 folded before Flop (didn't bet)
Seat 4: Sunpower333 (button) folded before Flop (didn't bet)
Seat 5: Dorex2007 (small blind) folded before Flop
Seat 6: futuredream1 (big blind) collected ($0.02)
Seat 7: Apostol108 folded before Flop (didn't bet)
Seat 8: isennnn folded before Flop (didn't bet)
Seat 9: oidamoh folded before Flop (didn't bet)



PokerStars Hand #227357533493:  Hold'em No Limit ($0.01/$0.02 USD) - 2021/06/05 15:31:43 PT [2021/06/05 18:31:43 ET]
Table 'Pythia' 9-max Seat #5 is the button
Seat 1: keithriff999 ($2 in chips) 
Seat 2: AdrianoHFS ($1.03 in chips) 
Seat 3: SOBACH75 ($5.56 in chips) 
Seat 4: Sunpower333 ($2.73 in chips) 
Seat 5: Dorex2007 ($1.97 in chips) 
Seat 6: futuredream1 ($1.76 in chips) 
Seat 7: Apostol108 ($2.41 in chips) 
Seat 8: isennnn ($3.12 in chips) 
Seat 9: oidamoh ($3.45 in chips) 
futuredream1: posts small blind $0.01
Apostol108: posts big blind $0.02
*** HOLE CARDS ***
Dealt to Dorex2007 [9h 3d]
isennnn: folds 
oidamoh: calls $0.02
keithriff999: folds 
AdrianoHFS: folds 
SOBACH75: folds 
Sunpower333: folds 
Dorex2007: folds 
futuredream1: calls $0.01
Apostol108: raises $0.04 to $0.06
SOBACH75 leaves the table
oidamoh: calls $0.04
futuredream1: calls $0.04
*** FLOP *** [3s Jc 6h]
futuredream1: bets $0.02
Apostol108: raises $0.06 to $0.08
oidamoh: folds 
futuredream1: folds 
Uncalled bet ($0.06) returned to Apostol108
Apostol108 collected $0.21 from pot
Apostol108: doesn't show hand 
*** SUMMARY ***
Total pot $0.22 | Rake $0.01 
Board [3s Jc 6h]
Seat 1: keithriff999 folded before Flop (didn't bet)
Seat 2: AdrianoHFS folded before Flop (didn't bet)
Seat 3: SOBACH75 folded before Flop (didn't bet)
Seat 4: Sunpower333 folded before Flop (didn't bet)
Seat 5: Dorex2007 (button) folded before Flop (didn't bet)
Seat 6: futuredream1 (small blind) folded on the Flop
Seat 7: Apostol108 (big blind) collected ($0.21)
Seat 8: isennnn folded before Flop (didn't bet)
Seat 9: oidamoh folded on the Flop



PokerStars Hand #227357778970:  Hold'em No Limit ($0.01/$0.02 USD) - 2021/06/05 15:41:22 PT [2021/06/05 18:41:22 ET]
Table 'Pythia' 9-max Seat #3 is the button
Seat 1: keithriff999 ($2.12 in chips) 
Seat 2: AdrianoHFS ($1.01 in chips) 
Seat 3: freewheeler2 ($1.79 in chips) 
Seat 4: Sunpower333 ($2.53 in chips) 
Seat 5: Dorex2007 ($1.97 in chips) 
Seat 6: futuredream1 ($1.56 in chips) 
Seat 7: Apostol108 ($2.58 in chips) 
Seat 8: isennnn ($3.12 in chips) 
Seat 9: oidamoh ($3.62 in chips) 
Sunpower333: posts small blind $0.01
Dorex2007: posts big blind $0.02
*** HOLE CARDS ***
Dealt to Dorex2007 [Jd 4c]
futuredream1: raises $0.02 to $0.04
Apostol108: folds 
isennnn: folds 
oidamoh: calls $0.04
keithriff999: folds 
AdrianoHFS: folds 
keithriff999 leaves the table
freewheeler2: folds 
Sunpower333: folds 
Dorex2007: folds 
*** FLOP *** [2s 9d Jc]
futuredream1: bets $0.02
oidamoh: calls $0.02
*** TURN *** [2s 9d Jc] [Kc]
futuredream1: bets $0.02
oidamoh: calls $0.02
*** RIVER *** [2s 9d Jc Kc] [Tc]
futuredream1: bets $0.04
oidamoh: raises $0.13 to $0.17
futuredream1: folds 
Uncalled bet ($0.13) returned to oidamoh
oidamoh collected $0.26 from pot
oidamoh: doesn't show hand 
*** SUMMARY ***
Total pot $0.27 | Rake $0.01 
Board [2s 9d Jc Kc Tc]
Seat 1: keithriff999 folded before Flop (didn't bet)
Seat 2: AdrianoHFS folded before Flop (didn't bet)
Seat 3: freewheeler2 (button) folded before Flop (didn't bet)
Seat 4: Sunpower333 (small blind) folded before Flop
Seat 5: Dorex2007 (big blind) folded before Flop
Seat 6: futuredream1 folded on the River
Seat 7: Apostol108 folded before Flop (didn't bet)
Seat 8: isennnn folded before Flop (didn't bet)
Seat 9: oidamoh collected ($0.26)



PokerStars Hand #227357805539:  Hold'em No Limit ($0.01/$0.02 USD) - 2021/06/05 15:42:04 PT [2021/06/05 18:42:04 ET]
Table 'Pythia' 9-max Seat #4 is the button
Seat 2: AdrianoHFS ($1.01 in chips) 
Seat 3: freewheeler2 ($1.79 in chips) 
Seat 4: Sunpower333 ($2.52 in chips) 
Seat 5: Dorex2007 ($1.95 in chips) 
Seat 6: futuredream1 ($1.44 in chips) 
Seat 7: Apostol108 ($2.58 in chips) 
Seat 8: isennnn ($3.12 in chips) 
Seat 9: oidamoh ($3.76 in chips) 
Dorex2007: posts small blind $0.01
futuredream1: posts big blind $0.02
*** HOLE CARDS ***
Dealt to Dorex2007 [Ts 6c]
Apostol108: folds 
isennnn: folds 
oidamoh: calls $0.02
AdrianoHFS: calls $0.02
freewheeler2: calls $0.02
Sunpower333: folds 
Dorex2007: calls $0.01
futuredream1: raises $0.02 to $0.04
oidamoh: calls $0.02
AdrianoHFS: calls $0.02
freewheeler2: calls $0.02
Dorex2007: folds 
*** FLOP *** [2s Jc 6s]
futuredream1: checks 
oidamoh: checks 
AdrianoHFS: bets $0.09
freewheeler2: calls $0.09
futuredream1: folds 
oidamoh: folds 
*** TURN *** [2s Jc 6s] [7c]
AdrianoHFS: bets $0.35
freewheeler2: raises $1.05 to $1.40
Vadimur1962 joins the table at seat #1 
AdrianoHFS: calls $0.53 and is all-in
Uncalled bet ($0.52) returned to freewheeler2
*** RIVER *** [2s Jc 6s 7c] [3h]
*** SHOW DOWN ***
AdrianoHFS: shows [Jd 9c] (a pair of Jacks)
freewheeler2: shows [Jh Ks] (a pair of Jacks - King kicker)
freewheeler2 collected $2.05 from pot
*** SUMMARY ***
Total pot $2.12 | Rake $0.07 
Board [2s Jc 6s 7c 3h]
Seat 2: AdrianoHFS showed [Jd 9c] and lost with a pair of Jacks
Seat 3: freewheeler2 showed [Jh Ks] and won ($2.05) with a pair of Jacks
Seat 4: Sunpower333 (button) folded before Flop (didn't bet)
Seat 5: Dorex2007 (small blind) folded before Flop
Seat 6: futuredream1 (big blind) folded on the Flop
Seat 7: Apostol108 folded before Flop (didn't bet)
Seat 8: isennnn folded before Flop (didn't bet)
Seat 9: oidamoh folded on the Flop



PokerStars Hand #227357840540:  Hold'em No Limit ($0.01/$0.02 USD) - 2021/06/05 15:43:31 PT [2021/06/05 18:43:31 ET]
Table 'Pythia' 9-max Seat #5 is the button
Seat 3: freewheeler2 ($2.83 in chips) 
Seat 4: Sunpower333 ($2.52 in chips) 
Seat 5: Dorex2007 ($1.93 in chips) 
Seat 7: Apostol108 ($2.58 in chips) 
Seat 8: isennnn ($3.12 in chips) 
Seat 9: oidamoh ($3.72 in chips) 
Apostol108: posts small blind $0.01
isennnn: posts big blind $0.02
Vadimur1962: sits out 
*** HOLE CARDS ***
Dealt to Dorex2007 [5d 8h]
oidamoh: calls $0.02
AdrianoHFS leaves the table
freewheeler2: calls $0.02
Sunpower333: folds 
Dorex2007: folds 
Apostol108: folds 
isennnn: checks 
*** FLOP *** [7s 2h 7c]
isennnn: checks 
oidamoh: checks 
freewheeler2: checks 
*** TURN *** [7s 2h 7c] [Qc]
isennnn: checks 
oidamoh: checks 
freewheeler2: checks 
*** RIVER *** [7s 2h 7c Qc] [Kc]
isennnn: checks 
oidamoh: checks 
freewheeler2: bets $0.03
isennnn: folds 
oidamoh: folds 
Uncalled bet ($0.03) returned to freewheeler2
freewheeler2 collected $0.07 from pot
freewheeler2: doesn't show hand 
*** SUMMARY ***
Total pot $0.07 | Rake $0 
Board [7s 2h 7c Qc Kc]
Seat 3: freewheeler2 collected ($0.07)
Seat 4: Sunpower333 folded before Flop (didn't bet)
Seat 5: Dorex2007 (button) folded before Flop (didn't bet)
Seat 7: Apostol108 (small blind) folded before Flop
Seat 8: isennnn (big blind) folded on the River
Seat 9: oidamoh folded on the River



PokerStars Hand #227357865128:  Hold'em No Limit ($0.01/$0.02 USD) - 2021/06/05 15:44:32 PT [2021/06/05 18:44:32 ET]
Table 'Pythia' 9-max Seat #7 is the button
Seat 3: freewheeler2 ($2.88 in chips) 
Seat 4: Sunpower333 ($2.52 in chips) 
Seat 5: Dorex2007 ($1.93 in chips) 
Seat 6: futuredream1 ($1.40 in chips) 
Seat 7: Apostol108 ($2.57 in chips) 
Seat 8: isennnn ($3.10 in chips) 
Seat 9: oidamoh ($3.70 in chips) 
isennnn: posts small blind $0.01
oidamoh: posts big blind $0.02
Vadimur1962: sits out 
futuredream1: posts small blind $0.01
*** HOLE CARDS ***
Dealt to Dorex2007 [7d Tc]
freewheeler2: calls $0.02
Sunpower333: folds 
Dorex2007: folds 
futuredream1: raises $0.02 to $0.04
Apostol108: folds 
isennnn: folds 
oidamoh: calls $0.02
freewheeler2: calls $0.02
*** FLOP *** [8h Kc 6s]
oidamoh: bets $0.06
freewheeler2: calls $0.06
futuredream1: folds 
*** TURN *** [8h Kc 6s] [9h]
oidamoh: bets $0.13
freewheeler2: folds 
Uncalled bet ($0.13) returned to oidamoh
oidamoh collected $0.25 from pot
oidamoh: doesn't show hand 
*** SUMMARY ***
Total pot $0.26 | Rake $0.01 
Board [8h Kc 6s 9h]
Seat 3: freewheeler2 folded on the Turn
Seat 4: Sunpower333 folded before Flop (didn't bet)
Seat 5: Dorex2007 folded before Flop (didn't bet)
Seat 6: futuredream1 folded on the Flop
Seat 7: Apostol108 (button) folded before Flop (didn't bet)
Seat 8: isennnn (small blind) folded before Flop
Seat 9: oidamoh (big blind) collected ($0.25)



PokerStars Hand #227357887202:  Hold'em No Limit ($0.01/$0.02 USD) - 2021/06/05 15:45:26 PT [2021/06/05 18:45:26 ET]
Table 'Pythia' 9-max Seat #8 is the button
Seat 1: Vadimur1962 ($1.60 in chips) 
Seat 3: freewheeler2 ($2.78 in chips) 
Seat 4: Sunpower333 ($2.52 in chips) 
Seat 5: Dorex2007 ($1.93 in chips) 
Seat 6: futuredream1 ($1.35 in chips) 
Seat 7: Apostol108 ($2.57 in chips) 
Seat 8: isennnn ($3.09 in chips) 
Seat 9: oidamoh ($3.85 in chips) 
oidamoh: posts small blind $0.01
Vadimur1962: posts big blind $0.02
*** HOLE CARDS ***
Dealt to Dorex2007 [As Tc]
freewheeler2: folds 
Sunpower333: folds 
Dorex2007: raises $0.04 to $0.06
futuredream1: folds 
Apostol108: folds 
isennnn: calls $0.06
oidamoh: calls $0.05
Vadimur1962: folds 
*** FLOP *** [9s Js 5d]
oidamoh: checks 
Dorex2007: checks 
isennnn: bets $0.06
oidamoh: folds 
Dorex2007: folds 
Uncalled bet ($0.06) returned to isennnn
isennnn collected $0.19 from pot
isennnn: doesn't show hand 
*** SUMMARY ***
Total pot $0.20 | Rake $0.01 
Board [9s Js 5d]
Seat 1: Vadimur1962 (big blind) folded before Flop
Seat 3: freewheeler2 folded before Flop (didn't bet)
Seat 4: Sunpower333 folded before Flop (didn't bet)
Seat 5: Dorex2007 folded on the Flop
Seat 6: futuredream1 folded before Flop (didn't bet)
Seat 7: Apostol108 folded before Flop (didn't bet)
Seat 8: isennnn (button) collected ($0.19)
Seat 9: oidamoh (small blind) folded on the Flop



PokerStars Hand #227357900157:  Hold'em No Limit ($0.01/$0.02 USD) - 2021/06/05 15:45:58 PT [2021/06/05 18:45:58 ET]
Table 'Pythia' 9-max Seat #9 is the button
Seat 1: Vadimur1962 ($1.58 in chips) 
Seat 3: freewheeler2 ($2.78 in chips) 
Seat 4: Sunpower333 ($2.52 in chips) 
Seat 5: Dorex2007 ($1.87 in chips) 
Seat 7: Apostol108 ($2.57 in chips) 
Seat 8: isennnn ($3.22 in chips) 
Seat 9: oidamoh ($3.79 in chips) 
Vadimur1962: posts small blind $0.01
freewheeler2: posts big blind $0.02
*** HOLE CARDS ***
Dealt to Dorex2007 [Kc Ac]
Sunpower333: raises $0.04 to $0.06
Dorex2007: calls $0.06
Apostol108: folds 
isennnn: folds 
oidamoh: calls $0.06
Vadimur1962: folds 
freewheeler2: calls $0.04
*** FLOP *** [6d Th 7c]
freewheeler2: checks 
moshiyoyo joins the table at seat #2 
Sunpower333: checks 
Dorex2007: bets $0.12
oidamoh: calls $0.12
freewheeler2: calls $0.12
Sunpower333: folds 
*** TURN *** [6d Th 7c] [3s]
freewheeler2: checks 
Dorex2007: checks 
oidamoh: checks 
*** RIVER *** [6d Th 7c 3s] [5c]
freewheeler2: checks 
Dorex2007: bets $0.39
oidamoh: folds 
freewheeler2: folds 
Uncalled bet ($0.39) returned to Dorex2007
Dorex2007 collected $0.59 from pot
Dorex2007: doesn't show hand 
*** SUMMARY ***
Total pot $0.61 | Rake $0.02 
Board [6d Th 7c 3s 5c]
Seat 1: Vadimur1962 (small blind) folded before Flop
Seat 3: freewheeler2 (big blind) folded on the River
Seat 4: Sunpower333 folded on the Flop
Seat 5: Dorex2007 collected ($0.59)
Seat 7: Apostol108 folded before Flop (didn't bet)
Seat 8: isennnn folded before Flop (didn't bet)
Seat 9: oidamoh (button) folded on the River



PokerStars Hand #227357925381:  Hold'em No Limit ($0.01/$0.02 USD) - 2021/06/05 15:47:02 PT [2021/06/05 18:47:02 ET]
Table 'Pythia' 9-max Seat #1 is the button
Seat 1: Vadimur1962 ($1.57 in chips) 
Seat 3: freewheeler2 ($2.60 in chips) 
Seat 4: Sunpower333 ($2.46 in chips) 
Seat 5: Dorex2007 ($2.28 in chips) 
Seat 6: futuredream1 ($1.35 in chips) 
Seat 7: Apostol108 ($2.57 in chips) 
Seat 8: isennnn ($3.22 in chips) 
Seat 9: oidamoh ($3.61 in chips) 
freewheeler2: posts small blind $0.01
Sunpower333: posts big blind $0.02
*** HOLE CARDS ***
Dealt to Dorex2007 [Ad Qh]
Dorex2007: calls $0.02
futuredream1: folds 
Apostol108: folds 
isennnn has timed out
isennnn: folds 
oidamoh: folds 
Vadimur1962: folds 
freewheeler2: folds 
Sunpower333: checks 
*** FLOP *** [9s Qd 4h]
Sunpower333: checks 
Dorex2007: bets $0.05
Sunpower333: folds 
Uncalled bet ($0.05) returned to Dorex2007
Dorex2007 collected $0.05 from pot
Dorex2007: doesn't show hand 
*** SUMMARY ***
Total pot $0.05 | Rake $0 
Board [9s Qd 4h]
Seat 1: Vadimur1962 (button) folded before Flop (didn't bet)
Seat 3: freewheeler2 (small blind) folded before Flop
Seat 4: Sunpower333 (big blind) folded on the Flop
Seat 5: Dorex2007 collected ($0.05)
Seat 6: futuredream1 folded before Flop (didn't bet)
Seat 7: Apostol108 folded before Flop (didn't bet)
Seat 8: isennnn folded before Flop (didn't bet)
Seat 9: oidamoh folded before Flop (didn't bet)



PokerStars Hand #227357939476:  Hold'em No Limit ($0.01/$0.02 USD) - 2021/06/05 15:47:37 PT [2021/06/05 18:47:37 ET]
Table 'Pythia' 9-max Seat #3 is the button
Seat 1: Vadimur1962 ($1.57 in chips) 
Seat 3: freewheeler2 ($2.59 in chips) 
Seat 4: Sunpower333 ($2.44 in chips) 
Seat 5: Dorex2007 ($2.31 in chips) 
Seat 7: Apostol108 ($2.57 in chips) 
Seat 9: oidamoh ($3.61 in chips) 
Sunpower333: posts small blind $0.01
Dorex2007: posts big blind $0.02
moshiyoyo: sits out 
*** HOLE CARDS ***
Dealt to Dorex2007 [Qh 6s]
Apostol108: folds 
oidamoh: folds 
Vadimur1962: folds 
freewheeler2: folds 
Sunpower333: calls $0.01
Dorex2007: checks 
*** FLOP *** [Ks 3c Js]
Sunpower333: bets $0.04
Dorex2007: folds 
Uncalled bet ($0.04) returned to Sunpower333
Sunpower333 collected $0.04 from pot
*** SUMMARY ***
Total pot $0.04 | Rake $0 
Board [Ks 3c Js]
Seat 1: Vadimur1962 folded before Flop (didn't bet)
Seat 3: freewheeler2 (button) folded before Flop (didn't bet)
Seat 4: Sunpower333 (small blind) collected ($0.04)
Seat 5: Dorex2007 (big blind) folded on the Flop
Seat 7: Apostol108 folded before Flop (didn't bet)
Seat 9: oidamoh folded before Flop (didn't bet)



PokerStars Hand #227357956858:  Hold'em No Limit ($0.01/$0.02 USD) - 2021/06/05 15:48:01 PT [2021/06/05 18:48:01 ET]
Table 'Pythia' 9-max Seat #4 is the button
Seat 1: Vadimur1962 ($1.57 in chips) 
Seat 3: freewheeler2 ($2.59 in chips) 
Seat 4: Sunpower333 ($2.46 in chips) 
Seat 5: Dorex2007 ($2.29 in chips) 
Seat 7: Apostol108 ($2.57 in chips) 
Seat 9: oidamoh ($3.61 in chips) 
Dorex2007: posts small blind $0.01
Apostol108: posts big blind $0.02
moshiyoyo: sits out 
*** HOLE CARDS ***
Dealt to Dorex2007 [Kd 7s]
oidamoh: calls $0.02
Vadimur1962: folds 
freewheeler2: folds 
Sunpower333: folds 
Dorex2007: folds 
Apostol108: checks 
*** FLOP *** [6c Qh 3s]
Apostol108: checks 
oidamoh: bets $0.04
Apostol108: folds 
Uncalled bet ($0.04) returned to oidamoh
oidamoh collected $0.05 from pot
oidamoh: doesn't show hand 
*** SUMMARY ***
Total pot $0.05 | Rake $0 
Board [6c Qh 3s]
Seat 1: Vadimur1962 folded before Flop (didn't bet)
Seat 3: freewheeler2 folded before Flop (didn't bet)
Seat 4: Sunpower333 (button) folded before Flop (didn't bet)
Seat 5: Dorex2007 (small blind) folded before Flop
Seat 7: Apostol108 (big blind) folded on the Flop
Seat 9: oidamoh collected ($0.05)



PokerStars Hand #227357965757:  Hold'em No Limit ($0.01/$0.02 USD) - 2021/06/05 15:48:24 PT [2021/06/05 18:48:24 ET]
Table 'Pythia' 9-max Seat #5 is the button
Seat 1: Vadimur1962 ($1.57 in chips) 
Seat 3: freewheeler2 ($2.59 in chips) 
Seat 4: Sunpower333 ($2.46 in chips) 
Seat 5: Dorex2007 ($2.28 in chips) 
Seat 7: Apostol108 ($2.55 in chips) 
Seat 8: isennnn ($3.22 in chips) 
Seat 9: oidamoh ($3.64 in chips) 
Apostol108: posts small blind $0.01
isennnn: posts big blind $0.02
moshiyoyo: sits out 
*** HOLE CARDS ***
Dealt to Dorex2007 [Qh Qd]
oidamoh: folds 
Vadimur1962: folds 
freewheeler2: calls $0.02
Sunpower333: folds 
Dorex2007: raises $0.04 to $0.06
Apostol108: folds 
isennnn: folds 
freewheeler2: calls $0.04
*** FLOP *** [3d 9d 3c]
freewheeler2: checks 
Dorex2007: bets $0.09
freewheeler2: raises $0.32 to $0.41
Dorex2007: calls $0.32
*** TURN *** [3d 9d 3c] [Kd]
freewheeler2: bets $0.94
Dorex2007: folds 
Uncalled bet ($0.94) returned to freewheeler2
freewheeler2 collected $0.94 from pot
freewheeler2: doesn't show hand 
*** SUMMARY ***
Total pot $0.97 | Rake $0.03 
Board [3d 9d 3c Kd]
Seat 1: Vadimur1962 folded before Flop (didn't bet)
Seat 3: freewheeler2 collected ($0.94)
Seat 4: Sunpower333 folded before Flop (didn't bet)
Seat 5: Dorex2007 (button) folded on the Turn
Seat 7: Apostol108 (small blind) folded before Flop
Seat 8: isennnn (big blind) folded before Flop
Seat 9: oidamoh folded before Flop (didn't bet)



PokerStars Hand #227357995597:  Hold'em No Limit ($0.01/$0.02 USD) - 2021/06/05 15:49:39 PT [2021/06/05 18:49:39 ET]
Table 'Pythia' 9-max Seat #7 is the button
Seat 1: Vadimur1962 ($1.57 in chips) 
Seat 3: freewheeler2 ($3.06 in chips) 
Seat 4: Sunpower333 ($2.46 in chips) 
Seat 5: Dorex2007 ($1.81 in chips) 
Seat 6: futuredream1 ($1.35 in chips) 
Seat 7: Apostol108 ($2.54 in chips) 
Seat 8: isennnn ($3.20 in chips) 
Seat 9: oidamoh ($3.64 in chips) 
isennnn: posts small blind $0.01
oidamoh: posts big blind $0.02
moshiyoyo: sits out 
futuredream1: posts small & big blinds $0.03
*** HOLE CARDS ***
Dealt to Dorex2007 [2h As]
Vadimur1962: folds 
freewheeler2: calls $0.02
Sunpower333: folds 
Dorex2007: folds 
futuredream1: checks 
Apostol108: calls $0.02
isennnn: folds 
oidamoh: checks 
*** FLOP *** [Td 6s 5s]
oidamoh: checks 
freewheeler2: bets $0.02
futuredream1: folds 
Apostol108: calls $0.02
oidamoh: folds 
*** TURN *** [Td 6s 5s] [Qh]
freewheeler2: checks 
Apostol108: checks 
*** RIVER *** [Td 6s 5s Qh] [8c]
freewheeler2: checks 
Apostol108: bets $0.09
freewheeler2: folds 
Uncalled bet ($0.09) returned to Apostol108
Apostol108 collected $0.14 from pot
Apostol108: doesn't show hand 
*** SUMMARY ***
Total pot $0.14 | Rake $0 
Board [Td 6s 5s Qh 8c]
Seat 1: Vadimur1962 folded before Flop (didn't bet)
Seat 3: freewheeler2 folded on the River
Seat 4: Sunpower333 folded before Flop (didn't bet)
Seat 5: Dorex2007 folded before Flop (didn't bet)
Seat 6: futuredream1 folded on the Flop (didn't bet)
Seat 7: Apostol108 (button) collected ($0.14)
Seat 8: isennnn (small blind) folded before Flop
Seat 9: oidamoh (big blind) folded on the Flop



PokerStars Hand #227358016634:  Hold'em No Limit ($0.01/$0.02 USD) - 2021/06/05 15:50:32 PT [2021/06/05 18:50:32 ET]
Table 'Pythia' 9-max Seat #8 is the button
Seat 1: Vadimur1962 ($1.57 in chips) 
Seat 3: freewheeler2 ($3.02 in chips) 
Seat 4: Sunpower333 ($2.46 in chips) 
Seat 5: Dorex2007 ($1.81 in chips) 
Seat 7: Apostol108 ($2.64 in chips) 
Seat 8: isennnn ($3.19 in chips) 
Seat 9: oidamoh ($3.62 in chips) 
oidamoh: posts small blind $0.01
Vadimur1962: posts big blind $0.02
moshiyoyo: sits out 
*** HOLE CARDS ***
Dealt to Dorex2007 [5d 3h]
freewheeler2: calls $0.02
Sunpower333: folds 
Dorex2007: folds 
Apostol108: raises $0.04 to $0.06
isennnn: raises $0.20 to $0.26
oidamoh: folds 
Vadimur1962: folds 
freewheeler2: folds 
Apostol108: raises $2.38 to $2.64 and is all-in
isennnn: calls $2.38
*** FLOP *** [9c 7d Ac]
*** TURN *** [9c 7d Ac] [6h]
*** RIVER *** [9c 7d Ac 6h] [9h]
*** SHOW DOWN ***
Apostol108: shows [Kd As] (two pair, Aces and Nines)
isennnn: shows [Kh Ks] (two pair, Kings and Nines)
Apostol108 collected $5.14 from pot
*** SUMMARY ***
Total pot $5.33 | Rake $0.19 
Board [9c 7d Ac 6h 9h]
Seat 1: Vadimur1962 (big blind) folded before Flop
Seat 3: freewheeler2 folded before Flop
Seat 4: Sunpower333 folded before Flop (didn't bet)
Seat 5: Dorex2007 folded before Flop (didn't bet)
Seat 7: Apostol108 showed [Kd As] and won ($5.14) with two pair, Aces and Nines
Seat 8: isennnn (button) showed [Kh Ks] and lost with two pair, Kings and Nines
Seat 9: oidamoh (small blind) folded before Flop



PokerStars Hand #227358030222:  Hold'em No Limit ($0.01/$0.02 USD) - 2021/06/05 15:51:07 PT [2021/06/05 18:51:07 ET]
Table 'Pythia' 9-max Seat #9 is the button
Seat 1: Vadimur1962 ($1.55 in chips) 
Seat 2: moshiyoyo ($1.60 in chips) 
Seat 3: freewheeler2 ($3 in chips) 
Seat 4: Sunpower333 ($2.46 in chips) 
Seat 5: Dorex2007 ($2 in chips) 
Seat 7: Apostol108 ($5.14 in chips) 
Seat 8: isennnn ($0.55 in chips) 
Seat 9: oidamoh ($3.61 in chips) 
Vadimur1962: posts small blind $0.01
moshiyoyo: posts big blind $0.02
*** HOLE CARDS ***
Dealt to Dorex2007 [5s Kh]
freewheeler2: calls $0.02
Sunpower333: folds 
Dorex2007: folds 
Apostol108: folds 
isennnn: raises $0.06 to $0.08
oidamoh: calls $0.08
Vadimur1962: calls $0.07
moshiyoyo: folds 
freewheeler2: calls $0.06
*** FLOP *** [Jc 4d 7d]
Vadimur1962: checks 
freewheeler2: checks 
isennnn: bets $0.06
oidamoh: calls $0.06
Vadimur1962: calls $0.06
freewheeler2: folds 
*** TURN *** [Jc 4d 7d] [9h]
Vadimur1962: checks 
isennnn: bets $0.14
oidamoh: calls $0.14
Vadimur1962: raises $0.36 to $0.50
isennnn: calls $0.27 and is all-in
oidamoh: calls $0.36
*** RIVER *** [Jc 4d 7d 9h] [2c]
Vadimur1962: bets $0.40
oidamoh: folds 
Uncalled bet ($0.40) returned to Vadimur1962
*** SHOW DOWN ***
Vadimur1962: shows [9s 9c] (three of a kind, Nines)
Vadimur1962 collected $0.17 from side pot
isennnn: shows [Jh Js] (three of a kind, Jacks)
isennnn collected $1.69 from main pot
*** SUMMARY ***
Total pot $1.93 Main pot $1.69. Side pot $0.17. | Rake $0.07 
Board [Jc 4d 7d 9h 2c]
Seat 1: Vadimur1962 (small blind) showed [9s 9c] and won ($0.17) with three of a kind, Nines
Seat 2: moshiyoyo (big blind) folded before Flop
Seat 3: freewheeler2 folded on the Flop
Seat 4: Sunpower333 folded before Flop (didn't bet)
Seat 5: Dorex2007 folded before Flop (didn't bet)
Seat 7: Apostol108 folded before Flop (didn't bet)
Seat 8: isennnn showed [Jh Js] and won ($1.69) with three of a kind, Jacks
Seat 9: oidamoh (button) folded on the River



PokerStars Hand #227358064688:  Hold'em No Limit ($0.01/$0.02 USD) - 2021/06/05 15:52:35 PT [2021/06/05 18:52:35 ET]
Table 'Pythia' 9-max Seat #1 is the button
Seat 1: Vadimur1962 ($1.08 in chips) 
Seat 2: moshiyoyo ($1.58 in chips) 
Seat 3: freewheeler2 ($2.92 in chips) 
Seat 4: Sunpower333 ($2.46 in chips) 
Seat 5: Dorex2007 ($2 in chips) 
Seat 7: Apostol108 ($5.14 in chips) 
Seat 8: isennnn ($1.69 in chips) 
Seat 9: oidamoh ($2.97 in chips) 
moshiyoyo: posts small blind $0.01
freewheeler2: posts big blind $0.02
*** HOLE CARDS ***
Dealt to Dorex2007 [4s Qd]
Sunpower333: folds 
Dorex2007: folds 
Apostol108: raises $0.03 to $0.05
isennnn: folds 
oidamoh: folds 
Vadimur1962: folds 
moshiyoyo: folds 
freewheeler2: folds 
Uncalled bet ($0.03) returned to Apostol108
Apostol108 collected $0.05 from pot
Apostol108: doesn't show hand 
*** SUMMARY ***
Total pot $0.05 | Rake $0 
Seat 1: Vadimur1962 (button) folded before Flop (didn't bet)
Seat 2: moshiyoyo (small blind) folded before Flop
Seat 3: freewheeler2 (big blind) folded before Flop
Seat 4: Sunpower333 folded before Flop (didn't bet)
Seat 5: Dorex2007 folded before Flop (didn't bet)
Seat 7: Apostol108 collected ($0.05)
Seat 8: isennnn folded before Flop (didn't bet)
Seat 9: oidamoh folded before Flop (didn't bet)



PokerStars Hand #227358070339:  Hold'em No Limit ($0.01/$0.02 USD) - 2021/06/05 15:52:49 PT [2021/06/05 18:52:49 ET]
Table 'Pythia' 9-max Seat #2 is the button
Seat 1: Vadimur1962 ($1.08 in chips) 
Seat 2: moshiyoyo ($1.57 in chips) 
Seat 3: freewheeler2 ($2.90 in chips) 
Seat 4: Sunpower333 ($2.46 in chips) 
Seat 5: Dorex2007 ($2 in chips) 
Seat 7: Apostol108 ($5.17 in chips) 
Seat 8: isennnn ($1.69 in chips) 
Seat 9: oidamoh ($2.97 in chips) 
freewheeler2: posts small blind $0.01
Sunpower333: posts big blind $0.02
*** HOLE CARDS ***
Dealt to Dorex2007 [7d 5c]
Dorex2007: folds 
Apostol108: folds 
isennnn: folds 
oidamoh: folds 
Vadimur1962: folds 
moshiyoyo: raises $0.05 to $0.07
freewheeler2: folds 
Sunpower333: folds 
Uncalled bet ($0.05) returned to moshiyoyo
moshiyoyo collected $0.05 from pot
moshiyoyo: doesn't show hand 
*** SUMMARY ***
Total pot $0.05 | Rake $0 
Seat 1: Vadimur1962 folded before Flop (didn't bet)
Seat 2: moshiyoyo (button) collected ($0.05)
Seat 3: freewheeler2 (small blind) folded before Flop
Seat 4: Sunpower333 (big blind) folded before Flop
Seat 5: Dorex2007 folded before Flop (didn't bet)
Seat 7: Apostol108 folded before Flop (didn't bet)
Seat 8: isennnn folded before Flop (didn't bet)
Seat 9: oidamoh folded before Flop (didn't bet)



PokerStars Hand #227358077327:  Hold'em No Limit ($0.01/$0.02 USD) - 2021/06/05 15:53:07 PT [2021/06/05 18:53:07 ET]
Table 'Pythia' 9-max Seat #3 is the button
Seat 1: Vadimur1962 ($1.08 in chips) 
Seat 2: moshiyoyo ($1.60 in chips) 
Seat 3: freewheeler2 ($2.89 in chips) 
Seat 4: Sunpower333 ($2.44 in chips) 
Seat 5: Dorex2007 ($2 in chips) 
Seat 7: Apostol108 ($5.17 in chips) 
Seat 8: isennnn ($1.69 in chips) 
Seat 9: oidamoh ($2.97 in chips) 
Sunpower333: posts small blind $0.01
Dorex2007: posts big blind $0.02
*** HOLE CARDS ***
Dealt to Dorex2007 [3c Tc]
Apostol108: raises $0.04 to $0.06
isennnn: folds 
oidamoh: folds 
Vadimur1962: folds 
moshiyoyo: calls $0.06
freewheeler2: folds 
Sunpower333: folds 
Dorex2007: folds 
*** FLOP *** [Qh 4s Ah]
Apostol108: bets $0.08
moshiyoyo: calls $0.08
*** TURN *** [Qh 4s Ah] [4h]
Apostol108: bets $0.09
moshiyoyo: calls $0.09
*** RIVER *** [Qh 4s Ah 4h] [8h]
Apostol108: checks 
moshiyoyo: checks 
*** SHOW DOWN ***
Apostol108: shows [As Jd] (two pair, Aces and Fours)
moshiyoyo: mucks hand 
Apostol108 collected $0.47 from pot
*** SUMMARY ***
Total pot $0.49 | Rake $0.02 
Board [Qh 4s Ah 4h 8h]
Seat 1: Vadimur1962 folded before Flop (didn't bet)
Seat 2: moshiyoyo mucked [Qc Js]
Seat 3: freewheeler2 (button) folded before Flop (didn't bet)
Seat 4: Sunpower333 (small blind) folded before Flop
Seat 5: Dorex2007 (big blind) folded before Flop
Seat 7: Apostol108 showed [As Jd] and won ($0.47) with two pair, Aces and Fours
Seat 8: isennnn folded before Flop (didn't bet)
Seat 9: oidamoh folded before Flop (didn't bet)



PokerStars Hand #227358094417:  Hold'em No Limit ($0.01/$0.02 USD) - 2021/06/05 15:53:51 PT [2021/06/05 18:53:51 ET]
Table 'Pythia' 9-max Seat #4 is the button
Seat 1: Vadimur1962 ($1.08 in chips) 
Seat 2: moshiyoyo ($1.37 in chips) 
Seat 3: freewheeler2 ($2.89 in chips) 
Seat 4: Sunpower333 ($2.43 in chips) 
Seat 5: Dorex2007 ($1.98 in chips) 
Seat 8: isennnn ($1.69 in chips) 
Seat 9: oidamoh ($2.97 in chips) 
Dorex2007: posts small blind $0.01
Apostol108: is sitting out 
isennnn: posts big blind $0.02
*** HOLE CARDS ***
Dealt to Dorex2007 [Th 8d]
oidamoh: folds 
Vadimur1962: folds 
moshiyoyo: raises $0.04 to $0.06
freewheeler2: folds 
Sunpower333: folds 
Dorex2007: folds 
isennnn: folds 
Uncalled bet ($0.04) returned to moshiyoyo
moshiyoyo collected $0.05 from pot
moshiyoyo: doesn't show hand 
*** SUMMARY ***
Total pot $0.05 | Rake $0 
Seat 1: Vadimur1962 folded before Flop (didn't bet)
Seat 2: moshiyoyo collected ($0.05)
Seat 3: freewheeler2 folded before Flop (didn't bet)
Seat 4: Sunpower333 (button) folded before Flop (didn't bet)
Seat 5: Dorex2007 (small blind) folded before Flop
Seat 8: isennnn (big blind) folded before Flop
Seat 9: oidamoh folded before Flop (didn't bet)



PokerStars Hand #227358099776:  Hold'em No Limit ($0.01/$0.02 USD) - 2021/06/05 15:54:05 PT [2021/06/05 18:54:05 ET]
Table 'Pythia' 9-max Seat #5 is the button
Seat 1: Vadimur1962 ($1.08 in chips) 
Seat 2: moshiyoyo ($1.40 in chips) 
Seat 3: freewheeler2 ($2.89 in chips) 
Seat 4: Sunpower333 ($2.43 in chips) 
Seat 5: Dorex2007 ($1.97 in chips) 
Seat 8: isennnn ($1.67 in chips) 
Seat 9: oidamoh ($2.97 in chips) 
isennnn: posts small blind $0.01
oidamoh: posts big blind $0.02
*** HOLE CARDS ***
Dealt to Dorex2007 [8h As]
Vadimur1962: folds 
moshiyoyo: folds 
freewheeler2: folds 
Sunpower333: folds 
Dorex2007: folds 
isennnn: raises $0.04 to $0.06
oidamoh: folds 
Uncalled bet ($0.04) returned to isennnn
isennnn collected $0.04 from pot
isennnn: doesn't show hand 
*** SUMMARY ***
Total pot $0.04 | Rake $0 
Seat 1: Vadimur1962 folded before Flop (didn't bet)
Seat 2: moshiyoyo folded before Flop (didn't bet)
Seat 3: freewheeler2 folded before Flop (didn't bet)
Seat 4: Sunpower333 folded before Flop (didn't bet)
Seat 5: Dorex2007 (button) folded before Flop (didn't bet)
Seat 8: isennnn (small blind) collected ($0.04)
Seat 9: oidamoh (big blind) folded before Flop



PokerStars Hand #227358105231:  Hold'em No Limit ($0.01/$0.02 USD) - 2021/06/05 15:54:19 PT [2021/06/05 18:54:19 ET]
Table 'Pythia' 9-max Seat #8 is the button
Seat 1: Vadimur1962 ($1.08 in chips) 
Seat 2: moshiyoyo ($1.40 in chips) 
Seat 3: freewheeler2 ($2.89 in chips) 
Seat 4: Sunpower333 ($2.43 in chips) 
Seat 5: Dorex2007 ($1.97 in chips) 
Seat 8: isennnn ($1.69 in chips) 
Seat 9: oidamoh ($2.95 in chips) 
oidamoh: posts small blind $0.01
Vadimur1962: posts big blind $0.02
*** HOLE CARDS ***
Dealt to Dorex2007 [5c Qc]
moshiyoyo: folds 
freewheeler2: folds 
Sunpower333: folds 
Dorex2007: folds 
Apostol108 leaves the table
isennnn: raises $0.04 to $0.06
1Asthma1 joins the table at seat #7 
oidamoh: folds 
Vadimur1962: calls $0.04
*** FLOP *** [8c 6d 3h]
Vadimur1962: checks 
isennnn: bets $0.06
Vadimur1962: calls $0.06
*** TURN *** [8c 6d 3h] [8s]
Vadimur1962: checks 
isennnn: bets $0.10
Vadimur1962: folds 
Uncalled bet ($0.10) returned to isennnn
isennnn collected $0.24 from pot
isennnn: doesn't show hand 
*** SUMMARY ***
Total pot $0.25 | Rake $0.01 
Board [8c 6d 3h 8s]
Seat 1: Vadimur1962 (big blind) folded on the Turn
Seat 2: moshiyoyo folded before Flop (didn't bet)
Seat 3: freewheeler2 folded before Flop (didn't bet)
Seat 4: Sunpower333 folded before Flop (didn't bet)
Seat 5: Dorex2007 folded before Flop (didn't bet)
Seat 8: isennnn (button) collected ($0.24)
Seat 9: oidamoh (small blind) folded before Flop



PokerStars Hand #227358119459:  Hold'em No Limit ($0.01/$0.02 USD) - 2021/06/05 15:54:55 PT [2021/06/05 18:54:55 ET]
Table 'Pythia' 9-max Seat #9 is the button
Seat 1: Vadimur1962 ($0.96 in chips) 
Seat 2: moshiyoyo ($1.40 in chips) 
Seat 3: freewheeler2 ($2.89 in chips) 
Seat 4: Sunpower333 ($2.43 in chips) 
Seat 5: Dorex2007 ($1.97 in chips) 
Seat 7: 1Asthma1 ($2 in chips) 
Seat 8: isennnn ($1.81 in chips) 
Seat 9: oidamoh ($2.94 in chips) 
Vadimur1962: posts small blind $0.01
moshiyoyo: posts big blind $0.02
1Asthma1: posts big blind $0.02
*** HOLE CARDS ***
Dealt to Dorex2007 [2h 9d]
freewheeler2: folds 
Sunpower333: folds 
Dorex2007: folds 
1Asthma1: checks 
isennnn: folds 
oidamoh: folds 
Vadimur1962: folds 
freewheeler2 leaves the table
moshiyoyo: raises $0.04 to $0.06
1Asthma1: folds 
Uncalled bet ($0.04) returned to moshiyoyo
moshiyoyo collected $0.05 from pot
moshiyoyo: doesn't show hand 
*** SUMMARY ***
Total pot $0.05 | Rake $0 
Seat 1: Vadimur1962 (small blind) folded before Flop
Seat 2: moshiyoyo (big blind) collected ($0.05)
Seat 3: freewheeler2 folded before Flop (didn't bet)
Seat 4: Sunpower333 folded before Flop (didn't bet)
Seat 5: Dorex2007 folded before Flop (didn't bet)
Seat 7: 1Asthma1 folded before Flop (didn't bet)
Seat 8: isennnn folded before Flop (didn't bet)
Seat 9: oidamoh (button) folded before Flop (didn't bet)



PokerStars Hand #227358128556:  Hold'em No Limit ($0.01/$0.02 USD) - 2021/06/05 15:55:21 PT [2021/06/05 18:55:21 ET]
Table 'Pythia' 9-max Seat #1 is the button
Seat 1: Vadimur1962 ($0.95 in chips) 
Seat 2: moshiyoyo ($1.43 in chips) 
Seat 4: Sunpower333 ($2.43 in chips) 
Seat 5: Dorex2007 ($1.97 in chips) 
Seat 7: 1Asthma1 ($2 in chips) 
Seat 8: isennnn ($1.81 in chips) 
Seat 9: oidamoh ($2.94 in chips) 
moshiyoyo: posts small blind $0.01
Sunpower333: posts big blind $0.02
*** HOLE CARDS ***
Dealt to Dorex2007 [2s 7h]
Dorex2007: folds 
1Asthma1: folds 
isennnn: raises $0.04 to $0.06
oidamoh: folds 
Vadimur1962: calls $0.06
moshiyoyo: folds 
Sunpower333: folds 
*** FLOP *** [7s 3d Js]
isennnn: checks 
Vadimur1962: checks 
*** TURN *** [7s 3d Js] [9c]
isennnn: bets $0.06
Vadimur1962: calls $0.06
*** RIVER *** [7s 3d Js 9c] [9h]
isennnn: checks 
Vadimur1962: checks 
*** SHOW DOWN ***
isennnn: shows [Qh As] (a pair of Nines)
Vadimur1962: mucks hand 
isennnn collected $0.26 from pot
*** SUMMARY ***
Total pot $0.27 | Rake $0.01 
Board [7s 3d Js 9c 9h]
Seat 1: Vadimur1962 (button) mucked [Qs Ks]
Seat 2: moshiyoyo (small blind) folded before Flop
Seat 4: Sunpower333 (big blind) folded before Flop
Seat 5: Dorex2007 folded before Flop (didn't bet)
Seat 7: 1Asthma1 folded before Flop (didn't bet)
Seat 8: isennnn showed [Qh As] and won ($0.26) with a pair of Nines
Seat 9: oidamoh folded before Flop (didn't bet)



PokerStars Hand #227358138293:  Hold'em No Limit ($0.01/$0.02 USD) - 2021/06/05 15:55:54 PT [2021/06/05 18:55:54 ET]
Table 'Pythia' 9-max Seat #2 is the button
Seat 1: Vadimur1962 ($0.83 in chips) 
Seat 2: moshiyoyo ($1.42 in chips) 
Seat 4: Sunpower333 ($2.41 in chips) 
Seat 5: Dorex2007 ($1.97 in chips) 
Seat 7: 1Asthma1 ($2 in chips) 
Seat 8: isennnn ($1.95 in chips) 
Seat 9: oidamoh ($2.94 in chips) 
Sunpower333: posts small blind $0.01
Dorex2007: posts big blind $0.02
*** HOLE CARDS ***
Dealt to Dorex2007 [Ts 6c]
1Asthma1: folds 
isennnn: raises $0.04 to $0.06
oidamoh: calls $0.06
Vadimur1962: folds 
Apostol108 joins the table at seat #3 
Apostol108 leaves the table
moshiyoyo: raises $0.10 to $0.16
Sunpower333: folds 
Dorex2007: folds 
isennnn: calls $0.10
oidamoh: calls $0.10
*** FLOP *** [3h 4h 6s]
isennnn: checks 
oidamoh: checks 
moshiyoyo: checks 
*** TURN *** [3h 4h 6s] [Qh]
isennnn: checks 
oidamoh: checks 
moshiyoyo: bets $0.22
Vuqar741 joins the table at seat #3 
isennnn: calls $0.22
oidamoh: folds 
*** RIVER *** [3h 4h 6s Qh] [5h]
isennnn: checks 
moshiyoyo: checks 
*** SHOW DOWN ***
isennnn: shows [Qc Kc] (a pair of Queens)
moshiyoyo: mucks hand 
isennnn collected $0.92 from pot
*** SUMMARY ***
Total pot $0.95 | Rake $0.03 
Board [3h 4h 6s Qh 5h]
Seat 1: Vadimur1962 folded before Flop (didn't bet)
Seat 2: moshiyoyo (button) mucked [Ad 5d]
Seat 4: Sunpower333 (small blind) folded before Flop
Seat 5: Dorex2007 (big blind) folded before Flop
Seat 7: 1Asthma1 folded before Flop (didn't bet)
Seat 8: isennnn showed [Qc Kc] and won ($0.92) with a pair of Queens
Seat 9: oidamoh folded on the Turn



PokerStars Hand #227358160810:  Hold'em No Limit ($0.01/$0.02 USD) - 2021/06/05 15:57:07 PT [2021/06/05 18:57:07 ET]
Table 'Pythia' 9-max Seat #4 is the button
Seat 1: Vadimur1962 ($0.83 in chips) 
Seat 2: moshiyoyo ($1.04 in chips) 
Seat 3: Vuqar741 ($0.80 in chips) 
Seat 4: Sunpower333 ($2.40 in chips) 
Seat 5: Dorex2007 ($1.95 in chips) 
Seat 7: 1Asthma1 ($2 in chips) 
Seat 8: isennnn ($2.49 in chips) 
Seat 9: oidamoh ($2.78 in chips) 
Dorex2007: posts small blind $0.01
1Asthma1: posts big blind $0.02
Vuqar741: posts big blind $0.02
*** HOLE CARDS ***
Dealt to Dorex2007 [9d 2h]
isennnn: folds 
oidamoh: calls $0.02
Vadimur1962: folds 
moshiyoyo: folds 
Vuqar741: checks 
Sunpower333: folds 
Dorex2007: folds 
1Asthma1: checks 
*** FLOP *** [Qd 5c 9c]
1Asthma1: checks 
oidamoh: checks 
Vuqar741: checks 
*** TURN *** [Qd 5c 9c] [Ks]
1Asthma1: checks 
oidamoh: bets $0.04
Vuqar741: folds 
1Asthma1: folds 
Uncalled bet ($0.04) returned to oidamoh
oidamoh collected $0.07 from pot
oidamoh: doesn't show hand 
*** SUMMARY ***
Total pot $0.07 | Rake $0 
Board [Qd 5c 9c Ks]
Seat 1: Vadimur1962 folded before Flop (didn't bet)
Seat 2: moshiyoyo folded before Flop (didn't bet)
Seat 3: Vuqar741 folded on the Turn (didn't bet)
Seat 4: Sunpower333 (button) folded before Flop (didn't bet)
Seat 5: Dorex2007 (small blind) folded before Flop
Seat 7: 1Asthma1 (big blind) folded on the Turn
Seat 8: isennnn folded before Flop (didn't bet)
Seat 9: oidamoh collected ($0.07)



PokerStars Hand #227358170295:  Hold'em No Limit ($0.01/$0.02 USD) - 2021/06/05 15:57:38 PT [2021/06/05 18:57:38 ET]
Table 'Pythia' 9-max Seat #5 is the button
Seat 1: Vadimur1962 ($0.83 in chips) 
Seat 2: moshiyoyo ($1.04 in chips) 
Seat 3: Vuqar741 ($0.78 in chips) 
Seat 4: Sunpower333 ($2.40 in chips) 
Seat 5: Dorex2007 ($1.94 in chips) 
Seat 7: 1Asthma1 ($2 in chips) 
Seat 8: isennnn ($2.49 in chips) 
Seat 9: oidamoh ($2.83 in chips) 
1Asthma1: posts small blind $0.01
isennnn: posts big blind $0.02
*** HOLE CARDS ***
Dealt to Dorex2007 [2s 6d]
oidamoh: folds 
Vadimur1962: calls $0.02
moshiyoyo: folds 
Vuqar741: folds 
Sunpower333: folds 
Dorex2007: folds 
1Asthma1: folds 
isennnn: checks 
*** FLOP *** [8s Tc 7d]
isennnn: checks 
Vadimur1962: bets $0.02
isennnn: calls $0.02
*** TURN *** [8s Tc 7d] [6h]
isennnn: checks 
Vadimur1962: bets $0.02
isennnn: raises $0.06 to $0.08
Vadimur1962: folds 
Uncalled bet ($0.06) returned to isennnn
isennnn collected $0.13 from pot
isennnn: doesn't show hand 
*** SUMMARY ***
Total pot $0.13 | Rake $0 
Board [8s Tc 7d 6h]
Seat 1: Vadimur1962 folded on the Turn
Seat 2: moshiyoyo folded before Flop (didn't bet)
Seat 3: Vuqar741 folded before Flop (didn't bet)
Seat 4: Sunpower333 folded before Flop (didn't bet)
Seat 5: Dorex2007 (button) folded before Flop (didn't bet)
Seat 7: 1Asthma1 (small blind) folded before Flop
Seat 8: isennnn (big blind) collected ($0.13)
Seat 9: oidamoh folded before Flop (didn't bet)



PokerStars Hand #227358182191:  Hold'em No Limit ($0.01/$0.02 USD) - 2021/06/05 15:58:17 PT [2021/06/05 18:58:17 ET]
Table 'Pythia' 9-max Seat #7 is the button
Seat 1: Vadimur1962 ($0.77 in chips) 
Seat 2: moshiyoyo ($1.04 in chips) 
Seat 3: Vuqar741 ($0.78 in chips) 
Seat 4: Sunpower333 ($2.40 in chips) 
Seat 5: Dorex2007 ($1.94 in chips) 
Seat 7: 1Asthma1 ($2 in chips) 
Seat 8: isennnn ($2.56 in chips) 
Seat 9: oidamoh ($2.83 in chips) 
isennnn: posts small blind $0.01
oidamoh: posts big blind $0.02
*** HOLE CARDS ***
Dealt to Dorex2007 [Qs 3d]
Vadimur1962: raises $0.07 to $0.09
moshiyoyo: folds 
Vuqar741: calls $0.09
Sunpower333: folds 
Dorex2007: folds 
1Asthma1: folds 
isennnn: folds 
oidamoh: folds 
*** FLOP *** [6d Kh 8c]
Vadimur1962: bets $0.68 and is all-in
Vuqar741: calls $0.68
*** TURN *** [6d Kh 8c] [3c]
*** RIVER *** [6d Kh 8c 3c] [2s]
*** SHOW DOWN ***
Vadimur1962: shows [Ad Kc] (a pair of Kings)
Vuqar741: shows [Jc Jd] (a pair of Jacks)
Vadimur1962 collected $1.52 from pot
*** SUMMARY ***
Total pot $1.57 | Rake $0.05 
Board [6d Kh 8c 3c 2s]
Seat 1: Vadimur1962 showed [Ad Kc] and won ($1.52) with a pair of Kings
Seat 2: moshiyoyo folded before Flop (didn't bet)
Seat 3: Vuqar741 showed [Jc Jd] and lost with a pair of Jacks
Seat 4: Sunpower333 folded before Flop (didn't bet)
Seat 5: Dorex2007 folded before Flop (didn't bet)
Seat 7: 1Asthma1 (button) folded before Flop (didn't bet)
Seat 8: isennnn (small blind) folded before Flop
Seat 9: oidamoh (big blind) folded before Flop



PokerStars Hand #227358190814:  Hold'em No Limit ($0.01/$0.02 USD) - 2021/06/05 15:58:45 PT [2021/06/05 18:58:45 ET]
Table 'Pythia' 9-max Seat #8 is the button
Seat 1: Vadimur1962 ($1.52 in chips) 
Seat 2: moshiyoyo ($1.04 in chips) 
Seat 4: Sunpower333 ($2.40 in chips) 
Seat 5: Dorex2007 ($1.94 in chips) 
Seat 7: 1Asthma1 ($2 in chips) 
Seat 8: isennnn ($2.55 in chips) 
Seat 9: oidamoh ($2.81 in chips) 
oidamoh: posts small blind $0.01
Vadimur1962: posts big blind $0.02
*** HOLE CARDS ***
Dealt to Dorex2007 [Ad Qs]
moshiyoyo: folds 
Sunpower333: folds 
Dorex2007: raises $0.04 to $0.06
1Asthma1: folds 
isennnn: calls $0.06
oidamoh: calls $0.05
Vadimur1962: folds 
*** FLOP *** [5h 9c 4h]
oidamoh: bets $0.10
Dorex2007: calls $0.10
isennnn: calls $0.10
*** TURN *** [5h 9c 4h] [6h]
oidamoh: checks 
Dorex2007: bets $0.24
isennnn: calls $0.24
oidamoh: folds 
*** RIVER *** [5h 9c 4h 6h] [6d]
Dorex2007: checks 
isennnn: bets $0.28
Dorex2007: folds 
Uncalled bet ($0.28) returned to isennnn
isennnn collected $0.95 from pot
isennnn: doesn't show hand 
*** SUMMARY ***
Total pot $0.98 | Rake $0.03 
Board [5h 9c 4h 6h 6d]
Seat 1: Vadimur1962 (big blind) folded before Flop
Seat 2: moshiyoyo folded before Flop (didn't bet)
Seat 4: Sunpower333 folded before Flop (didn't bet)
Seat 5: Dorex2007 folded on the River
Seat 7: 1Asthma1 folded before Flop (didn't bet)
Seat 8: isennnn (button) collected ($0.95)
Seat 9: oidamoh (small blind) folded on the Turn



PokerStars Hand #227358211888:  Hold'em No Limit ($0.01/$0.02 USD) - 2021/06/05 15:59:54 PT [2021/06/05 18:59:54 ET]
Table 'Pythia' 9-max Seat #9 is the button
Seat 1: Vadimur1962 ($1.50 in chips) 
Seat 2: moshiyoyo ($1.04 in chips) 
Seat 3: Vuqar741 ($0.80 in chips) 
Seat 4: Sunpower333 ($2.40 in chips) 
Seat 5: Dorex2007 ($1.54 in chips) 
Seat 7: 1Asthma1 ($2 in chips) 
Seat 8: isennnn ($3.10 in chips) 
Seat 9: oidamoh ($2.65 in chips) 
Vadimur1962: posts small blind $0.01
moshiyoyo: posts big blind $0.02
*** HOLE CARDS ***
Dealt to Dorex2007 [7c As]
Vuqar741: folds 
Sunpower333: folds 
Dorex2007: folds 
1Asthma1: folds 
isennnn: folds 
oidamoh: calls $0.02
Vadimur1962: folds 
moshiyoyo: checks 
*** FLOP *** [6d Th 3c]
moshiyoyo: checks 
oidamoh: bets $0.02
moshiyoyo: calls $0.02
*** TURN *** [6d Th 3c] [Qs]
moshiyoyo: checks 
oidamoh: checks 
*** RIVER *** [6d Th 3c Qs] [5d]
moshiyoyo: bets $0.04
oidamoh: calls $0.04
*** SHOW DOWN ***
moshiyoyo: shows [4s 8h] (high card Queen)
oidamoh: shows [Ks 6s] (a pair of Sixes)
oidamoh collected $0.16 from pot
*** SUMMARY ***
Total pot $0.17 | Rake $0.01 
Board [6d Th 3c Qs 5d]
Seat 1: Vadimur1962 (small blind) folded before Flop
Seat 2: moshiyoyo (big blind) showed [4s 8h] and lost with high card Queen
Seat 3: Vuqar741 folded before Flop (didn't bet)
Seat 4: Sunpower333 folded before Flop (didn't bet)
Seat 5: Dorex2007 folded before Flop (didn't bet)
Seat 7: 1Asthma1 folded before Flop (didn't bet)
Seat 8: isennnn folded before Flop (didn't bet)
Seat 9: oidamoh (button) showed [Ks 6s] and won ($0.16) with a pair of Sixes



PokerStars Hand #227358231544:  Hold'em No Limit ($0.01/$0.02 USD) - 2021/06/05 16:00:53 PT [2021/06/05 19:00:53 ET]
Table 'Pythia' 9-max Seat #1 is the button
Seat 1: Vadimur1962 ($1.49 in chips) 
Seat 2: moshiyoyo ($0.96 in chips) 
Seat 3: Vuqar741 ($0.80 in chips) 
Seat 4: Sunpower333 ($2.40 in chips) 
Seat 5: Dorex2007 ($2 in chips) 
Seat 7: 1Asthma1 ($2 in chips) 
Seat 8: isennnn ($3.10 in chips) 
Seat 9: oidamoh ($2.73 in chips) 
moshiyoyo: posts small blind $0.01
Vuqar741: posts big blind $0.02
*** HOLE CARDS ***
Dealt to Dorex2007 [9h 2c]
Sunpower333: folds 
Dorex2007: folds 
1Asthma1: folds 
isennnn: folds 
oidamoh: folds 
Vadimur1962: folds 
moshiyoyo: folds 
Uncalled bet ($0.01) returned to Vuqar741
Vuqar741 collected $0.02 from pot
Vuqar741: doesn't show hand 
*** SUMMARY ***
Total pot $0.02 | Rake $0 
Seat 1: Vadimur1962 (button) folded before Flop (didn't bet)
Seat 2: moshiyoyo (small blind) folded before Flop
Seat 3: Vuqar741 (big blind) collected ($0.02)
Seat 4: Sunpower333 folded before Flop (didn't bet)
Seat 5: Dorex2007 folded before Flop (didn't bet)
Seat 7: 1Asthma1 folded before Flop (didn't bet)
Seat 8: isennnn folded before Flop (didn't bet)
Seat 9: oidamoh folded before Flop (didn't bet)



PokerStars Hand #227358236899:  Hold'em No Limit ($0.01/$0.02 USD) - 2021/06/05 16:01:08 PT [2021/06/05 19:01:08 ET]
Table 'Pythia' 9-max Seat #2 is the button
Seat 1: Vadimur1962 ($1.49 in chips) 
Seat 2: moshiyoyo ($0.95 in chips) 
Seat 3: Vuqar741 ($0.81 in chips) 
Seat 4: Sunpower333 ($2.40 in chips) 
Seat 5: Dorex2007 ($2 in chips) 
Seat 7: 1Asthma1 ($2 in chips) 
Seat 8: isennnn ($3.10 in chips) 
Seat 9: oidamoh ($2.73 in chips) 
Vuqar741: posts small blind $0.01
Sunpower333: posts big blind $0.02
*** HOLE CARDS ***
Dealt to Dorex2007 [Jd 4s]
Dorex2007: folds 
1Asthma1: folds 
isennnn: raises $0.04 to $0.06
oidamoh: calls $0.06
Vadimur1962: folds 
moshiyoyo: folds 
Vuqar741: folds 
Sunpower333: folds 
*** FLOP *** [6c 6h 3c]
isennnn: bets $0.06
oidamoh: folds 
Uncalled bet ($0.06) returned to isennnn
isennnn collected $0.14 from pot
isennnn: doesn't show hand 
*** SUMMARY ***
Total pot $0.15 | Rake $0.01 
Board [6c 6h 3c]
Seat 1: Vadimur1962 folded before Flop (didn't bet)
Seat 2: moshiyoyo (button) folded before Flop (didn't bet)
Seat 3: Vuqar741 (small blind) folded before Flop
Seat 4: Sunpower333 (big blind) folded before Flop
Seat 5: Dorex2007 folded before Flop (didn't bet)
Seat 7: 1Asthma1 folded before Flop (didn't bet)
Seat 8: isennnn collected ($0.14)
Seat 9: oidamoh folded on the Flop



PokerStars Hand #227358248075:  Hold'em No Limit ($0.01/$0.02 USD) - 2021/06/05 16:01:38 PT [2021/06/05 19:01:38 ET]
Table 'Pythia' 9-max Seat #3 is the button
Seat 1: Vadimur1962 ($1.49 in chips) 
Seat 2: moshiyoyo ($0.95 in chips) 
Seat 3: Vuqar741 ($0.80 in chips) 
Seat 4: Sunpower333 ($2.38 in chips) 
Seat 5: Dorex2007 ($2 in chips) 
Seat 7: 1Asthma1 ($2 in chips) 
Seat 8: isennnn ($3.18 in chips) 
Seat 9: oidamoh ($2.67 in chips) 
Sunpower333: posts small blind $0.01
Dorex2007: posts big blind $0.02
*** HOLE CARDS ***
Dealt to Dorex2007 [Th 8s]
1Asthma1: folds 
isennnn: folds 
oidamoh: folds 
Vadimur1962: folds 
moshiyoyo: folds 
Vuqar741: raises $0.03 to $0.05
Sunpower333: folds 
Dorex2007: calls $0.03
*** FLOP *** [Qs 6d 4d]
Dorex2007: checks 
Vuqar741: bets $0.10
Dorex2007: folds 
Uncalled bet ($0.10) returned to Vuqar741
Vuqar741 collected $0.11 from pot
Vuqar741: doesn't show hand 
*** SUMMARY ***
Total pot $0.11 | Rake $0 
Board [Qs 6d 4d]
Seat 1: Vadimur1962 folded before Flop (didn't bet)
Seat 2: moshiyoyo folded before Flop (didn't bet)
Seat 3: Vuqar741 (button) collected ($0.11)
Seat 4: Sunpower333 (small blind) folded before Flop
Seat 5: Dorex2007 (big blind) folded on the Flop
Seat 7: 1Asthma1 folded before Flop (didn't bet)
Seat 8: isennnn folded before Flop (didn't bet)
Seat 9: oidamoh folded before Flop (didn't bet)



PokerStars Hand #227358260215:  Hold'em No Limit ($0.01/$0.02 USD) - 2021/06/05 16:02:11 PT [2021/06/05 19:02:11 ET]
Table 'Pythia' 9-max Seat #4 is the button
Seat 1: Vadimur1962 ($1.49 in chips) 
Seat 2: moshiyoyo ($0.95 in chips) 
Seat 3: Vuqar741 ($0.86 in chips) 
Seat 4: Sunpower333 ($2.37 in chips) 
Seat 5: Dorex2007 ($1.95 in chips) 
Seat 7: 1Asthma1 ($2 in chips) 
Seat 8: isennnn ($3.18 in chips) 
Seat 9: oidamoh ($2.67 in chips) 
Dorex2007: posts small blind $0.01
1Asthma1: posts big blind $0.02
*** HOLE CARDS ***
Dealt to Dorex2007 [Jc Th]
isennnn: folds 
oidamoh: folds 
Vadimur1962: folds 
moshiyoyo: folds 
Vuqar741: calls $0.02
Sunpower333: folds 
Dorex2007: calls $0.01
1Asthma1: raises $0.10 to $0.12
Vuqar741: folds 
Dorex2007: folds 
Uncalled bet ($0.10) returned to 1Asthma1
1Asthma1 collected $0.06 from pot
1Asthma1: doesn't show hand 
*** SUMMARY ***
Total pot $0.06 | Rake $0 
Seat 1: Vadimur1962 folded before Flop (didn't bet)
Seat 2: moshiyoyo folded before Flop (didn't bet)
Seat 3: Vuqar741 folded before Flop
Seat 4: Sunpower333 (button) folded before Flop (didn't bet)
Seat 5: Dorex2007 (small blind) folded before Flop
Seat 7: 1Asthma1 (big blind) collected ($0.06)
Seat 8: isennnn folded before Flop (didn't bet)
Seat 9: oidamoh folded before Flop (didn't bet)



