PokerStars Hand #233870378176:  Hold'em No Limit ($0.01/$0.02 USD) - 2022/02/07 13:30:23 PT [2022/02/07 16:30:23 ET]
Table 'Kollaa III' 9-max Seat #1 is the button
Seat 1: alfa5466 ($0.95 in chips) 
Seat 2: lucorso ($0.81 in chips) 
Seat 3: rockysmagic94 ($1.93 in chips) 
Seat 4: vskopsko ($1.76 in chips) 
Seat 5: famedi ($1.97 in chips) 
Seat 6: Gilder985 ($2 in chips) 
Seat 7: LUKIANOV777 ($0.74 in chips) 
Seat 8: TanjeffRz ($2 in chips) 
Seat 9: Dorex2007 ($2 in chips) 
lucorso: posts small blind $0.01
rockysmagic94: posts big blind $0.02
Dorex2007: posts big blind $0.02
*** HOLE CARDS ***
Dealt to Dorex2007 [Ks 5d]
vskopsko: folds 
famedi: folds 
Gilder985: calls $0.02
LUKIANOV777: folds 
TanjeffRz: folds 
Dorex2007: checks 
alfa5466: calls $0.02
lucorso: calls $0.01
rockysmagic94: checks 
*** FLOP *** [Kh 4h 6c]
lucorso: checks 
rockysmagic94: checks 
Gilder985: checks 
Dorex2007: bets $0.07
alfa5466: folds 
lucorso: folds 
rockysmagic94: folds 
Gilder985: folds 
Uncalled bet ($0.07) returned to Dorex2007
Dorex2007 collected $0.10 from pot
Dorex2007: doesn't show hand 
*** SUMMARY ***
Total pot $0.10 | Rake $0 
Board [Kh 4h 6c]
Seat 1: alfa5466 (button) folded on the Flop
Seat 2: lucorso (small blind) folded on the Flop
Seat 3: rockysmagic94 (big blind) folded on the Flop
Seat 4: vskopsko folded before Flop (didn't bet)
Seat 5: famedi folded before Flop (didn't bet)
Seat 6: Gilder985 folded on the Flop
Seat 7: LUKIANOV777 folded before Flop (didn't bet)
Seat 8: TanjeffRz folded before Flop (didn't bet)
Seat 9: Dorex2007 collected ($0.10)



PokerStars Hand #233870404203:  Hold'em No Limit ($0.01/$0.02 USD) - 2022/02/07 13:31:08 PT [2022/02/07 16:31:08 ET]
Table 'Kollaa III' 9-max Seat #2 is the button
Seat 1: alfa5466 ($0.93 in chips) 
Seat 2: lucorso ($0.79 in chips) 
Seat 3: rockysmagic94 ($1.91 in chips) 
Seat 4: vskopsko ($1.76 in chips) 
Seat 5: famedi ($1.97 in chips) 
Seat 6: Gilder985 ($1.98 in chips) 
Seat 7: LUKIANOV777 ($0.74 in chips) 
Seat 8: TanjeffRz ($2 in chips) 
Seat 9: Dorex2007 ($2.08 in chips) 
rockysmagic94: posts small blind $0.01
vskopsko: posts big blind $0.02
*** HOLE CARDS ***
Dealt to Dorex2007 [2d 3s]
famedi: folds 
Gilder985: folds 
LUKIANOV777: folds 
TanjeffRz: folds 
Dorex2007: folds 
alfa5466: raises $0.04 to $0.06
lucorso: folds 
rockysmagic94: calls $0.05
vskopsko: folds 
*** FLOP *** [Jh 5h Qd]
rockysmagic94: checks 
alfa5466: bets $0.14
rockysmagic94: calls $0.14
*** TURN *** [Jh 5h Qd] [9h]
rockysmagic94: checks 
alfa5466: bets $0.21
rockysmagic94: calls $0.21
*** RIVER *** [Jh 5h Qd 9h] [4d]
rockysmagic94: checks 
alfa5466: checks 
*** SHOW DOWN ***
rockysmagic94: shows [4c 4h] (three of a kind, Fours)
alfa5466: mucks hand 
rockysmagic94 collected $0.81 from pot
*** SUMMARY ***
Total pot $0.84 | Rake $0.03 
Board [Jh 5h Qd 9h 4d]
Seat 1: alfa5466 mucked [Ac Qc]
Seat 2: lucorso (button) folded before Flop (didn't bet)
Seat 3: rockysmagic94 (small blind) showed [4c 4h] and won ($0.81) with three of a kind, Fours
Seat 4: vskopsko (big blind) folded before Flop
Seat 5: famedi folded before Flop (didn't bet)
Seat 6: Gilder985 folded before Flop (didn't bet)
Seat 7: LUKIANOV777 folded before Flop (didn't bet)
Seat 8: TanjeffRz folded before Flop (didn't bet)
Seat 9: Dorex2007 folded before Flop (didn't bet)



PokerStars Hand #233870431951:  Hold'em No Limit ($0.01/$0.02 USD) - 2022/02/07 13:31:56 PT [2022/02/07 16:31:56 ET]
Table 'Kollaa III' 9-max Seat #3 is the button
Seat 1: alfa5466 ($0.52 in chips) 
Seat 2: lucorso ($0.79 in chips) 
Seat 3: rockysmagic94 ($2.31 in chips) 
Seat 4: vskopsko ($1.74 in chips) 
Seat 5: famedi ($1.97 in chips) 
Seat 6: Gilder985 ($2 in chips) 
Seat 7: LUKIANOV777 ($0.74 in chips) 
Seat 8: TanjeffRz ($2 in chips) 
Seat 9: Dorex2007 ($2.08 in chips) 
vskopsko: posts small blind $0.01
famedi: posts big blind $0.02
*** HOLE CARDS ***
Dealt to Dorex2007 [2h Kd]
Gilder985: folds 
LUKIANOV777: folds 
TanjeffRz: folds 
Dorex2007: folds 
alfa5466: folds 
lucorso: folds 
rockysmagic94: calls $0.02
vskopsko: calls $0.01
famedi: checks 
*** FLOP *** [5h 4h 6h]
vskopsko: checks 
famedi: checks 
rockysmagic94: bets $0.06
vskopsko: folds 
famedi: folds 
Uncalled bet ($0.06) returned to rockysmagic94
rockysmagic94 collected $0.06 from pot
rockysmagic94: doesn't show hand 
*** SUMMARY ***
Total pot $0.06 | Rake $0 
Board [5h 4h 6h]
Seat 1: alfa5466 folded before Flop (didn't bet)
Seat 2: lucorso folded before Flop (didn't bet)
Seat 3: rockysmagic94 (button) collected ($0.06)
Seat 4: vskopsko (small blind) folded on the Flop
Seat 5: famedi (big blind) folded on the Flop
Seat 6: Gilder985 folded before Flop (didn't bet)
Seat 7: LUKIANOV777 folded before Flop (didn't bet)
Seat 8: TanjeffRz folded before Flop (didn't bet)
Seat 9: Dorex2007 folded before Flop (didn't bet)



PokerStars Hand #233870461633:  Hold'em No Limit ($0.01/$0.02 USD) - 2022/02/07 13:32:47 PT [2022/02/07 16:32:47 ET]
Table 'Kollaa III' 9-max Seat #4 is the button
Seat 1: alfa5466 ($0.52 in chips) 
Seat 2: lucorso ($0.79 in chips) 
Seat 3: rockysmagic94 ($2.35 in chips) 
Seat 4: vskopsko ($1.72 in chips) 
Seat 5: famedi ($1.95 in chips) 
Seat 6: Gilder985 ($2 in chips) 
Seat 7: LUKIANOV777 ($0.74 in chips) 
Seat 8: TanjeffRz ($2 in chips) 
Seat 9: Dorex2007 ($2.08 in chips) 
famedi: posts small blind $0.01
Gilder985: posts big blind $0.02
*** HOLE CARDS ***
Dealt to Dorex2007 [Jd 5d]
LUKIANOV777: folds 
TanjeffRz: folds 
Dorex2007: folds 
alfa5466: raises $0.04 to $0.06
lucorso: folds 
rockysmagic94: calls $0.06
vskopsko: folds 
famedi: folds 
Gilder985: folds 
*** FLOP *** [5c Jh Ad]
alfa5466: bets $0.07
rockysmagic94: folds 
Uncalled bet ($0.07) returned to alfa5466
alfa5466 collected $0.14 from pot
alfa5466: doesn't show hand 
*** SUMMARY ***
Total pot $0.15 | Rake $0.01 
Board [5c Jh Ad]
Seat 1: alfa5466 collected ($0.14)
Seat 2: lucorso folded before Flop (didn't bet)
Seat 3: rockysmagic94 folded on the Flop
Seat 4: vskopsko (button) folded before Flop (didn't bet)
Seat 5: famedi (small blind) folded before Flop
Seat 6: Gilder985 (big blind) folded before Flop
Seat 7: LUKIANOV777 folded before Flop (didn't bet)
Seat 8: TanjeffRz folded before Flop (didn't bet)
Seat 9: Dorex2007 folded before Flop (didn't bet)



PokerStars Hand #233870481338:  Hold'em No Limit ($0.01/$0.02 USD) - 2022/02/07 13:33:21 PT [2022/02/07 16:33:21 ET]
Table 'Kollaa III' 9-max Seat #5 is the button
Seat 1: alfa5466 ($0.60 in chips) 
Seat 2: lucorso ($0.79 in chips) 
Seat 3: rockysmagic94 ($2.29 in chips) 
Seat 4: vskopsko ($1.72 in chips) 
Seat 5: famedi ($1.94 in chips) 
Seat 6: Gilder985 ($2 in chips) 
Seat 7: LUKIANOV777 ($0.74 in chips) 
Seat 8: TanjeffRz ($2 in chips) 
Seat 9: Dorex2007 ($2.08 in chips) 
Gilder985: posts small blind $0.01
LUKIANOV777: posts big blind $0.02
*** HOLE CARDS ***
Dealt to Dorex2007 [9c 9d]
TanjeffRz: folds 
Dorex2007: raises $0.04 to $0.06
alfa5466: folds 
lucorso: folds 
rockysmagic94: calls $0.06
vskopsko: folds 
famedi: folds 
Gilder985: folds 
LUKIANOV777: folds 
*** FLOP *** [Kd 4c Kc]
Dorex2007: bets $0.14
rockysmagic94: folds 
Uncalled bet ($0.14) returned to Dorex2007
Dorex2007 collected $0.14 from pot
Dorex2007: doesn't show hand 
*** SUMMARY ***
Total pot $0.15 | Rake $0.01 
Board [Kd 4c Kc]
Seat 1: alfa5466 folded before Flop (didn't bet)
Seat 2: lucorso folded before Flop (didn't bet)
Seat 3: rockysmagic94 folded on the Flop
Seat 4: vskopsko folded before Flop (didn't bet)
Seat 5: famedi (button) folded before Flop (didn't bet)
Seat 6: Gilder985 (small blind) folded before Flop
Seat 7: LUKIANOV777 (big blind) folded before Flop
Seat 8: TanjeffRz folded before Flop (didn't bet)
Seat 9: Dorex2007 collected ($0.14)



PokerStars Hand #233870501145:  Hold'em No Limit ($0.01/$0.02 USD) - 2022/02/07 13:33:56 PT [2022/02/07 16:33:56 ET]
Table 'Kollaa III' 9-max Seat #6 is the button
Seat 1: alfa5466 ($0.60 in chips) 
Seat 2: lucorso ($0.79 in chips) 
Seat 3: rockysmagic94 ($2.23 in chips) 
Seat 4: vskopsko ($1.72 in chips) 
Seat 5: famedi ($1.94 in chips) 
Seat 6: Gilder985 ($2 in chips) 
Seat 7: LUKIANOV777 ($0.72 in chips) 
Seat 8: TanjeffRz ($2 in chips) 
Seat 9: Dorex2007 ($2.16 in chips) 
LUKIANOV777: posts small blind $0.01
TanjeffRz: posts big blind $0.02
*** HOLE CARDS ***
Dealt to Dorex2007 [Qs Ks]
Dorex2007: raises $0.04 to $0.06
alfa5466: folds 
lucorso: folds 
rockysmagic94: folds 
vskopsko: folds 
famedi: folds 
Gilder985: folds 
LUKIANOV777: folds 
TanjeffRz: folds 
Uncalled bet ($0.04) returned to Dorex2007
Dorex2007 collected $0.05 from pot
Dorex2007: doesn't show hand 
*** SUMMARY ***
Total pot $0.05 | Rake $0 
Seat 1: alfa5466 folded before Flop (didn't bet)
Seat 2: lucorso folded before Flop (didn't bet)
Seat 3: rockysmagic94 folded before Flop (didn't bet)
Seat 4: vskopsko folded before Flop (didn't bet)
Seat 5: famedi folded before Flop (didn't bet)
Seat 6: Gilder985 (button) folded before Flop (didn't bet)
Seat 7: LUKIANOV777 (small blind) folded before Flop
Seat 8: TanjeffRz (big blind) folded before Flop
Seat 9: Dorex2007 collected ($0.05)



PokerStars Hand #233870514977:  Hold'em No Limit ($0.01/$0.02 USD) - 2022/02/07 13:34:20 PT [2022/02/07 16:34:20 ET]
Table 'Kollaa III' 9-max Seat #7 is the button
Seat 1: alfa5466 ($0.60 in chips) 
Seat 2: lucorso ($0.79 in chips) 
Seat 3: rockysmagic94 ($2.23 in chips) 
Seat 4: vskopsko ($1.72 in chips) 
Seat 5: famedi ($1.94 in chips) 
Seat 6: Gilder985 ($2 in chips) 
Seat 7: LUKIANOV777 ($0.71 in chips) 
Seat 8: TanjeffRz ($2 in chips) 
Seat 9: Dorex2007 ($2.19 in chips) 
TanjeffRz: posts small blind $0.01
Dorex2007: posts big blind $0.02
*** HOLE CARDS ***
Dealt to Dorex2007 [4d 3s]
alfa5466 has timed out
alfa5466: folds 
lucorso: folds 
rockysmagic94: calls $0.02
vskopsko: folds 
famedi: folds 
Gilder985: folds 
LUKIANOV777: folds 
TanjeffRz: folds 
Dorex2007: checks 
*** FLOP *** [9s Ad 8c]
Dorex2007: checks 
rockysmagic94: checks 
*** TURN *** [9s Ad 8c] [5s]
Dorex2007: checks 
rockysmagic94: bets $0.02
Dorex2007: folds 
Uncalled bet ($0.02) returned to rockysmagic94
rockysmagic94 collected $0.05 from pot
rockysmagic94: doesn't show hand 
*** SUMMARY ***
Total pot $0.05 | Rake $0 
Board [9s Ad 8c 5s]
Seat 1: alfa5466 folded before Flop (didn't bet)
Seat 2: lucorso folded before Flop (didn't bet)
Seat 3: rockysmagic94 collected ($0.05)
Seat 4: vskopsko folded before Flop (didn't bet)
Seat 5: famedi folded before Flop (didn't bet)
Seat 6: Gilder985 folded before Flop (didn't bet)
Seat 7: LUKIANOV777 (button) folded before Flop (didn't bet)
Seat 8: TanjeffRz (small blind) folded before Flop
Seat 9: Dorex2007 (big blind) folded on the Turn



PokerStars Hand #233870544036:  Hold'em No Limit ($0.01/$0.02 USD) - 2022/02/07 13:35:10 PT [2022/02/07 16:35:10 ET]
Table 'Kollaa III' 9-max Seat #8 is the button
Seat 1: alfa5466 ($0.60 in chips) 
Seat 2: lucorso ($0.79 in chips) 
Seat 3: rockysmagic94 ($2.26 in chips) 
Seat 4: vskopsko ($1.72 in chips) 
Seat 5: famedi ($1.94 in chips) 
Seat 6: Gilder985 ($2 in chips) 
Seat 7: LUKIANOV777 ($0.71 in chips) 
Seat 8: TanjeffRz ($2 in chips) 
Seat 9: Dorex2007 ($2.17 in chips) 
Dorex2007: posts small blind $0.01
alfa5466: posts big blind $0.02
*** HOLE CARDS ***
Dealt to Dorex2007 [7c 2c]
lucorso: calls $0.02
rockysmagic94: folds 
vskopsko: folds 
famedi: folds 
Gilder985: folds 
LUKIANOV777: folds 
TanjeffRz: folds 
Dorex2007: folds 
alfa5466: checks 
*** FLOP *** [Kh Qh 4h]
alfa5466: checks 
lucorso: bets $0.02
alfa5466: folds 
Uncalled bet ($0.02) returned to lucorso
lucorso collected $0.05 from pot
lucorso: doesn't show hand 
*** SUMMARY ***
Total pot $0.05 | Rake $0 
Board [Kh Qh 4h]
Seat 1: alfa5466 (big blind) folded on the Flop
Seat 2: lucorso collected ($0.05)
Seat 3: rockysmagic94 folded before Flop (didn't bet)
Seat 4: vskopsko folded before Flop (didn't bet)
Seat 5: famedi folded before Flop (didn't bet)
Seat 6: Gilder985 folded before Flop (didn't bet)
Seat 7: LUKIANOV777 folded before Flop (didn't bet)
Seat 8: TanjeffRz (button) folded before Flop (didn't bet)
Seat 9: Dorex2007 (small blind) folded before Flop



PokerStars Hand #233870563758:  Hold'em No Limit ($0.01/$0.02 USD) - 2022/02/07 13:35:45 PT [2022/02/07 16:35:45 ET]
Table 'Kollaa III' 9-max Seat #9 is the button
Seat 1: alfa5466 ($0.58 in chips) 
Seat 2: lucorso ($0.82 in chips) 
Seat 3: rockysmagic94 ($2.26 in chips) 
Seat 4: vskopsko ($1.72 in chips) 
Seat 5: famedi ($1.94 in chips) 
Seat 6: Gilder985 ($2 in chips) 
Seat 7: LUKIANOV777 ($0.71 in chips) 
Seat 8: TanjeffRz ($2 in chips) 
Seat 9: Dorex2007 ($2.16 in chips) 
alfa5466: posts small blind $0.01
lucorso: posts big blind $0.02
*** HOLE CARDS ***
Dealt to Dorex2007 [6h Qs]
rockysmagic94: folds 
vskopsko: folds 
famedi: folds 
Gilder985: folds 
LUKIANOV777: folds 
TanjeffRz: raises $0.04 to $0.06
Dorex2007: folds 
vskopsko leaves the table
alfa5466: folds 
lucorso: calls $0.04
*** FLOP *** [Ac 8h 7h]
lucorso: checks 
TanjeffRz: bets $0.08
lucorso: folds 
Uncalled bet ($0.08) returned to TanjeffRz
TanjeffRz collected $0.13 from pot
TanjeffRz: doesn't show hand 
*** SUMMARY ***
Total pot $0.13 | Rake $0 
Board [Ac 8h 7h]
Seat 1: alfa5466 (small blind) folded before Flop
Seat 2: lucorso (big blind) folded on the Flop
Seat 3: rockysmagic94 folded before Flop (didn't bet)
Seat 4: vskopsko folded before Flop (didn't bet)
Seat 5: famedi folded before Flop (didn't bet)
Seat 6: Gilder985 folded before Flop (didn't bet)
Seat 7: LUKIANOV777 folded before Flop (didn't bet)
Seat 8: TanjeffRz collected ($0.13)
Seat 9: Dorex2007 (button) folded before Flop (didn't bet)



PokerStars Hand #233870586281:  Hold'em No Limit ($0.01/$0.02 USD) - 2022/02/07 13:36:24 PT [2022/02/07 16:36:24 ET]
Table 'Kollaa III' 9-max Seat #1 is the button
Seat 1: alfa5466 ($0.57 in chips) 
Seat 2: lucorso ($0.76 in chips) 
Seat 3: rockysmagic94 ($2.26 in chips) 
Seat 5: famedi ($1.94 in chips) 
Seat 6: Gilder985 ($2 in chips) 
Seat 7: LUKIANOV777 ($0.71 in chips) 
Seat 8: TanjeffRz ($2.07 in chips) 
Seat 9: Dorex2007 ($2.16 in chips) 
lucorso: posts small blind $0.01
DanRussel joins the table at seat #4 
rockysmagic94: posts big blind $0.02
*** HOLE CARDS ***
Dealt to Dorex2007 [Qd 7c]
famedi: folds 
Gilder985: folds 
LUKIANOV777: folds 
TanjeffRz: folds 
Dorex2007: folds 
alfa5466: calls $0.02
lucorso: folds 
rockysmagic94: raises $0.05 to $0.07
alfa5466: folds 
Uncalled bet ($0.05) returned to rockysmagic94
rockysmagic94 collected $0.05 from pot
rockysmagic94: doesn't show hand 
*** SUMMARY ***
Total pot $0.05 | Rake $0 
Seat 1: alfa5466 (button) folded before Flop
Seat 2: lucorso (small blind) folded before Flop
Seat 3: rockysmagic94 (big blind) collected ($0.05)
Seat 5: famedi folded before Flop (didn't bet)
Seat 6: Gilder985 folded before Flop (didn't bet)
Seat 7: LUKIANOV777 folded before Flop (didn't bet)
Seat 8: TanjeffRz folded before Flop (didn't bet)
Seat 9: Dorex2007 folded before Flop (didn't bet)



PokerStars Hand #233870606843:  Hold'em No Limit ($0.01/$0.02 USD) - 2022/02/07 13:36:59 PT [2022/02/07 16:36:59 ET]
Table 'Kollaa III' 9-max Seat #2 is the button
Seat 1: alfa5466 ($0.55 in chips) 
Seat 2: lucorso ($0.75 in chips) 
Seat 3: rockysmagic94 ($2.29 in chips) 
Seat 4: DanRussel ($2 in chips) 
Seat 5: famedi ($1.94 in chips) 
Seat 6: Gilder985 ($2 in chips) 
Seat 7: LUKIANOV777 ($0.71 in chips) 
Seat 8: TanjeffRz ($2.07 in chips) 
Seat 9: Dorex2007 ($2.16 in chips) 
rockysmagic94: posts small blind $0.01
DanRussel: posts big blind $0.02
*** HOLE CARDS ***
Dealt to Dorex2007 [8s Tc]
famedi: folds 
Gilder985: raises $0.05 to $0.07
LUKIANOV777: folds 
TanjeffRz: folds 
Dorex2007: folds 
alfa5466: folds 
lucorso: folds 
rockysmagic94: folds 
DanRussel: calls $0.05
*** FLOP *** [Jc 9s Qs]
DanRussel: checks 
Gilder985: bets $0.14
DanRussel: folds 
Uncalled bet ($0.14) returned to Gilder985
Gilder985 collected $0.14 from pot
Gilder985: doesn't show hand 
*** SUMMARY ***
Total pot $0.15 | Rake $0.01 
Board [Jc 9s Qs]
Seat 1: alfa5466 folded before Flop (didn't bet)
Seat 2: lucorso (button) folded before Flop (didn't bet)
Seat 3: rockysmagic94 (small blind) folded before Flop
Seat 4: DanRussel (big blind) folded on the Flop
Seat 5: famedi folded before Flop (didn't bet)
Seat 6: Gilder985 collected ($0.14)
Seat 7: LUKIANOV777 folded before Flop (didn't bet)
Seat 8: TanjeffRz folded before Flop (didn't bet)
Seat 9: Dorex2007 folded before Flop (didn't bet)



PokerStars Hand #233870637529:  Hold'em No Limit ($0.01/$0.02 USD) - 2022/02/07 13:37:53 PT [2022/02/07 16:37:53 ET]
Table 'Kollaa III' 9-max Seat #3 is the button
Seat 1: alfa5466 ($0.55 in chips) 
Seat 2: lucorso ($0.75 in chips) 
Seat 3: rockysmagic94 ($2.28 in chips) 
Seat 4: DanRussel ($1.93 in chips) 
Seat 5: famedi ($1.94 in chips) 
Seat 6: Gilder985 ($2.07 in chips) 
Seat 7: LUKIANOV777 ($0.71 in chips) 
Seat 8: TanjeffRz ($2.07 in chips) 
Seat 9: Dorex2007 ($2.16 in chips) 
DanRussel: posts small blind $0.01
famedi: posts big blind $0.02
*** HOLE CARDS ***
Dealt to Dorex2007 [8s 5s]
Gilder985: folds 
LUKIANOV777: folds 
TanjeffRz: folds 
Dorex2007: folds 
alfa5466: calls $0.02
lucorso: folds 
rockysmagic94: folds 
DanRussel: folds 
lucorso leaves the table
famedi: checks 
*** FLOP *** [6s Qs 3s]
famedi: checks 
alfa5466: checks 
*** TURN *** [6s Qs 3s] [Ts]
Blackdeath699 joins the table at seat #2 
famedi: checks 
alfa5466: checks 
*** RIVER *** [6s Qs 3s Ts] [Th]
famedi: checks 
alfa5466: checks 
*** SHOW DOWN ***
famedi: shows [4h Ac] (a pair of Tens)
alfa5466: mucks hand 
famedi collected $0.05 from pot
*** SUMMARY ***
Total pot $0.05 | Rake $0 
Board [6s Qs 3s Ts Th]
Seat 1: alfa5466 mucked [2d Kd]
Seat 2: lucorso folded before Flop (didn't bet)
Seat 3: rockysmagic94 (button) folded before Flop (didn't bet)
Seat 4: DanRussel (small blind) folded before Flop
Seat 5: famedi (big blind) showed [4h Ac] and won ($0.05) with a pair of Tens
Seat 6: Gilder985 folded before Flop (didn't bet)
Seat 7: LUKIANOV777 folded before Flop (didn't bet)
Seat 8: TanjeffRz folded before Flop (didn't bet)
Seat 9: Dorex2007 folded before Flop (didn't bet)



PokerStars Hand #233870669514:  Hold'em No Limit ($0.01/$0.02 USD) - 2022/02/07 13:38:49 PT [2022/02/07 16:38:49 ET]
Table 'Kollaa III' 9-max Seat #4 is the button
Seat 1: alfa5466 ($0.53 in chips) 
Seat 3: rockysmagic94 ($2.28 in chips) 
Seat 4: DanRussel ($1.92 in chips) 
Seat 5: famedi ($1.97 in chips) 
Seat 6: Gilder985 ($2.07 in chips) 
Seat 7: LUKIANOV777 ($0.71 in chips) 
Seat 8: TanjeffRz ($2.07 in chips) 
Seat 9: Dorex2007 ($2.16 in chips) 
famedi: posts small blind $0.01
Gilder985: posts big blind $0.02
Blackdeath699: sits out 
*** HOLE CARDS ***
Dealt to Dorex2007 [Tc 7d]
LUKIANOV777: raises $0.02 to $0.04
TanjeffRz: folds 
Dorex2007: folds 
alfa5466: folds 
rockysmagic94: folds 
DanRussel: folds 
famedi: folds 
Gilder985: folds 
Uncalled bet ($0.02) returned to LUKIANOV777
LUKIANOV777 collected $0.05 from pot
*** SUMMARY ***
Total pot $0.05 | Rake $0 
Seat 1: alfa5466 folded before Flop (didn't bet)
Seat 3: rockysmagic94 folded before Flop (didn't bet)
Seat 4: DanRussel (button) folded before Flop (didn't bet)
Seat 5: famedi (small blind) folded before Flop
Seat 6: Gilder985 (big blind) folded before Flop
Seat 7: LUKIANOV777 collected ($0.05)
Seat 8: TanjeffRz folded before Flop (didn't bet)
Seat 9: Dorex2007 folded before Flop (didn't bet)



PokerStars Hand #233870683495:  Hold'em No Limit ($0.01/$0.02 USD) - 2022/02/07 13:39:13 PT [2022/02/07 16:39:13 ET]
Table 'Kollaa III' 9-max Seat #5 is the button
Seat 1: alfa5466 ($0.53 in chips) 
Seat 2: Blackdeath699 ($2 in chips) 
Seat 3: rockysmagic94 ($2.28 in chips) 
Seat 4: DanRussel ($1.92 in chips) 
Seat 5: famedi ($1.96 in chips) 
Seat 6: Gilder985 ($2.05 in chips) 
Seat 8: TanjeffRz ($2.07 in chips) 
Seat 9: Dorex2007 ($2.16 in chips) 
Gilder985: posts small blind $0.01
LUKIANOV777: is sitting out 
TanjeffRz: posts big blind $0.02
Blackdeath699: posts big blind $0.02
*** HOLE CARDS ***
Dealt to Dorex2007 [3c Ac]
Dorex2007: folds 
alfa5466: folds 
Blackdeath699: checks 
rockysmagic94: calls $0.02
LUKIANOV777 leaves the table
DanRussel: raises $0.08 to $0.10
famedi: folds 
Gilder985: folds 
TanjeffRz: folds 
Blackdeath699: calls $0.08
rockysmagic94: calls $0.08
*** FLOP *** [Ad Kc Th]
natckos joins the table at seat #7 
Blackdeath699: checks 
rockysmagic94: checks 
DanRussel: bets $0.23
Blackdeath699: folds 
rockysmagic94: folds 
Uncalled bet ($0.23) returned to DanRussel
DanRussel collected $0.32 from pot
DanRussel: doesn't show hand 
*** SUMMARY ***
Total pot $0.33 | Rake $0.01 
Board [Ad Kc Th]
Seat 1: alfa5466 folded before Flop (didn't bet)
Seat 2: Blackdeath699 folded on the Flop
Seat 3: rockysmagic94 folded on the Flop
Seat 4: DanRussel collected ($0.32)
Seat 5: famedi (button) folded before Flop (didn't bet)
Seat 6: Gilder985 (small blind) folded before Flop
Seat 8: TanjeffRz (big blind) folded before Flop
Seat 9: Dorex2007 folded before Flop (didn't bet)



PokerStars Hand #233870717461:  Hold'em No Limit ($0.01/$0.02 USD) - 2022/02/07 13:40:13 PT [2022/02/07 16:40:13 ET]
Table 'Kollaa III' 9-max Seat #6 is the button
Seat 1: alfa5466 ($0.53 in chips) 
Seat 2: Blackdeath699 ($1.90 in chips) 
Seat 3: rockysmagic94 ($2.18 in chips) 
Seat 4: DanRussel ($2.14 in chips) 
Seat 5: famedi ($1.96 in chips) 
Seat 6: Gilder985 ($2.04 in chips) 
Seat 8: TanjeffRz ($2.05 in chips) 
Seat 9: Dorex2007 ($2.16 in chips) 
TanjeffRz: posts small blind $0.01
Dorex2007: posts big blind $0.02
*** HOLE CARDS ***
Dealt to Dorex2007 [Td Kd]
alfa5466: calls $0.02
Blackdeath699: folds 
rockysmagic94: folds 
DanRussel: raises $0.06 to $0.08
famedi: folds 
Gilder985: folds 
TanjeffRz: folds 
Dorex2007: calls $0.06
alfa5466: calls $0.06
*** FLOP *** [Jd 2d 5d]
Dorex2007: checks 
alfa5466: checks 
DanRussel: bets $0.08
Dorex2007: raises $0.10 to $0.18
alfa5466: folds 
DanRussel: calls $0.10
*** TURN *** [Jd 2d 5d] [8s]
Dorex2007: bets $0.70
DanRussel: folds 
Uncalled bet ($0.70) returned to Dorex2007
Dorex2007 collected $0.59 from pot
Dorex2007: doesn't show hand 
*** SUMMARY ***
Total pot $0.61 | Rake $0.02 
Board [Jd 2d 5d 8s]
Seat 1: alfa5466 folded on the Flop
Seat 2: Blackdeath699 folded before Flop (didn't bet)
Seat 3: rockysmagic94 folded before Flop (didn't bet)
Seat 4: DanRussel folded on the Turn
Seat 5: famedi folded before Flop (didn't bet)
Seat 6: Gilder985 (button) folded before Flop (didn't bet)
Seat 8: TanjeffRz (small blind) folded before Flop
Seat 9: Dorex2007 (big blind) collected ($0.59)



PokerStars Hand #233870777506:  Hold'em No Limit ($0.01/$0.02 USD) - 2022/02/07 13:41:58 PT [2022/02/07 16:41:58 ET]
Table 'Kollaa III' 9-max Seat #8 is the button
Seat 1: alfa5466 ($0.45 in chips) 
Seat 2: Blackdeath699 ($1.90 in chips) 
Seat 3: rockysmagic94 ($2.18 in chips) 
Seat 4: DanRussel ($1.88 in chips) 
Seat 5: famedi ($1.96 in chips) 
Seat 6: Gilder985 ($2.04 in chips) 
Seat 8: TanjeffRz ($2.04 in chips) 
Seat 9: Dorex2007 ($2.49 in chips) 
Dorex2007: posts small blind $0.01
alfa5466: posts big blind $0.02
natckos: sits out 
*** HOLE CARDS ***
Dealt to Dorex2007 [Ah 4c]
Blackdeath699: folds 
rockysmagic94: folds 
DanRussel: raises $0.03 to $0.05
famedi: folds 
Gilder985: folds 
TanjeffRz: folds 
Dorex2007: folds 
alfa5466: folds 
Uncalled bet ($0.03) returned to DanRussel
DanRussel collected $0.05 from pot
DanRussel: doesn't show hand 
*** SUMMARY ***
Total pot $0.05 | Rake $0 
Seat 1: alfa5466 (big blind) folded before Flop
Seat 2: Blackdeath699 folded before Flop (didn't bet)
Seat 3: rockysmagic94 folded before Flop (didn't bet)
Seat 4: DanRussel collected ($0.05)
Seat 5: famedi folded before Flop (didn't bet)
Seat 6: Gilder985 folded before Flop (didn't bet)
Seat 8: TanjeffRz (button) folded before Flop (didn't bet)
Seat 9: Dorex2007 (small blind) folded before Flop



PokerStars Hand #233870792628:  Hold'em No Limit ($0.01/$0.02 USD) - 2022/02/07 13:42:25 PT [2022/02/07 16:42:25 ET]
Table 'Kollaa III' 9-max Seat #9 is the button
Seat 1: alfa5466 ($0.43 in chips) 
Seat 2: Blackdeath699 ($1.90 in chips) 
Seat 3: rockysmagic94 ($2.18 in chips) 
Seat 4: DanRussel ($1.91 in chips) 
Seat 5: famedi ($1.96 in chips) 
Seat 6: Gilder985 ($2.04 in chips) 
Seat 8: TanjeffRz ($2.04 in chips) 
Seat 9: Dorex2007 ($2.48 in chips) 
alfa5466: posts small blind $0.01
Blackdeath699: posts big blind $0.02
natckos: sits out 
*** HOLE CARDS ***
Dealt to Dorex2007 [4h Ts]
rockysmagic94: calls $0.02
DanRussel: folds 
famedi: folds 
Gilder985: folds 
TanjeffRz: raises $0.06 to $0.08
Dorex2007: folds 
alfa5466: raises $0.20 to $0.28
Blackdeath699: folds 
rockysmagic94: folds 
TanjeffRz: raises $0.28 to $0.56
alfa5466: calls $0.15 and is all-in
Uncalled bet ($0.13) returned to TanjeffRz
*** FLOP *** [Ad 6s 2h]
*** TURN *** [Ad 6s 2h] [7s]
*** RIVER *** [Ad 6s 2h 7s] [7d]
*** SHOW DOWN ***
alfa5466: shows [Th Td] (two pair, Tens and Sevens)
TanjeffRz: shows [Kc Ac] (two pair, Aces and Sevens)
TanjeffRz collected $0.87 from pot
*** SUMMARY ***
Total pot $0.90 | Rake $0.03 
Board [Ad 6s 2h 7s 7d]
Seat 1: alfa5466 (small blind) showed [Th Td] and lost with two pair, Tens and Sevens
Seat 2: Blackdeath699 (big blind) folded before Flop
Seat 3: rockysmagic94 folded before Flop
Seat 4: DanRussel folded before Flop (didn't bet)
Seat 5: famedi folded before Flop (didn't bet)
Seat 6: Gilder985 folded before Flop (didn't bet)
Seat 8: TanjeffRz showed [Kc Ac] and won ($0.87) with two pair, Aces and Sevens
Seat 9: Dorex2007 (button) folded before Flop (didn't bet)



PokerStars Hand #233870827501:  Hold'em No Limit ($0.01/$0.02 USD) - 2022/02/07 13:43:28 PT [2022/02/07 16:43:28 ET]
Table 'Kollaa III' 9-max Seat #2 is the button
Seat 2: Blackdeath699 ($1.88 in chips) 
Seat 3: rockysmagic94 ($2.16 in chips) 
Seat 4: DanRussel ($1.91 in chips) 
Seat 5: famedi ($1.96 in chips) 
Seat 6: Gilder985 ($2.04 in chips) 
Seat 8: TanjeffRz ($2.48 in chips) 
Seat 9: Dorex2007 ($2.48 in chips) 
rockysmagic94: posts small blind $0.01
DanRussel: posts big blind $0.02
natckos: sits out 
*** HOLE CARDS ***
Dealt to Dorex2007 [Td 7c]
famedi: folds 
Gilder985: folds 
TanjeffRz: folds 
Dorex2007: folds 
Blackdeath699: raises $0.04 to $0.06
rockysmagic94: folds 
DanRussel: raises $0.12 to $0.18
Blackdeath699: raises $1.70 to $1.88 and is all-in
alfa5466 leaves the table
DanRussel: folds 
Uncalled bet ($1.70) returned to Blackdeath699
Blackdeath699 collected $0.37 from pot
Blackdeath699: doesn't show hand 
*** SUMMARY ***
Total pot $0.37 | Rake $0 
Seat 2: Blackdeath699 (button) collected ($0.37)
Seat 3: rockysmagic94 (small blind) folded before Flop
Seat 4: DanRussel (big blind) folded before Flop
Seat 5: famedi folded before Flop (didn't bet)
Seat 6: Gilder985 folded before Flop (didn't bet)
Seat 8: TanjeffRz folded before Flop (didn't bet)
Seat 9: Dorex2007 folded before Flop (didn't bet)



PokerStars Hand #233870848023:  Hold'em No Limit ($0.01/$0.02 USD) - 2022/02/07 13:44:05 PT [2022/02/07 16:44:05 ET]
Table 'Kollaa III' 9-max Seat #3 is the button
Seat 2: Blackdeath699 ($2.07 in chips) 
Seat 3: rockysmagic94 ($2.15 in chips) 
Seat 4: DanRussel ($1.73 in chips) 
Seat 5: famedi ($1.96 in chips) 
Seat 6: Gilder985 ($2.04 in chips) 
Seat 8: TanjeffRz ($2.48 in chips) 
Seat 9: Dorex2007 ($2.48 in chips) 
DanRussel: posts small blind $0.01
famedi: posts big blind $0.02
natckos: sits out 
*** HOLE CARDS ***
Dealt to Dorex2007 [3h Qh]
Gilder985: folds 
TanjeffRz: raises $0.04 to $0.06
Dorex2007: folds 
Blackdeath699: folds 
rockysmagic94: calls $0.06
DanRussel: folds 
famedi: raises $0.12 to $0.18
TanjeffRz: folds 
rockysmagic94: calls $0.12
*** FLOP *** [Ac 7d 3d]
famedi: bets $0.21
rockysmagic94: calls $0.21
*** TURN *** [Ac 7d 3d] [5c]
famedi: checks 
rockysmagic94: checks 
*** RIVER *** [Ac 7d 3d 5c] [Qd]
famedi: checks 
rockysmagic94: checks 
*** SHOW DOWN ***
famedi: shows [Tc Td] (a pair of Tens)
rockysmagic94: mucks hand 
famedi collected $0.82 from pot
*** SUMMARY ***
Total pot $0.85 | Rake $0.03 
Board [Ac 7d 3d 5c Qd]
Seat 2: Blackdeath699 folded before Flop (didn't bet)
Seat 3: rockysmagic94 (button) mucked [8h 7s]
Seat 4: DanRussel (small blind) folded before Flop
Seat 5: famedi (big blind) showed [Tc Td] and won ($0.82) with a pair of Tens
Seat 6: Gilder985 folded before Flop (didn't bet)
Seat 8: TanjeffRz folded before Flop
Seat 9: Dorex2007 folded before Flop (didn't bet)



PokerStars Hand #233870883026:  Hold'em No Limit ($0.01/$0.02 USD) - 2022/02/07 13:45:07 PT [2022/02/07 16:45:07 ET]
Table 'Kollaa III' 9-max Seat #4 is the button
Seat 2: Blackdeath699 ($2.07 in chips) 
Seat 3: rockysmagic94 ($1.76 in chips) 
Seat 4: DanRussel ($1.72 in chips) 
Seat 5: famedi ($2.39 in chips) 
Seat 6: Gilder985 ($2.04 in chips) 
Seat 8: TanjeffRz ($2.42 in chips) 
Seat 9: Dorex2007 ($2.48 in chips) 
famedi: posts small blind $0.01
Gilder985: posts big blind $0.02
natckos: sits out 
*** HOLE CARDS ***
Dealt to Dorex2007 [As 9h]
TanjeffRz: calls $0.02
Dorex2007: folds 
Blackdeath699: folds 
rockysmagic94: folds 
DanRussel: raises $0.06 to $0.08
famedi: folds 
Gilder985: folds 
TanjeffRz: calls $0.06
*** FLOP *** [Ac 5d Qh]
TanjeffRz: checks 
DanRussel: bets $0.09
TanjeffRz: folds 
Uncalled bet ($0.09) returned to DanRussel
DanRussel collected $0.18 from pot
DanRussel: doesn't show hand 
*** SUMMARY ***
Total pot $0.19 | Rake $0.01 
Board [Ac 5d Qh]
Seat 2: Blackdeath699 folded before Flop (didn't bet)
Seat 3: rockysmagic94 folded before Flop (didn't bet)
Seat 4: DanRussel (button) collected ($0.18)
Seat 5: famedi (small blind) folded before Flop
Seat 6: Gilder985 (big blind) folded before Flop
Seat 8: TanjeffRz folded on the Flop
Seat 9: Dorex2007 folded before Flop (didn't bet)



