PokerStars Hand #232421706198:  Hold'em No Limit ($0.01/$0.02 USD) - 2021/12/22 0:20:41 PT [2021/12/22 3:20:41 ET]
Table 'Ismene III' 9-max Seat #4 is the button
Seat 1: Kondor767 ($0.86 in chips) 
Seat 3: vazelin789 ($1.60 in chips) 
Seat 4: bloody55hawk ($1.07 in chips) 
Seat 5: Human18011983 ($1.28 in chips) 
Seat 6: kent330330 ($2.06 in chips) 
Seat 7: Juthun85 ($3.06 in chips) 
Seat 8: Andorrior ($2.29 in chips) 
Seat 9: Dorex2007 ($2 in chips) 
Human18011983: posts small blind $0.01
kent330330: posts big blind $0.02
Dorex2007: posts big blind $0.02
sketch077: sits out 
*** HOLE CARDS ***
Dealt to Dorex2007 [4c 5h]
Juthun85: folds 
Andorrior: folds 
Dorex2007: checks 
Kondor767: raises $0.04 to $0.06
vazelin789: folds 
bloody55hawk: folds 
Human18011983: raises $0.16 to $0.22
kent330330: folds 
Dorex2007: folds 
Kondor767: raises $0.64 to $0.86 and is all-in
Human18011983: calls $0.64
*** FLOP *** [Qc 9h Ac]
*** TURN *** [Qc 9h Ac] [Jd]
*** RIVER *** [Qc 9h Ac Jd] [Td]
*** SHOW DOWN ***
Human18011983: shows [Ts Th] (three of a kind, Tens)
Kondor767: shows [As Ad] (three of a kind, Aces)
Kondor767 collected $1.70 from pot
*** SUMMARY ***
Total pot $1.76 | Rake $0.06 
Board [Qc 9h Ac Jd Td]
Seat 1: Kondor767 showed [As Ad] and won ($1.70) with three of a kind, Aces
Seat 3: vazelin789 folded before Flop (didn't bet)
Seat 4: bloody55hawk (button) folded before Flop (didn't bet)
Seat 5: Human18011983 (small blind) showed [Ts Th] and lost with three of a kind, Tens
Seat 6: kent330330 (big blind) folded before Flop
Seat 7: Juthun85 folded before Flop (didn't bet)
Seat 8: Andorrior folded before Flop (didn't bet)
Seat 9: Dorex2007 folded before Flop (didn't bet)



PokerStars Hand #232421714150:  Hold'em No Limit ($0.01/$0.02 USD) - 2021/12/22 0:21:27 PT [2021/12/22 3:21:27 ET]
Table 'Ismene III' 9-max Seat #5 is the button
Seat 1: Kondor767 ($1.70 in chips) 
Seat 3: vazelin789 ($1.60 in chips) 
Seat 4: bloody55hawk ($1.07 in chips) 
Seat 5: Human18011983 ($0.42 in chips) 
Seat 6: kent330330 ($2.04 in chips) 
Seat 7: Juthun85 ($3.06 in chips) 
Seat 8: Andorrior ($2.29 in chips) 
Seat 9: Dorex2007 ($2 in chips) 
kent330330: posts small blind $0.01
Juthun85: posts big blind $0.02
sketch077: sits out 
*** HOLE CARDS ***
Dealt to Dorex2007 [As Qh]
Andorrior: folds 
Dorex2007: raises $0.04 to $0.06
Kondor767: folds 
vazelin789: folds 
bloody55hawk: folds 
Human18011983: folds 
Human18011983 leaves the table
kent330330: folds 
Juthun85: folds 
Uncalled bet ($0.04) returned to Dorex2007
Dorex2007 collected $0.05 from pot
Dorex2007: doesn't show hand 
*** SUMMARY ***
Total pot $0.05 | Rake $0 
Seat 1: Kondor767 folded before Flop (didn't bet)
Seat 3: vazelin789 folded before Flop (didn't bet)
Seat 4: bloody55hawk folded before Flop (didn't bet)
Seat 5: Human18011983 (button) folded before Flop (didn't bet)
Seat 6: kent330330 (small blind) folded before Flop
Seat 7: Juthun85 (big blind) folded before Flop
Seat 8: Andorrior folded before Flop (didn't bet)
Seat 9: Dorex2007 collected ($0.05)



PokerStars Hand #232421716652:  Hold'em No Limit ($0.01/$0.02 USD) - 2021/12/22 0:21:44 PT [2021/12/22 3:21:44 ET]
Table 'Ismene III' 9-max Seat #6 is the button
Seat 1: Kondor767 ($1.70 in chips) 
Seat 3: vazelin789 ($1.60 in chips) 
Seat 4: bloody55hawk ($1.07 in chips) 
Seat 6: kent330330 ($2.03 in chips) 
Seat 7: Juthun85 ($3.04 in chips) 
Seat 8: Andorrior ($2.29 in chips) 
Seat 9: Dorex2007 ($2.03 in chips) 
Juthun85: posts small blind $0.01
Andorrior: posts big blind $0.02
sketch077: sits out 
*** HOLE CARDS ***
Dealt to Dorex2007 [Jd Th]
Dorex2007: folds 
Kondor767: raises $0.02 to $0.04
vazelin789: folds 
bloody55hawk: calls $0.04
kent330330: folds 
Juthun85: folds 
Andorrior: folds 
*** FLOP *** [7s 6h Td]
Kondor767: checks 
bloody55hawk: checks 
*** TURN *** [7s 6h Td] [4s]
Kondor767: bets $0.04
bloody55hawk: calls $0.04
*** RIVER *** [7s 6h Td 4s] [Qd]
Kondor767: checks 
bloody55hawk: checks 
*** SHOW DOWN ***
Kondor767: shows [3d As] (high card Ace)
bloody55hawk: shows [Js Ad] (high card Ace - Queen+Jack kicker)
bloody55hawk collected $0.18 from pot
*** SUMMARY ***
Total pot $0.19 | Rake $0.01 
Board [7s 6h Td 4s Qd]
Seat 1: Kondor767 showed [3d As] and lost with high card Ace
Seat 3: vazelin789 folded before Flop (didn't bet)
Seat 4: bloody55hawk showed [Js Ad] and won ($0.18) with high card Ace
Seat 6: kent330330 (button) folded before Flop (didn't bet)
Seat 7: Juthun85 (small blind) folded before Flop
Seat 8: Andorrior (big blind) folded before Flop
Seat 9: Dorex2007 folded before Flop (didn't bet)



PokerStars Hand #232421721666:  Hold'em No Limit ($0.01/$0.02 USD) - 2021/12/22 0:22:16 PT [2021/12/22 3:22:16 ET]
Table 'Ismene III' 9-max Seat #7 is the button
Seat 1: Kondor767 ($1.62 in chips) 
Seat 3: vazelin789 ($1.60 in chips) 
Seat 4: bloody55hawk ($1.17 in chips) 
Seat 6: kent330330 ($2.03 in chips) 
Seat 7: Juthun85 ($3.03 in chips) 
Seat 8: Andorrior ($2.27 in chips) 
Seat 9: Dorex2007 ($2.03 in chips) 
Andorrior: posts small blind $0.01
Dorex2007: posts big blind $0.02
sketch077: sits out 
*** HOLE CARDS ***
Dealt to Dorex2007 [Tc 6s]
arianagray joins the table at seat #5 
Kondor767: folds 
vazelin789: folds 
bloody55hawk: folds 
kent330330: raises $0.04 to $0.06
Juthun85: calls $0.06
Andorrior: calls $0.05
Dorex2007: folds 
*** FLOP *** [9d 8d 3s]
Andorrior: checks 
kent330330: bets $0.10
Juthun85: folds 
Andorrior: calls $0.10
*** TURN *** [9d 8d 3s] [2d]
Andorrior: checks 
kent330330: bets $0.16
Andorrior: calls $0.16
*** RIVER *** [9d 8d 3s 2d] [Qc]
Andorrior: bets $0.35
kent330330: folds 
Uncalled bet ($0.35) returned to Andorrior
Andorrior collected $0.68 from pot
*** SUMMARY ***
Total pot $0.72 | Rake $0.04 
Board [9d 8d 3s 2d Qc]
Seat 1: Kondor767 folded before Flop (didn't bet)
Seat 3: vazelin789 folded before Flop (didn't bet)
Seat 4: bloody55hawk folded before Flop (didn't bet)
Seat 6: kent330330 folded on the River
Seat 7: Juthun85 (button) folded on the Flop
Seat 8: Andorrior (small blind) collected ($0.68)
Seat 9: Dorex2007 (big blind) folded before Flop



PokerStars Hand #232421731830:  Hold'em No Limit ($0.01/$0.02 USD) - 2021/12/22 0:23:20 PT [2021/12/22 3:23:20 ET]
Table 'Ismene III' 9-max Seat #8 is the button
Seat 1: Kondor767 ($1.62 in chips) 
Seat 3: vazelin789 ($1.60 in chips) 
Seat 4: bloody55hawk ($1.17 in chips) 
Seat 5: arianagray ($0.80 in chips) 
Seat 6: kent330330 ($1.71 in chips) 
Seat 7: Juthun85 ($2.97 in chips) 
Seat 8: Andorrior ($2.63 in chips) 
Seat 9: Dorex2007 ($2.01 in chips) 
Dorex2007: posts small blind $0.01
Kondor767: posts big blind $0.02
sketch077: sits out 
arianagray: posts big blind $0.02
*** HOLE CARDS ***
Dealt to Dorex2007 [4d Ad]
vazelin789: folds 
bloody55hawk: folds 
arianagray: raises $0.06 to $0.08
kent330330: folds 
Juthun85: folds 
Andorrior: folds 
Dorex2007: calls $0.07
Kondor767: calls $0.06
*** FLOP *** [Kc Qs Qd]
Dorex2007: checks 
Kondor767: checks 
arianagray: bets $0.08
Dorex2007: folds 
Kondor767: folds 
Uncalled bet ($0.08) returned to arianagray
arianagray collected $0.23 from pot
*** SUMMARY ***
Total pot $0.24 | Rake $0.01 
Board [Kc Qs Qd]
Seat 1: Kondor767 (big blind) folded on the Flop
Seat 3: vazelin789 folded before Flop (didn't bet)
Seat 4: bloody55hawk folded before Flop (didn't bet)
Seat 5: arianagray collected ($0.23)
Seat 6: kent330330 folded before Flop (didn't bet)
Seat 7: Juthun85 folded before Flop (didn't bet)
Seat 8: Andorrior (button) folded before Flop (didn't bet)
Seat 9: Dorex2007 (small blind) folded on the Flop



PokerStars Hand #232421740231:  Hold'em No Limit ($0.01/$0.02 USD) - 2021/12/22 0:24:14 PT [2021/12/22 3:24:14 ET]
Table 'Ismene III' 9-max Seat #9 is the button
Seat 1: Kondor767 ($1.54 in chips) 
Seat 2: sketch077 ($2 in chips) 
Seat 3: vazelin789 ($1.60 in chips) 
Seat 4: bloody55hawk ($1.17 in chips) 
Seat 5: arianagray ($0.95 in chips) 
Seat 6: kent330330 ($1.71 in chips) 
Seat 7: Juthun85 ($2.97 in chips) 
Seat 8: Andorrior ($2.63 in chips) 
Seat 9: Dorex2007 ($2 in chips) 
Kondor767: posts small blind $0.01
sketch077: posts big blind $0.02
*** HOLE CARDS ***
Dealt to Dorex2007 [Ks Ts]
vazelin789: calls $0.02
bloody55hawk: raises $0.04 to $0.06
arianagray: folds 
kent330330: folds 
Juthun85: folds 
Andorrior: folds 
Dorex2007: calls $0.06
Kondor767: calls $0.05
sketch077: folds 
vazelin789: calls $0.04
*** FLOP *** [Qd 7c Jc]
Kondor767: checks 
vazelin789: checks 
bloody55hawk: bets $0.13
Dorex2007: calls $0.13
Kondor767: folds 
vazelin789: folds 
*** TURN *** [Qd 7c Jc] [Td]
bloody55hawk: checks 
Dorex2007: checks 
*** RIVER *** [Qd 7c Jc Td] [6c]
bloody55hawk: checks 
Dorex2007: bets $0.50
bloody55hawk: folds 
Uncalled bet ($0.50) returned to Dorex2007
Dorex2007 collected $0.50 from pot
Dorex2007: doesn't show hand 
*** SUMMARY ***
Total pot $0.52 | Rake $0.02 
Board [Qd 7c Jc Td 6c]
Seat 1: Kondor767 (small blind) folded on the Flop
Seat 2: sketch077 (big blind) folded before Flop
Seat 3: vazelin789 folded on the Flop
Seat 4: bloody55hawk folded on the River
Seat 5: arianagray folded before Flop (didn't bet)
Seat 6: kent330330 folded before Flop (didn't bet)
Seat 7: Juthun85 folded before Flop (didn't bet)
Seat 8: Andorrior folded before Flop (didn't bet)
Seat 9: Dorex2007 (button) collected ($0.50)



PokerStars Hand #232421751584:  Hold'em No Limit ($0.01/$0.02 USD) - 2021/12/22 0:25:27 PT [2021/12/22 3:25:27 ET]
Table 'Ismene III' 9-max Seat #1 is the button
Seat 1: Kondor767 ($1.48 in chips) 
Seat 2: sketch077 ($1.98 in chips) 
Seat 3: vazelin789 ($1.54 in chips) 
Seat 4: bloody55hawk ($0.98 in chips) 
Seat 5: arianagray ($0.95 in chips) 
Seat 6: kent330330 ($1.71 in chips) 
Seat 7: Juthun85 ($2.97 in chips) 
Seat 8: Andorrior ($2.63 in chips) 
Seat 9: Dorex2007 ($2.31 in chips) 
sketch077: posts small blind $0.01
vazelin789: posts big blind $0.02
*** HOLE CARDS ***
Dealt to Dorex2007 [3c 8c]
bloody55hawk: folds 
arianagray: folds 
kent330330: folds 
Juthun85: folds 
Andorrior: folds 
Dorex2007: folds 
Kondor767: raises $0.04 to $0.06
sketch077: folds 
vazelin789: folds 
Uncalled bet ($0.04) returned to Kondor767
Kondor767 collected $0.05 from pot
Kondor767: doesn't show hand 
*** SUMMARY ***
Total pot $0.05 | Rake $0 
Seat 1: Kondor767 (button) collected ($0.05)
Seat 2: sketch077 (small blind) folded before Flop
Seat 3: vazelin789 (big blind) folded before Flop
Seat 4: bloody55hawk folded before Flop (didn't bet)
Seat 5: arianagray folded before Flop (didn't bet)
Seat 6: kent330330 folded before Flop (didn't bet)
Seat 7: Juthun85 folded before Flop (didn't bet)
Seat 8: Andorrior folded before Flop (didn't bet)
Seat 9: Dorex2007 folded before Flop (didn't bet)



PokerStars Hand #232421755425:  Hold'em No Limit ($0.01/$0.02 USD) - 2021/12/22 0:25:51 PT [2021/12/22 3:25:51 ET]
Table 'Ismene III' 9-max Seat #2 is the button
Seat 1: Kondor767 ($1.51 in chips) 
Seat 2: sketch077 ($1.97 in chips) 
Seat 3: vazelin789 ($1.52 in chips) 
Seat 4: bloody55hawk ($0.98 in chips) 
Seat 5: arianagray ($0.95 in chips) 
Seat 6: kent330330 ($1.71 in chips) 
Seat 7: Juthun85 ($2.97 in chips) 
Seat 8: Andorrior ($2.63 in chips) 
Seat 9: Dorex2007 ($2.31 in chips) 
vazelin789: posts small blind $0.01
bloody55hawk: posts big blind $0.02
*** HOLE CARDS ***
Dealt to Dorex2007 [7c 6c]
arianagray: folds 
kent330330: folds 
Juthun85: folds 
Andorrior: folds 
Dorex2007: folds 
Kondor767: folds 
sketch077: folds 
vazelin789: calls $0.01
bloody55hawk: checks 
*** FLOP *** [Jd 3c Kd]
vazelin789: checks 
bloody55hawk: checks 
*** TURN *** [Jd 3c Kd] [Qs]
vazelin789: checks 
bloody55hawk: bets $0.04
vazelin789: calls $0.04
*** RIVER *** [Jd 3c Kd Qs] [8d]
vazelin789: checks 
bloody55hawk: checks 
*** SHOW DOWN ***
vazelin789: shows [6s Ac] (high card Ace)
bloody55hawk: mucks hand 
vazelin789 collected $0.12 from pot
*** SUMMARY ***
Total pot $0.12 | Rake $0 
Board [Jd 3c Kd Qs 8d]
Seat 1: Kondor767 folded before Flop (didn't bet)
Seat 2: sketch077 (button) folded before Flop (didn't bet)
Seat 3: vazelin789 (small blind) showed [6s Ac] and won ($0.12) with high card Ace
Seat 4: bloody55hawk (big blind) mucked [Ts 7d]
Seat 5: arianagray folded before Flop (didn't bet)
Seat 6: kent330330 folded before Flop (didn't bet)
Seat 7: Juthun85 folded before Flop (didn't bet)
Seat 8: Andorrior folded before Flop (didn't bet)
Seat 9: Dorex2007 folded before Flop (didn't bet)



PokerStars Hand #232421760994:  Hold'em No Limit ($0.01/$0.02 USD) - 2021/12/22 0:26:26 PT [2021/12/22 3:26:26 ET]
Table 'Ismene III' 9-max Seat #3 is the button
Seat 1: Kondor767 ($1.51 in chips) 
Seat 2: sketch077 ($1.97 in chips) 
Seat 3: vazelin789 ($1.58 in chips) 
Seat 4: bloody55hawk ($0.92 in chips) 
Seat 5: arianagray ($0.95 in chips) 
Seat 6: kent330330 ($1.71 in chips) 
Seat 7: Juthun85 ($2.97 in chips) 
Seat 8: Andorrior ($2.63 in chips) 
Seat 9: Dorex2007 ($2.31 in chips) 
bloody55hawk: posts small blind $0.01
arianagray: posts big blind $0.02
*** HOLE CARDS ***
Dealt to Dorex2007 [7h Ks]
kent330330: folds 
Juthun85: folds 
Andorrior: folds 
Dorex2007: folds 
Kondor767: raises $0.02 to $0.04
sketch077: folds 
vazelin789: folds 
bloody55hawk: calls $0.03
arianagray: raises $0.06 to $0.10
Kondor767: folds 
kent330330 leaves the table
bloody55hawk: folds 
Uncalled bet ($0.06) returned to arianagray
arianagray collected $0.12 from pot
*** SUMMARY ***
Total pot $0.12 | Rake $0 
Seat 1: Kondor767 folded before Flop
Seat 2: sketch077 folded before Flop (didn't bet)
Seat 3: vazelin789 (button) folded before Flop (didn't bet)
Seat 4: bloody55hawk (small blind) folded before Flop
Seat 5: arianagray (big blind) collected ($0.12)
Seat 6: kent330330 folded before Flop (didn't bet)
Seat 7: Juthun85 folded before Flop (didn't bet)
Seat 8: Andorrior folded before Flop (didn't bet)
Seat 9: Dorex2007 folded before Flop (didn't bet)



PokerStars Hand #232421764641:  Hold'em No Limit ($0.01/$0.02 USD) - 2021/12/22 0:26:50 PT [2021/12/22 3:26:50 ET]
Table 'Ismene III' 9-max Seat #4 is the button
Seat 1: Kondor767 ($1.47 in chips) 
Seat 2: sketch077 ($1.97 in chips) 
Seat 3: vazelin789 ($1.58 in chips) 
Seat 4: bloody55hawk ($0.88 in chips) 
Seat 5: arianagray ($1.03 in chips) 
Seat 7: Juthun85 ($2.97 in chips) 
Seat 8: Andorrior ($2.63 in chips) 
Seat 9: Dorex2007 ($2.31 in chips) 
arianagray: posts small blind $0.01
Juthun85: posts big blind $0.02
*** HOLE CARDS ***
Dealt to Dorex2007 [Ks 9s]
Andorrior: folds 
Dorex2007: folds 
Kondor767: raises $0.04 to $0.06
sketch077: folds 
vazelin789: folds 
bloody55hawk: folds 
arianagray: folds 
Juthun85: calls $0.04
*** FLOP *** [9h 3c 4d]
Juthun85: checks 
Kondor767: bets $0.06
Juthun85: calls $0.06
*** TURN *** [9h 3c 4d] [5d]
Juthun85: checks 
Kondor767: bets $0.12
Juthun85: folds 
Uncalled bet ($0.12) returned to Kondor767
Kondor767 collected $0.24 from pot
Kondor767: doesn't show hand 
*** SUMMARY ***
Total pot $0.25 | Rake $0.01 
Board [9h 3c 4d 5d]
Seat 1: Kondor767 collected ($0.24)
Seat 2: sketch077 folded before Flop (didn't bet)
Seat 3: vazelin789 folded before Flop (didn't bet)
Seat 4: bloody55hawk (button) folded before Flop (didn't bet)
Seat 5: arianagray (small blind) folded before Flop
Seat 7: Juthun85 (big blind) folded on the Turn
Seat 8: Andorrior folded before Flop (didn't bet)
Seat 9: Dorex2007 folded before Flop (didn't bet)



PokerStars Hand #232421770993:  Hold'em No Limit ($0.01/$0.02 USD) - 2021/12/22 0:27:30 PT [2021/12/22 3:27:30 ET]
Table 'Ismene III' 9-max Seat #5 is the button
Seat 1: Kondor767 ($1.59 in chips) 
Seat 2: sketch077 ($1.97 in chips) 
Seat 3: vazelin789 ($1.58 in chips) 
Seat 4: bloody55hawk ($0.88 in chips) 
Seat 5: arianagray ($1.02 in chips) 
Seat 7: Juthun85 ($2.85 in chips) 
Seat 8: Andorrior ($2.63 in chips) 
Seat 9: Dorex2007 ($2.31 in chips) 
Juthun85: posts small blind $0.01
Andorrior: posts big blind $0.02
*** HOLE CARDS ***
Dealt to Dorex2007 [5d 3c]
mafti joins the table at seat #6 
Dorex2007: folds 
Kondor767: raises $0.04 to $0.06
sketch077: folds 
vazelin789: folds 
bloody55hawk: folds 
arianagray: calls $0.06
Juthun85: folds 
Andorrior: folds 
*** FLOP *** [Td 2d 6h]
Kondor767: bets $0.06
arianagray: calls $0.06
*** TURN *** [Td 2d 6h] [Ah]
Kondor767: checks 
arianagray: bets $0.08
Kondor767: calls $0.08
*** RIVER *** [Td 2d 6h Ah] [Kc]
Kondor767: checks 
arianagray: bets $0.08
Kondor767: calls $0.08
*** SHOW DOWN ***
arianagray: shows [Ac Th] (two pair, Aces and Tens)
Kondor767: mucks hand 
arianagray collected $0.57 from pot
*** SUMMARY ***
Total pot $0.59 | Rake $0.02 
Board [Td 2d 6h Ah Kc]
Seat 1: Kondor767 mucked [Kd Qd]
Seat 2: sketch077 folded before Flop (didn't bet)
Seat 3: vazelin789 folded before Flop (didn't bet)
Seat 4: bloody55hawk folded before Flop (didn't bet)
Seat 5: arianagray (button) showed [Ac Th] and won ($0.57) with two pair, Aces and Tens
Seat 7: Juthun85 (small blind) folded before Flop
Seat 8: Andorrior (big blind) folded before Flop
Seat 9: Dorex2007 folded before Flop (didn't bet)



PokerStars Hand #232421786347:  Hold'em No Limit ($0.01/$0.02 USD) - 2021/12/22 0:28:16 PT [2021/12/22 3:28:16 ET]
Table 'Ismene III' 9-max Seat #7 is the button
Seat 1: Kondor767 ($1.31 in chips) 
Seat 2: sketch077 ($1.97 in chips) 
Seat 3: vazelin789 ($1.58 in chips) 
Seat 4: bloody55hawk ($0.88 in chips) 
Seat 5: arianagray ($1.31 in chips) 
Seat 6: mafti ($0.80 in chips) 
Seat 7: Juthun85 ($2.84 in chips) 
Seat 8: Andorrior ($2.61 in chips) 
Seat 9: Dorex2007 ($2.31 in chips) 
Andorrior: posts small blind $0.01
Dorex2007: posts big blind $0.02
mafti: posts big blind $0.02
*** HOLE CARDS ***
Dealt to Dorex2007 [9h 3h]
Kondor767: folds 
sketch077: folds 
vazelin789: raises $0.06 to $0.08
bloody55hawk: folds 
arianagray: folds 
mafti: folds 
Juthun85: raises $0.22 to $0.30
Andorrior: folds 
Dorex2007: folds 
vazelin789: raises $1.28 to $1.58 and is all-in
Juthun85: folds 
Uncalled bet ($1.28) returned to vazelin789
vazelin789 collected $0.65 from pot
*** SUMMARY ***
Total pot $0.65 | Rake $0 
Seat 1: Kondor767 folded before Flop (didn't bet)
Seat 2: sketch077 folded before Flop (didn't bet)
Seat 3: vazelin789 collected ($0.65)
Seat 4: bloody55hawk folded before Flop (didn't bet)
Seat 5: arianagray folded before Flop (didn't bet)
Seat 6: mafti folded before Flop (didn't bet)
Seat 7: Juthun85 (button) folded before Flop
Seat 8: Andorrior (small blind) folded before Flop
Seat 9: Dorex2007 (big blind) folded before Flop



PokerStars Hand #232421791841:  Hold'em No Limit ($0.01/$0.02 USD) - 2021/12/22 0:28:50 PT [2021/12/22 3:28:50 ET]
Table 'Ismene III' 9-max Seat #8 is the button
Seat 1: Kondor767 ($1.31 in chips) 
Seat 2: sketch077 ($1.97 in chips) 
Seat 3: vazelin789 ($1.93 in chips) 
Seat 4: bloody55hawk ($0.88 in chips) 
Seat 5: arianagray ($1.31 in chips) 
Seat 6: mafti ($0.78 in chips) 
Seat 7: Juthun85 ($2.54 in chips) 
Seat 8: Andorrior ($2.60 in chips) 
Seat 9: Dorex2007 ($2.29 in chips) 
Dorex2007: posts small blind $0.01
Kondor767: posts big blind $0.02
*** HOLE CARDS ***
Dealt to Dorex2007 [Qh Tc]
sketch077: folds 
vazelin789: folds 
bloody55hawk: folds 
arianagray: folds 
mafti: calls $0.02
Juthun85: folds 
Andorrior: folds 
Dorex2007: raises $0.02 to $0.04
Kondor767: calls $0.02
mafti: calls $0.02
*** FLOP *** [7s Jd 7h]
Dorex2007: checks 
Kondor767: checks 
mafti: checks 
*** TURN *** [7s Jd 7h] [9c]
Dorex2007: checks 
Kondor767: bets $0.04
mafti: folds 
Dorex2007: calls $0.04
*** RIVER *** [7s Jd 7h 9c] [Qc]
Dorex2007: checks 
Kondor767: bets $0.08
Dorex2007: calls $0.08
*** SHOW DOWN ***
Kondor767: shows [Td Kh] (a straight, Nine to King)
Dorex2007: mucks hand 
Kondor767 collected $0.35 from pot
*** SUMMARY ***
Total pot $0.36 | Rake $0.01 
Board [7s Jd 7h 9c Qc]
Seat 1: Kondor767 (big blind) showed [Td Kh] and won ($0.35) with a straight, Nine to King
Seat 2: sketch077 folded before Flop (didn't bet)
Seat 3: vazelin789 folded before Flop (didn't bet)
Seat 4: bloody55hawk folded before Flop (didn't bet)
Seat 5: arianagray folded before Flop (didn't bet)
Seat 6: mafti folded on the Turn
Seat 7: Juthun85 folded before Flop (didn't bet)
Seat 8: Andorrior (button) folded before Flop (didn't bet)
Seat 9: Dorex2007 (small blind) mucked [Qh Tc]



PokerStars Hand #232421802110:  Hold'em No Limit ($0.01/$0.02 USD) - 2021/12/22 0:29:55 PT [2021/12/22 3:29:55 ET]
Table 'Ismene III' 9-max Seat #9 is the button
Seat 1: Kondor767 ($1.50 in chips) 
Seat 2: sketch077 ($1.97 in chips) 
Seat 3: vazelin789 ($1.93 in chips) 
Seat 4: bloody55hawk ($0.88 in chips) 
Seat 5: arianagray ($1.31 in chips) 
Seat 6: mafti ($0.74 in chips) 
Seat 7: Juthun85 ($2.54 in chips) 
Seat 8: Andorrior ($2.60 in chips) 
Seat 9: Dorex2007 ($2.13 in chips) 
Kondor767: posts small blind $0.01
sketch077: posts big blind $0.02
*** HOLE CARDS ***
Dealt to Dorex2007 [Kh 2c]
vazelin789: calls $0.02
bloody55hawk: folds 
arianagray: calls $0.02
mafti: calls $0.02
Juthun85: folds 
Andorrior: folds 
Dorex2007: folds 
Kondor767: calls $0.01
sketch077: checks 
*** FLOP *** [5c 9s 4s]
Kondor767: checks 
sketch077: checks 
vazelin789: bets $0.08
arianagray: folds 
mafti: calls $0.08
Kondor767: folds 
sketch077: folds 
*** TURN *** [5c 9s 4s] [6h]
vazelin789: bets $0.16
mafti: calls $0.16
*** RIVER *** [5c 9s 4s 6h] [4c]
vazelin789: bets $0.20
mafti: folds 
Uncalled bet ($0.20) returned to vazelin789
vazelin789 collected $0.56 from pot
*** SUMMARY ***
Total pot $0.58 | Rake $0.02 
Board [5c 9s 4s 6h 4c]
Seat 1: Kondor767 (small blind) folded on the Flop
Seat 2: sketch077 (big blind) folded on the Flop
Seat 3: vazelin789 collected ($0.56)
Seat 4: bloody55hawk folded before Flop (didn't bet)
Seat 5: arianagray folded on the Flop
Seat 6: mafti folded on the River
Seat 7: Juthun85 folded before Flop (didn't bet)
Seat 8: Andorrior folded before Flop (didn't bet)
Seat 9: Dorex2007 (button) folded before Flop (didn't bet)



PokerStars Hand #232421816525:  Hold'em No Limit ($0.01/$0.02 USD) - 2021/12/22 0:31:25 PT [2021/12/22 3:31:25 ET]
Table 'Ismene III' 9-max Seat #1 is the button
Seat 1: Kondor767 ($1.48 in chips) 
Seat 2: sketch077 ($1.95 in chips) 
Seat 3: vazelin789 ($2.23 in chips) 
Seat 4: bloody55hawk ($0.88 in chips) 
Seat 5: arianagray ($1.29 in chips) 
Seat 6: mafti ($0.48 in chips) 
Seat 7: Juthun85 ($2.54 in chips) 
Seat 8: Andorrior ($2.60 in chips) 
Seat 9: Dorex2007 ($2.13 in chips) 
sketch077: posts small blind $0.01
vazelin789: posts big blind $0.02
*** HOLE CARDS ***
Dealt to Dorex2007 [Tc 4s]
bloody55hawk: folds 
arianagray: calls $0.02
mafti: calls $0.02
Juthun85: folds 
Andorrior: folds 
Dorex2007: folds 
Kondor767: folds 
sketch077: folds 
vazelin789: checks 
*** FLOP *** [8s 3s Ks]
vazelin789: checks 
arianagray: checks 
mafti: checks 
*** TURN *** [8s 3s Ks] [2c]
vazelin789: bets $0.06
arianagray: folds 
mafti: calls $0.06
*** RIVER *** [8s 3s Ks 2c] [Qs]
vazelin789: checks 
mafti: checks 
*** SHOW DOWN ***
vazelin789: shows [9s 2s] (a flush, King high)
mafti: mucks hand 
vazelin789 collected $0.18 from pot
*** SUMMARY ***
Total pot $0.19 | Rake $0.01 
Board [8s 3s Ks 2c Qs]
Seat 1: Kondor767 (button) folded before Flop (didn't bet)
Seat 2: sketch077 (small blind) folded before Flop
Seat 3: vazelin789 (big blind) showed [9s 2s] and won ($0.18) with a flush, King high
Seat 4: bloody55hawk folded before Flop (didn't bet)
Seat 5: arianagray folded on the Turn
Seat 6: mafti mucked [Qh 8d]
Seat 7: Juthun85 folded before Flop (didn't bet)
Seat 8: Andorrior folded before Flop (didn't bet)
Seat 9: Dorex2007 folded before Flop (didn't bet)



PokerStars Hand #232421824213:  Hold'em No Limit ($0.01/$0.02 USD) - 2021/12/22 0:32:13 PT [2021/12/22 3:32:13 ET]
Table 'Ismene III' 9-max Seat #2 is the button
Seat 1: Kondor767 ($1.48 in chips) 
Seat 2: sketch077 ($1.94 in chips) 
Seat 3: vazelin789 ($2.33 in chips) 
Seat 5: arianagray ($1.27 in chips) 
Seat 6: mafti ($0.40 in chips) 
Seat 7: Juthun85 ($2.54 in chips) 
Seat 8: Andorrior ($2.60 in chips) 
Seat 9: Dorex2007 ($2.13 in chips) 
vazelin789: posts small blind $0.01
bloody55hawk: is sitting out 
arianagray: posts big blind $0.02
*** HOLE CARDS ***
Dealt to Dorex2007 [As Th]
mafti: folds 
Juthun85: raises $0.03 to $0.05
Andorrior: folds 
bloody55hawk leaves the table
Dorex2007: calls $0.05
Kondor767: calls $0.05
sketch077: folds 
vazelin789: folds 
arianagray: folds 
*** FLOP *** [7c 8d 5h]
Juthun85: checks 
Dorex2007: checks 
Kondor767: bets $0.08
Juthun85: calls $0.08
SaeedT10 joins the table at seat #4 
Dorex2007: folds 
*** TURN *** [7c 8d 5h] [Ac]
Juthun85: checks 
Kondor767: checks 
*** RIVER *** [7c 8d 5h Ac] [Jd]
Juthun85: checks 
Kondor767: bets $0.17
Juthun85: folds 
Uncalled bet ($0.17) returned to Kondor767
Kondor767 collected $0.33 from pot
Kondor767: doesn't show hand 
*** SUMMARY ***
Total pot $0.34 | Rake $0.01 
Board [7c 8d 5h Ac Jd]
Seat 1: Kondor767 collected ($0.33)
Seat 2: sketch077 (button) folded before Flop (didn't bet)
Seat 3: vazelin789 (small blind) folded before Flop
Seat 5: arianagray (big blind) folded before Flop
Seat 6: mafti folded before Flop (didn't bet)
Seat 7: Juthun85 folded on the River
Seat 8: Andorrior folded before Flop (didn't bet)
Seat 9: Dorex2007 folded on the Flop



PokerStars Hand #232421830773:  Hold'em No Limit ($0.01/$0.02 USD) - 2021/12/22 0:32:54 PT [2021/12/22 3:32:54 ET]
Table 'Ismene III' 9-max Seat #3 is the button
Seat 1: Kondor767 ($1.68 in chips) 
Seat 2: sketch077 ($1.94 in chips) 
Seat 3: vazelin789 ($2.32 in chips) 
Seat 5: arianagray ($1.25 in chips) 
Seat 6: mafti ($0.40 in chips) 
Seat 7: Juthun85 ($2.41 in chips) 
Seat 8: Andorrior ($2.60 in chips) 
Seat 9: Dorex2007 ($2.08 in chips) 
arianagray: posts small blind $0.01
mafti: posts big blind $0.02
*** HOLE CARDS ***
Dealt to Dorex2007 [6c 3s]
Juthun85: folds 
Andorrior: folds 
Dorex2007: folds 
Kondor767: folds 
sketch077: folds 
vazelin789: raises $0.04 to $0.06
arianagray: folds 
mafti: calls $0.04
*** FLOP *** [3h Jd 7h]
mafti: checks 
vazelin789: checks 
*** TURN *** [3h Jd 7h] [5d]
mafti: bets $0.06
vazelin789: calls $0.06
*** RIVER *** [3h Jd 7h 5d] [8s]
mafti: bets $0.06
vazelin789: folds 
Uncalled bet ($0.06) returned to mafti
mafti collected $0.24 from pot
*** SUMMARY ***
Total pot $0.25 | Rake $0.01 
Board [3h Jd 7h 5d 8s]
Seat 1: Kondor767 folded before Flop (didn't bet)
Seat 2: sketch077 folded before Flop (didn't bet)
Seat 3: vazelin789 (button) folded on the River
Seat 5: arianagray (small blind) folded before Flop
Seat 6: mafti (big blind) collected ($0.24)
Seat 7: Juthun85 folded before Flop (didn't bet)
Seat 8: Andorrior folded before Flop (didn't bet)
Seat 9: Dorex2007 folded before Flop (didn't bet)



PokerStars Hand #232421838773:  Hold'em No Limit ($0.01/$0.02 USD) - 2021/12/22 0:33:45 PT [2021/12/22 3:33:45 ET]
Table 'Ismene III' 9-max Seat #5 is the button
Seat 1: Kondor767 ($1.68 in chips) 
Seat 2: sketch077 ($1.94 in chips) 
Seat 3: vazelin789 ($2.20 in chips) 
Seat 4: SaeedT10 ($0.97 in chips) 
Seat 5: arianagray ($1.24 in chips) 
Seat 6: mafti ($0.52 in chips) 
Seat 7: Juthun85 ($2.41 in chips) 
Seat 8: Andorrior ($2.60 in chips) 
Seat 9: Dorex2007 ($2.08 in chips) 
mafti: posts small blind $0.01
Juthun85: posts big blind $0.02
SaeedT10: posts big blind $0.02
*** HOLE CARDS ***
Dealt to Dorex2007 [5d 9d]
Andorrior: folds 
Dorex2007: folds 
Kondor767: folds 
sketch077: folds 
vazelin789: folds 
SaeedT10: raises $0.04 to $0.06
arianagray: folds 
mafti: calls $0.05
Juthun85: raises $0.24 to $0.30
SaeedT10: calls $0.24
mafti: folds 
*** FLOP *** [Qs 9h Ad]
Juthun85: checks 
SaeedT10: checks 
*** TURN *** [Qs 9h Ad] [8h]
Juthun85: bets $0.68
SaeedT10: folds 
Uncalled bet ($0.68) returned to Juthun85
Juthun85 collected $0.64 from pot
Juthun85: doesn't show hand 
*** SUMMARY ***
Total pot $0.66 | Rake $0.02 
Board [Qs 9h Ad 8h]
Seat 1: Kondor767 folded before Flop (didn't bet)
Seat 2: sketch077 folded before Flop (didn't bet)
Seat 3: vazelin789 folded before Flop (didn't bet)
Seat 4: SaeedT10 folded on the Turn
Seat 5: arianagray (button) folded before Flop (didn't bet)
Seat 6: mafti (small blind) folded before Flop
Seat 7: Juthun85 (big blind) collected ($0.64)
Seat 8: Andorrior folded before Flop (didn't bet)
Seat 9: Dorex2007 folded before Flop (didn't bet)



PokerStars Hand #232421852078:  Hold'em No Limit ($0.01/$0.02 USD) - 2021/12/22 0:35:08 PT [2021/12/22 3:35:08 ET]
Table 'Ismene III' 9-max Seat #6 is the button
Seat 1: Kondor767 ($1.68 in chips) 
Seat 2: sketch077 ($1.94 in chips) 
Seat 3: vazelin789 ($2.20 in chips) 
Seat 4: SaeedT10 ($0.67 in chips) 
Seat 5: arianagray ($1.24 in chips) 
Seat 6: mafti ($0.46 in chips) 
Seat 7: Juthun85 ($2.75 in chips) 
Seat 8: Andorrior ($2.60 in chips) 
Seat 9: Dorex2007 ($2.08 in chips) 
Juthun85: posts small blind $0.01
Andorrior: posts big blind $0.02
*** HOLE CARDS ***
Dealt to Dorex2007 [Js 3s]
Dorex2007: folds 
Kondor767: raises $0.02 to $0.04
sketch077: folds 
vazelin789: folds 
SaeedT10: folds 
arianagray: folds 
mafti: folds 
Juthun85: folds 
Andorrior: folds 
Uncalled bet ($0.02) returned to Kondor767
Kondor767 collected $0.05 from pot
Kondor767: doesn't show hand 
*** SUMMARY ***
Total pot $0.05 | Rake $0 
Seat 1: Kondor767 collected ($0.05)
Seat 2: sketch077 folded before Flop (didn't bet)
Seat 3: vazelin789 folded before Flop (didn't bet)
Seat 4: SaeedT10 folded before Flop (didn't bet)
Seat 5: arianagray folded before Flop (didn't bet)
Seat 6: mafti (button) folded before Flop (didn't bet)
Seat 7: Juthun85 (small blind) folded before Flop
Seat 8: Andorrior (big blind) folded before Flop
Seat 9: Dorex2007 folded before Flop (didn't bet)



PokerStars Hand #232421855330:  Hold'em No Limit ($0.01/$0.02 USD) - 2021/12/22 0:35:28 PT [2021/12/22 3:35:28 ET]
Table 'Ismene III' 9-max Seat #7 is the button
Seat 1: Kondor767 ($1.71 in chips) 
Seat 2: sketch077 ($1.94 in chips) 
Seat 4: SaeedT10 ($0.67 in chips) 
Seat 5: arianagray ($1.24 in chips) 
Seat 6: mafti ($0.46 in chips) 
Seat 7: Juthun85 ($2.74 in chips) 
Seat 8: Andorrior ($2.58 in chips) 
Seat 9: Dorex2007 ($2.08 in chips) 
Andorrior: posts small blind $0.01
Dorex2007: posts big blind $0.02
*** HOLE CARDS ***
Dealt to Dorex2007 [7h Ks]
Kondor767: raises $0.02 to $0.04
sketch077: folds 
SaeedT10: folds 
arianagray: raises $0.04 to $0.08
mafti: folds 
Juthun85: calls $0.08
Andorrior: folds 
Dorex2007: folds 
Kondor767: calls $0.04
*** FLOP *** [Qc 8h 5h]
Kondor767: checks 
arianagray: checks 
Juthun85: bets $0.10
Kondor767: folds 
arianagray: folds 
Uncalled bet ($0.10) returned to Juthun85
Juthun85 collected $0.26 from pot
Juthun85: doesn't show hand 
*** SUMMARY ***
Total pot $0.27 | Rake $0.01 
Board [Qc 8h 5h]
Seat 1: Kondor767 folded on the Flop
Seat 2: sketch077 folded before Flop (didn't bet)
Seat 4: SaeedT10 folded before Flop (didn't bet)
Seat 5: arianagray folded on the Flop
Seat 6: mafti folded before Flop (didn't bet)
Seat 7: Juthun85 (button) collected ($0.26)
Seat 8: Andorrior (small blind) folded before Flop
Seat 9: Dorex2007 (big blind) folded before Flop



PokerStars Hand #232421862681:  Hold'em No Limit ($0.01/$0.02 USD) - 2021/12/22 0:36:14 PT [2021/12/22 3:36:14 ET]
Table 'Ismene III' 9-max Seat #8 is the button
Seat 1: Kondor767 ($1.63 in chips) 
Seat 2: sketch077 ($1.94 in chips) 
Seat 4: SaeedT10 ($0.67 in chips) 
Seat 5: arianagray ($1.16 in chips) 
Seat 6: mafti ($0.46 in chips) 
Seat 7: Juthun85 ($2.92 in chips) 
Seat 8: Andorrior ($2.57 in chips) 
Seat 9: Dorex2007 ($2.06 in chips) 
Dorex2007: posts small blind $0.01
Kondor767: posts big blind $0.02
*** HOLE CARDS ***
Dealt to Dorex2007 [5s Ts]
sketch077: folds 
SaeedT10: raises $0.02 to $0.04
arianagray: folds 
mafti: calls $0.04
Juthun85: folds 
Andorrior: folds 
Dorex2007: folds 
Kondor767: calls $0.02
*** FLOP *** [Jc 5h Ah]
Kondor767: checks 
SaeedT10: bets $0.07
mafti: folds 
Kondor767: folds 
Uncalled bet ($0.07) returned to SaeedT10
SaeedT10 collected $0.13 from pot
*** SUMMARY ***
Total pot $0.13 | Rake $0 
Board [Jc 5h Ah]
Seat 1: Kondor767 (big blind) folded on the Flop
Seat 2: sketch077 folded before Flop (didn't bet)
Seat 4: SaeedT10 collected ($0.13)
Seat 5: arianagray folded before Flop (didn't bet)
Seat 6: mafti folded on the Flop
Seat 7: Juthun85 folded before Flop (didn't bet)
Seat 8: Andorrior (button) folded before Flop (didn't bet)
Seat 9: Dorex2007 (small blind) folded before Flop



PokerStars Hand #232421869638:  Hold'em No Limit ($0.01/$0.02 USD) - 2021/12/22 0:36:58 PT [2021/12/22 3:36:58 ET]
Table 'Ismene III' 9-max Seat #9 is the button
Seat 1: Kondor767 ($1.59 in chips) 
Seat 2: sketch077 ($1.94 in chips) 
Seat 4: SaeedT10 ($0.76 in chips) 
Seat 5: arianagray ($1.16 in chips) 
Seat 6: mafti ($0.42 in chips) 
Seat 7: Juthun85 ($2.92 in chips) 
Seat 8: Andorrior ($2.57 in chips) 
Seat 9: Dorex2007 ($2.05 in chips) 
Kondor767: posts small blind $0.01
sketch077: posts big blind $0.02
*** HOLE CARDS ***
Dealt to Dorex2007 [Ts Qd]
SaeedT10: folds 
arianagray: folds 
mafti: calls $0.02
Juthun85: folds 
Andorrior: calls $0.02
Dorex2007: calls $0.02
Kondor767: calls $0.01
sketch077: checks 
*** FLOP *** [4s 9s 2h]
Kondor767: checks 
sketch077: checks 
mafti: checks 
Andorrior: checks 
Dorex2007: checks 
*** TURN *** [4s 9s 2h] [5s]
Kondor767: bets $0.04
sketch077: folds 
mafti: folds 
Andorrior: calls $0.04
Dorex2007: folds 
*** RIVER *** [4s 9s 2h 5s] [7d]
Kondor767: checks 
Andorrior: bets $0.04
Kondor767: folds 
Uncalled bet ($0.04) returned to Andorrior
Andorrior collected $0.17 from pot
*** SUMMARY ***
Total pot $0.18 | Rake $0.01 
Board [4s 9s 2h 5s 7d]
Seat 1: Kondor767 (small blind) folded on the River
Seat 2: sketch077 (big blind) folded on the Turn
Seat 4: SaeedT10 folded before Flop (didn't bet)
Seat 5: arianagray folded before Flop (didn't bet)
Seat 6: mafti folded on the Turn
Seat 7: Juthun85 folded before Flop (didn't bet)
Seat 8: Andorrior collected ($0.17)
Seat 9: Dorex2007 (button) folded on the Turn



PokerStars Hand #232421880738:  Hold'em No Limit ($0.01/$0.02 USD) - 2021/12/22 0:38:08 PT [2021/12/22 3:38:08 ET]
Table 'Ismene III' 9-max Seat #1 is the button
Seat 1: Kondor767 ($1.53 in chips) 
Seat 2: sketch077 ($1.92 in chips) 
Seat 4: SaeedT10 ($0.76 in chips) 
Seat 5: arianagray ($1.16 in chips) 
Seat 6: mafti ($0.40 in chips) 
Seat 7: Juthun85 ($2.92 in chips) 
Seat 8: Andorrior ($2.68 in chips) 
Seat 9: Dorex2007 ($2.03 in chips) 
sketch077: posts small blind $0.01
SaeedT10: posts big blind $0.02
*** HOLE CARDS ***
Dealt to Dorex2007 [Js 9h]
arianagray: calls $0.02
mafti: calls $0.02
Juthun85: folds 
Andorrior: folds 
Dorex2007: folds 
Kondor767: calls $0.02
sketch077: calls $0.01
SaeedT10: checks 
*** FLOP *** [Qs Jh 4h]
sketch077: checks 
SaeedT10: checks 
arianagray: checks 
mafti: checks 
Kondor767: checks 
*** TURN *** [Qs Jh 4h] [Ad]
sketch077: checks 
SaeedT10: checks 
arianagray: checks 
mafti: checks 
Kondor767: checks 
*** RIVER *** [Qs Jh 4h Ad] [7d]
sketch077: checks 
SaeedT10: checks 
arianagray: checks 
mafti: checks 
Kondor767: checks 
*** SHOW DOWN ***
sketch077: shows [2h 5s] (high card Ace)
SaeedT10: shows [7h Ks] (a pair of Sevens)
arianagray: mucks hand 
mafti: mucks hand 
Kondor767: mucks hand 
SaeedT10 collected $0.10 from pot
*** SUMMARY ***
Total pot $0.10 | Rake $0 
Board [Qs Jh 4h Ad 7d]
Seat 1: Kondor767 (button) mucked [6s Ts]
Seat 2: sketch077 (small blind) showed [2h 5s] and lost with high card Ace
Seat 4: SaeedT10 (big blind) showed [7h Ks] and won ($0.10) with a pair of Sevens
Seat 5: arianagray mucked [3s 3h]
Seat 6: mafti mucked [8h Kd]
Seat 7: Juthun85 folded before Flop (didn't bet)
Seat 8: Andorrior folded before Flop (didn't bet)
Seat 9: Dorex2007 folded before Flop (didn't bet)



PokerStars Hand #232421888806:  Hold'em No Limit ($0.01/$0.02 USD) - 2021/12/22 0:38:59 PT [2021/12/22 3:38:59 ET]
Table 'Ismene III' 9-max Seat #2 is the button
Seat 1: Kondor767 ($1.51 in chips) 
Seat 2: sketch077 ($1.90 in chips) 
Seat 4: SaeedT10 ($0.84 in chips) 
Seat 5: arianagray ($1.14 in chips) 
Seat 6: mafti ($0.38 in chips) 
Seat 7: Juthun85 ($2.92 in chips) 
Seat 8: Andorrior ($2.68 in chips) 
Seat 9: Dorex2007 ($2.03 in chips) 
SaeedT10: posts small blind $0.01
arianagray: posts big blind $0.02
*** HOLE CARDS ***
Dealt to Dorex2007 [Jd 4d]
mafti: folds 
Juthun85: folds 
Andorrior: folds 
Dorex2007: folds 
Kondor767: raises $0.02 to $0.04
sketch077: folds 
SaeedT10: folds 
arianagray: folds 
Uncalled bet ($0.02) returned to Kondor767
Kondor767 collected $0.05 from pot
Kondor767: doesn't show hand 
*** SUMMARY ***
Total pot $0.05 | Rake $0 
Seat 1: Kondor767 collected ($0.05)
Seat 2: sketch077 (button) folded before Flop (didn't bet)
Seat 4: SaeedT10 (small blind) folded before Flop
Seat 5: arianagray (big blind) folded before Flop
Seat 6: mafti folded before Flop (didn't bet)
Seat 7: Juthun85 folded before Flop (didn't bet)
Seat 8: Andorrior folded before Flop (didn't bet)
Seat 9: Dorex2007 folded before Flop (didn't bet)



PokerStars Hand #232421892610:  Hold'em No Limit ($0.01/$0.02 USD) - 2021/12/22 0:39:23 PT [2021/12/22 3:39:23 ET]
Table 'Ismene III' 9-max Seat #4 is the button
Seat 1: Kondor767 ($1.54 in chips) 
Seat 2: sketch077 ($1.90 in chips) 
Seat 4: SaeedT10 ($0.83 in chips) 
Seat 5: arianagray ($1.12 in chips) 
Seat 6: mafti ($0.38 in chips) 
Seat 7: Juthun85 ($2.92 in chips) 
Seat 8: Andorrior ($2.68 in chips) 
Seat 9: Dorex2007 ($2.03 in chips) 
arianagray: posts small blind $0.01
mafti: posts big blind $0.02
*** HOLE CARDS ***
Dealt to Dorex2007 [2h Jc]
Juthun85: raises $0.03 to $0.05
Andorrior: folds 
Dorex2007: folds 
Kondor767: folds 
sketch077: folds 
SaeedT10: calls $0.05
arianagray: folds 
mafti: calls $0.03
*** FLOP *** [4c 3d 6s]
mafti: checks 
Juthun85: checks 
SaeedT10: bets $0.05
mafti: calls $0.05
Juthun85: folds 
*** TURN *** [4c 3d 6s] [5d]
mafti: checks 
SaeedT10: checks 
*** RIVER *** [4c 3d 6s 5d] [Jh]
mafti: bets $0.13
SaeedT10: folds 
Uncalled bet ($0.13) returned to mafti
mafti collected $0.25 from pot
*** SUMMARY ***
Total pot $0.26 | Rake $0.01 
Board [4c 3d 6s 5d Jh]
Seat 1: Kondor767 folded before Flop (didn't bet)
Seat 2: sketch077 folded before Flop (didn't bet)
Seat 4: SaeedT10 (button) folded on the River
Seat 5: arianagray (small blind) folded before Flop
Seat 6: mafti (big blind) collected ($0.25)
Seat 7: Juthun85 folded on the Flop
Seat 8: Andorrior folded before Flop (didn't bet)
Seat 9: Dorex2007 folded before Flop (didn't bet)



PokerStars Hand #232421901441:  Hold'em No Limit ($0.01/$0.02 USD) - 2021/12/22 0:40:17 PT [2021/12/22 3:40:17 ET]
Table 'Ismene III' 9-max Seat #5 is the button
Seat 1: Kondor767 ($1.54 in chips) 
Seat 2: sketch077 ($1.90 in chips) 
Seat 4: SaeedT10 ($0.73 in chips) 
Seat 5: arianagray ($1.11 in chips) 
Seat 6: mafti ($0.53 in chips) 
Seat 7: Juthun85 ($2.87 in chips) 
Seat 8: Andorrior ($2.68 in chips) 
Seat 9: Dorex2007 ($2.03 in chips) 
mafti: posts small blind $0.01
Juthun85: posts big blind $0.02
*** HOLE CARDS ***
Dealt to Dorex2007 [4c Tc]
Andorrior: folds 
Dorex2007: folds 
Kondor767: raises $0.04 to $0.06
sketch077: raises $0.14 to $0.20
SaeedT10: folds 
arianagray: folds 
mafti: folds 
Juthun85: folds 
Kondor767: calls $0.14
*** FLOP *** [4h Jc 2c]
Kondor767: checks 
sketch077: bets $0.20
Kondor767: folds 
Uncalled bet ($0.20) returned to sketch077
sketch077 collected $0.41 from pot
sketch077: doesn't show hand 
*** SUMMARY ***
Total pot $0.43 | Rake $0.02 
Board [4h Jc 2c]
Seat 1: Kondor767 folded on the Flop
Seat 2: sketch077 collected ($0.41)
Seat 4: SaeedT10 folded before Flop (didn't bet)
Seat 5: arianagray (button) folded before Flop (didn't bet)
Seat 6: mafti (small blind) folded before Flop
Seat 7: Juthun85 (big blind) folded before Flop
Seat 8: Andorrior folded before Flop (didn't bet)
Seat 9: Dorex2007 folded before Flop (didn't bet)



PokerStars Hand #232421908376:  Hold'em No Limit ($0.01/$0.02 USD) - 2021/12/22 0:40:59 PT [2021/12/22 3:40:59 ET]
Table 'Ismene III' 9-max Seat #6 is the button
Seat 1: Kondor767 ($1.34 in chips) 
Seat 2: sketch077 ($2.11 in chips) 
Seat 4: SaeedT10 ($0.73 in chips) 
Seat 5: arianagray ($1.11 in chips) 
Seat 6: mafti ($0.52 in chips) 
Seat 7: Juthun85 ($2.85 in chips) 
Seat 8: Andorrior ($2.68 in chips) 
Seat 9: Dorex2007 ($2.03 in chips) 
Juthun85: posts small blind $0.01
Andorrior: posts big blind $0.02
*** HOLE CARDS ***
Dealt to Dorex2007 [9h 5h]
Dorex2007: folds 
Kondor767: raises $0.04 to $0.06
sketch077: folds 
SaeedT10: folds 
arianagray: folds 
mafti: folds 
Juthun85: folds 
Andorrior: folds 
Uncalled bet ($0.04) returned to Kondor767
Kondor767 collected $0.05 from pot
Kondor767: doesn't show hand 
*** SUMMARY ***
Total pot $0.05 | Rake $0 
Seat 1: Kondor767 collected ($0.05)
Seat 2: sketch077 folded before Flop (didn't bet)
Seat 4: SaeedT10 folded before Flop (didn't bet)
Seat 5: arianagray folded before Flop (didn't bet)
Seat 6: mafti (button) folded before Flop (didn't bet)
Seat 7: Juthun85 (small blind) folded before Flop
Seat 8: Andorrior (big blind) folded before Flop
Seat 9: Dorex2007 folded before Flop (didn't bet)



PokerStars Hand #232421911347:  Hold'em No Limit ($0.01/$0.02 USD) - 2021/12/22 0:41:17 PT [2021/12/22 3:41:17 ET]
Table 'Ismene III' 9-max Seat #7 is the button
Seat 1: Kondor767 ($1.37 in chips) 
Seat 2: sketch077 ($2.11 in chips) 
Seat 4: SaeedT10 ($0.73 in chips) 
Seat 6: mafti ($0.52 in chips) 
Seat 7: Juthun85 ($2.84 in chips) 
Seat 8: Andorrior ($2.66 in chips) 
Seat 9: Dorex2007 ($2.03 in chips) 
Andorrior: posts small blind $0.01
Dorex2007: posts big blind $0.02
*** HOLE CARDS ***
Dealt to Dorex2007 [9c Td]
Kondor767: raises $0.04 to $0.06
sketch077: folds 
SaeedT10: folds 
mafti: calls $0.06
Juthun85: folds 
Andorrior: folds 
Dorex2007: folds 
*** FLOP *** [8h Ac Jh]
Kondor767: checks 
mafti: checks 
*** TURN *** [8h Ac Jh] [Ah]
Kondor767: checks 
mafti: checks 
*** RIVER *** [8h Ac Jh Ah] [6d]
Kondor767: checks 
mafti: checks 
*** SHOW DOWN ***
Kondor767: shows [3c Kc] (a pair of Aces)
mafti: shows [Ts Ks] (a pair of Aces - King+Jack+Ten kicker)
mafti collected $0.14 from pot
*** SUMMARY ***
Total pot $0.15 | Rake $0.01 
Board [8h Ac Jh Ah 6d]
Seat 1: Kondor767 showed [3c Kc] and lost with a pair of Aces
Seat 2: sketch077 folded before Flop (didn't bet)
Seat 4: SaeedT10 folded before Flop (didn't bet)
Seat 6: mafti showed [Ts Ks] and won ($0.14) with a pair of Aces
Seat 7: Juthun85 (button) folded before Flop (didn't bet)
Seat 8: Andorrior (small blind) folded before Flop
Seat 9: Dorex2007 (big blind) folded before Flop



PokerStars Hand #232421915816:  Hold'em No Limit ($0.01/$0.02 USD) - 2021/12/22 0:41:44 PT [2021/12/22 3:41:44 ET]
Table 'Ismene III' 9-max Seat #8 is the button
Seat 1: Kondor767 ($1.31 in chips) 
Seat 2: sketch077 ($2.11 in chips) 
Seat 4: SaeedT10 ($0.73 in chips) 
Seat 6: mafti ($0.60 in chips) 
Seat 7: Juthun85 ($2.84 in chips) 
Seat 8: Andorrior ($2.65 in chips) 
Seat 9: Dorex2007 ($2.01 in chips) 
Dorex2007: posts small blind $0.01
Kondor767: posts big blind $0.02
*** HOLE CARDS ***
Dealt to Dorex2007 [4h 9s]
sketch077: folds 
SaeedT10: raises $0.04 to $0.06
mafti: folds 
Juthun85: folds 
Andorrior: folds 
Dorex2007: folds 
Kondor767: calls $0.04
*** FLOP *** [6s 6d Td]
Kondor767: checks 
SaeedT10: bets $0.04
Kondor767: folds 
Uncalled bet ($0.04) returned to SaeedT10
SaeedT10 collected $0.13 from pot
*** SUMMARY ***
Total pot $0.13 | Rake $0 
Board [6s 6d Td]
Seat 1: Kondor767 (big blind) folded on the Flop
Seat 2: sketch077 folded before Flop (didn't bet)
Seat 4: SaeedT10 collected ($0.13)
Seat 6: mafti folded before Flop (didn't bet)
Seat 7: Juthun85 folded before Flop (didn't bet)
Seat 8: Andorrior (button) folded before Flop (didn't bet)
Seat 9: Dorex2007 (small blind) folded before Flop



PokerStars Hand #232421919769:  Hold'em No Limit ($0.01/$0.02 USD) - 2021/12/22 0:42:08 PT [2021/12/22 3:42:08 ET]
Table 'Ismene III' 9-max Seat #9 is the button
Seat 1: Kondor767 ($1.25 in chips) 
Seat 2: sketch077 ($2.11 in chips) 
Seat 4: SaeedT10 ($0.80 in chips) 
Seat 6: mafti ($0.60 in chips) 
Seat 7: Juthun85 ($2.84 in chips) 
Seat 8: Andorrior ($2.65 in chips) 
Seat 9: Dorex2007 ($2 in chips) 
Kondor767: posts small blind $0.01
sketch077: posts big blind $0.02
*** HOLE CARDS ***
Dealt to Dorex2007 [Ts Ac]
SaeedT10: folds 
mafti: folds 
Juthun85: raises $0.03 to $0.05
Andorrior: folds 
Dorex2007: calls $0.05
Kondor767: raises $0.17 to $0.22
sketch077: folds 
Juthun85: folds 
Dorex2007: folds 
Uncalled bet ($0.17) returned to Kondor767
Kondor767 collected $0.17 from pot
Kondor767: doesn't show hand 
*** SUMMARY ***
Total pot $0.17 | Rake $0 
Seat 1: Kondor767 (small blind) collected ($0.17)
Seat 2: sketch077 (big blind) folded before Flop
Seat 4: SaeedT10 folded before Flop (didn't bet)
Seat 6: mafti folded before Flop (didn't bet)
Seat 7: Juthun85 folded before Flop
Seat 8: Andorrior folded before Flop (didn't bet)
Seat 9: Dorex2007 (button) folded before Flop



PokerStars Hand #232421923177:  Hold'em No Limit ($0.01/$0.02 USD) - 2021/12/22 0:42:29 PT [2021/12/22 3:42:29 ET]
Table 'Ismene III' 9-max Seat #1 is the button
Seat 1: Kondor767 ($1.37 in chips) 
Seat 2: sketch077 ($2.09 in chips) 
Seat 4: SaeedT10 ($0.80 in chips) 
Seat 6: mafti ($0.60 in chips) 
Seat 7: Juthun85 ($2.79 in chips) 
Seat 8: Andorrior ($2.65 in chips) 
Seat 9: Dorex2007 ($2 in chips) 
sketch077: posts small blind $0.01
SaeedT10: posts big blind $0.02
*** HOLE CARDS ***
Dealt to Dorex2007 [5h 3s]
mafti: calls $0.02
Juthun85: folds 
Andorrior: folds 
Dorex2007: folds 
Kondor767: raises $0.04 to $0.06
sketch077: raises $0.16 to $0.22
SaeedT10: folds 
mafti: folds 
Kondor767: calls $0.16
*** FLOP *** [Kh 4s 3d]
sketch077: bets $0.30
Kondor767: folds 
Uncalled bet ($0.30) returned to sketch077
sketch077 collected $0.46 from pot
sketch077: doesn't show hand 
*** SUMMARY ***
Total pot $0.48 | Rake $0.02 
Board [Kh 4s 3d]
Seat 1: Kondor767 (button) folded on the Flop
Seat 2: sketch077 (small blind) collected ($0.46)
Seat 4: SaeedT10 (big blind) folded before Flop
Seat 6: mafti folded before Flop
Seat 7: Juthun85 folded before Flop (didn't bet)
Seat 8: Andorrior folded before Flop (didn't bet)
Seat 9: Dorex2007 folded before Flop (didn't bet)



PokerStars Hand #232421930096:  Hold'em No Limit ($0.01/$0.02 USD) - 2021/12/22 0:43:10 PT [2021/12/22 3:43:10 ET]
Table 'Ismene III' 9-max Seat #2 is the button
Seat 1: Kondor767 ($1.15 in chips) 
Seat 2: sketch077 ($2.33 in chips) 
Seat 4: SaeedT10 ($0.78 in chips) 
Seat 5: arianagray ($1.11 in chips) 
Seat 6: mafti ($0.58 in chips) 
Seat 7: Juthun85 ($2.79 in chips) 
Seat 8: Andorrior ($2.65 in chips) 
Seat 9: Dorex2007 ($2 in chips) 
SaeedT10: posts small blind $0.01
arianagray: posts big blind $0.02
*** HOLE CARDS ***
Dealt to Dorex2007 [Jd 5c]
mafti: folds 
Juthun85: folds 
Andorrior: folds 
Dorex2007: folds 
Kondor767: folds 
sketch077: raises $0.04 to $0.06
Kondor767 leaves the table
SaeedT10: calls $0.05
arianagray: raises $0.06 to $0.12
sketch077: calls $0.06
SaeedT10: calls $0.06
*** FLOP *** [Kh Ad 9d]
SaeedT10: checks 
arianagray: checks 
sketch077: bets $0.18
SaeedT10: calls $0.18
arianagray: folds 
*** TURN *** [Kh Ad 9d] [2h]
SaeedT10: checks 
sketch077: checks 
*** RIVER *** [Kh Ad 9d 2h] [6s]
SaeedT10: bets $0.48 and is all-in
sketch077: folds 
Uncalled bet ($0.48) returned to SaeedT10
SaeedT10 collected $0.69 from pot
*** SUMMARY ***
Total pot $0.72 | Rake $0.03 
Board [Kh Ad 9d 2h 6s]
Seat 1: Kondor767 folded before Flop (didn't bet)
Seat 2: sketch077 (button) folded on the River
Seat 4: SaeedT10 (small blind) collected ($0.69)
Seat 5: arianagray (big blind) folded on the Flop
Seat 6: mafti folded before Flop (didn't bet)
Seat 7: Juthun85 folded before Flop (didn't bet)
Seat 8: Andorrior folded before Flop (didn't bet)
Seat 9: Dorex2007 folded before Flop (didn't bet)



PokerStars Hand #232421940364:  Hold'em No Limit ($0.01/$0.02 USD) - 2021/12/22 0:44:12 PT [2021/12/22 3:44:12 ET]
Table 'Ismene III' 9-max Seat #4 is the button
Seat 2: sketch077 ($2.03 in chips) 
Seat 4: SaeedT10 ($1.17 in chips) 
Seat 5: arianagray ($0.99 in chips) 
Seat 6: mafti ($0.58 in chips) 
Seat 7: Juthun85 ($2.79 in chips) 
Seat 8: Andorrior ($2.65 in chips) 
Seat 9: Dorex2007 ($2 in chips) 
arianagray: posts small blind $0.01
mafti: posts big blind $0.02
*** HOLE CARDS ***
Dealt to Dorex2007 [2s 9s]
Juthun85: folds 
Andorrior: folds 
Dorex2007: folds 
sketch077: raises $0.04 to $0.06
SaeedT10: folds 
SaeedT10 leaves the table
arianagray: folds 
mafti: folds 
Uncalled bet ($0.04) returned to sketch077
sketch077 collected $0.05 from pot
sketch077: doesn't show hand 
*** SUMMARY ***
Total pot $0.05 | Rake $0 
Seat 2: sketch077 collected ($0.05)
Seat 4: SaeedT10 (button) folded before Flop (didn't bet)
Seat 5: arianagray (small blind) folded before Flop
Seat 6: mafti (big blind) folded before Flop
Seat 7: Juthun85 folded before Flop (didn't bet)
Seat 8: Andorrior folded before Flop (didn't bet)
Seat 9: Dorex2007 folded before Flop (didn't bet)



PokerStars Hand #232421944012:  Hold'em No Limit ($0.01/$0.02 USD) - 2021/12/22 0:44:35 PT [2021/12/22 3:44:35 ET]
Table 'Ismene III' 9-max Seat #5 is the button
Seat 2: sketch077 ($2.06 in chips) 
Seat 5: arianagray ($0.98 in chips) 
Seat 6: mafti ($0.56 in chips) 
Seat 7: Juthun85 ($2.79 in chips) 
Seat 8: Andorrior ($2.65 in chips) 
Seat 9: Dorex2007 ($2 in chips) 
mafti: posts small blind $0.01
Juthun85: posts big blind $0.02
*** HOLE CARDS ***
Dealt to Dorex2007 [5h 3d]
Andorrior: folds 
Dorex2007: folds 
sketch077: folds 
arianagray: folds 
mafti: calls $0.01
Juthun85: checks 
*** FLOP *** [2c Jd 4h]
mafti: checks 
Juthun85: checks 
*** TURN *** [2c Jd 4h] [2h]
mafti: bets $0.02
Juthun85: folds 
Uncalled bet ($0.02) returned to mafti
mafti collected $0.04 from pot
*** SUMMARY ***
Total pot $0.04 | Rake $0 
Board [2c Jd 4h 2h]
Seat 2: sketch077 folded before Flop (didn't bet)
Seat 5: arianagray (button) folded before Flop (didn't bet)
Seat 6: mafti (small blind) collected ($0.04)
Seat 7: Juthun85 (big blind) folded on the Turn
Seat 8: Andorrior folded before Flop (didn't bet)
Seat 9: Dorex2007 folded before Flop (didn't bet)



PokerStars Hand #232421948529:  Hold'em No Limit ($0.01/$0.02 USD) - 2021/12/22 0:45:01 PT [2021/12/22 3:45:01 ET]
Table 'Ismene III' 9-max Seat #6 is the button
Seat 2: sketch077 ($2.06 in chips) 
Seat 5: arianagray ($0.98 in chips) 
Seat 6: mafti ($0.58 in chips) 
Seat 7: Juthun85 ($2.77 in chips) 
Seat 9: Dorex2007 ($2 in chips) 
Juthun85: posts small blind $0.01
Andorrior: is sitting out 
Dorex2007: posts big blind $0.02
*** HOLE CARDS ***
Dealt to Dorex2007 [Tc 7h]
sketch077: folds 
arianagray: folds 
mafti: calls $0.02
Juthun85: calls $0.01
Dorex2007: checks 
*** FLOP *** [Qh 4c Js]
Juthun85: checks 
Dorex2007: checks 
mafti: checks 
*** TURN *** [Qh 4c Js] [4s]
Juthun85: checks 
Dorex2007: checks 
mafti: checks 
*** RIVER *** [Qh 4c Js 4s] [5s]
Juthun85: checks 
Dorex2007: checks 
mafti: checks 
*** SHOW DOWN ***
Juthun85: shows [Ad 6c] (a pair of Fours)
Dorex2007: mucks hand 
mafti: shows [Ah 5c] (two pair, Fives and Fours)
mafti collected $0.06 from pot
*** SUMMARY ***
Total pot $0.06 | Rake $0 
Board [Qh 4c Js 4s 5s]
Seat 2: sketch077 folded before Flop (didn't bet)
Seat 5: arianagray folded before Flop (didn't bet)
Seat 6: mafti (button) showed [Ah 5c] and won ($0.06) with two pair, Fives and Fours
Seat 7: Juthun85 (small blind) showed [Ad 6c] and lost with a pair of Fours
Seat 9: Dorex2007 (big blind) mucked [Tc 7h]



PokerStars Hand #232421955781:  Hold'em No Limit ($0.01/$0.02 USD) - 2021/12/22 0:45:45 PT [2021/12/22 3:45:45 ET]
Table 'Ismene III' 9-max Seat #7 is the button
Seat 2: sketch077 ($2.06 in chips) 
Seat 5: arianagray ($0.98 in chips) 
Seat 6: mafti ($0.62 in chips) 
Seat 7: Juthun85 ($2.75 in chips) 
Seat 9: Dorex2007 ($2 in chips) 
Dorex2007: posts small blind $0.01
sketch077: posts big blind $0.02
*** HOLE CARDS ***
Dealt to Dorex2007 [9s 6d]
arianagray: folds 
mafti: folds 
Juthun85: folds 
Dorex2007: folds 
Uncalled bet ($0.01) returned to sketch077
sketch077 collected $0.02 from pot
sketch077: doesn't show hand 
*** SUMMARY ***
Total pot $0.02 | Rake $0 
Seat 2: sketch077 (big blind) collected ($0.02)
Seat 5: arianagray folded before Flop (didn't bet)
Seat 6: mafti folded before Flop (didn't bet)
Seat 7: Juthun85 (button) folded before Flop (didn't bet)
Seat 9: Dorex2007 (small blind) folded before Flop



PokerStars Hand #232421956792:  Hold'em No Limit ($0.01/$0.02 USD) - 2021/12/22 0:45:50 PT [2021/12/22 3:45:50 ET]
Table 'Ismene III' 9-max Seat #9 is the button
Seat 2: sketch077 ($2.07 in chips) 
Seat 5: arianagray ($0.98 in chips) 
Seat 6: mafti ($0.62 in chips) 
Seat 7: Juthun85 ($2.75 in chips) 
Seat 9: Dorex2007 ($2 in chips) 
sketch077: posts small blind $0.01
arianagray: posts big blind $0.02
*** HOLE CARDS ***
Dealt to Dorex2007 [Ah 6d]
mafti: folds 
Juthun85: folds 
Dorex2007: folds 
sketch077: folds 
Uncalled bet ($0.01) returned to arianagray
arianagray collected $0.02 from pot
*** SUMMARY ***
Total pot $0.02 | Rake $0 
Seat 2: sketch077 (small blind) folded before Flop
Seat 5: arianagray (big blind) collected ($0.02)
Seat 6: mafti folded before Flop (didn't bet)
Seat 7: Juthun85 folded before Flop (didn't bet)
Seat 9: Dorex2007 (button) folded before Flop (didn't bet)



PokerStars Hand #232421958741:  Hold'em No Limit ($0.01/$0.02 USD) - 2021/12/22 0:46:02 PT [2021/12/22 3:46:02 ET]
Table 'Ismene III' 9-max Seat #2 is the button
Seat 2: sketch077 ($2.06 in chips) 
Seat 5: arianagray ($0.99 in chips) 
Seat 6: mafti ($0.62 in chips) 
Seat 7: Juthun85 ($2.75 in chips) 
Seat 9: Dorex2007 ($2 in chips) 
arianagray: posts small blind $0.01
mafti: posts big blind $0.02
*** HOLE CARDS ***
Dealt to Dorex2007 [3s Qd]
Juthun85: raises $0.03 to $0.05
Dorex2007: folds 
sketch077: calls $0.05
arianagray: calls $0.04
mafti: folds 
*** FLOP *** [Kc 2h Kh]
arianagray: bets $0.06
Juthun85: calls $0.06
sketch077: calls $0.06
*** TURN *** [Kc 2h Kh] [2s]
arianagray: checks 
Juthun85: checks 
sketch077: checks 
*** RIVER *** [Kc 2h Kh 2s] [Ks]
arianagray: bets $0.12
Juthun85: calls $0.12
sketch077: calls $0.12
*** SHOW DOWN ***
arianagray: shows [6c 6d] (a full house, Kings full of Sixes)
Juthun85: shows [7d 7s] (a full house, Kings full of Sevens)
sketch077: shows [9s 9d] (a full house, Kings full of Nines)
sketch077 collected $0.69 from pot
*** SUMMARY ***
Total pot $0.71 | Rake $0.02 
Board [Kc 2h Kh 2s Ks]
Seat 2: sketch077 (button) showed [9s 9d] and won ($0.69) with a full house, Kings full of Nines
Seat 5: arianagray (small blind) showed [6c 6d] and lost with a full house, Kings full of Sixes
Seat 6: mafti (big blind) folded before Flop
Seat 7: Juthun85 showed [7d 7s] and lost with a full house, Kings full of Sevens
Seat 9: Dorex2007 folded before Flop (didn't bet)



PokerStars Hand #232421968351:  Hold'em No Limit ($0.01/$0.02 USD) - 2021/12/22 0:47:00 PT [2021/12/22 3:47:00 ET]
Table 'Ismene III' 9-max Seat #5 is the button
Seat 2: sketch077 ($2.52 in chips) 
Seat 5: arianagray ($0.76 in chips) 
Seat 6: mafti ($0.60 in chips) 
Seat 7: Juthun85 ($2.52 in chips) 
Seat 9: Dorex2007 ($2 in chips) 
mafti: posts small blind $0.01
Juthun85: posts big blind $0.02
*** HOLE CARDS ***
Dealt to Dorex2007 [As 6c]
Dorex2007: folds 
sketch077: folds 
arianagray: folds 
mafti: calls $0.01
Juthun85: checks 
*** FLOP *** [9s Jh 5h]
mafti: bets $0.02
Juthun85: folds 
Uncalled bet ($0.02) returned to mafti
mafti collected $0.04 from pot
*** SUMMARY ***
Total pot $0.04 | Rake $0 
Board [9s Jh 5h]
Seat 2: sketch077 folded before Flop (didn't bet)
Seat 5: arianagray (button) folded before Flop (didn't bet)
Seat 6: mafti (small blind) collected ($0.04)
Seat 7: Juthun85 (big blind) folded on the Flop
Seat 9: Dorex2007 folded before Flop (didn't bet)



PokerStars Hand #232421971121:  Hold'em No Limit ($0.01/$0.02 USD) - 2021/12/22 0:47:17 PT [2021/12/22 3:47:17 ET]
Table 'Ismene III' 9-max Seat #6 is the button
Seat 2: sketch077 ($2.52 in chips) 
Seat 5: arianagray ($0.76 in chips) 
Seat 6: mafti ($0.62 in chips) 
Seat 7: Juthun85 ($2.50 in chips) 
Seat 9: Dorex2007 ($2 in chips) 
Juthun85: posts small blind $0.01
Dorex2007: posts big blind $0.02
*** HOLE CARDS ***
Dealt to Dorex2007 [As Ac]
sketch077: folds 
arianagray: folds 
mafti: calls $0.02
Juthun85: folds 
Dorex2007: raises $0.04 to $0.06
mafti: calls $0.04
*** FLOP *** [Qc 6h 5s]
Dorex2007: checks 
mafti: checks 
*** TURN *** [Qc 6h 5s] [8c]
Dorex2007: bets $0.09
mafti: raises $0.09 to $0.18
Dorex2007: calls $0.09
*** RIVER *** [Qc 6h 5s 8c] [2s]
Dorex2007: checks 
mafti: bets $0.12
Dorex2007: raises $0.71 to $0.83
mafti: calls $0.26 and is all-in
Uncalled bet ($0.45) returned to Dorex2007
*** SHOW DOWN ***
Dorex2007: shows [As Ac] (a pair of Aces)
mafti: shows [8h 6d] (two pair, Eights and Sixes)
mafti collected $1.21 from pot
*** SUMMARY ***
Total pot $1.25 | Rake $0.04 
Board [Qc 6h 5s 8c 2s]
Seat 2: sketch077 folded before Flop (didn't bet)
Seat 5: arianagray folded before Flop (didn't bet)
Seat 6: mafti (button) showed [8h 6d] and won ($1.21) with two pair, Eights and Sixes
Seat 7: Juthun85 (small blind) folded before Flop
Seat 9: Dorex2007 (big blind) showed [As Ac] and lost with a pair of Aces



