PokerStars Hand #229948002373:  Hold'em No Limit ($0.01/$0.02 USD) - 2021/09/18 7:51:44 PT [2021/09/18 10:51:44 ET]
Table 'Eurypylos IV' 9-max Seat #2 is the button
Seat 1: Dorex2007 ($2 in chips) 
Seat 2: Upswinggg ($3.37 in chips) 
Seat 3: scottscott99 ($2.26 in chips) 
Seat 4: D4yhawk ($2.90 in chips) 
Seat 5: Santana Carlos ($2.15 in chips) 
Seat 6: VilpPS ($2.01 in chips) 
Seat 8: matearon ($0.83 in chips) 
Seat 9: vladimir5421 ($4.24 in chips) 
scottscott99: posts small blind $0.01
D4yhawk: posts big blind $0.02
santila: sits out 
Dorex2007: posts big blind $0.02
*** HOLE CARDS ***
Dealt to Dorex2007 [Ac 4s]
Santana Carlos: folds 
VilpPS: folds 
matearon: calls $0.02
vladimir5421: calls $0.02
Dorex2007: checks 
Upswinggg: folds 
scottscott99: calls $0.01
D4yhawk: checks 
*** FLOP *** [2c As Kh]
scottscott99: checks 
D4yhawk: checks 
matearon: checks 
vladimir5421: checks 
Dorex2007: bets $0.07
scottscott99: folds 
D4yhawk: folds 
matearon: folds 
vladimir5421: calls $0.07
*** TURN *** [2c As Kh] [Js]
vladimir5421: checks 
Dorex2007: checks 
*** RIVER *** [2c As Kh Js] [3c]
vladimir5421: checks 
Dorex2007: checks 
*** SHOW DOWN ***
vladimir5421: shows [7d Ad] (a pair of Aces)
Dorex2007: mucks hand 
vladimir5421 collected $0.23 from pot
*** SUMMARY ***
Total pot $0.24 | Rake $0.01 
Board [2c As Kh Js 3c]
Seat 1: Dorex2007 mucked [Ac 4s]
Seat 2: Upswinggg (button) folded before Flop (didn't bet)
Seat 3: scottscott99 (small blind) folded on the Flop
Seat 4: D4yhawk (big blind) folded on the Flop
Seat 5: Santana Carlos folded before Flop (didn't bet)
Seat 6: VilpPS folded before Flop (didn't bet)
Seat 8: matearon folded on the Flop
Seat 9: vladimir5421 showed [7d Ad] and won ($0.23) with a pair of Aces



PokerStars Hand #229948026318:  Hold'em No Limit ($0.01/$0.02 USD) - 2021/09/18 7:52:54 PT [2021/09/18 10:52:54 ET]
Table 'Eurypylos IV' 9-max Seat #3 is the button
Seat 1: Dorex2007 ($1.91 in chips) 
Seat 2: Upswinggg ($3.37 in chips) 
Seat 3: scottscott99 ($2.24 in chips) 
Seat 4: D4yhawk ($2.88 in chips) 
Seat 5: Santana Carlos ($2.15 in chips) 
Seat 6: VilpPS ($2.01 in chips) 
Seat 8: matearon ($0.81 in chips) 
Seat 9: vladimir5421 ($4.38 in chips) 
D4yhawk: posts small blind $0.01
Santana Carlos: posts big blind $0.02
santila: sits out 
*** HOLE CARDS ***
Dealt to Dorex2007 [8h Jc]
VilpPS: folds 
matearon: folds 
vladimir5421: folds 
Dorex2007: folds 
Upswinggg: raises $0.04 to $0.06
scottscott99: calls $0.06
D4yhawk: folds 
Santana Carlos: calls $0.04
*** FLOP *** [6s 4c 9h]
Santana Carlos: checks 
Upswinggg: checks 
scottscott99: bets $0.08
Santana Carlos: calls $0.08
Upswinggg: folds 
*** TURN *** [6s 4c 9h] [3d]
Santana Carlos: checks 
scottscott99: bets $0.17
Santana Carlos: calls $0.17
*** RIVER *** [6s 4c 9h 3d] [Kd]
Santana Carlos: checks 
scottscott99: checks 
*** SHOW DOWN ***
Santana Carlos: shows [5c 6h] (a pair of Sixes)
scottscott99: shows [7s 7c] (a pair of Sevens)
scottscott99 collected $0.67 from pot
*** SUMMARY ***
Total pot $0.69 | Rake $0.02 
Board [6s 4c 9h 3d Kd]
Seat 1: Dorex2007 folded before Flop (didn't bet)
Seat 2: Upswinggg folded on the Flop
Seat 3: scottscott99 (button) showed [7s 7c] and won ($0.67) with a pair of Sevens
Seat 4: D4yhawk (small blind) folded before Flop
Seat 5: Santana Carlos (big blind) showed [5c 6h] and lost with a pair of Sixes
Seat 6: VilpPS folded before Flop (didn't bet)
Seat 8: matearon folded before Flop (didn't bet)
Seat 9: vladimir5421 folded before Flop (didn't bet)



PokerStars Hand #229948044951:  Hold'em No Limit ($0.01/$0.02 USD) - 2021/09/18 7:53:48 PT [2021/09/18 10:53:48 ET]
Table 'Eurypylos IV' 9-max Seat #4 is the button
Seat 1: Dorex2007 ($1.91 in chips) 
Seat 2: Upswinggg ($3.31 in chips) 
Seat 3: scottscott99 ($2.60 in chips) 
Seat 4: D4yhawk ($2.87 in chips) 
Seat 5: Santana Carlos ($2 in chips) 
Seat 6: VilpPS ($2.01 in chips) 
Seat 8: matearon ($0.81 in chips) 
Seat 9: vladimir5421 ($4.38 in chips) 
Santana Carlos: posts small blind $0.01
VilpPS: posts big blind $0.02
santila: sits out 
*** HOLE CARDS ***
Dealt to Dorex2007 [2h Ac]
matearon: folds 
vladimir5421: folds 
Dorex2007: folds 
Upswinggg: raises $0.04 to $0.06
scottscott99: folds 
D4yhawk: folds 
Santana Carlos: calls $0.05
VilpPS: folds 
*** FLOP *** [As Jd Td]
Santana Carlos: checks 
Upswinggg: checks 
*** TURN *** [As Jd Td] [7h]
Santana Carlos: checks 
Upswinggg: bets $0.07
Santana Carlos: calls $0.07
*** RIVER *** [As Jd Td 7h] [9s]
Santana Carlos: checks 
Upswinggg: checks 
*** SHOW DOWN ***
Santana Carlos: shows [Ah 9h] (two pair, Aces and Nines)
Upswinggg: mucks hand 
Santana Carlos collected $0.27 from pot
*** SUMMARY ***
Total pot $0.28 | Rake $0.01 
Board [As Jd Td 7h 9s]
Seat 1: Dorex2007 folded before Flop (didn't bet)
Seat 2: Upswinggg mucked [Ks Jc]
Seat 3: scottscott99 folded before Flop (didn't bet)
Seat 4: D4yhawk (button) folded before Flop (didn't bet)
Seat 5: Santana Carlos (small blind) showed [Ah 9h] and won ($0.27) with two pair, Aces and Nines
Seat 6: VilpPS (big blind) folded before Flop
Seat 8: matearon folded before Flop (didn't bet)
Seat 9: vladimir5421 folded before Flop (didn't bet)



PokerStars Hand #229948059284:  Hold'em No Limit ($0.01/$0.02 USD) - 2021/09/18 7:54:30 PT [2021/09/18 10:54:30 ET]
Table 'Eurypylos IV' 9-max Seat #5 is the button
Seat 1: Dorex2007 ($1.91 in chips) 
Seat 2: Upswinggg ($3.18 in chips) 
Seat 3: scottscott99 ($2.60 in chips) 
Seat 4: D4yhawk ($2.87 in chips) 
Seat 5: Santana Carlos ($2.14 in chips) 
Seat 6: VilpPS ($2 in chips) 
Seat 7: santila ($2 in chips) 
Seat 8: matearon ($0.81 in chips) 
Seat 9: vladimir5421 ($4.38 in chips) 
VilpPS: posts small blind $0.01
santila: posts big blind $0.02
*** HOLE CARDS ***
Dealt to Dorex2007 [As Ks]
matearon: folds 
vladimir5421: folds 
Dorex2007: raises $0.04 to $0.06
Upswinggg: folds 
scottscott99: folds 
D4yhawk: folds 
Santana Carlos: folds 
VilpPS: calls $0.05
santila: folds 
*** FLOP *** [7c Ts 9d]
VilpPS: checks 
Dorex2007: bets $0.09
VilpPS: folds 
Uncalled bet ($0.09) returned to Dorex2007
Dorex2007 collected $0.14 from pot
Dorex2007: doesn't show hand 
*** SUMMARY ***
Total pot $0.14 | Rake $0 
Board [7c Ts 9d]
Seat 1: Dorex2007 collected ($0.14)
Seat 2: Upswinggg folded before Flop (didn't bet)
Seat 3: scottscott99 folded before Flop (didn't bet)
Seat 4: D4yhawk folded before Flop (didn't bet)
Seat 5: Santana Carlos (button) folded before Flop (didn't bet)
Seat 6: VilpPS (small blind) folded on the Flop
Seat 7: santila (big blind) folded before Flop
Seat 8: matearon folded before Flop (didn't bet)
Seat 9: vladimir5421 folded before Flop (didn't bet)



PokerStars Hand #229948070087:  Hold'em No Limit ($0.01/$0.02 USD) - 2021/09/18 7:55:02 PT [2021/09/18 10:55:02 ET]
Table 'Eurypylos IV' 9-max Seat #6 is the button
Seat 1: Dorex2007 ($1.99 in chips) 
Seat 2: Upswinggg ($3.18 in chips) 
Seat 3: scottscott99 ($2.60 in chips) 
Seat 4: D4yhawk ($2.87 in chips) 
Seat 5: Santana Carlos ($2.14 in chips) 
Seat 6: VilpPS ($2 in chips) 
Seat 7: santila ($2 in chips) 
Seat 8: matearon ($0.81 in chips) 
Seat 9: vladimir5421 ($4.38 in chips) 
santila: posts small blind $0.01
matearon: posts big blind $0.02
*** HOLE CARDS ***
Dealt to Dorex2007 [7c 7d]
vladimir5421: folds 
Dorex2007: raises $0.02 to $0.04
Upswinggg: folds 
scottscott99: calls $0.04
D4yhawk: folds 
Santana Carlos: folds 
VilpPS: folds 
santila: folds 
matearon: calls $0.02
*** FLOP *** [8h Ts 6h]
matearon: checks 
Dorex2007: checks 
scottscott99: checks 
*** TURN *** [8h Ts 6h] [Js]
matearon: checks 
Dorex2007: bets $0.09
scottscott99: calls $0.09
matearon: folds 
*** RIVER *** [8h Ts 6h Js] [Kd]
Dorex2007: bets $0.15
scottscott99: calls $0.15
*** SHOW DOWN ***
Dorex2007: shows [7c 7d] (a pair of Sevens)
scottscott99: shows [Kh Qd] (a pair of Kings)
scottscott99 collected $0.59 from pot
*** SUMMARY ***
Total pot $0.61 | Rake $0.02 
Board [8h Ts 6h Js Kd]
Seat 1: Dorex2007 showed [7c 7d] and lost with a pair of Sevens
Seat 2: Upswinggg folded before Flop (didn't bet)
Seat 3: scottscott99 showed [Kh Qd] and won ($0.59) with a pair of Kings
Seat 4: D4yhawk folded before Flop (didn't bet)
Seat 5: Santana Carlos folded before Flop (didn't bet)
Seat 6: VilpPS (button) folded before Flop (didn't bet)
Seat 7: santila (small blind) folded before Flop
Seat 8: matearon (big blind) folded on the Turn
Seat 9: vladimir5421 folded before Flop (didn't bet)



PokerStars Hand #229948085296:  Hold'em No Limit ($0.01/$0.02 USD) - 2021/09/18 7:55:57 PT [2021/09/18 10:55:57 ET]
Table 'Eurypylos IV' 9-max Seat #7 is the button
Seat 1: Dorex2007 ($1.71 in chips) 
Seat 2: Upswinggg ($3.18 in chips) 
Seat 3: scottscott99 ($2.91 in chips) 
Seat 4: D4yhawk ($2.87 in chips) 
Seat 5: Santana Carlos ($2.14 in chips) 
Seat 6: VilpPS ($2 in chips) 
Seat 7: santila ($2 in chips) 
Seat 8: matearon ($0.77 in chips) 
Seat 9: vladimir5421 ($4.38 in chips) 
matearon: posts small blind $0.01
vladimir5421: posts big blind $0.02
*** HOLE CARDS ***
Dealt to Dorex2007 [Kh 8c]
Dorex2007: folds 
Upswinggg: folds 
scottscott99 has timed out
scottscott99: folds 
D4yhawk: folds 
Santana Carlos: folds 
VilpPS: folds 
santila: folds 
matearon: calls $0.01
vladimir5421: checks 
*** FLOP *** [7s Qh 8d]
matearon: checks 
vladimir5421: checks 
*** TURN *** [7s Qh 8d] [Kd]
matearon: checks 
vladimir5421: checks 
*** RIVER *** [7s Qh 8d Kd] [2c]
matearon: checks 
vladimir5421: checks 
*** SHOW DOWN ***
matearon: shows [3h 5s] (high card King)
vladimir5421: shows [6d Ks] (a pair of Kings)
vladimir5421 collected $0.04 from pot
*** SUMMARY ***
Total pot $0.04 | Rake $0 
Board [7s Qh 8d Kd 2c]
Seat 1: Dorex2007 folded before Flop (didn't bet)
Seat 2: Upswinggg folded before Flop (didn't bet)
Seat 3: scottscott99 folded before Flop (didn't bet)
Seat 4: D4yhawk folded before Flop (didn't bet)
Seat 5: Santana Carlos folded before Flop (didn't bet)
Seat 6: VilpPS folded before Flop (didn't bet)
Seat 7: santila (button) folded before Flop (didn't bet)
Seat 8: matearon (small blind) showed [3h 5s] and lost with high card King
Seat 9: vladimir5421 (big blind) showed [6d Ks] and won ($0.04) with a pair of Kings



PokerStars Hand #229948103222:  Hold'em No Limit ($0.01/$0.02 USD) - 2021/09/18 7:57:02 PT [2021/09/18 10:57:02 ET]
Table 'Eurypylos IV' 9-max Seat #8 is the button
Seat 1: Dorex2007 ($2 in chips) 
Seat 2: Upswinggg ($3.18 in chips) 
Seat 3: scottscott99 ($2.91 in chips) 
Seat 4: D4yhawk ($2.87 in chips) 
Seat 5: Santana Carlos ($2.14 in chips) 
Seat 6: VilpPS ($2 in chips) 
Seat 7: santila ($2 in chips) 
Seat 8: matearon ($0.75 in chips) 
Seat 9: vladimir5421 ($4.40 in chips) 
vladimir5421: posts small blind $0.01
Dorex2007: posts big blind $0.02
*** HOLE CARDS ***
Dealt to Dorex2007 [8h 4c]
Upswinggg: folds 
scottscott99: raises $0.04 to $0.06
D4yhawk: folds 
Santana Carlos: folds 
VilpPS: folds 
santila: calls $0.06
matearon: folds 
vladimir5421: folds 
Dorex2007: folds 
*** FLOP *** [Qd 3c 4s]
scottscott99: checks 
santila: bets $0.11
scottscott99: folds 
Uncalled bet ($0.11) returned to santila
santila collected $0.14 from pot
santila: doesn't show hand 
*** SUMMARY ***
Total pot $0.15 | Rake $0.01 
Board [Qd 3c 4s]
Seat 1: Dorex2007 (big blind) folded before Flop
Seat 2: Upswinggg folded before Flop (didn't bet)
Seat 3: scottscott99 folded on the Flop
Seat 4: D4yhawk folded before Flop (didn't bet)
Seat 5: Santana Carlos folded before Flop (didn't bet)
Seat 6: VilpPS folded before Flop (didn't bet)
Seat 7: santila collected ($0.14)
Seat 8: matearon (button) folded before Flop (didn't bet)
Seat 9: vladimir5421 (small blind) folded before Flop



PokerStars Hand #229948109820:  Hold'em No Limit ($0.01/$0.02 USD) - 2021/09/18 7:57:26 PT [2021/09/18 10:57:26 ET]
Table 'Eurypylos IV' 9-max Seat #9 is the button
Seat 1: Dorex2007 ($2 in chips) 
Seat 3: scottscott99 ($2.85 in chips) 
Seat 4: D4yhawk ($2.87 in chips) 
Seat 5: Santana Carlos ($2.14 in chips) 
Seat 6: VilpPS ($2 in chips) 
Seat 7: santila ($2.08 in chips) 
Seat 8: matearon ($0.75 in chips) 
Seat 9: vladimir5421 ($4.39 in chips) 
Dorex2007: posts small blind $0.01
Upswinggg: is sitting out 
scottscott99: posts big blind $0.02
*** HOLE CARDS ***
Dealt to Dorex2007 [3s 4c]
Upswinggg leaves the table
D4yhawk: folds 
Santana Carlos: folds 
VilpPS: folds 
santila: folds 
Spiral_Galax joins the table at seat #2 
matearon: calls $0.02
vladimir5421: calls $0.02
Dorex2007: folds 
scottscott99: raises $0.06 to $0.08
matearon: folds 
vladimir5421: calls $0.06
*** FLOP *** [6h Ts Js]
scottscott99: bets $0.10
vladimir5421: calls $0.10
*** TURN *** [6h Ts Js] [7c]
scottscott99: bets $0.20
vladimir5421: folds 
Uncalled bet ($0.20) returned to scottscott99
scottscott99 collected $0.38 from pot
scottscott99: doesn't show hand 
*** SUMMARY ***
Total pot $0.39 | Rake $0.01 
Board [6h Ts Js 7c]
Seat 1: Dorex2007 (small blind) folded before Flop
Seat 3: scottscott99 (big blind) collected ($0.38)
Seat 4: D4yhawk folded before Flop (didn't bet)
Seat 5: Santana Carlos folded before Flop (didn't bet)
Seat 6: VilpPS folded before Flop (didn't bet)
Seat 7: santila folded before Flop (didn't bet)
Seat 8: matearon folded before Flop
Seat 9: vladimir5421 (button) folded on the Turn



PokerStars Hand #229948126474:  Hold'em No Limit ($0.01/$0.02 USD) - 2021/09/18 7:58:26 PT [2021/09/18 10:58:26 ET]
Table 'Eurypylos IV' 9-max Seat #1 is the button
Seat 1: Dorex2007 ($2 in chips) 
Seat 3: scottscott99 ($3.05 in chips) 
Seat 4: D4yhawk ($2.87 in chips) 
Seat 5: Santana Carlos ($2.14 in chips) 
Seat 6: VilpPS ($2 in chips) 
Seat 7: santila ($2.08 in chips) 
Seat 8: matearon ($0.73 in chips) 
Seat 9: vladimir5421 ($4.21 in chips) 
scottscott99: posts small blind $0.01
D4yhawk: posts big blind $0.02
*** HOLE CARDS ***
Dealt to Dorex2007 [Td 5c]
Santana Carlos: folds 
VilpPS: folds 
santila: folds 
matearon: folds 
vladimir5421: folds 
Dorex2007: folds 
scottscott99: raises $0.04 to $0.06
D4yhawk: folds 
Uncalled bet ($0.04) returned to scottscott99
scottscott99 collected $0.04 from pot
scottscott99: doesn't show hand 
*** SUMMARY ***
Total pot $0.04 | Rake $0 
Seat 1: Dorex2007 (button) folded before Flop (didn't bet)
Seat 3: scottscott99 (small blind) collected ($0.04)
Seat 4: D4yhawk (big blind) folded before Flop
Seat 5: Santana Carlos folded before Flop (didn't bet)
Seat 6: VilpPS folded before Flop (didn't bet)
Seat 7: santila folded before Flop (didn't bet)
Seat 8: matearon folded before Flop (didn't bet)
Seat 9: vladimir5421 folded before Flop (didn't bet)



PokerStars Hand #229948131293:  Hold'em No Limit ($0.01/$0.02 USD) - 2021/09/18 7:58:43 PT [2021/09/18 10:58:43 ET]
Table 'Eurypylos IV' 9-max Seat #3 is the button
Seat 1: Dorex2007 ($2 in chips) 
Seat 3: scottscott99 ($3.07 in chips) 
Seat 4: D4yhawk ($2.85 in chips) 
Seat 5: Santana Carlos ($2.14 in chips) 
Seat 6: VilpPS ($2 in chips) 
Seat 7: santila ($2.08 in chips) 
Seat 8: matearon ($0.73 in chips) 
Seat 9: vladimir5421 ($4.21 in chips) 
D4yhawk: posts small blind $0.01
Santana Carlos: posts big blind $0.02
Spiral_Galax: sits out 
*** HOLE CARDS ***
Dealt to Dorex2007 [7s Ac]
VilpPS: folds 
santila: folds 
matearon: folds 
vladimir5421: folds 
Dorex2007: folds 
scottscott99: folds 
D4yhawk: folds 
Uncalled bet ($0.01) returned to Santana Carlos
Santana Carlos collected $0.02 from pot
*** SUMMARY ***
Total pot $0.02 | Rake $0 
Seat 1: Dorex2007 folded before Flop (didn't bet)
Seat 3: scottscott99 (button) folded before Flop (didn't bet)
Seat 4: D4yhawk (small blind) folded before Flop
Seat 5: Santana Carlos (big blind) collected ($0.02)
Seat 6: VilpPS folded before Flop (didn't bet)
Seat 7: santila folded before Flop (didn't bet)
Seat 8: matearon folded before Flop (didn't bet)
Seat 9: vladimir5421 folded before Flop (didn't bet)



PokerStars Hand #229948136239:  Hold'em No Limit ($0.01/$0.02 USD) - 2021/09/18 7:59:01 PT [2021/09/18 10:59:01 ET]
Table 'Eurypylos IV' 9-max Seat #4 is the button
Seat 1: Dorex2007 ($2 in chips) 
Seat 3: scottscott99 ($3.07 in chips) 
Seat 4: D4yhawk ($2.84 in chips) 
Seat 5: Santana Carlos ($2.15 in chips) 
Seat 6: VilpPS ($2 in chips) 
Seat 7: santila ($2.08 in chips) 
Seat 8: matearon ($0.73 in chips) 
Seat 9: vladimir5421 ($4.21 in chips) 
Santana Carlos: posts small blind $0.01
VilpPS: posts big blind $0.02
Spiral_Galax: sits out 
*** HOLE CARDS ***
Dealt to Dorex2007 [7c 7s]
santila: folds 
matearon: folds 
vladimir5421: folds 
Dorex2007: raises $0.04 to $0.06
scottscott99: folds 
D4yhawk: folds 
Santana Carlos: folds 
VilpPS: calls $0.04
*** FLOP *** [Ac Kc Ah]
VilpPS: checks 
Dorex2007: checks 
*** TURN *** [Ac Kc Ah] [4d]
VilpPS: checks 
Dorex2007: bets $0.07
VilpPS: folds 
Uncalled bet ($0.07) returned to Dorex2007
Dorex2007 collected $0.13 from pot
Dorex2007: doesn't show hand 
*** SUMMARY ***
Total pot $0.13 | Rake $0 
Board [Ac Kc Ah 4d]
Seat 1: Dorex2007 collected ($0.13)
Seat 3: scottscott99 folded before Flop (didn't bet)
Seat 4: D4yhawk (button) folded before Flop (didn't bet)
Seat 5: Santana Carlos (small blind) folded before Flop
Seat 6: VilpPS (big blind) folded on the Turn
Seat 7: santila folded before Flop (didn't bet)
Seat 8: matearon folded before Flop (didn't bet)
Seat 9: vladimir5421 folded before Flop (didn't bet)



PokerStars Hand #229948147719:  Hold'em No Limit ($0.01/$0.02 USD) - 2021/09/18 7:59:43 PT [2021/09/18 10:59:43 ET]
Table 'Eurypylos IV' 9-max Seat #5 is the button
Seat 1: Dorex2007 ($2.07 in chips) 
Seat 3: scottscott99 ($3.07 in chips) 
Seat 4: D4yhawk ($2.84 in chips) 
Seat 5: Santana Carlos ($2.14 in chips) 
Seat 6: VilpPS ($2 in chips) 
Seat 7: santila ($2.08 in chips) 
Seat 8: matearon ($0.73 in chips) 
Seat 9: vladimir5421 ($4.21 in chips) 
VilpPS: posts small blind $0.01
santila: posts big blind $0.02
Spiral_Galax: sits out 
*** HOLE CARDS ***
Dealt to Dorex2007 [Qc 3h]
matearon: folds 
vladimir5421: raises $0.04 to $0.06
Dorex2007: folds 
scottscott99: folds 
D4yhawk: folds 
Santana Carlos: folds 
VilpPS: folds 
santila: folds 
Uncalled bet ($0.04) returned to vladimir5421
vladimir5421 collected $0.05 from pot
vladimir5421: doesn't show hand 
*** SUMMARY ***
Total pot $0.05 | Rake $0 
Seat 1: Dorex2007 folded before Flop (didn't bet)
Seat 3: scottscott99 folded before Flop (didn't bet)
Seat 4: D4yhawk folded before Flop (didn't bet)
Seat 5: Santana Carlos (button) folded before Flop (didn't bet)
Seat 6: VilpPS (small blind) folded before Flop
Seat 7: santila (big blind) folded before Flop
Seat 8: matearon folded before Flop (didn't bet)
Seat 9: vladimir5421 collected ($0.05)



PokerStars Hand #229948153558:  Hold'em No Limit ($0.01/$0.02 USD) - 2021/09/18 8:00:04 PT [2021/09/18 11:00:04 ET]
Table 'Eurypylos IV' 9-max Seat #6 is the button
Seat 1: Dorex2007 ($2.07 in chips) 
Seat 3: scottscott99 ($3.07 in chips) 
Seat 4: D4yhawk ($2.84 in chips) 
Seat 5: Santana Carlos ($2.14 in chips) 
Seat 6: VilpPS ($2 in chips) 
Seat 7: santila ($2.06 in chips) 
Seat 8: matearon ($0.73 in chips) 
Seat 9: vladimir5421 ($4.24 in chips) 
santila: posts small blind $0.01
matearon: posts big blind $0.02
Spiral_Galax: sits out 
*** HOLE CARDS ***
Dealt to Dorex2007 [6s Qs]
vladimir5421: folds 
Dorex2007: folds 
scottscott99: raises $0.04 to $0.06
D4yhawk: folds 
Santana Carlos: calls $0.06
VilpPS: folds 
santila: raises $0.20 to $0.26
matearon: folds 
scottscott99: folds 
Santana Carlos: folds 
Uncalled bet ($0.20) returned to santila
santila collected $0.20 from pot
santila: doesn't show hand 
*** SUMMARY ***
Total pot $0.20 | Rake $0 
Seat 1: Dorex2007 folded before Flop (didn't bet)
Seat 3: scottscott99 folded before Flop
Seat 4: D4yhawk folded before Flop (didn't bet)
Seat 5: Santana Carlos folded before Flop
Seat 6: VilpPS (button) folded before Flop (didn't bet)
Seat 7: santila (small blind) collected ($0.20)
Seat 8: matearon (big blind) folded before Flop
Seat 9: vladimir5421 folded before Flop (didn't bet)



PokerStars Hand #229948164997:  Hold'em No Limit ($0.01/$0.02 USD) - 2021/09/18 8:00:44 PT [2021/09/18 11:00:44 ET]
Table 'Eurypylos IV' 9-max Seat #7 is the button
Seat 1: Dorex2007 ($2.07 in chips) 
Seat 3: scottscott99 ($3.01 in chips) 
Seat 4: D4yhawk ($2.84 in chips) 
Seat 5: Santana Carlos ($2.08 in chips) 
Seat 6: VilpPS ($2 in chips) 
Seat 7: santila ($2.20 in chips) 
Seat 8: matearon ($0.71 in chips) 
Seat 9: vladimir5421 ($4.24 in chips) 
matearon: posts small blind $0.01
vladimir5421: posts big blind $0.02
Spiral_Galax: sits out 
*** HOLE CARDS ***
Dealt to Dorex2007 [Ks 5s]
Dorex2007: folds 
scottscott99: folds 
D4yhawk: folds 
Santana Carlos: folds 
VilpPS: folds 
santila: raises $0.03 to $0.05
matearon: folds 
vladimir5421: calls $0.03
*** FLOP *** [3s 2c Qc]
vladimir5421: bets $0.08
santila: folds 
Uncalled bet ($0.08) returned to vladimir5421
vladimir5421 collected $0.11 from pot
vladimir5421: doesn't show hand 
*** SUMMARY ***
Total pot $0.11 | Rake $0 
Board [3s 2c Qc]
Seat 1: Dorex2007 folded before Flop (didn't bet)
Seat 3: scottscott99 folded before Flop (didn't bet)
Seat 4: D4yhawk folded before Flop (didn't bet)
Seat 5: Santana Carlos folded before Flop (didn't bet)
Seat 6: VilpPS folded before Flop (didn't bet)
Seat 7: santila (button) folded on the Flop
Seat 8: matearon (small blind) folded before Flop
Seat 9: vladimir5421 (big blind) collected ($0.11)



PokerStars Hand #229948174858:  Hold'em No Limit ($0.01/$0.02 USD) - 2021/09/18 8:01:15 PT [2021/09/18 11:01:15 ET]
Table 'Eurypylos IV' 9-max Seat #8 is the button
Seat 1: Dorex2007 ($2.07 in chips) 
Seat 3: scottscott99 ($3.01 in chips) 
Seat 4: D4yhawk ($2.84 in chips) 
Seat 5: Santana Carlos ($2.08 in chips) 
Seat 6: VilpPS ($2 in chips) 
Seat 7: santila ($2.15 in chips) 
Seat 8: matearon ($0.70 in chips) 
Seat 9: vladimir5421 ($4.30 in chips) 
vladimir5421: posts small blind $0.01
Dorex2007: posts big blind $0.02
Spiral_Galax: sits out 
*** HOLE CARDS ***
Dealt to Dorex2007 [2c 7s]
scottscott99: folds 
D4yhawk: folds 
Santana Carlos: folds 
VilpPS: folds 
santila: folds 
matearon: calls $0.02
vladimir5421: calls $0.01
Dorex2007: checks 
*** FLOP *** [Ts 4c 3c]
vladimir5421: checks 
Dorex2007: checks 
matearon: bets $0.04
vladimir5421: folds 
Dorex2007: folds 
Uncalled bet ($0.04) returned to matearon
matearon collected $0.06 from pot
matearon: doesn't show hand 
*** SUMMARY ***
Total pot $0.06 | Rake $0 
Board [Ts 4c 3c]
Seat 1: Dorex2007 (big blind) folded on the Flop
Seat 3: scottscott99 folded before Flop (didn't bet)
Seat 4: D4yhawk folded before Flop (didn't bet)
Seat 5: Santana Carlos folded before Flop (didn't bet)
Seat 6: VilpPS folded before Flop (didn't bet)
Seat 7: santila folded before Flop (didn't bet)
Seat 8: matearon (button) collected ($0.06)
Seat 9: vladimir5421 (small blind) folded on the Flop



PokerStars Hand #229948190682:  Hold'em No Limit ($0.01/$0.02 USD) - 2021/09/18 8:02:04 PT [2021/09/18 11:02:04 ET]
Table 'Eurypylos IV' 9-max Seat #9 is the button
Seat 1: Dorex2007 ($2.05 in chips) 
Seat 2: Spiral_Galax ($1 in chips) 
Seat 3: scottscott99 ($3.01 in chips) 
Seat 4: D4yhawk ($2.84 in chips) 
Seat 5: Santana Carlos ($2.08 in chips) 
Seat 6: VilpPS ($2 in chips) 
Seat 7: santila ($2.15 in chips) 
Seat 8: matearon ($0.74 in chips) 
Seat 9: vladimir5421 ($4.28 in chips) 
Dorex2007: posts small blind $0.01
Spiral_Galax: posts big blind $0.02
*** HOLE CARDS ***
Dealt to Dorex2007 [Tc Td]
scottscott99: folds 
D4yhawk: folds 
Santana Carlos: calls $0.02
VilpPS: folds 
santila: folds 
matearon: folds 
vladimir5421: folds 
Dorex2007: raises $0.08 to $0.10
Spiral_Galax: folds 
Santana Carlos: calls $0.08
*** FLOP *** [Ts 6c 4h]
Dorex2007: checks 
Santana Carlos: checks 
*** TURN *** [Ts 6c 4h] [6d]
Dorex2007: bets $0.11
Santana Carlos: calls $0.11
*** RIVER *** [Ts 6c 4h 6d] [Qh]
Dorex2007: checks 
Santana Carlos: checks 
*** SHOW DOWN ***
Dorex2007: shows [Tc Td] (a full house, Tens full of Sixes)
Santana Carlos: mucks hand 
Dorex2007 collected $0.42 from pot
*** SUMMARY ***
Total pot $0.44 | Rake $0.02 
Board [Ts 6c 4h 6d Qh]
Seat 1: Dorex2007 (small blind) showed [Tc Td] and won ($0.42) with a full house, Tens full of Sixes
Seat 2: Spiral_Galax (big blind) folded before Flop
Seat 3: scottscott99 folded before Flop (didn't bet)
Seat 4: D4yhawk folded before Flop (didn't bet)
Seat 5: Santana Carlos mucked [Ad Th]
Seat 6: VilpPS folded before Flop (didn't bet)
Seat 7: santila folded before Flop (didn't bet)
Seat 8: matearon folded before Flop (didn't bet)
Seat 9: vladimir5421 (button) folded before Flop (didn't bet)



PokerStars Hand #229948208150:  Hold'em No Limit ($0.01/$0.02 USD) - 2021/09/18 8:02:55 PT [2021/09/18 11:02:55 ET]
Table 'Eurypylos IV' 9-max Seat #1 is the button
Seat 1: Dorex2007 ($2.26 in chips) 
Seat 2: Spiral_Galax ($0.98 in chips) 
Seat 3: scottscott99 ($3.01 in chips) 
Seat 4: D4yhawk ($2.84 in chips) 
Seat 5: Santana Carlos ($2 in chips) 
Seat 6: VilpPS ($2 in chips) 
Seat 7: santila ($2.15 in chips) 
Seat 8: matearon ($0.74 in chips) 
Seat 9: vladimir5421 ($4.28 in chips) 
Spiral_Galax: posts small blind $0.01
scottscott99: posts big blind $0.02
*** HOLE CARDS ***
Dealt to Dorex2007 [9c Qd]
D4yhawk: folds 
Santana Carlos: calls $0.02
VilpPS: folds 
santila: folds 
matearon: folds 
vladimir5421: folds 
Dorex2007: folds 
Spiral_Galax: folds 
scottscott99: checks 
*** FLOP *** [7s 6d Kh]
scottscott99: checks 
Santana Carlos: bets $0.02
scottscott99: folds 
Uncalled bet ($0.02) returned to Santana Carlos
Santana Carlos collected $0.05 from pot
*** SUMMARY ***
Total pot $0.05 | Rake $0 
Board [7s 6d Kh]
Seat 1: Dorex2007 (button) folded before Flop (didn't bet)
Seat 2: Spiral_Galax (small blind) folded before Flop
Seat 3: scottscott99 (big blind) folded on the Flop
Seat 4: D4yhawk folded before Flop (didn't bet)
Seat 5: Santana Carlos collected ($0.05)
Seat 6: VilpPS folded before Flop (didn't bet)
Seat 7: santila folded before Flop (didn't bet)
Seat 8: matearon folded before Flop (didn't bet)
Seat 9: vladimir5421 folded before Flop (didn't bet)



PokerStars Hand #229948224014:  Hold'em No Limit ($0.01/$0.02 USD) - 2021/09/18 8:03:40 PT [2021/09/18 11:03:40 ET]
Table 'Eurypylos IV' 9-max Seat #2 is the button
Seat 1: Dorex2007 ($2.26 in chips) 
Seat 2: Spiral_Galax ($0.97 in chips) 
Seat 3: scottscott99 ($2.99 in chips) 
Seat 4: D4yhawk ($2.84 in chips) 
Seat 5: Santana Carlos ($2.03 in chips) 
Seat 6: VilpPS ($2 in chips) 
Seat 7: santila ($2.15 in chips) 
Seat 8: matearon ($0.74 in chips) 
Seat 9: vladimir5421 ($4.28 in chips) 
scottscott99: posts small blind $0.01
D4yhawk: posts big blind $0.02
*** HOLE CARDS ***
Dealt to Dorex2007 [Tc 3s]
Santana Carlos: calls $0.02
VilpPS: folds 
santila: folds 
matearon: folds 
vladimir5421: folds 
Dorex2007: folds 
Spiral_Galax: calls $0.02
scottscott99: calls $0.01
D4yhawk: checks 
*** FLOP *** [2s 9h 8s]
scottscott99: checks 
D4yhawk: checks 
Santana Carlos: checks 
Spiral_Galax: bets $0.08
scottscott99: folds 
D4yhawk: folds 
Santana Carlos: folds 
Uncalled bet ($0.08) returned to Spiral_Galax
Spiral_Galax collected $0.08 from pot
*** SUMMARY ***
Total pot $0.08 | Rake $0 
Board [2s 9h 8s]
Seat 1: Dorex2007 folded before Flop (didn't bet)
Seat 2: Spiral_Galax (button) collected ($0.08)
Seat 3: scottscott99 (small blind) folded on the Flop
Seat 4: D4yhawk (big blind) folded on the Flop
Seat 5: Santana Carlos folded on the Flop
Seat 6: VilpPS folded before Flop (didn't bet)
Seat 7: santila folded before Flop (didn't bet)
Seat 8: matearon folded before Flop (didn't bet)
Seat 9: vladimir5421 folded before Flop (didn't bet)



PokerStars Hand #229948238217:  Hold'em No Limit ($0.01/$0.02 USD) - 2021/09/18 8:04:20 PT [2021/09/18 11:04:20 ET]
Table 'Eurypylos IV' 9-max Seat #3 is the button
Seat 1: Dorex2007 ($2.26 in chips) 
Seat 2: Spiral_Galax ($1.03 in chips) 
Seat 3: scottscott99 ($2.97 in chips) 
Seat 4: D4yhawk ($2.82 in chips) 
Seat 6: VilpPS ($2 in chips) 
Seat 7: santila ($2.15 in chips) 
Seat 8: matearon ($0.74 in chips) 
Seat 9: vladimir5421 ($4.28 in chips) 
D4yhawk: posts small blind $0.01
Santana Carlos: is sitting out 
VilpPS: posts big blind $0.02
*** HOLE CARDS ***
Dealt to Dorex2007 [4c 8h]
santila: folds 
Santana Carlos leaves the table
matearon: folds 
vladimir5421: folds 
Dorex2007: folds 
Spiral_Galax: folds 
scottscott99: folds 
D4yhawk: raises $0.04 to $0.06
VilpPS: folds 
Uncalled bet ($0.04) returned to D4yhawk
D4yhawk collected $0.04 from pot
D4yhawk: doesn't show hand 
*** SUMMARY ***
Total pot $0.04 | Rake $0 
Seat 1: Dorex2007 folded before Flop (didn't bet)
Seat 2: Spiral_Galax folded before Flop (didn't bet)
Seat 3: scottscott99 (button) folded before Flop (didn't bet)
Seat 4: D4yhawk (small blind) collected ($0.04)
Seat 6: VilpPS (big blind) folded before Flop
Seat 7: santila folded before Flop (didn't bet)
Seat 8: matearon folded before Flop (didn't bet)
Seat 9: vladimir5421 folded before Flop (didn't bet)



PokerStars Hand #229948243865:  Hold'em No Limit ($0.01/$0.02 USD) - 2021/09/18 8:04:37 PT [2021/09/18 11:04:37 ET]
Table 'Eurypylos IV' 9-max Seat #4 is the button
Seat 1: Dorex2007 ($2.26 in chips) 
Seat 2: Spiral_Galax ($1.03 in chips) 
Seat 3: scottscott99 ($2.97 in chips) 
Seat 4: D4yhawk ($2.84 in chips) 
Seat 6: VilpPS ($2 in chips) 
Seat 7: santila ($2.15 in chips) 
Seat 8: matearon ($0.74 in chips) 
Seat 9: vladimir5421 ($4.28 in chips) 
VilpPS: posts small blind $0.01
santila: posts big blind $0.02
*** HOLE CARDS ***
Dealt to Dorex2007 [5d 5h]
matearon: calls $0.02
vladimir5421: raises $0.06 to $0.08
Dorex2007: folds 
Spiral_Galax: folds 
scottscott99: folds 
D4yhawk: folds 
VilpPS: folds 
santila: folds 
matearon: folds 
Uncalled bet ($0.06) returned to vladimir5421
vladimir5421 collected $0.07 from pot
vladimir5421: doesn't show hand 
*** SUMMARY ***
Total pot $0.07 | Rake $0 
Seat 1: Dorex2007 folded before Flop (didn't bet)
Seat 2: Spiral_Galax folded before Flop (didn't bet)
Seat 3: scottscott99 folded before Flop (didn't bet)
Seat 4: D4yhawk (button) folded before Flop (didn't bet)
Seat 6: VilpPS (small blind) folded before Flop
Seat 7: santila (big blind) folded before Flop
Seat 8: matearon folded before Flop
Seat 9: vladimir5421 collected ($0.07)



PokerStars Hand #229948253195:  Hold'em No Limit ($0.01/$0.02 USD) - 2021/09/18 8:05:03 PT [2021/09/18 11:05:03 ET]
Table 'Eurypylos IV' 9-max Seat #6 is the button
Seat 1: Dorex2007 ($2.26 in chips) 
Seat 2: Spiral_Galax ($1.03 in chips) 
Seat 3: scottscott99 ($2.97 in chips) 
Seat 4: D4yhawk ($2.84 in chips) 
Seat 6: VilpPS ($2 in chips) 
Seat 7: santila ($2.13 in chips) 
Seat 9: vladimir5421 ($4.33 in chips) 
santila: posts small blind $0.01
matearon: is sitting out 
vladimir5421: posts big blind $0.02
*** HOLE CARDS ***
Dealt to Dorex2007 [2s Qs]
Zog Buster joins the table at seat #5 
Dorex2007: folds 
Spiral_Galax: raises $0.02 to $0.04
scottscott99: folds 
D4yhawk: folds 
VilpPS: folds 
santila: folds 
vladimir5421: folds 
Uncalled bet ($0.02) returned to Spiral_Galax
Spiral_Galax collected $0.05 from pot
*** SUMMARY ***
Total pot $0.05 | Rake $0 
Seat 1: Dorex2007 folded before Flop (didn't bet)
Seat 2: Spiral_Galax collected ($0.05)
Seat 3: scottscott99 folded before Flop (didn't bet)
Seat 4: D4yhawk folded before Flop (didn't bet)
Seat 6: VilpPS (button) folded before Flop (didn't bet)
Seat 7: santila (small blind) folded before Flop
Seat 9: vladimir5421 (big blind) folded before Flop



PokerStars Hand #229948262849:  Hold'em No Limit ($0.01/$0.02 USD) - 2021/09/18 8:05:30 PT [2021/09/18 11:05:30 ET]
Table 'Eurypylos IV' 9-max Seat #7 is the button
Seat 1: Dorex2007 ($2.26 in chips) 
Seat 2: Spiral_Galax ($1.06 in chips) 
Seat 3: scottscott99 ($2.97 in chips) 
Seat 4: D4yhawk ($2.84 in chips) 
Seat 6: VilpPS ($2 in chips) 
Seat 7: santila ($2.12 in chips) 
Seat 9: vladimir5421 ($4.31 in chips) 
vladimir5421: posts small blind $0.01
Dorex2007: posts big blind $0.02
Zog Buster: sits out 
*** HOLE CARDS ***
Dealt to Dorex2007 [Qd 2d]
Spiral_Galax: calls $0.02
scottscott99: folds 
D4yhawk: folds 
VilpPS: folds 
santila: folds 
vladimir5421: calls $0.01
Dorex2007: checks 
*** FLOP *** [6d 8d 6s]
vladimir5421: checks 
Dorex2007: bets $0.04
Spiral_Galax: folds 
vladimir5421: calls $0.04
*** TURN *** [6d 8d 6s] [5s]
vladimir5421: checks 
Dorex2007: bets $0.07
vladimir5421: calls $0.07
*** RIVER *** [6d 8d 6s 5s] [As]
vladimir5421: checks 
Dorex2007: bets $0.18
vladimir5421: folds 
Uncalled bet ($0.18) returned to Dorex2007
Dorex2007 collected $0.27 from pot
Dorex2007: doesn't show hand 
*** SUMMARY ***
Total pot $0.28 | Rake $0.01 
Board [6d 8d 6s 5s As]
Seat 1: Dorex2007 (big blind) collected ($0.27)
Seat 2: Spiral_Galax folded on the Flop
Seat 3: scottscott99 folded before Flop (didn't bet)
Seat 4: D4yhawk folded before Flop (didn't bet)
Seat 6: VilpPS folded before Flop (didn't bet)
Seat 7: santila (button) folded before Flop (didn't bet)
Seat 9: vladimir5421 (small blind) folded on the River



PokerStars Hand #229948287815:  Hold'em No Limit ($0.01/$0.02 USD) - 2021/09/18 8:06:38 PT [2021/09/18 11:06:38 ET]
Table 'Eurypylos IV' 9-max Seat #9 is the button
Seat 1: Dorex2007 ($2.40 in chips) 
Seat 2: Spiral_Galax ($1.04 in chips) 
Seat 3: scottscott99 ($2.97 in chips) 
Seat 4: D4yhawk ($2.84 in chips) 
Seat 6: VilpPS ($2 in chips) 
Seat 7: santila ($2.12 in chips) 
Seat 9: vladimir5421 ($4.18 in chips) 
Dorex2007: posts small blind $0.01
Spiral_Galax: posts big blind $0.02
Zog Buster: sits out 
matearon: sits out 
*** HOLE CARDS ***
Dealt to Dorex2007 [8h Td]
scottscott99: raises $0.04 to $0.06
D4yhawk: folds 
VilpPS: folds 
santila: folds 
vladimir5421: folds 
Dorex2007: folds 
Spiral_Galax: folds 
Uncalled bet ($0.04) returned to scottscott99
scottscott99 collected $0.05 from pot
scottscott99: doesn't show hand 
*** SUMMARY ***
Total pot $0.05 | Rake $0 
Seat 1: Dorex2007 (small blind) folded before Flop
Seat 2: Spiral_Galax (big blind) folded before Flop
Seat 3: scottscott99 collected ($0.05)
Seat 4: D4yhawk folded before Flop (didn't bet)
Seat 6: VilpPS folded before Flop (didn't bet)
Seat 7: santila folded before Flop (didn't bet)
Seat 9: vladimir5421 (button) folded before Flop (didn't bet)



PokerStars Hand #229948295653:  Hold'em No Limit ($0.01/$0.02 USD) - 2021/09/18 8:07:00 PT [2021/09/18 11:07:00 ET]
Table 'Eurypylos IV' 9-max Seat #1 is the button
Seat 1: Dorex2007 ($2.39 in chips) 
Seat 2: Spiral_Galax ($1.02 in chips) 
Seat 3: scottscott99 ($3 in chips) 
Seat 4: D4yhawk ($2.84 in chips) 
Seat 6: VilpPS ($2 in chips) 
Seat 7: santila ($2.12 in chips) 
Seat 9: vladimir5421 ($4.18 in chips) 
Spiral_Galax: posts small blind $0.01
scottscott99: posts big blind $0.02
Zog Buster: sits out 
matearon: sits out 
*** HOLE CARDS ***
Dealt to Dorex2007 [9s 8s]
D4yhawk: folds 
VilpPS: folds 
santila: folds 
vladimir5421: raises $0.04 to $0.06
Dorex2007: calls $0.06
Spiral_Galax: folds 
scottscott99: folds 
*** FLOP *** [2s 9c Kh]
vladimir5421: checks 
Dorex2007: bets $0.09
vladimir5421: folds 
Uncalled bet ($0.09) returned to Dorex2007
Dorex2007 collected $0.14 from pot
Dorex2007: doesn't show hand 
*** SUMMARY ***
Total pot $0.15 | Rake $0.01 
Board [2s 9c Kh]
Seat 1: Dorex2007 (button) collected ($0.14)
Seat 2: Spiral_Galax (small blind) folded before Flop
Seat 3: scottscott99 (big blind) folded before Flop
Seat 4: D4yhawk folded before Flop (didn't bet)
Seat 6: VilpPS folded before Flop (didn't bet)
Seat 7: santila folded before Flop (didn't bet)
Seat 9: vladimir5421 folded on the Flop



PokerStars Hand #229948309750:  Hold'em No Limit ($0.01/$0.02 USD) - 2021/09/18 8:07:39 PT [2021/09/18 11:07:39 ET]
Table 'Eurypylos IV' 9-max Seat #2 is the button
Seat 1: Dorex2007 ($2.47 in chips) 
Seat 2: Spiral_Galax ($1.01 in chips) 
Seat 3: scottscott99 ($2.98 in chips) 
Seat 4: D4yhawk ($2.84 in chips) 
Seat 6: VilpPS ($2 in chips) 
Seat 7: santila ($2.12 in chips) 
Seat 9: vladimir5421 ($4.12 in chips) 
scottscott99: posts small blind $0.01
D4yhawk: posts big blind $0.02
Zog Buster: sits out 
matearon: sits out 
*** HOLE CARDS ***
Dealt to Dorex2007 [Kh Js]
VilpPS: folds 
santila: folds 
vladimir5421: raises $0.04 to $0.06
Dorex2007: folds 
Spiral_Galax: folds 
scottscott99: folds 
D4yhawk: folds 
Uncalled bet ($0.04) returned to vladimir5421
vladimir5421 collected $0.05 from pot
vladimir5421: doesn't show hand 
*** SUMMARY ***
Total pot $0.05 | Rake $0 
Seat 1: Dorex2007 folded before Flop (didn't bet)
Seat 2: Spiral_Galax (button) folded before Flop (didn't bet)
Seat 3: scottscott99 (small blind) folded before Flop
Seat 4: D4yhawk (big blind) folded before Flop
Seat 6: VilpPS folded before Flop (didn't bet)
Seat 7: santila folded before Flop (didn't bet)
Seat 9: vladimir5421 collected ($0.05)



PokerStars Hand #229948320463:  Hold'em No Limit ($0.01/$0.02 USD) - 2021/09/18 8:08:08 PT [2021/09/18 11:08:08 ET]
Table 'Eurypylos IV' 9-max Seat #3 is the button
Seat 1: Dorex2007 ($2.47 in chips) 
Seat 2: Spiral_Galax ($1.01 in chips) 
Seat 3: scottscott99 ($2.97 in chips) 
Seat 4: D4yhawk ($2.82 in chips) 
Seat 5: Zog Buster ($2 in chips) 
Seat 6: VilpPS ($2 in chips) 
Seat 7: santila ($2.12 in chips) 
Seat 9: vladimir5421 ($4.15 in chips) 
D4yhawk: posts small blind $0.01
Zog Buster: posts big blind $0.02
matearon: sits out 
*** HOLE CARDS ***
Dealt to Dorex2007 [Kh 2d]
VilpPS: folds 
santila: folds 
vladimir5421: folds 
Dorex2007: folds 
Spiral_Galax: folds 
scottscott99: folds 
D4yhawk: folds 
Uncalled bet ($0.01) returned to Zog Buster
Zog Buster collected $0.02 from pot
*** SUMMARY ***
Total pot $0.02 | Rake $0 
Seat 1: Dorex2007 folded before Flop (didn't bet)
Seat 2: Spiral_Galax folded before Flop (didn't bet)
Seat 3: scottscott99 (button) folded before Flop (didn't bet)
Seat 4: D4yhawk (small blind) folded before Flop
Seat 5: Zog Buster (big blind) collected ($0.02)
Seat 6: VilpPS folded before Flop (didn't bet)
Seat 7: santila folded before Flop (didn't bet)
Seat 9: vladimir5421 folded before Flop (didn't bet)



PokerStars Hand #229948332908:  Hold'em No Limit ($0.01/$0.02 USD) - 2021/09/18 8:08:21 PT [2021/09/18 11:08:21 ET]
Table 'Eurypylos IV' 9-max Seat #4 is the button
Seat 1: Dorex2007 ($2.47 in chips) 
Seat 2: Spiral_Galax ($1.01 in chips) 
Seat 3: scottscott99 ($2.97 in chips) 
Seat 4: D4yhawk ($2.81 in chips) 
Seat 5: Zog Buster ($2.01 in chips) 
Seat 6: VilpPS ($2 in chips) 
Seat 7: santila ($2.12 in chips) 
Seat 9: vladimir5421 ($4.15 in chips) 
Zog Buster: posts small blind $0.01
VilpPS: posts big blind $0.02
matearon: sits out 
*** HOLE CARDS ***
Dealt to Dorex2007 [Th Kd]
santila: folds 
vladimir5421: folds 
Dorex2007: folds 
Spiral_Galax: folds 
scottscott99: folds 
D4yhawk: folds 
Zog Buster: folds 
Uncalled bet ($0.01) returned to VilpPS
VilpPS collected $0.02 from pot
VilpPS: doesn't show hand 
*** SUMMARY ***
Total pot $0.02 | Rake $0 
Seat 1: Dorex2007 folded before Flop (didn't bet)
Seat 2: Spiral_Galax folded before Flop (didn't bet)
Seat 3: scottscott99 folded before Flop (didn't bet)
Seat 4: D4yhawk (button) folded before Flop (didn't bet)
Seat 5: Zog Buster (small blind) folded before Flop
Seat 6: VilpPS (big blind) collected ($0.02)
Seat 7: santila folded before Flop (didn't bet)
Seat 9: vladimir5421 folded before Flop (didn't bet)



PokerStars Hand #229948338133:  Hold'em No Limit ($0.01/$0.02 USD) - 2021/09/18 8:08:36 PT [2021/09/18 11:08:36 ET]
Table 'Eurypylos IV' 9-max Seat #5 is the button
Seat 1: Dorex2007 ($2.47 in chips) 
Seat 2: Spiral_Galax ($1.01 in chips) 
Seat 3: scottscott99 ($2.97 in chips) 
Seat 4: D4yhawk ($2.81 in chips) 
Seat 5: Zog Buster ($2 in chips) 
Seat 6: VilpPS ($2.01 in chips) 
Seat 7: santila ($2.12 in chips) 
Seat 9: vladimir5421 ($4.15 in chips) 
VilpPS: posts small blind $0.01
santila: posts big blind $0.02
matearon: sits out 
*** HOLE CARDS ***
Dealt to Dorex2007 [9h 3h]
vladimir5421: folds 
Dorex2007: folds 
Spiral_Galax: raises $0.04 to $0.06
scottscott99: folds 
D4yhawk: folds 
Zog Buster: folds 
VilpPS: calls $0.05
santila: folds 
*** FLOP *** [7s 4d Kh]
VilpPS: checks 
Spiral_Galax: checks 
*** TURN *** [7s 4d Kh] [Ac]
VilpPS: checks 
Spiral_Galax: checks 
*** RIVER *** [7s 4d Kh Ac] [6h]
VilpPS: checks 
Spiral_Galax: bets $0.06
VilpPS: folds 
Uncalled bet ($0.06) returned to Spiral_Galax
Spiral_Galax collected $0.14 from pot
*** SUMMARY ***
Total pot $0.14 | Rake $0 
Board [7s 4d Kh Ac 6h]
Seat 1: Dorex2007 folded before Flop (didn't bet)
Seat 2: Spiral_Galax collected ($0.14)
Seat 3: scottscott99 folded before Flop (didn't bet)
Seat 4: D4yhawk folded before Flop (didn't bet)
Seat 5: Zog Buster (button) folded before Flop (didn't bet)
Seat 6: VilpPS (small blind) folded on the River
Seat 7: santila (big blind) folded before Flop
Seat 9: vladimir5421 folded before Flop (didn't bet)



PokerStars Hand #229948357892:  Hold'em No Limit ($0.01/$0.02 USD) - 2021/09/18 8:09:30 PT [2021/09/18 11:09:30 ET]
Table 'Eurypylos IV' 9-max Seat #6 is the button
Seat 1: Dorex2007 ($2.47 in chips) 
Seat 2: Spiral_Galax ($1.09 in chips) 
Seat 4: D4yhawk ($2.81 in chips) 
Seat 5: Zog Buster ($2 in chips) 
Seat 6: VilpPS ($2 in chips) 
Seat 7: santila ($2.10 in chips) 
Seat 9: vladimir5421 ($4.15 in chips) 
santila: posts small blind $0.01
matearon: is sitting out 
vladimir5421: posts big blind $0.02
*** HOLE CARDS ***
Dealt to Dorex2007 [Qh 4s]
Dorex2007: folds 
Spiral_Galax: folds 
scottscott99 leaves the table
D4yhawk: folds 
Zog Buster: folds 
VilpPS: folds 
santila: folds 
Uncalled bet ($0.01) returned to vladimir5421
vladimir5421 collected $0.02 from pot
vladimir5421: doesn't show hand 
*** SUMMARY ***
Total pot $0.02 | Rake $0 
Seat 1: Dorex2007 folded before Flop (didn't bet)
Seat 2: Spiral_Galax folded before Flop (didn't bet)
Seat 4: D4yhawk folded before Flop (didn't bet)
Seat 5: Zog Buster folded before Flop (didn't bet)
Seat 6: VilpPS (button) folded before Flop (didn't bet)
Seat 7: santila (small blind) folded before Flop
Seat 9: vladimir5421 (big blind) collected ($0.02)



PokerStars Hand #229948362691:  Hold'em No Limit ($0.01/$0.02 USD) - 2021/09/18 8:09:43 PT [2021/09/18 11:09:43 ET]
Table 'Eurypylos IV' 9-max Seat #7 is the button
Seat 1: Dorex2007 ($2.47 in chips) 
Seat 2: Spiral_Galax ($1.09 in chips) 
Seat 4: D4yhawk ($2.81 in chips) 
Seat 5: Zog Buster ($2 in chips) 
Seat 6: VilpPS ($2 in chips) 
Seat 7: santila ($2.09 in chips) 
Seat 9: vladimir5421 ($4.16 in chips) 
vladimir5421: posts small blind $0.01
Dorex2007: posts big blind $0.02
*** HOLE CARDS ***
Dealt to Dorex2007 [Kh Th]
Spiral_Galax: calls $0.02
D4yhawk: folds 
Zog Buster: folds 
VilpPS: folds 
santila has timed out
santila: folds 
vladimir5421: folds 
Dorex2007: raises $0.08 to $0.10
Spiral_Galax: folds 
Uncalled bet ($0.08) returned to Dorex2007
Dorex2007 collected $0.05 from pot
Dorex2007: doesn't show hand 
*** SUMMARY ***
Total pot $0.05 | Rake $0 
Seat 1: Dorex2007 (big blind) collected ($0.05)
Seat 2: Spiral_Galax folded before Flop
Seat 4: D4yhawk folded before Flop (didn't bet)
Seat 5: Zog Buster folded before Flop (didn't bet)
Seat 6: VilpPS folded before Flop (didn't bet)
Seat 7: santila (button) folded before Flop (didn't bet)
Seat 9: vladimir5421 (small blind) folded before Flop



PokerStars Hand #229948374950:  Hold'em No Limit ($0.01/$0.02 USD) - 2021/09/18 8:10:17 PT [2021/09/18 11:10:17 ET]
Table 'Eurypylos IV' 9-max Seat #9 is the button
Seat 1: Dorex2007 ($2.50 in chips) 
Seat 2: Spiral_Galax ($1.07 in chips) 
Seat 4: D4yhawk ($2.81 in chips) 
Seat 5: Zog Buster ($2 in chips) 
Seat 6: VilpPS ($2 in chips) 
Seat 7: santila ($2.09 in chips) 
Seat 9: vladimir5421 ($4.15 in chips) 
Dorex2007: posts small blind $0.01
Spiral_Galax: posts big blind $0.02
*** HOLE CARDS ***
Dealt to Dorex2007 [7h 6h]
D4yhawk: folds 
Zog Buster: folds 
VilpPS: folds 
santila: folds 
vladimir5421: raises $0.04 to $0.06
Dorex2007: folds 
Spiral_Galax: folds 
Uncalled bet ($0.04) returned to vladimir5421
vladimir5421 collected $0.05 from pot
vladimir5421: doesn't show hand 
*** SUMMARY ***
Total pot $0.05 | Rake $0 
Seat 1: Dorex2007 (small blind) folded before Flop
Seat 2: Spiral_Galax (big blind) folded before Flop
Seat 4: D4yhawk folded before Flop (didn't bet)
Seat 5: Zog Buster folded before Flop (didn't bet)
Seat 6: VilpPS folded before Flop (didn't bet)
Seat 7: santila folded before Flop (didn't bet)
Seat 9: vladimir5421 (button) collected ($0.05)



PokerStars Hand #229948380643:  Hold'em No Limit ($0.01/$0.02 USD) - 2021/09/18 8:10:32 PT [2021/09/18 11:10:32 ET]
Table 'Eurypylos IV' 9-max Seat #1 is the button
Seat 1: Dorex2007 ($2.49 in chips) 
Seat 2: Spiral_Galax ($1.05 in chips) 
Seat 4: D4yhawk ($2.81 in chips) 
Seat 5: Zog Buster ($2 in chips) 
Seat 6: VilpPS ($2 in chips) 
Seat 7: santila ($2.09 in chips) 
Seat 9: vladimir5421 ($4.18 in chips) 
Spiral_Galax: posts small blind $0.01
D4yhawk: posts big blind $0.02
*** HOLE CARDS ***
Dealt to Dorex2007 [Qh 7c]
Zog Buster: folds 
VilpPS: folds 
santila: folds 
vladimir5421: raises $0.04 to $0.06
Dorex2007: folds 
Spiral_Galax: folds 
D4yhawk: folds 
Uncalled bet ($0.04) returned to vladimir5421
vladimir5421 collected $0.05 from pot
vladimir5421: doesn't show hand 
*** SUMMARY ***
Total pot $0.05 | Rake $0 
Seat 1: Dorex2007 (button) folded before Flop (didn't bet)
Seat 2: Spiral_Galax (small blind) folded before Flop
Seat 4: D4yhawk (big blind) folded before Flop
Seat 5: Zog Buster folded before Flop (didn't bet)
Seat 6: VilpPS folded before Flop (didn't bet)
Seat 7: santila folded before Flop (didn't bet)
Seat 9: vladimir5421 collected ($0.05)



PokerStars Hand #229948385930:  Hold'em No Limit ($0.01/$0.02 USD) - 2021/09/18 8:10:47 PT [2021/09/18 11:10:47 ET]
Table 'Eurypylos IV' 9-max Seat #2 is the button
Seat 1: Dorex2007 ($2.49 in chips) 
Seat 2: Spiral_Galax ($1.04 in chips) 
Seat 4: D4yhawk ($2.79 in chips) 
Seat 5: Zog Buster ($2 in chips) 
Seat 6: VilpPS ($2 in chips) 
Seat 7: santila ($2.09 in chips) 
Seat 9: vladimir5421 ($4.21 in chips) 
D4yhawk: posts small blind $0.01
Zog Buster: posts big blind $0.02
*** HOLE CARDS ***
Dealt to Dorex2007 [4c 5d]
VilpPS: folds 
santila: folds 
vladimir5421: folds 
Dorex2007: folds 
Spiral_Galax: raises $0.04 to $0.06
D4yhawk: folds 
Zog Buster: calls $0.04
*** FLOP *** [Qh Qc 5c]
Zog Buster: checks 
Spiral_Galax: bets $0.06
Zog Buster: calls $0.06
*** TURN *** [Qh Qc 5c] [Qd]
Zog Buster: checks 
Spiral_Galax: bets $0.10
Zog Buster: calls $0.10
*** RIVER *** [Qh Qc 5c Qd] [7h]
Zog Buster: checks 
Spiral_Galax: checks 
*** SHOW DOWN ***
Zog Buster: shows [Tc Td] (a full house, Queens full of Tens)
Spiral_Galax: mucks hand 
Zog Buster collected $0.43 from pot
*** SUMMARY ***
Total pot $0.45 | Rake $0.02 
Board [Qh Qc 5c Qd 7h]
Seat 1: Dorex2007 folded before Flop (didn't bet)
Seat 2: Spiral_Galax (button) mucked [3s Ac]
Seat 4: D4yhawk (small blind) folded before Flop
Seat 5: Zog Buster (big blind) showed [Tc Td] and won ($0.43) with a full house, Queens full of Tens
Seat 6: VilpPS folded before Flop (didn't bet)
Seat 7: santila folded before Flop (didn't bet)
Seat 9: vladimir5421 folded before Flop (didn't bet)



PokerStars Hand #229948400192:  Hold'em No Limit ($0.01/$0.02 USD) - 2021/09/18 8:11:26 PT [2021/09/18 11:11:26 ET]
Table 'Eurypylos IV' 9-max Seat #4 is the button
Seat 1: Dorex2007 ($2.49 in chips) 
Seat 2: Spiral_Galax ($0.82 in chips) 
Seat 4: D4yhawk ($2.78 in chips) 
Seat 5: Zog Buster ($2.21 in chips) 
Seat 6: VilpPS ($2 in chips) 
Seat 7: santila ($2.09 in chips) 
Seat 9: vladimir5421 ($4.21 in chips) 
Zog Buster: posts small blind $0.01
VilpPS: posts big blind $0.02
*** HOLE CARDS ***
Dealt to Dorex2007 [Qc Jc]
santila: folds 
vladimir5421: folds 
Dorex2007: raises $0.04 to $0.06
Spiral_Galax: folds 
D4yhawk: folds 
Zog Buster: folds 
VilpPS: folds 
Uncalled bet ($0.04) returned to Dorex2007
Dorex2007 collected $0.05 from pot
Dorex2007: doesn't show hand 
*** SUMMARY ***
Total pot $0.05 | Rake $0 
Seat 1: Dorex2007 collected ($0.05)
Seat 2: Spiral_Galax folded before Flop (didn't bet)
Seat 4: D4yhawk (button) folded before Flop (didn't bet)
Seat 5: Zog Buster (small blind) folded before Flop
Seat 6: VilpPS (big blind) folded before Flop
Seat 7: santila folded before Flop (didn't bet)
Seat 9: vladimir5421 folded before Flop (didn't bet)



PokerStars Hand #229948405973:  Hold'em No Limit ($0.01/$0.02 USD) - 2021/09/18 8:11:41 PT [2021/09/18 11:11:41 ET]
Table 'Eurypylos IV' 9-max Seat #5 is the button
Seat 1: Dorex2007 ($2.52 in chips) 
Seat 2: Spiral_Galax ($0.82 in chips) 
Seat 4: D4yhawk ($2.78 in chips) 
Seat 5: Zog Buster ($2.20 in chips) 
Seat 6: VilpPS ($2 in chips) 
Seat 7: santila ($2.09 in chips) 
Seat 9: vladimir5421 ($4.21 in chips) 
VilpPS: posts small blind $0.01
santila: posts big blind $0.02
*** HOLE CARDS ***
Dealt to Dorex2007 [Jh Qd]
vladimir5421: folds 
Dorex2007: folds 
Spiral_Galax: raises $0.04 to $0.06
D4yhawk: folds 
Zog Buster: folds 
VilpPS: folds 
santila: folds 
Uncalled bet ($0.04) returned to Spiral_Galax
Spiral_Galax collected $0.05 from pot
*** SUMMARY ***
Total pot $0.05 | Rake $0 
Seat 1: Dorex2007 folded before Flop (didn't bet)
Seat 2: Spiral_Galax collected ($0.05)
Seat 4: D4yhawk folded before Flop (didn't bet)
Seat 5: Zog Buster (button) folded before Flop (didn't bet)
Seat 6: VilpPS (small blind) folded before Flop
Seat 7: santila (big blind) folded before Flop
Seat 9: vladimir5421 folded before Flop (didn't bet)



PokerStars Hand #229948413393:  Hold'em No Limit ($0.01/$0.02 USD) - 2021/09/18 8:12:01 PT [2021/09/18 11:12:01 ET]
Table 'Eurypylos IV' 9-max Seat #6 is the button
Seat 1: Dorex2007 ($2.52 in chips) 
Seat 2: Spiral_Galax ($0.85 in chips) 
Seat 4: D4yhawk ($2.78 in chips) 
Seat 5: Zog Buster ($2.20 in chips) 
Seat 6: VilpPS ($2 in chips) 
Seat 7: santila ($2.07 in chips) 
Seat 9: vladimir5421 ($4.21 in chips) 
santila: posts small blind $0.01
vladimir5421: posts big blind $0.02
*** HOLE CARDS ***
Dealt to Dorex2007 [8c 6d]
Dorex2007: folds 
Spiral_Galax: folds 
matearon leaves the table
D4yhawk: folds 
Zog Buster: folds 
VilpPS: folds 
santila: folds 
Uncalled bet ($0.01) returned to vladimir5421
vladimir5421 collected $0.02 from pot
vladimir5421: doesn't show hand 
*** SUMMARY ***
Total pot $0.02 | Rake $0 
Seat 1: Dorex2007 folded before Flop (didn't bet)
Seat 2: Spiral_Galax folded before Flop (didn't bet)
Seat 4: D4yhawk folded before Flop (didn't bet)
Seat 5: Zog Buster folded before Flop (didn't bet)
Seat 6: VilpPS (button) folded before Flop (didn't bet)
Seat 7: santila (small blind) folded before Flop
Seat 9: vladimir5421 (big blind) collected ($0.02)



PokerStars Hand #229948420528:  Hold'em No Limit ($0.01/$0.02 USD) - 2021/09/18 8:12:21 PT [2021/09/18 11:12:21 ET]
Table 'Eurypylos IV' 9-max Seat #7 is the button
Seat 1: Dorex2007 ($2.52 in chips) 
Seat 2: Spiral_Galax ($0.85 in chips) 
Seat 4: D4yhawk ($2.78 in chips) 
Seat 5: Zog Buster ($2.20 in chips) 
Seat 6: VilpPS ($2 in chips) 
Seat 7: santila ($2.06 in chips) 
Seat 9: vladimir5421 ($4.22 in chips) 
vladimir5421: posts small blind $0.01
Dorex2007: posts big blind $0.02
*** HOLE CARDS ***
Dealt to Dorex2007 [Qd Td]
Spiral_Galax: folds 
D4yhawk: folds 
Zog Buster: folds 
VilpPS: folds 
santila: folds 
vladimir5421: folds 
Uncalled bet ($0.01) returned to Dorex2007
Dorex2007 collected $0.02 from pot
Dorex2007: doesn't show hand 
*** SUMMARY ***
Total pot $0.02 | Rake $0 
Seat 1: Dorex2007 (big blind) collected ($0.02)
Seat 2: Spiral_Galax folded before Flop (didn't bet)
Seat 4: D4yhawk folded before Flop (didn't bet)
Seat 5: Zog Buster folded before Flop (didn't bet)
Seat 6: VilpPS folded before Flop (didn't bet)
Seat 7: santila (button) folded before Flop (didn't bet)
Seat 9: vladimir5421 (small blind) folded before Flop



PokerStars Hand #229948433351:  Hold'em No Limit ($0.01/$0.02 USD) - 2021/09/18 8:12:35 PT [2021/09/18 11:12:35 ET]
Table 'Eurypylos IV' 9-max Seat #9 is the button
Seat 1: Dorex2007 ($2.53 in chips) 
Seat 2: Spiral_Galax ($0.85 in chips) 
Seat 4: D4yhawk ($2.78 in chips) 
Seat 5: Zog Buster ($2.20 in chips) 
Seat 6: VilpPS ($2 in chips) 
Seat 7: santila ($2.06 in chips) 
Seat 9: vladimir5421 ($4.21 in chips) 
Dorex2007: posts small blind $0.01
Spiral_Galax: posts big blind $0.02
*** HOLE CARDS ***
Dealt to Dorex2007 [9c 8c]
D4yhawk: folds 
Zog Buster: folds 
VilpPS: raises $0.04 to $0.06
santila: folds 
vladimir5421: folds 
Dorex2007: folds 
Spiral_Galax: folds 
Uncalled bet ($0.04) returned to VilpPS
VilpPS collected $0.05 from pot
VilpPS: doesn't show hand 
*** SUMMARY ***
Total pot $0.05 | Rake $0 
Seat 1: Dorex2007 (small blind) folded before Flop
Seat 2: Spiral_Galax (big blind) folded before Flop
Seat 4: D4yhawk folded before Flop (didn't bet)
Seat 5: Zog Buster folded before Flop (didn't bet)
Seat 6: VilpPS collected ($0.05)
Seat 7: santila folded before Flop (didn't bet)
Seat 9: vladimir5421 (button) folded before Flop (didn't bet)



PokerStars Hand #229948444043:  Hold'em No Limit ($0.01/$0.02 USD) - 2021/09/18 8:13:04 PT [2021/09/18 11:13:04 ET]
Table 'Eurypylos IV' 9-max Seat #1 is the button
Seat 1: Dorex2007 ($2.52 in chips) 
Seat 2: Spiral_Galax ($0.83 in chips) 
Seat 4: D4yhawk ($2.78 in chips) 
Seat 5: Zog Buster ($2.20 in chips) 
Seat 6: VilpPS ($2.03 in chips) 
Seat 7: santila ($2.06 in chips) 
Seat 9: vladimir5421 ($4.21 in chips) 
Spiral_Galax: posts small blind $0.01
D4yhawk: posts big blind $0.02
*** HOLE CARDS ***
Dealt to Dorex2007 [2h Jc]
Zog Buster: folds 
VilpPS: folds 
santila: folds 
vladimir5421: folds 
Dorex2007: folds 
Spiral_Galax: raises $0.04 to $0.06
D4yhawk: folds 
Uncalled bet ($0.04) returned to Spiral_Galax
Spiral_Galax collected $0.04 from pot
*** SUMMARY ***
Total pot $0.04 | Rake $0 
Seat 1: Dorex2007 (button) folded before Flop (didn't bet)
Seat 2: Spiral_Galax (small blind) collected ($0.04)
Seat 4: D4yhawk (big blind) folded before Flop
Seat 5: Zog Buster folded before Flop (didn't bet)
Seat 6: VilpPS folded before Flop (didn't bet)
Seat 7: santila folded before Flop (didn't bet)
Seat 9: vladimir5421 folded before Flop (didn't bet)



PokerStars Hand #229948449041:  Hold'em No Limit ($0.01/$0.02 USD) - 2021/09/18 8:13:18 PT [2021/09/18 11:13:18 ET]
Table 'Eurypylos IV' 9-max Seat #2 is the button
Seat 1: Dorex2007 ($2.52 in chips) 
Seat 2: Spiral_Galax ($0.85 in chips) 
Seat 4: D4yhawk ($2.76 in chips) 
Seat 5: Zog Buster ($2.20 in chips) 
Seat 6: VilpPS ($2.03 in chips) 
Seat 7: santila ($2.06 in chips) 
Seat 9: vladimir5421 ($4.21 in chips) 
D4yhawk: posts small blind $0.01
Zog Buster: posts big blind $0.02
*** HOLE CARDS ***
Dealt to Dorex2007 [6s 6c]
VilpPS: folds 
santila: folds 
vladimir5421: folds 
Dorex2007: raises $0.04 to $0.06
Spiral_Galax: folds 
D4yhawk: folds 
Zog Buster: folds 
Uncalled bet ($0.04) returned to Dorex2007
Dorex2007 collected $0.05 from pot
Dorex2007: doesn't show hand 
*** SUMMARY ***
Total pot $0.05 | Rake $0 
Seat 1: Dorex2007 collected ($0.05)
Seat 2: Spiral_Galax (button) folded before Flop (didn't bet)
Seat 4: D4yhawk (small blind) folded before Flop
Seat 5: Zog Buster (big blind) folded before Flop
Seat 6: VilpPS folded before Flop (didn't bet)
Seat 7: santila folded before Flop (didn't bet)
Seat 9: vladimir5421 folded before Flop (didn't bet)



PokerStars Hand #229948459320:  Hold'em No Limit ($0.01/$0.02 USD) - 2021/09/18 8:13:46 PT [2021/09/18 11:13:46 ET]
Table 'Eurypylos IV' 9-max Seat #4 is the button
Seat 1: Dorex2007 ($2.55 in chips) 
Seat 2: Spiral_Galax ($0.85 in chips) 
Seat 4: D4yhawk ($2.75 in chips) 
Seat 5: Zog Buster ($2.18 in chips) 
Seat 6: VilpPS ($2.03 in chips) 
Seat 7: santila ($2.06 in chips) 
Seat 9: vladimir5421 ($4.21 in chips) 
Zog Buster: posts small blind $0.01
VilpPS: posts big blind $0.02
*** HOLE CARDS ***
Dealt to Dorex2007 [7s As]
santila: folds 
vladimir5421: folds 
Dorex2007: raises $0.04 to $0.06
Spiral_Galax: folds 
D4yhawk: folds 
Zog Buster: folds 
VilpPS: folds 
Uncalled bet ($0.04) returned to Dorex2007
Dorex2007 collected $0.05 from pot
Dorex2007: doesn't show hand 
*** SUMMARY ***
Total pot $0.05 | Rake $0 
Seat 1: Dorex2007 collected ($0.05)
Seat 2: Spiral_Galax folded before Flop (didn't bet)
Seat 4: D4yhawk (button) folded before Flop (didn't bet)
Seat 5: Zog Buster (small blind) folded before Flop
Seat 6: VilpPS (big blind) folded before Flop
Seat 7: santila folded before Flop (didn't bet)
Seat 9: vladimir5421 folded before Flop (didn't bet)



PokerStars Hand #229948464884:  Hold'em No Limit ($0.01/$0.02 USD) - 2021/09/18 8:14:01 PT [2021/09/18 11:14:01 ET]
Table 'Eurypylos IV' 9-max Seat #5 is the button
Seat 1: Dorex2007 ($2.58 in chips) 
Seat 2: Spiral_Galax ($0.85 in chips) 
Seat 4: D4yhawk ($2.75 in chips) 
Seat 5: Zog Buster ($2.17 in chips) 
Seat 6: VilpPS ($2.01 in chips) 
Seat 7: santila ($2.06 in chips) 
Seat 9: vladimir5421 ($4.21 in chips) 
VilpPS: posts small blind $0.01
santila: posts big blind $0.02
*** HOLE CARDS ***
Dealt to Dorex2007 [Qh Jh]
vladimir5421: raises $0.04 to $0.06
Dorex2007: folds 
Spiral_Galax: folds 
D4yhawk: calls $0.06
Zog Buster: folds 
VilpPS: folds 
santila: folds 
*** FLOP *** [4d 8c As]
vladimir5421: bets $0.10
D4yhawk: raises $0.10 to $0.20
vladimir5421: calls $0.10
*** TURN *** [4d 8c As] [6d]
vladimir5421: checks 
D4yhawk: bets $0.20
vladimir5421: calls $0.20
*** RIVER *** [4d 8c As 6d] [7s]
vladimir5421: checks 
D4yhawk: checks 
*** SHOW DOWN ***
vladimir5421: shows [Ks Ad] (a pair of Aces)
D4yhawk: shows [Ac Kc] (a pair of Aces)
vladimir5421 collected $0.46 from pot
D4yhawk collected $0.46 from pot
*** SUMMARY ***
Total pot $0.95 | Rake $0.03 
Board [4d 8c As 6d 7s]
Seat 1: Dorex2007 folded before Flop (didn't bet)
Seat 2: Spiral_Galax folded before Flop (didn't bet)
Seat 4: D4yhawk showed [Ac Kc] and won ($0.46) with a pair of Aces
Seat 5: Zog Buster (button) folded before Flop (didn't bet)
Seat 6: VilpPS (small blind) folded before Flop
Seat 7: santila (big blind) folded before Flop
Seat 9: vladimir5421 showed [Ks Ad] and won ($0.46) with a pair of Aces



PokerStars Hand #229948484672:  Hold'em No Limit ($0.01/$0.02 USD) - 2021/09/18 8:14:55 PT [2021/09/18 11:14:55 ET]
Table 'Eurypylos IV' 9-max Seat #6 is the button
Seat 1: Dorex2007 ($2.58 in chips) 
Seat 2: Spiral_Galax ($0.85 in chips) 
Seat 4: D4yhawk ($2.75 in chips) 
Seat 5: Zog Buster ($2.17 in chips) 
Seat 6: VilpPS ($2 in chips) 
Seat 7: santila ($2.04 in chips) 
Seat 9: vladimir5421 ($4.21 in chips) 
santila: posts small blind $0.01
vladimir5421: posts big blind $0.02
*** HOLE CARDS ***
Dealt to Dorex2007 [5d 7h]
Dorex2007: folds 
Spiral_Galax: folds 
D4yhawk: folds 
Zog Buster: folds 
VilpPS: folds 
santila: folds 
Uncalled bet ($0.01) returned to vladimir5421
vladimir5421 collected $0.02 from pot
vladimir5421: doesn't show hand 
*** SUMMARY ***
Total pot $0.02 | Rake $0 
Seat 1: Dorex2007 folded before Flop (didn't bet)
Seat 2: Spiral_Galax folded before Flop (didn't bet)
Seat 4: D4yhawk folded before Flop (didn't bet)
Seat 5: Zog Buster folded before Flop (didn't bet)
Seat 6: VilpPS (button) folded before Flop (didn't bet)
Seat 7: santila (small blind) folded before Flop
Seat 9: vladimir5421 (big blind) collected ($0.02)



PokerStars Hand #229948491432:  Hold'em No Limit ($0.01/$0.02 USD) - 2021/09/18 8:15:13 PT [2021/09/18 11:15:13 ET]
Table 'Eurypylos IV' 9-max Seat #7 is the button
Seat 1: Dorex2007 ($2.58 in chips) 
Seat 2: Spiral_Galax ($0.85 in chips) 
Seat 4: D4yhawk ($2.75 in chips) 
Seat 5: Zog Buster ($2.17 in chips) 
Seat 6: VilpPS ($2 in chips) 
Seat 7: santila ($2.03 in chips) 
Seat 9: vladimir5421 ($4.22 in chips) 
vladimir5421: posts small blind $0.01
Dorex2007: posts big blind $0.02
*** HOLE CARDS ***
Dealt to Dorex2007 [7c Qc]
Spiral_Galax: folds 
D4yhawk: raises $0.02 to $0.04
Zog Buster: calls $0.04
VilpPS: folds 
santila: folds 
vladimir5421: folds 
Dorex2007: calls $0.02
*** FLOP *** [8s 9s Qd]
Dorex2007: checks 
D4yhawk: checks 
Zog Buster: checks 
*** TURN *** [8s 9s Qd] [3c]
Dorex2007: bets $0.07
D4yhawk: calls $0.07
Zog Buster: folds 
*** RIVER *** [8s 9s Qd 3c] [Jc]
Dorex2007: checks 
josejuniorsc joins the table at seat #8 
D4yhawk: checks 
*** SHOW DOWN ***
Dorex2007: shows [7c Qc] (a pair of Queens)
D4yhawk: shows [Qh Jh] (two pair, Queens and Jacks)
D4yhawk collected $0.26 from pot
*** SUMMARY ***
Total pot $0.27 | Rake $0.01 
Board [8s 9s Qd 3c Jc]
Seat 1: Dorex2007 (big blind) showed [7c Qc] and lost with a pair of Queens
Seat 2: Spiral_Galax folded before Flop (didn't bet)
Seat 4: D4yhawk showed [Qh Jh] and won ($0.26) with two pair, Queens and Jacks
Seat 5: Zog Buster folded on the Turn
Seat 6: VilpPS folded before Flop (didn't bet)
Seat 7: santila (button) folded before Flop (didn't bet)
Seat 9: vladimir5421 (small blind) folded before Flop



PokerStars Hand #229948517369:  Hold'em No Limit ($0.01/$0.02 USD) - 2021/09/18 8:16:24 PT [2021/09/18 11:16:24 ET]
Table 'Eurypylos IV' 9-max Seat #9 is the button
Seat 1: Dorex2007 ($2.47 in chips) 
Seat 2: Spiral_Galax ($0.85 in chips) 
Seat 4: D4yhawk ($2.90 in chips) 
Seat 5: Zog Buster ($2.13 in chips) 
Seat 6: VilpPS ($2 in chips) 
Seat 7: santila ($2.03 in chips) 
Seat 9: vladimir5421 ($4.21 in chips) 
Dorex2007: posts small blind $0.01
Spiral_Galax: posts big blind $0.02
josejuniorsc: sits out 
*** HOLE CARDS ***
Dealt to Dorex2007 [Ks Jc]
bobr.irina joins the table at seat #3 
D4yhawk: folds 
Zog Buster: folds 
VilpPS: folds 
santila: folds 
vladimir5421: raises $0.04 to $0.06
Dorex2007: raises $0.10 to $0.16
Spiral_Galax: calls $0.14
vladimir5421: folds 
*** FLOP *** [Qc 6s Js]
Dorex2007: bets $0.19
Spiral_Galax: raises $0.50 to $0.69 and is all-in
Dorex2007: calls $0.50
*** TURN *** [Qc 6s Js] [8s]
*** RIVER *** [Qc 6s Js 8s] [6d]
*** SHOW DOWN ***
Dorex2007: shows [Ks Jc] (two pair, Jacks and Sixes)
Spiral_Galax: shows [Ad Jh] (two pair, Jacks and Sixes - Ace kicker)
Spiral_Galax collected $1.70 from pot
*** SUMMARY ***
Total pot $1.76 | Rake $0.06 
Board [Qc 6s Js 8s 6d]
Seat 1: Dorex2007 (small blind) showed [Ks Jc] and lost with two pair, Jacks and Sixes
Seat 2: Spiral_Galax (big blind) showed [Ad Jh] and won ($1.70) with two pair, Jacks and Sixes
Seat 4: D4yhawk folded before Flop (didn't bet)
Seat 5: Zog Buster folded before Flop (didn't bet)
Seat 6: VilpPS folded before Flop (didn't bet)
Seat 7: santila folded before Flop (didn't bet)
Seat 9: vladimir5421 (button) folded before Flop



PokerStars Hand #229948542146:  Hold'em No Limit ($0.01/$0.02 USD) - 2021/09/18 8:17:31 PT [2021/09/18 11:17:31 ET]
Table 'Eurypylos IV' 9-max Seat #1 is the button
Seat 1: Dorex2007 ($2 in chips) 
Seat 2: Spiral_Galax ($1.70 in chips) 
Seat 3: bobr.irina ($0.80 in chips) 
Seat 4: D4yhawk ($2.90 in chips) 
Seat 5: Zog Buster ($2.13 in chips) 
Seat 6: VilpPS ($2 in chips) 
Seat 7: santila ($2.03 in chips) 
Seat 9: vladimir5421 ($4.15 in chips) 
Spiral_Galax: posts small blind $0.01
bobr.irina: posts big blind $0.02
josejuniorsc: sits out 
*** HOLE CARDS ***
Dealt to Dorex2007 [5h 7h]
D4yhawk: folds 
Zog Buster: folds 
VilpPS: folds 
santila: folds 
vladimir5421: folds 
Dorex2007: folds 
Spiral_Galax: raises $0.04 to $0.06
bobr.irina: calls $0.04
*** FLOP *** [9s Qs Td]
Spiral_Galax: checks 
bobr.irina: checks 
*** TURN *** [9s Qs Td] [9c]
Spiral_Galax: bets $0.04
bobr.irina: calls $0.04
*** RIVER *** [9s Qs Td 9c] [Js]
Spiral_Galax: bets $0.06
bobr.irina: calls $0.06
*** SHOW DOWN ***
Spiral_Galax: shows [Ks Jh] (a straight, Nine to King)
bobr.irina: mucks hand 
Spiral_Galax collected $0.31 from pot
*** SUMMARY ***
Total pot $0.32 | Rake $0.01 
Board [9s Qs Td 9c Js]
Seat 1: Dorex2007 (button) folded before Flop (didn't bet)
Seat 2: Spiral_Galax (small blind) showed [Ks Jh] and won ($0.31) with a straight, Nine to King
Seat 3: bobr.irina (big blind) mucked [4s 4d]
Seat 4: D4yhawk folded before Flop (didn't bet)
Seat 5: Zog Buster folded before Flop (didn't bet)
Seat 6: VilpPS folded before Flop (didn't bet)
Seat 7: santila folded before Flop (didn't bet)
Seat 9: vladimir5421 folded before Flop (didn't bet)



PokerStars Hand #229948560684:  Hold'em No Limit ($0.01/$0.02 USD) - 2021/09/18 8:18:21 PT [2021/09/18 11:18:21 ET]
Table 'Eurypylos IV' 9-max Seat #2 is the button
Seat 1: Dorex2007 ($2 in chips) 
Seat 2: Spiral_Galax ($1.85 in chips) 
Seat 3: bobr.irina ($0.64 in chips) 
Seat 5: Zog Buster ($2.13 in chips) 
Seat 6: VilpPS ($2 in chips) 
Seat 7: santila ($2.03 in chips) 
Seat 9: vladimir5421 ($4.15 in chips) 
bobr.irina: posts small blind $0.01
D4yhawk: is sitting out 
Zog Buster: posts big blind $0.02
josejuniorsc: sits out 
*** HOLE CARDS ***
Dealt to Dorex2007 [Jd 3c]
VilpPS: folds 
santila has timed out
santila: folds 
vladimir5421: folds 
Dorex2007: folds 
Spiral_Galax: folds 
bobr.irina: folds 
Uncalled bet ($0.01) returned to Zog Buster
Zog Buster collected $0.02 from pot
*** SUMMARY ***
Total pot $0.02 | Rake $0 
Seat 1: Dorex2007 folded before Flop (didn't bet)
Seat 2: Spiral_Galax (button) folded before Flop (didn't bet)
Seat 3: bobr.irina (small blind) folded before Flop
Seat 5: Zog Buster (big blind) collected ($0.02)
Seat 6: VilpPS folded before Flop (didn't bet)
Seat 7: santila folded before Flop (didn't bet)
Seat 9: vladimir5421 folded before Flop (didn't bet)



PokerStars Hand #229948568360:  Hold'em No Limit ($0.01/$0.02 USD) - 2021/09/18 8:18:42 PT [2021/09/18 11:18:42 ET]
Table 'Eurypylos IV' 9-max Seat #3 is the button
Seat 1: Dorex2007 ($2 in chips) 
Seat 2: Spiral_Galax ($1.85 in chips) 
Seat 3: bobr.irina ($0.63 in chips) 
Seat 5: Zog Buster ($2.14 in chips) 
Seat 6: VilpPS ($2 in chips) 
Seat 7: santila ($2.03 in chips) 
Seat 9: vladimir5421 ($4.15 in chips) 
Zog Buster: posts small blind $0.01
VilpPS: posts big blind $0.02
josejuniorsc: sits out 
*** HOLE CARDS ***
Dealt to Dorex2007 [Td 5h]
santila: folds 
vladimir5421: folds 
Dorex2007: folds 
Spiral_Galax: raises $0.04 to $0.06
bobr.irina: calls $0.06
Zog Buster: folds 
VilpPS: calls $0.04
*** FLOP *** [Kh Qc 7s]
VilpPS: checks 
Spiral_Galax: checks 
bobr.irina: checks 
*** TURN *** [Kh Qc 7s] [Jh]
VilpPS: checks 
Spiral_Galax: checks 
bobr.irina: checks 
*** RIVER *** [Kh Qc 7s Jh] [9s]
VilpPS: checks 
Spiral_Galax: bets $0.04
bobr.irina: raises $0.26 to $0.30
VilpPS: folds 
Spiral_Galax: folds 
Uncalled bet ($0.26) returned to bobr.irina
bobr.irina collected $0.26 from pot
bobr.irina: doesn't show hand 
*** SUMMARY ***
Total pot $0.27 | Rake $0.01 
Board [Kh Qc 7s Jh 9s]
Seat 1: Dorex2007 folded before Flop (didn't bet)
Seat 2: Spiral_Galax folded on the River
Seat 3: bobr.irina (button) collected ($0.26)
Seat 5: Zog Buster (small blind) folded before Flop
Seat 6: VilpPS (big blind) folded on the River
Seat 7: santila folded before Flop (didn't bet)
Seat 9: vladimir5421 folded before Flop (didn't bet)



PokerStars Hand #229948592051:  Hold'em No Limit ($0.01/$0.02 USD) - 2021/09/18 8:19:47 PT [2021/09/18 11:19:47 ET]
Table 'Eurypylos IV' 9-max Seat #5 is the button
Seat 1: Dorex2007 ($2 in chips) 
Seat 2: Spiral_Galax ($1.75 in chips) 
Seat 3: bobr.irina ($0.96 in chips) 
Seat 5: Zog Buster ($2.13 in chips) 
Seat 6: VilpPS ($2 in chips) 
Seat 7: santila ($2.03 in chips) 
Seat 9: vladimir5421 ($4.15 in chips) 
VilpPS: posts small blind $0.01
santila: posts big blind $0.02
josejuniorsc: sits out 
*** HOLE CARDS ***
Dealt to Dorex2007 [7h Ah]
vladimir5421: folds 
Dorex2007: raises $0.04 to $0.06
Spiral_Galax: folds 
bobr.irina: folds 
Zog Buster: folds 
VilpPS: folds 
santila: raises $0.12 to $0.18
Dorex2007: calls $0.12
*** FLOP *** [Ad 8c 5h]
santila: bets $0.27
Dorex2007: calls $0.27
*** TURN *** [Ad 8c 5h] [7c]
santila: checks 
Dorex2007: bets $0.59
santila: raises $0.99 to $1.58 and is all-in
Dorex2007: calls $0.96 and is all-in
Uncalled bet ($0.03) returned to santila
*** RIVER *** [Ad 8c 5h 7c] [8h]
*** SHOW DOWN ***
santila: shows [As 4s] (two pair, Aces and Eights)
Dorex2007: shows [7h Ah] (two pair, Aces and Eights)
Dorex2007 collected $1.93 from pot
santila cashed out the hand for $0.49
*** SUMMARY ***
Total pot $4.01 | Rake $0.14 
Board [Ad 8c 5h 7c 8h]
Seat 1: Dorex2007 showed [7h Ah] and won ($1.93) with two pair, Aces and Eights
Seat 2: Spiral_Galax folded before Flop (didn't bet)
Seat 3: bobr.irina folded before Flop (didn't bet)
Seat 5: Zog Buster (button) folded before Flop (didn't bet)
Seat 6: VilpPS (small blind) folded before Flop
Seat 7: santila (big blind) showed [As 4s] and won ($1.94) with two pair, Aces and Eights (pot not awarded as player cashed out)
Seat 9: vladimir5421 folded before Flop (didn't bet)



PokerStars Hand #229948622881:  Hold'em No Limit ($0.01/$0.02 USD) - 2021/09/18 8:21:10 PT [2021/09/18 11:21:10 ET]
Table 'Eurypylos IV' 9-max Seat #6 is the button
Seat 1: Dorex2007 ($2 in chips) 
Seat 2: Spiral_Galax ($1.75 in chips) 
Seat 3: bobr.irina ($0.96 in chips) 
Seat 5: Zog Buster ($2.13 in chips) 
Seat 6: VilpPS ($2 in chips) 
Seat 7: santila ($2 in chips) 
Seat 8: josejuniorsc ($2 in chips) 
Seat 9: vladimir5421 ($4.15 in chips) 
santila: posts small blind $0.01
josejuniorsc: posts big blind $0.02
*** HOLE CARDS ***
Dealt to Dorex2007 [4s 3d]
vladimir5421: folds 
Dorex2007: folds 
Spiral_Galax: folds 
bobr.irina: calls $0.02
Zog Buster: folds 
VilpPS: folds 
santila: folds 
josejuniorsc: checks 
*** FLOP *** [2s 9s 6h]
josejuniorsc: checks 
bobr.irina: bets $0.04
josejuniorsc: folds 
Uncalled bet ($0.04) returned to bobr.irina
bobr.irina collected $0.05 from pot
bobr.irina: doesn't show hand 
*** SUMMARY ***
Total pot $0.05 | Rake $0 
Board [2s 9s 6h]
Seat 1: Dorex2007 folded before Flop (didn't bet)
Seat 2: Spiral_Galax folded before Flop (didn't bet)
Seat 3: bobr.irina collected ($0.05)
Seat 5: Zog Buster folded before Flop (didn't bet)
Seat 6: VilpPS (button) folded before Flop (didn't bet)
Seat 7: santila (small blind) folded before Flop
Seat 8: josejuniorsc (big blind) folded on the Flop
Seat 9: vladimir5421 folded before Flop (didn't bet)



PokerStars Hand #229948636362:  Hold'em No Limit ($0.01/$0.02 USD) - 2021/09/18 8:21:46 PT [2021/09/18 11:21:46 ET]
Table 'Eurypylos IV' 9-max Seat #7 is the button
Seat 1: Dorex2007 ($2 in chips) 
Seat 2: Spiral_Galax ($1.75 in chips) 
Seat 3: bobr.irina ($0.99 in chips) 
Seat 5: Zog Buster ($2.13 in chips) 
Seat 6: VilpPS ($2 in chips) 
Seat 7: santila ($2 in chips) 
Seat 8: josejuniorsc ($1.98 in chips) 
Seat 9: vladimir5421 ($4.15 in chips) 
josejuniorsc: posts small blind $0.01
vladimir5421: posts big blind $0.02
*** HOLE CARDS ***
Dealt to Dorex2007 [Ts Th]
Dorex2007: raises $0.04 to $0.06
Spiral_Galax: folds 
bobr.irina: calls $0.06
Zog Buster: calls $0.06
VilpPS: raises $0.12 to $0.18
santila: folds 
josejuniorsc: folds 
vladimir5421: folds 
Dorex2007: folds 
bobr.irina: calls $0.12
Zog Buster: calls $0.12
*** FLOP *** [9s Ks 3c]
bobr.irina: checks 
Zog Buster: checks 
VilpPS: checks 
*** TURN *** [9s Ks 3c] [Jd]
bobr.irina: checks 
Zog Buster: checks 
VilpPS: checks 
*** RIVER *** [9s Ks 3c Jd] [8s]
bobr.irina: checks 
Zog Buster: bets $0.24
VilpPS: folds 
bobr.irina: folds 
Uncalled bet ($0.24) returned to Zog Buster
Zog Buster collected $0.61 from pot
*** SUMMARY ***
Total pot $0.63 | Rake $0.02 
Board [9s Ks 3c Jd 8s]
Seat 1: Dorex2007 folded before Flop
Seat 2: Spiral_Galax folded before Flop (didn't bet)
Seat 3: bobr.irina folded on the River
Seat 5: Zog Buster collected ($0.61)
Seat 6: VilpPS folded on the River
Seat 7: santila (button) folded before Flop (didn't bet)
Seat 8: josejuniorsc (small blind) folded before Flop
Seat 9: vladimir5421 (big blind) folded before Flop



PokerStars Hand #229948667048:  Hold'em No Limit ($0.01/$0.02 USD) - 2021/09/18 8:23:09 PT [2021/09/18 11:23:09 ET]
Table 'Eurypylos IV' 9-max Seat #8 is the button
Seat 1: Dorex2007 ($2 in chips) 
Seat 2: Spiral_Galax ($1.75 in chips) 
Seat 3: bobr.irina ($0.81 in chips) 
Seat 5: Zog Buster ($2.56 in chips) 
Seat 6: VilpPS ($2 in chips) 
Seat 7: santila ($2 in chips) 
Seat 8: josejuniorsc ($1.97 in chips) 
Seat 9: vladimir5421 ($4.13 in chips) 
vladimir5421: posts small blind $0.01
Dorex2007: posts big blind $0.02
*** HOLE CARDS ***
Dealt to Dorex2007 [Kh Kc]
Spiral_Galax: folds 
bobr.irina: folds 
Zog Buster: folds 
VilpPS: folds 
santila: folds 
josejuniorsc: folds 
vladimir5421: raises $0.04 to $0.06
Dorex2007: raises $0.10 to $0.16
vladimir5421: calls $0.10
*** FLOP *** [Jh 8s 5c]
vladimir5421: checks 
Dorex2007: bets $1.84 and is all-in
vladimir5421: folds 
Uncalled bet ($1.84) returned to Dorex2007
Dorex2007 collected $0.31 from pot
Dorex2007: doesn't show hand 
*** SUMMARY ***
Total pot $0.32 | Rake $0.01 
Board [Jh 8s 5c]
Seat 1: Dorex2007 (big blind) collected ($0.31)
Seat 2: Spiral_Galax folded before Flop (didn't bet)
Seat 3: bobr.irina folded before Flop (didn't bet)
Seat 5: Zog Buster folded before Flop (didn't bet)
Seat 6: VilpPS folded before Flop (didn't bet)
Seat 7: santila folded before Flop (didn't bet)
Seat 8: josejuniorsc (button) folded before Flop (didn't bet)
Seat 9: vladimir5421 (small blind) folded on the Flop



PokerStars Hand #229948683127:  Hold'em No Limit ($0.01/$0.02 USD) - 2021/09/18 8:23:52 PT [2021/09/18 11:23:52 ET]
Table 'Eurypylos IV' 9-max Seat #9 is the button
Seat 1: Dorex2007 ($2.15 in chips) 
Seat 2: Spiral_Galax ($1.75 in chips) 
Seat 3: bobr.irina ($0.81 in chips) 
Seat 5: Zog Buster ($2.56 in chips) 
Seat 6: VilpPS ($2 in chips) 
Seat 7: santila ($2 in chips) 
Seat 8: josejuniorsc ($1.97 in chips) 
Seat 9: vladimir5421 ($3.97 in chips) 
Dorex2007: posts small blind $0.01
Spiral_Galax: posts big blind $0.02
*** HOLE CARDS ***
Dealt to Dorex2007 [9c 4c]
bobr.irina: folds 
Zog Buster: folds 
VilpPS: folds 
santila has timed out
santila: folds 
josejuniorsc: folds 
vladimir5421: raises $0.04 to $0.06
Dorex2007: folds 
Spiral_Galax: folds 
Uncalled bet ($0.04) returned to vladimir5421
vladimir5421 collected $0.05 from pot
vladimir5421: doesn't show hand 
*** SUMMARY ***
Total pot $0.05 | Rake $0 
Seat 1: Dorex2007 (small blind) folded before Flop
Seat 2: Spiral_Galax (big blind) folded before Flop
Seat 3: bobr.irina folded before Flop (didn't bet)
Seat 5: Zog Buster folded before Flop (didn't bet)
Seat 6: VilpPS folded before Flop (didn't bet)
Seat 7: santila folded before Flop (didn't bet)
Seat 8: josejuniorsc folded before Flop (didn't bet)
Seat 9: vladimir5421 (button) collected ($0.05)



PokerStars Hand #229948693462:  Hold'em No Limit ($0.01/$0.02 USD) - 2021/09/18 8:24:20 PT [2021/09/18 11:24:20 ET]
Table 'Eurypylos IV' 9-max Seat #1 is the button
Seat 1: Dorex2007 ($2.14 in chips) 
Seat 2: Spiral_Galax ($1.73 in chips) 
Seat 3: bobr.irina ($0.81 in chips) 
Seat 5: Zog Buster ($2.56 in chips) 
Seat 6: VilpPS ($2 in chips) 
Seat 8: josejuniorsc ($1.97 in chips) 
Seat 9: vladimir5421 ($4 in chips) 
Spiral_Galax: posts small blind $0.01
bobr.irina: posts big blind $0.02
*** HOLE CARDS ***
Dealt to Dorex2007 [5c 3d]
Zog Buster: folds 
VilpPS: folds 
josejuniorsc: folds 
vladimir5421: folds 
Dorex2007: folds 
Spiral_Galax: calls $0.01
bobr.irina: checks 
*** FLOP *** [6d Ac 7s]
Spiral_Galax: checks 
bobr.irina: checks 
*** TURN *** [6d Ac 7s] [3c]
Spiral_Galax: bets $0.02
bobr.irina: raises $0.08 to $0.10
Spiral_Galax: folds 
Uncalled bet ($0.08) returned to bobr.irina
bobr.irina collected $0.08 from pot
bobr.irina: doesn't show hand 
*** SUMMARY ***
Total pot $0.08 | Rake $0 
Board [6d Ac 7s 3c]
Seat 1: Dorex2007 (button) folded before Flop (didn't bet)
Seat 2: Spiral_Galax (small blind) folded on the Turn
Seat 3: bobr.irina (big blind) collected ($0.08)
Seat 5: Zog Buster folded before Flop (didn't bet)
Seat 6: VilpPS folded before Flop (didn't bet)
Seat 8: josejuniorsc folded before Flop (didn't bet)
Seat 9: vladimir5421 folded before Flop (didn't bet)



PokerStars Hand #229948706445:  Hold'em No Limit ($0.01/$0.02 USD) - 2021/09/18 8:24:55 PT [2021/09/18 11:24:55 ET]
Table 'Eurypylos IV' 9-max Seat #2 is the button
Seat 1: Dorex2007 ($2.14 in chips) 
Seat 2: Spiral_Galax ($1.69 in chips) 
Seat 3: bobr.irina ($0.85 in chips) 
Seat 5: Zog Buster ($2.56 in chips) 
Seat 6: VilpPS ($2 in chips) 
Seat 7: santila ($2 in chips) 
Seat 8: josejuniorsc ($1.97 in chips) 
Seat 9: vladimir5421 ($4 in chips) 
bobr.irina: posts small blind $0.01
Zog Buster: posts big blind $0.02
*** HOLE CARDS ***
Dealt to Dorex2007 [4c 4s]
VilpPS: folds 
santila: folds 
josejuniorsc: folds 
vladimir5421: folds 
Dorex2007: raises $0.02 to $0.04
Spiral_Galax: folds 
bobr.irina: folds 
Zog Buster: folds 
Uncalled bet ($0.02) returned to Dorex2007
Dorex2007 collected $0.05 from pot
Dorex2007: doesn't show hand 
*** SUMMARY ***
Total pot $0.05 | Rake $0 
Seat 1: Dorex2007 collected ($0.05)
Seat 2: Spiral_Galax (button) folded before Flop (didn't bet)
Seat 3: bobr.irina (small blind) folded before Flop
Seat 5: Zog Buster (big blind) folded before Flop
Seat 6: VilpPS folded before Flop (didn't bet)
Seat 7: santila folded before Flop (didn't bet)
Seat 8: josejuniorsc folded before Flop (didn't bet)
Seat 9: vladimir5421 folded before Flop (didn't bet)



PokerStars Hand #229948714022:  Hold'em No Limit ($0.01/$0.02 USD) - 2021/09/18 8:25:16 PT [2021/09/18 11:25:16 ET]
Table 'Eurypylos IV' 9-max Seat #3 is the button
Seat 1: Dorex2007 ($2.17 in chips) 
Seat 2: Spiral_Galax ($1.69 in chips) 
Seat 3: bobr.irina ($0.84 in chips) 
Seat 5: Zog Buster ($2.54 in chips) 
Seat 6: VilpPS ($2 in chips) 
Seat 7: santila ($2 in chips) 
Seat 8: josejuniorsc ($1.97 in chips) 
Seat 9: vladimir5421 ($4 in chips) 
Zog Buster: posts small blind $0.01
VilpPS: posts big blind $0.02
*** HOLE CARDS ***
Dealt to Dorex2007 [As Qc]
santila: folds 
josejuniorsc: folds 
vladimir5421: folds 
Dorex2007: raises $0.04 to $0.06
Spiral_Galax: folds 
bobr.irina: folds 
Zog Buster: folds 
VilpPS: folds 
Uncalled bet ($0.04) returned to Dorex2007
Dorex2007 collected $0.05 from pot
Dorex2007: doesn't show hand 
*** SUMMARY ***
Total pot $0.05 | Rake $0 
Seat 1: Dorex2007 collected ($0.05)
Seat 2: Spiral_Galax folded before Flop (didn't bet)
Seat 3: bobr.irina (button) folded before Flop (didn't bet)
Seat 5: Zog Buster (small blind) folded before Flop
Seat 6: VilpPS (big blind) folded before Flop
Seat 7: santila folded before Flop (didn't bet)
Seat 8: josejuniorsc folded before Flop (didn't bet)
Seat 9: vladimir5421 folded before Flop (didn't bet)



PokerStars Hand #229948721477:  Hold'em No Limit ($0.01/$0.02 USD) - 2021/09/18 8:25:36 PT [2021/09/18 11:25:36 ET]
Table 'Eurypylos IV' 9-max Seat #5 is the button
Seat 1: Dorex2007 ($2.20 in chips) 
Seat 2: Spiral_Galax ($1.69 in chips) 
Seat 3: bobr.irina ($0.84 in chips) 
Seat 5: Zog Buster ($2.53 in chips) 
Seat 6: VilpPS ($2 in chips) 
Seat 7: santila ($2 in chips) 
Seat 8: josejuniorsc ($1.97 in chips) 
Seat 9: vladimir5421 ($4 in chips) 
VilpPS: posts small blind $0.01
santila: posts big blind $0.02
*** HOLE CARDS ***
Dealt to Dorex2007 [4c 8h]
josejuniorsc: folds 
vladimir5421: folds 
Dorex2007: folds 
Spiral_Galax: raises $0.04 to $0.06
bobr.irina: folds 
Zog Buster: folds 
VilpPS: folds 
santila: folds 
Uncalled bet ($0.04) returned to Spiral_Galax
Spiral_Galax collected $0.05 from pot
*** SUMMARY ***
Total pot $0.05 | Rake $0 
Seat 1: Dorex2007 folded before Flop (didn't bet)
Seat 2: Spiral_Galax collected ($0.05)
Seat 3: bobr.irina folded before Flop (didn't bet)
Seat 5: Zog Buster (button) folded before Flop (didn't bet)
Seat 6: VilpPS (small blind) folded before Flop
Seat 7: santila (big blind) folded before Flop
Seat 8: josejuniorsc folded before Flop (didn't bet)
Seat 9: vladimir5421 folded before Flop (didn't bet)



PokerStars Hand #229948729595:  Hold'em No Limit ($0.01/$0.02 USD) - 2021/09/18 8:25:58 PT [2021/09/18 11:25:58 ET]
Table 'Eurypylos IV' 9-max Seat #6 is the button
Seat 1: Dorex2007 ($2.20 in chips) 
Seat 2: Spiral_Galax ($1.72 in chips) 
Seat 3: bobr.irina ($0.84 in chips) 
Seat 5: Zog Buster ($2.53 in chips) 
Seat 6: VilpPS ($2 in chips) 
Seat 7: santila ($2 in chips) 
Seat 8: josejuniorsc ($1.97 in chips) 
Seat 9: vladimir5421 ($4 in chips) 
santila: posts small blind $0.01
josejuniorsc: posts big blind $0.02
*** HOLE CARDS ***
Dealt to Dorex2007 [2h Jc]
vladimir5421: folds 
Dorex2007: folds 
Spiral_Galax: raises $0.04 to $0.06
bobr.irina: folds 
Zog Buster: calls $0.06
VilpPS: folds 
santila: folds 
josejuniorsc: folds 
*** FLOP *** [6h 5s 2d]
Spiral_Galax: checks 
Zog Buster: checks 
*** TURN *** [6h 5s 2d] [4d]
Spiral_Galax: bets $0.06
Zog Buster: calls $0.06
*** RIVER *** [6h 5s 2d 4d] [Ad]
Spiral_Galax: bets $0.08
Zog Buster: calls $0.08
*** SHOW DOWN ***
Spiral_Galax: shows [Ac 8s] (a pair of Aces)
Zog Buster: shows [Kh As] (a pair of Aces - King kicker)
Zog Buster collected $0.41 from pot
*** SUMMARY ***
Total pot $0.43 | Rake $0.02 
Board [6h 5s 2d 4d Ad]
Seat 1: Dorex2007 folded before Flop (didn't bet)
Seat 2: Spiral_Galax showed [Ac 8s] and lost with a pair of Aces
Seat 3: bobr.irina folded before Flop (didn't bet)
Seat 5: Zog Buster showed [Kh As] and won ($0.41) with a pair of Aces
Seat 6: VilpPS (button) folded before Flop (didn't bet)
Seat 7: santila (small blind) folded before Flop
Seat 8: josejuniorsc (big blind) folded before Flop
Seat 9: vladimir5421 folded before Flop (didn't bet)



PokerStars Hand #229948748936:  Hold'em No Limit ($0.01/$0.02 USD) - 2021/09/18 8:26:51 PT [2021/09/18 11:26:51 ET]
Table 'Eurypylos IV' 9-max Seat #7 is the button
Seat 1: Dorex2007 ($2.20 in chips) 
Seat 2: Spiral_Galax ($1.52 in chips) 
Seat 3: bobr.irina ($0.84 in chips) 
Seat 5: Zog Buster ($2.74 in chips) 
Seat 6: VilpPS ($2 in chips) 
Seat 7: santila ($2 in chips) 
Seat 8: josejuniorsc ($1.95 in chips) 
Seat 9: vladimir5421 ($4 in chips) 
josejuniorsc: posts small blind $0.01
vladimir5421: posts big blind $0.02
*** HOLE CARDS ***
Dealt to Dorex2007 [6c Qh]
Dorex2007: folds 
Spiral_Galax: raises $0.04 to $0.06
bobr.irina: folds 
Zog Buster: folds 
VilpPS: folds 
santila: folds 
josejuniorsc: folds 
vladimir5421: folds 
Uncalled bet ($0.04) returned to Spiral_Galax
Spiral_Galax collected $0.05 from pot
*** SUMMARY ***
Total pot $0.05 | Rake $0 
Seat 1: Dorex2007 folded before Flop (didn't bet)
Seat 2: Spiral_Galax collected ($0.05)
Seat 3: bobr.irina folded before Flop (didn't bet)
Seat 5: Zog Buster folded before Flop (didn't bet)
Seat 6: VilpPS folded before Flop (didn't bet)
Seat 7: santila (button) folded before Flop (didn't bet)
Seat 8: josejuniorsc (small blind) folded before Flop
Seat 9: vladimir5421 (big blind) folded before Flop



PokerStars Hand #229948756080:  Hold'em No Limit ($0.01/$0.02 USD) - 2021/09/18 8:27:10 PT [2021/09/18 11:27:10 ET]
Table 'Eurypylos IV' 9-max Seat #8 is the button
Seat 1: Dorex2007 ($2.20 in chips) 
Seat 2: Spiral_Galax ($1.55 in chips) 
Seat 3: bobr.irina ($0.84 in chips) 
Seat 5: Zog Buster ($2.74 in chips) 
Seat 6: VilpPS ($2 in chips) 
Seat 7: santila ($2 in chips) 
Seat 8: josejuniorsc ($1.94 in chips) 
Seat 9: vladimir5421 ($3.98 in chips) 
vladimir5421: posts small blind $0.01
Dorex2007: posts big blind $0.02
*** HOLE CARDS ***
Dealt to Dorex2007 [Jh 2c]
Spiral_Galax: raises $0.04 to $0.06
bobr.irina: folds 
Zog Buster: calls $0.06
VilpPS: folds 
santila: folds 
josejuniorsc: folds 
vladimir5421: folds 
Dorex2007: folds 
*** FLOP *** [8s 6h 5h]
Spiral_Galax: bets $0.06
Zog Buster: folds 
Uncalled bet ($0.06) returned to Spiral_Galax
Spiral_Galax collected $0.14 from pot
*** SUMMARY ***
Total pot $0.15 | Rake $0.01 
Board [8s 6h 5h]
Seat 1: Dorex2007 (big blind) folded before Flop
Seat 2: Spiral_Galax collected ($0.14)
Seat 3: bobr.irina folded before Flop (didn't bet)
Seat 5: Zog Buster folded on the Flop
Seat 6: VilpPS folded before Flop (didn't bet)
Seat 7: santila folded before Flop (didn't bet)
Seat 8: josejuniorsc (button) folded before Flop (didn't bet)
Seat 9: vladimir5421 (small blind) folded before Flop



PokerStars Hand #229948768077:  Hold'em No Limit ($0.01/$0.02 USD) - 2021/09/18 8:27:43 PT [2021/09/18 11:27:43 ET]
Table 'Eurypylos IV' 9-max Seat #9 is the button
Seat 1: Dorex2007 ($2.18 in chips) 
Seat 2: Spiral_Galax ($1.63 in chips) 
Seat 3: bobr.irina ($0.84 in chips) 
Seat 5: Zog Buster ($2.68 in chips) 
Seat 6: VilpPS ($2 in chips) 
Seat 7: santila ($2 in chips) 
Seat 8: josejuniorsc ($1.94 in chips) 
Seat 9: vladimir5421 ($3.97 in chips) 
Dorex2007: posts small blind $0.01
Spiral_Galax: posts big blind $0.02
*** HOLE CARDS ***
Dealt to Dorex2007 [Kc 9c]
bobr.irina: folds 
Zog Buster: folds 
VilpPS: folds 
santila: folds 
josejuniorsc: folds 
vladimir5421: folds 
Dorex2007: raises $0.04 to $0.06
Spiral_Galax: folds 
Uncalled bet ($0.04) returned to Dorex2007
Dorex2007 collected $0.04 from pot
Dorex2007: doesn't show hand 
*** SUMMARY ***
Total pot $0.04 | Rake $0 
Seat 1: Dorex2007 (small blind) collected ($0.04)
Seat 2: Spiral_Galax (big blind) folded before Flop
Seat 3: bobr.irina folded before Flop (didn't bet)
Seat 5: Zog Buster folded before Flop (didn't bet)
Seat 6: VilpPS folded before Flop (didn't bet)
Seat 7: santila folded before Flop (didn't bet)
Seat 8: josejuniorsc folded before Flop (didn't bet)
Seat 9: vladimir5421 (button) folded before Flop (didn't bet)



PokerStars Hand #229948777860:  Hold'em No Limit ($0.01/$0.02 USD) - 2021/09/18 8:28:10 PT [2021/09/18 11:28:10 ET]
Table 'Eurypylos IV' 9-max Seat #1 is the button
Seat 1: Dorex2007 ($2.20 in chips) 
Seat 2: Spiral_Galax ($1.61 in chips) 
Seat 3: bobr.irina ($0.84 in chips) 
Seat 5: Zog Buster ($2.68 in chips) 
Seat 6: VilpPS ($2 in chips) 
Seat 7: santila ($2 in chips) 
Seat 8: josejuniorsc ($1.94 in chips) 
Seat 9: vladimir5421 ($3.97 in chips) 
Spiral_Galax: posts small blind $0.01
bobr.irina: posts big blind $0.02
*** HOLE CARDS ***
Dealt to Dorex2007 [Qc 9d]
Zog Buster: folds 
VilpPS: folds 
santila: folds 
josejuniorsc: folds 
vladimir5421: folds 
Dorex2007: folds 
Spiral_Galax: calls $0.01
bobr.irina: checks 
*** FLOP *** [4c Qh 3c]
Spiral_Galax: checks 
bobr.irina: bets $0.04
Spiral_Galax: folds 
Uncalled bet ($0.04) returned to bobr.irina
bobr.irina collected $0.04 from pot
bobr.irina: doesn't show hand 
*** SUMMARY ***
Total pot $0.04 | Rake $0 
Board [4c Qh 3c]
Seat 1: Dorex2007 (button) folded before Flop (didn't bet)
Seat 2: Spiral_Galax (small blind) folded on the Flop
Seat 3: bobr.irina (big blind) collected ($0.04)
Seat 5: Zog Buster folded before Flop (didn't bet)
Seat 6: VilpPS folded before Flop (didn't bet)
Seat 7: santila folded before Flop (didn't bet)
Seat 8: josejuniorsc folded before Flop (didn't bet)
Seat 9: vladimir5421 folded before Flop (didn't bet)



PokerStars Hand #229948790131:  Hold'em No Limit ($0.01/$0.02 USD) - 2021/09/18 8:28:43 PT [2021/09/18 11:28:43 ET]
Table 'Eurypylos IV' 9-max Seat #2 is the button
Seat 1: Dorex2007 ($2.20 in chips) 
Seat 2: Spiral_Galax ($1.59 in chips) 
Seat 3: bobr.irina ($0.86 in chips) 
Seat 5: Zog Buster ($2.68 in chips) 
Seat 6: VilpPS ($2 in chips) 
Seat 7: santila ($2 in chips) 
Seat 8: josejuniorsc ($1.94 in chips) 
Seat 9: vladimir5421 ($3.97 in chips) 
bobr.irina: posts small blind $0.01
Zog Buster: posts big blind $0.02
*** HOLE CARDS ***
Dealt to Dorex2007 [9h 6d]
VilpPS: folds 
santila: folds 
josejuniorsc: folds 
vladimir5421: raises $0.04 to $0.06
Dorex2007: folds 
Spiral_Galax: calls $0.06
bobr.irina: folds 
Zog Buster: folds 
*** FLOP *** [2d 4c Kh]
vladimir5421: bets $0.10
Spiral_Galax: folds 
Uncalled bet ($0.10) returned to vladimir5421
vladimir5421 collected $0.14 from pot
vladimir5421: doesn't show hand 
*** SUMMARY ***
Total pot $0.15 | Rake $0.01 
Board [2d 4c Kh]
Seat 1: Dorex2007 folded before Flop (didn't bet)
Seat 2: Spiral_Galax (button) folded on the Flop
Seat 3: bobr.irina (small blind) folded before Flop
Seat 5: Zog Buster (big blind) folded before Flop
Seat 6: VilpPS folded before Flop (didn't bet)
Seat 7: santila folded before Flop (didn't bet)
Seat 8: josejuniorsc folded before Flop (didn't bet)
Seat 9: vladimir5421 collected ($0.14)



PokerStars Hand #229948804071:  Hold'em No Limit ($0.01/$0.02 USD) - 2021/09/18 8:29:21 PT [2021/09/18 11:29:21 ET]
Table 'Eurypylos IV' 9-max Seat #3 is the button
Seat 1: Dorex2007 ($2.20 in chips) 
Seat 2: Spiral_Galax ($1.53 in chips) 
Seat 3: bobr.irina ($0.85 in chips) 
Seat 5: Zog Buster ($2.66 in chips) 
Seat 6: VilpPS ($2 in chips) 
Seat 7: santila ($2 in chips) 
Seat 8: josejuniorsc ($1.94 in chips) 
Seat 9: vladimir5421 ($4.05 in chips) 
Zog Buster: posts small blind $0.01
VilpPS: posts big blind $0.02
*** HOLE CARDS ***
Dealt to Dorex2007 [4s 3h]
santila: folds 
josejuniorsc: folds 
vladimir5421: folds 
Dorex2007: folds 
Spiral_Galax: folds 
bobr.irina: folds 
Zog Buster: folds 
Uncalled bet ($0.01) returned to VilpPS
VilpPS collected $0.02 from pot
VilpPS: doesn't show hand 
*** SUMMARY ***
Total pot $0.02 | Rake $0 
Seat 1: Dorex2007 folded before Flop (didn't bet)
Seat 2: Spiral_Galax folded before Flop (didn't bet)
Seat 3: bobr.irina (button) folded before Flop (didn't bet)
Seat 5: Zog Buster (small blind) folded before Flop
Seat 6: VilpPS (big blind) collected ($0.02)
Seat 7: santila folded before Flop (didn't bet)
Seat 8: josejuniorsc folded before Flop (didn't bet)
Seat 9: vladimir5421 folded before Flop (didn't bet)



PokerStars Hand #229948809872:  Hold'em No Limit ($0.01/$0.02 USD) - 2021/09/18 8:29:37 PT [2021/09/18 11:29:37 ET]
Table 'Eurypylos IV' 9-max Seat #5 is the button
Seat 1: Dorex2007 ($2.20 in chips) 
Seat 2: Spiral_Galax ($1.53 in chips) 
Seat 3: bobr.irina ($0.85 in chips) 
Seat 5: Zog Buster ($2.65 in chips) 
Seat 6: VilpPS ($2.01 in chips) 
Seat 7: santila ($2 in chips) 
Seat 8: josejuniorsc ($1.94 in chips) 
Seat 9: vladimir5421 ($4.05 in chips) 
VilpPS: posts small blind $0.01
santila: posts big blind $0.02
*** HOLE CARDS ***
Dealt to Dorex2007 [Ts Ah]
josejuniorsc: folds 
vladimir5421: folds 
Dorex2007: raises $0.04 to $0.06
Spiral_Galax: folds 
bobr.irina: folds 
Zog Buster: folds 
VilpPS: folds 
santila: folds 
Uncalled bet ($0.04) returned to Dorex2007
Dorex2007 collected $0.05 from pot
Dorex2007: doesn't show hand 
*** SUMMARY ***
Total pot $0.05 | Rake $0 
Seat 1: Dorex2007 collected ($0.05)
Seat 2: Spiral_Galax folded before Flop (didn't bet)
Seat 3: bobr.irina folded before Flop (didn't bet)
Seat 5: Zog Buster (button) folded before Flop (didn't bet)
Seat 6: VilpPS (small blind) folded before Flop
Seat 7: santila (big blind) folded before Flop
Seat 8: josejuniorsc folded before Flop (didn't bet)
Seat 9: vladimir5421 folded before Flop (didn't bet)



PokerStars Hand #229948819476:  Hold'em No Limit ($0.01/$0.02 USD) - 2021/09/18 8:30:03 PT [2021/09/18 11:30:03 ET]
Table 'Eurypylos IV' 9-max Seat #6 is the button
Seat 1: Dorex2007 ($2.23 in chips) 
Seat 2: Spiral_Galax ($1.53 in chips) 
Seat 3: bobr.irina ($0.85 in chips) 
Seat 5: Zog Buster ($2.65 in chips) 
Seat 6: VilpPS ($2 in chips) 
Seat 7: santila ($2 in chips) 
Seat 8: josejuniorsc ($1.94 in chips) 
Seat 9: vladimir5421 ($4.05 in chips) 
santila: posts small blind $0.01
josejuniorsc: posts big blind $0.02
*** HOLE CARDS ***
Dealt to Dorex2007 [Jh Ah]
vladimir5421: folds 
Dorex2007: raises $0.02 to $0.04
Spiral_Galax: folds 
bobr.irina: calls $0.04
Zog Buster: folds 
VilpPS: calls $0.04
santila: folds 
josejuniorsc: folds 
*** FLOP *** [7c 5c Ac]
Dorex2007: checks 
bobr.irina: checks 
VilpPS: checks 
*** TURN *** [7c 5c Ac] [5h]
Dorex2007: bets $0.09
bobr.irina: calls $0.09
VilpPS: calls $0.09
*** RIVER *** [7c 5c Ac 5h] [3s]
Dorex2007: checks 
bobr.irina: bets $0.20
VilpPS: folds 
Dorex2007: calls $0.20
*** SHOW DOWN ***
bobr.irina: shows [5s 6s] (three of a kind, Fives)
Dorex2007: mucks hand 
bobr.irina collected $0.79 from pot
*** SUMMARY ***
Total pot $0.82 | Rake $0.03 
Board [7c 5c Ac 5h 3s]
Seat 1: Dorex2007 mucked [Jh Ah]
Seat 2: Spiral_Galax folded before Flop (didn't bet)
Seat 3: bobr.irina showed [5s 6s] and won ($0.79) with three of a kind, Fives
Seat 5: Zog Buster folded before Flop (didn't bet)
Seat 6: VilpPS (button) folded on the River
Seat 7: santila (small blind) folded before Flop
Seat 8: josejuniorsc (big blind) folded before Flop
Seat 9: vladimir5421 folded before Flop (didn't bet)



PokerStars Hand #229948851774:  Hold'em No Limit ($0.01/$0.02 USD) - 2021/09/18 8:31:30 PT [2021/09/18 11:31:30 ET]
Table 'Eurypylos IV' 9-max Seat #7 is the button
Seat 1: Dorex2007 ($2 in chips) 
Seat 2: Spiral_Galax ($1.53 in chips) 
Seat 3: bobr.irina ($1.31 in chips) 
Seat 5: Zog Buster ($2.65 in chips) 
Seat 6: VilpPS ($2 in chips) 
Seat 7: santila ($2 in chips) 
Seat 8: josejuniorsc ($1.92 in chips) 
Seat 9: vladimir5421 ($4.05 in chips) 
josejuniorsc: posts small blind $0.01
vladimir5421: posts big blind $0.02
*** HOLE CARDS ***
Dealt to Dorex2007 [9c 3d]
Dorex2007: folds 
Spiral_Galax: folds 
bobr.irina: folds 
Zog Buster: folds 
VilpPS: folds 
santila: folds 
josejuniorsc: folds 
Uncalled bet ($0.01) returned to vladimir5421
vladimir5421 collected $0.02 from pot
vladimir5421: doesn't show hand 
*** SUMMARY ***
Total pot $0.02 | Rake $0 
Seat 1: Dorex2007 folded before Flop (didn't bet)
Seat 2: Spiral_Galax folded before Flop (didn't bet)
Seat 3: bobr.irina folded before Flop (didn't bet)
Seat 5: Zog Buster folded before Flop (didn't bet)
Seat 6: VilpPS folded before Flop (didn't bet)
Seat 7: santila (button) folded before Flop (didn't bet)
Seat 8: josejuniorsc (small blind) folded before Flop
Seat 9: vladimir5421 (big blind) collected ($0.02)



PokerStars Hand #229948858554:  Hold'em No Limit ($0.01/$0.02 USD) - 2021/09/18 8:31:48 PT [2021/09/18 11:31:48 ET]
Table 'Eurypylos IV' 9-max Seat #8 is the button
Seat 1: Dorex2007 ($2 in chips) 
Seat 2: Spiral_Galax ($1.53 in chips) 
Seat 3: bobr.irina ($1.31 in chips) 
Seat 5: Zog Buster ($2.65 in chips) 
Seat 6: VilpPS ($2 in chips) 
Seat 7: santila ($2 in chips) 
Seat 8: josejuniorsc ($1.91 in chips) 
Seat 9: vladimir5421 ($4.06 in chips) 
vladimir5421: posts small blind $0.01
Dorex2007: posts big blind $0.02
*** HOLE CARDS ***
Dealt to Dorex2007 [5s 8c]
Spiral_Galax: folds 
bobr.irina: raises $0.06 to $0.08
Zog Buster: folds 
VilpPS: folds 
santila: folds 
josejuniorsc: folds 
vladimir5421: folds 
Dorex2007: folds 
Uncalled bet ($0.06) returned to bobr.irina
bobr.irina collected $0.05 from pot
bobr.irina: doesn't show hand 
*** SUMMARY ***
Total pot $0.05 | Rake $0 
Seat 1: Dorex2007 (big blind) folded before Flop
Seat 2: Spiral_Galax folded before Flop (didn't bet)
Seat 3: bobr.irina collected ($0.05)
Seat 5: Zog Buster folded before Flop (didn't bet)
Seat 6: VilpPS folded before Flop (didn't bet)
Seat 7: santila folded before Flop (didn't bet)
Seat 8: josejuniorsc (button) folded before Flop (didn't bet)
Seat 9: vladimir5421 (small blind) folded before Flop



PokerStars Hand #229948865010:  Hold'em No Limit ($0.01/$0.02 USD) - 2021/09/18 8:32:05 PT [2021/09/18 11:32:05 ET]
Table 'Eurypylos IV' 9-max Seat #9 is the button
Seat 1: Dorex2007 ($2 in chips) 
Seat 2: Spiral_Galax ($1.53 in chips) 
Seat 3: bobr.irina ($1.34 in chips) 
Seat 5: Zog Buster ($2.65 in chips) 
Seat 6: VilpPS ($2 in chips) 
Seat 7: santila ($2 in chips) 
Seat 8: josejuniorsc ($1.91 in chips) 
Seat 9: vladimir5421 ($4.05 in chips) 
Dorex2007: posts small blind $0.01
Spiral_Galax: posts big blind $0.02
*** HOLE CARDS ***
Dealt to Dorex2007 [6h 6c]
bobr.irina: folds 
Zog Buster: folds 
VilpPS: folds 
santila has timed out
santila: folds 
josejuniorsc: folds 
vladimir5421: folds 
Dorex2007: raises $0.04 to $0.06
Spiral_Galax: folds 
Uncalled bet ($0.04) returned to Dorex2007
Dorex2007 collected $0.04 from pot
Dorex2007: doesn't show hand 
*** SUMMARY ***
Total pot $0.04 | Rake $0 
Seat 1: Dorex2007 (small blind) collected ($0.04)
Seat 2: Spiral_Galax (big blind) folded before Flop
Seat 3: bobr.irina folded before Flop (didn't bet)
Seat 5: Zog Buster folded before Flop (didn't bet)
Seat 6: VilpPS folded before Flop (didn't bet)
Seat 7: santila folded before Flop (didn't bet)
Seat 8: josejuniorsc folded before Flop (didn't bet)
Seat 9: vladimir5421 (button) folded before Flop (didn't bet)



PokerStars Hand #229948874435:  Hold'em No Limit ($0.01/$0.02 USD) - 2021/09/18 8:32:30 PT [2021/09/18 11:32:30 ET]
Table 'Eurypylos IV' 9-max Seat #1 is the button
Seat 1: Dorex2007 ($2.02 in chips) 
Seat 2: Spiral_Galax ($1.51 in chips) 
Seat 3: bobr.irina ($1.34 in chips) 
Seat 5: Zog Buster ($2.65 in chips) 
Seat 6: VilpPS ($2 in chips) 
Seat 8: josejuniorsc ($1.91 in chips) 
Seat 9: vladimir5421 ($4.05 in chips) 
Spiral_Galax: posts small blind $0.01
bobr.irina: posts big blind $0.02
*** HOLE CARDS ***
Dealt to Dorex2007 [2h 3c]
Zog Buster: folds 
VilpPS: folds 
josejuniorsc: folds 
vladimir5421: folds 
Dorex2007: folds 
Spiral_Galax: folds 
Uncalled bet ($0.01) returned to bobr.irina
bobr.irina collected $0.02 from pot
bobr.irina: doesn't show hand 
*** SUMMARY ***
Total pot $0.02 | Rake $0 
Seat 1: Dorex2007 (button) folded before Flop (didn't bet)
Seat 2: Spiral_Galax (small blind) folded before Flop
Seat 3: bobr.irina (big blind) collected ($0.02)
Seat 5: Zog Buster folded before Flop (didn't bet)
Seat 6: VilpPS folded before Flop (didn't bet)
Seat 8: josejuniorsc folded before Flop (didn't bet)
Seat 9: vladimir5421 folded before Flop (didn't bet)



PokerStars Hand #229948880808:  Hold'em No Limit ($0.01/$0.02 USD) - 2021/09/18 8:32:47 PT [2021/09/18 11:32:47 ET]
Table 'Eurypylos IV' 9-max Seat #2 is the button
Seat 1: Dorex2007 ($2.02 in chips) 
Seat 2: Spiral_Galax ($1.50 in chips) 
Seat 3: bobr.irina ($1.35 in chips) 
Seat 5: Zog Buster ($2.65 in chips) 
Seat 6: VilpPS ($2 in chips) 
Seat 7: santila ($2 in chips) 
Seat 8: josejuniorsc ($1.91 in chips) 
Seat 9: vladimir5421 ($4.05 in chips) 
bobr.irina: posts small blind $0.01
Zog Buster: posts big blind $0.02
*** HOLE CARDS ***
Dealt to Dorex2007 [Jc 2d]
VilpPS: folds 
santila: folds 
josejuniorsc: folds 
vladimir5421: raises $0.04 to $0.06
Dorex2007: folds 
Spiral_Galax: calls $0.06
bobr.irina: folds 
Zog Buster: folds 
*** FLOP *** [Tc Qh 5h]
vladimir5421: checks 
Spiral_Galax: bets $0.06
vladimir5421: folds 
Uncalled bet ($0.06) returned to Spiral_Galax
Spiral_Galax collected $0.14 from pot
D4yhawk leaves the table
*** SUMMARY ***
Total pot $0.15 | Rake $0.01 
Board [Tc Qh 5h]
Seat 1: Dorex2007 folded before Flop (didn't bet)
Seat 2: Spiral_Galax (button) collected ($0.14)
Seat 3: bobr.irina (small blind) folded before Flop
Seat 5: Zog Buster (big blind) folded before Flop
Seat 6: VilpPS folded before Flop (didn't bet)
Seat 7: santila folded before Flop (didn't bet)
Seat 8: josejuniorsc folded before Flop (didn't bet)
Seat 9: vladimir5421 folded on the Flop



PokerStars Hand #229948911449:  Hold'em No Limit ($0.01/$0.02 USD) - 2021/09/18 8:33:43 PT [2021/09/18 11:33:43 ET]
Table 'Eurypylos IV' 9-max Seat #3 is the button
Seat 1: Dorex2007 ($2.02 in chips) 
Seat 2: Spiral_Galax ($1.58 in chips) 
Seat 3: bobr.irina ($1.34 in chips) 
Seat 5: Zog Buster ($2.63 in chips) 
Seat 6: VilpPS ($2 in chips) 
Seat 7: santila ($2 in chips) 
Seat 8: josejuniorsc ($1.91 in chips) 
Seat 9: vladimir5421 ($3.99 in chips) 
Zog Buster: posts small blind $0.01
VilpPS: posts big blind $0.02
*** HOLE CARDS ***
Dealt to Dorex2007 [8h Ac]
santila: folds 
Jumalaare! joins the table at seat #4 
josejuniorsc: folds 
vladimir5421: folds 
Dorex2007: folds 
Spiral_Galax: folds 
bobr.irina: raises $0.04 to $0.06
Zog Buster: folds 
VilpPS: folds 
Uncalled bet ($0.04) returned to bobr.irina
bobr.irina collected $0.05 from pot
bobr.irina: doesn't show hand 
*** SUMMARY ***
Total pot $0.05 | Rake $0 
Seat 1: Dorex2007 folded before Flop (didn't bet)
Seat 2: Spiral_Galax folded before Flop (didn't bet)
Seat 3: bobr.irina (button) collected ($0.05)
Seat 5: Zog Buster (small blind) folded before Flop
Seat 6: VilpPS (big blind) folded before Flop
Seat 7: santila folded before Flop (didn't bet)
Seat 8: josejuniorsc folded before Flop (didn't bet)
Seat 9: vladimir5421 folded before Flop (didn't bet)



PokerStars Hand #229948920084:  Hold'em No Limit ($0.01/$0.02 USD) - 2021/09/18 8:34:06 PT [2021/09/18 11:34:06 ET]
Table 'Eurypylos IV' 9-max Seat #5 is the button
Seat 1: Dorex2007 ($2.02 in chips) 
Seat 2: Spiral_Galax ($1.58 in chips) 
Seat 3: bobr.irina ($1.37 in chips) 
Seat 4: Jumalaare! ($2 in chips) 
Seat 5: Zog Buster ($2.62 in chips) 
Seat 6: VilpPS ($2 in chips) 
Seat 7: santila ($2 in chips) 
Seat 8: josejuniorsc ($1.91 in chips) 
Seat 9: vladimir5421 ($3.99 in chips) 
VilpPS: posts small blind $0.01
santila: posts big blind $0.02
Jumalaare!: posts big blind $0.02
*** HOLE CARDS ***
Dealt to Dorex2007 [Tc 6h]
josejuniorsc: folds 
vladimir5421: folds 
Dorex2007: folds 
Spiral_Galax: raises $0.04 to $0.06
bobr.irina: folds 
Jumalaare!: folds 
Zog Buster: folds 
VilpPS: folds 
santila: folds 
Uncalled bet ($0.04) returned to Spiral_Galax
Spiral_Galax collected $0.07 from pot
*** SUMMARY ***
Total pot $0.07 | Rake $0 
Seat 1: Dorex2007 folded before Flop (didn't bet)
Seat 2: Spiral_Galax collected ($0.07)
Seat 3: bobr.irina folded before Flop (didn't bet)
Seat 4: Jumalaare! folded before Flop (didn't bet)
Seat 5: Zog Buster (button) folded before Flop (didn't bet)
Seat 6: VilpPS (small blind) folded before Flop
Seat 7: santila (big blind) folded before Flop
Seat 8: josejuniorsc folded before Flop (didn't bet)
Seat 9: vladimir5421 folded before Flop (didn't bet)



PokerStars Hand #229948929318:  Hold'em No Limit ($0.01/$0.02 USD) - 2021/09/18 8:34:31 PT [2021/09/18 11:34:31 ET]
Table 'Eurypylos IV' 9-max Seat #6 is the button
Seat 1: Dorex2007 ($2.02 in chips) 
Seat 2: Spiral_Galax ($1.63 in chips) 
Seat 3: bobr.irina ($1.37 in chips) 
Seat 4: Jumalaare! ($1.98 in chips) 
Seat 5: Zog Buster ($2.62 in chips) 
Seat 6: VilpPS ($2 in chips) 
Seat 7: santila ($2 in chips) 
Seat 8: josejuniorsc ($1.91 in chips) 
Seat 9: vladimir5421 ($3.99 in chips) 
santila: posts small blind $0.01
josejuniorsc: posts big blind $0.02
*** HOLE CARDS ***
Dealt to Dorex2007 [Ks 6c]
vladimir5421: calls $0.02
Dorex2007: folds 
Spiral_Galax: folds 
bobr.irina: raises $0.07 to $0.09
Jumalaare!: folds 
Zog Buster: folds 
VilpPS: calls $0.09
santila: folds 
josejuniorsc: folds 
vladimir5421: calls $0.07
*** FLOP *** [4c 8h As]
vladimir5421: checks 
bobr.irina: bets $0.08
VilpPS: folds 
vladimir5421: folds 
Uncalled bet ($0.08) returned to bobr.irina
bobr.irina collected $0.29 from pot
bobr.irina: doesn't show hand 
*** SUMMARY ***
Total pot $0.30 | Rake $0.01 
Board [4c 8h As]
Seat 1: Dorex2007 folded before Flop (didn't bet)
Seat 2: Spiral_Galax folded before Flop (didn't bet)
Seat 3: bobr.irina collected ($0.29)
Seat 4: Jumalaare! folded before Flop (didn't bet)
Seat 5: Zog Buster folded before Flop (didn't bet)
Seat 6: VilpPS (button) folded on the Flop
Seat 7: santila (small blind) folded before Flop
Seat 8: josejuniorsc (big blind) folded before Flop
Seat 9: vladimir5421 folded on the Flop



PokerStars Hand #229948946509:  Hold'em No Limit ($0.01/$0.02 USD) - 2021/09/18 8:35:16 PT [2021/09/18 11:35:16 ET]
Table 'Eurypylos IV' 9-max Seat #7 is the button
Seat 1: Dorex2007 ($2.02 in chips) 
Seat 2: Spiral_Galax ($1.63 in chips) 
Seat 3: bobr.irina ($1.57 in chips) 
Seat 4: Jumalaare! ($1.98 in chips) 
Seat 5: Zog Buster ($2.62 in chips) 
Seat 6: VilpPS ($2 in chips) 
Seat 7: santila ($2 in chips) 
Seat 8: josejuniorsc ($1.89 in chips) 
Seat 9: vladimir5421 ($3.90 in chips) 
josejuniorsc: posts small blind $0.01
vladimir5421: posts big blind $0.02
*** HOLE CARDS ***
Dealt to Dorex2007 [8s Ac]
Dorex2007: folds 
Spiral_Galax: folds 
bobr.irina: calls $0.02
Jumalaare!: folds 
Zog Buster: folds 
VilpPS: folds 
santila: folds 
josejuniorsc: calls $0.01
vladimir5421: checks 
*** FLOP *** [Ad Qs 2c]
josejuniorsc: checks 
vladimir5421: checks 
bobr.irina: checks 
*** TURN *** [Ad Qs 2c] [Kh]
josejuniorsc: checks 
vladimir5421: checks 
bobr.irina: checks 
*** RIVER *** [Ad Qs 2c Kh] [9h]
josejuniorsc: checks 
vladimir5421: checks 
bobr.irina: checks 
*** SHOW DOWN ***
josejuniorsc: shows [3s 3c] (a pair of Threes)
vladimir5421: mucks hand 
bobr.irina: shows [9s Ts] (a pair of Nines)
bobr.irina collected $0.06 from pot
*** SUMMARY ***
Total pot $0.06 | Rake $0 
Board [Ad Qs 2c Kh 9h]
Seat 1: Dorex2007 folded before Flop (didn't bet)
Seat 2: Spiral_Galax folded before Flop (didn't bet)
Seat 3: bobr.irina showed [9s Ts] and won ($0.06) with a pair of Nines
Seat 4: Jumalaare! folded before Flop (didn't bet)
Seat 5: Zog Buster folded before Flop (didn't bet)
Seat 6: VilpPS folded before Flop (didn't bet)
Seat 7: santila (button) folded before Flop (didn't bet)
Seat 8: josejuniorsc (small blind) showed [3s 3c] and lost with a pair of Threes
Seat 9: vladimir5421 (big blind) mucked [Jd 3h]



PokerStars Hand #229948970631:  Hold'em No Limit ($0.01/$0.02 USD) - 2021/09/18 8:36:21 PT [2021/09/18 11:36:21 ET]
Table 'Eurypylos IV' 9-max Seat #8 is the button
Seat 1: Dorex2007 ($2.02 in chips) 
Seat 2: Spiral_Galax ($1.63 in chips) 
Seat 3: bobr.irina ($1.61 in chips) 
Seat 4: Jumalaare! ($1.98 in chips) 
Seat 5: Zog Buster ($2.62 in chips) 
Seat 6: VilpPS ($2 in chips) 
Seat 7: santila ($2 in chips) 
Seat 8: josejuniorsc ($1.87 in chips) 
Seat 9: vladimir5421 ($3.88 in chips) 
vladimir5421: posts small blind $0.01
Dorex2007: posts big blind $0.02
*** HOLE CARDS ***
Dealt to Dorex2007 [8s Qc]
Spiral_Galax: folds 
bobr.irina: calls $0.02
Jumalaare!: folds 
Zog Buster: folds 
VilpPS: folds 
santila: folds 
josejuniorsc: folds 
vladimir5421: calls $0.01
Dorex2007: checks 
*** FLOP *** [9c 4h 9h]
vladimir5421: checks 
Dorex2007: checks 
bobr.irina: checks 
*** TURN *** [9c 4h 9h] [8d]
vladimir5421: checks 
Dorex2007: bets $0.06
bobr.irina: folds 
vladimir5421: folds 
Uncalled bet ($0.06) returned to Dorex2007
Dorex2007 collected $0.06 from pot
Dorex2007: doesn't show hand 
*** SUMMARY ***
Total pot $0.06 | Rake $0 
Board [9c 4h 9h 8d]
Seat 1: Dorex2007 (big blind) collected ($0.06)
Seat 2: Spiral_Galax folded before Flop (didn't bet)
Seat 3: bobr.irina folded on the Turn
Seat 4: Jumalaare! folded before Flop (didn't bet)
Seat 5: Zog Buster folded before Flop (didn't bet)
Seat 6: VilpPS folded before Flop (didn't bet)
Seat 7: santila folded before Flop (didn't bet)
Seat 8: josejuniorsc (button) folded before Flop (didn't bet)
Seat 9: vladimir5421 (small blind) folded on the Turn



PokerStars Hand #229948990230:  Hold'em No Limit ($0.01/$0.02 USD) - 2021/09/18 8:37:13 PT [2021/09/18 11:37:13 ET]
Table 'Eurypylos IV' 9-max Seat #9 is the button
Seat 1: Dorex2007 ($2.06 in chips) 
Seat 2: Spiral_Galax ($1.63 in chips) 
Seat 3: bobr.irina ($1.59 in chips) 
Seat 4: Jumalaare! ($1.98 in chips) 
Seat 5: Zog Buster ($2.62 in chips) 
Seat 6: VilpPS ($2 in chips) 
Seat 7: santila ($2 in chips) 
Seat 8: josejuniorsc ($1.87 in chips) 
Seat 9: vladimir5421 ($3.86 in chips) 
Dorex2007: posts small blind $0.01
Spiral_Galax: posts big blind $0.02
*** HOLE CARDS ***
Dealt to Dorex2007 [Jd 2s]
bobr.irina: folds 
Jumalaare!: folds 
Zog Buster: folds 
VilpPS: folds 
santila: folds 
josejuniorsc: folds 
vladimir5421: raises $0.04 to $0.06
Dorex2007: folds 
Spiral_Galax: calls $0.04
*** FLOP *** [9c Qd Ad]
Spiral_Galax: bets $0.04
vladimir5421: calls $0.04
*** TURN *** [9c Qd Ad] [6h]
Spiral_Galax: bets $0.02
vladimir5421: raises $0.10 to $0.12
Spiral_Galax: calls $0.10
*** RIVER *** [9c Qd Ad 6h] [9h]
Spiral_Galax: checks 
vladimir5421: checks 
*** SHOW DOWN ***
Spiral_Galax: shows [2d Td] (a pair of Nines)
vladimir5421: shows [3c As] (two pair, Aces and Nines)
vladimir5421 collected $0.43 from pot
*** SUMMARY ***
Total pot $0.45 | Rake $0.02 
Board [9c Qd Ad 6h 9h]
Seat 1: Dorex2007 (small blind) folded before Flop
Seat 2: Spiral_Galax (big blind) showed [2d Td] and lost with a pair of Nines
Seat 3: bobr.irina folded before Flop (didn't bet)
Seat 4: Jumalaare! folded before Flop (didn't bet)
Seat 5: Zog Buster folded before Flop (didn't bet)
Seat 6: VilpPS folded before Flop (didn't bet)
Seat 7: santila folded before Flop (didn't bet)
Seat 8: josejuniorsc folded before Flop (didn't bet)
Seat 9: vladimir5421 (button) showed [3c As] and won ($0.43) with two pair, Aces and Nines



PokerStars Hand #229949021236:  Hold'em No Limit ($0.01/$0.02 USD) - 2021/09/18 8:38:36 PT [2021/09/18 11:38:36 ET]
Table 'Eurypylos IV' 9-max Seat #1 is the button
Seat 1: Dorex2007 ($2.05 in chips) 
Seat 2: Spiral_Galax ($1.41 in chips) 
Seat 3: bobr.irina ($1.59 in chips) 
Seat 4: Jumalaare! ($1.98 in chips) 
Seat 5: Zog Buster ($2.62 in chips) 
Seat 6: VilpPS ($2 in chips) 
Seat 7: santila ($2 in chips) 
Seat 8: josejuniorsc ($1.87 in chips) 
Seat 9: vladimir5421 ($4.07 in chips) 
Spiral_Galax: posts small blind $0.01
bobr.irina: posts big blind $0.02
*** HOLE CARDS ***
Dealt to Dorex2007 [Tc Qs]
Jumalaare!: raises $0.04 to $0.06
Zog Buster: folds 
VilpPS: folds 
santila: raises $0.12 to $0.18
josejuniorsc: folds 
vladimir5421: folds 
Dorex2007: folds 
Spiral_Galax: folds 
bobr.irina: folds 
Jumalaare!: calls $0.12
*** FLOP *** [8c 2d 8s]
Jumalaare!: bets $0.19
santila: folds 
Uncalled bet ($0.19) returned to Jumalaare!
Jumalaare! collected $0.38 from pot
Jumalaare!: doesn't show hand 
*** SUMMARY ***
Total pot $0.39 | Rake $0.01 
Board [8c 2d 8s]
Seat 1: Dorex2007 (button) folded before Flop (didn't bet)
Seat 2: Spiral_Galax (small blind) folded before Flop
Seat 3: bobr.irina (big blind) folded before Flop
Seat 4: Jumalaare! collected ($0.38)
Seat 5: Zog Buster folded before Flop (didn't bet)
Seat 6: VilpPS folded before Flop (didn't bet)
Seat 7: santila folded on the Flop
Seat 8: josejuniorsc folded before Flop (didn't bet)
Seat 9: vladimir5421 folded before Flop (didn't bet)



PokerStars Hand #229949044834:  Hold'em No Limit ($0.01/$0.02 USD) - 2021/09/18 8:39:38 PT [2021/09/18 11:39:38 ET]
Table 'Eurypylos IV' 9-max Seat #2 is the button
Seat 1: Dorex2007 ($2.05 in chips) 
Seat 2: Spiral_Galax ($1.40 in chips) 
Seat 3: bobr.irina ($1.57 in chips) 
Seat 4: Jumalaare! ($2.18 in chips) 
Seat 5: Zog Buster ($2.62 in chips) 
Seat 6: VilpPS ($2 in chips) 
Seat 7: santila ($2 in chips) 
Seat 8: josejuniorsc ($1.87 in chips) 
Seat 9: vladimir5421 ($4.07 in chips) 
bobr.irina: posts small blind $0.01
Jumalaare!: posts big blind $0.02
*** HOLE CARDS ***
Dealt to Dorex2007 [Kh 2h]
Zog Buster: folds 
VilpPS: folds 
santila: folds 
josejuniorsc: folds 
vladimir5421: folds 
Dorex2007: folds 
Spiral_Galax: folds 
bobr.irina: folds 
Uncalled bet ($0.01) returned to Jumalaare!
Jumalaare! collected $0.02 from pot
Jumalaare!: doesn't show hand 
*** SUMMARY ***
Total pot $0.02 | Rake $0 
Seat 1: Dorex2007 folded before Flop (didn't bet)
Seat 2: Spiral_Galax (button) folded before Flop (didn't bet)
Seat 3: bobr.irina (small blind) folded before Flop
Seat 4: Jumalaare! (big blind) collected ($0.02)
Seat 5: Zog Buster folded before Flop (didn't bet)
Seat 6: VilpPS folded before Flop (didn't bet)
Seat 7: santila folded before Flop (didn't bet)
Seat 8: josejuniorsc folded before Flop (didn't bet)
Seat 9: vladimir5421 folded before Flop (didn't bet)



PokerStars Hand #229949051196:  Hold'em No Limit ($0.01/$0.02 USD) - 2021/09/18 8:39:55 PT [2021/09/18 11:39:55 ET]
Table 'Eurypylos IV' 9-max Seat #3 is the button
Seat 1: Dorex2007 ($2.05 in chips) 
Seat 2: Spiral_Galax ($1.40 in chips) 
Seat 3: bobr.irina ($1.56 in chips) 
Seat 4: Jumalaare! ($2.19 in chips) 
Seat 6: VilpPS ($2 in chips) 
Seat 7: santila ($2 in chips) 
Seat 8: josejuniorsc ($1.87 in chips) 
Seat 9: vladimir5421 ($4.07 in chips) 
Jumalaare!: posts small blind $0.01
Zog Buster: is sitting out 
Zog Buster leaves the table
VilpPS: posts big blind $0.02
*** HOLE CARDS ***
Dealt to Dorex2007 [4d Jh]
santila: folds 
josejuniorsc: folds 
vladimir5421: folds 
Dorex2007: folds 
Spiral_Galax: folds 
bobr.irina: folds 
josejuniorsc leaves the table
Jumalaare!: raises $0.04 to $0.06
VilpPS: calls $0.04
*** FLOP *** [2s Ah 6s]
Jumalaare!: bets $0.06
VilpPS: calls $0.06
*** TURN *** [2s Ah 6s] [5s]
Jumalaare!: bets $0.11
VilpPS: calls $0.11
*** RIVER *** [2s Ah 6s 5s] [Kc]
Jumalaare!: bets $0.22
VilpPS: calls $0.22
*** SHOW DOWN ***
Jumalaare!: shows [Qs Js] (a flush, Queen high)
VilpPS: mucks hand 
Jumalaare! collected $0.87 from pot
*** SUMMARY ***
Total pot $0.90 | Rake $0.03 
Board [2s Ah 6s 5s Kc]
Seat 1: Dorex2007 folded before Flop (didn't bet)
Seat 2: Spiral_Galax folded before Flop (didn't bet)
Seat 3: bobr.irina (button) folded before Flop (didn't bet)
Seat 4: Jumalaare! (small blind) showed [Qs Js] and won ($0.87) with a flush, Queen high
Seat 6: VilpPS (big blind) mucked [6c 5c]
Seat 7: santila folded before Flop (didn't bet)
Seat 8: josejuniorsc folded before Flop (didn't bet)
Seat 9: vladimir5421 folded before Flop (didn't bet)



PokerStars Hand #229949069207:  Hold'em No Limit ($0.01/$0.02 USD) - 2021/09/18 8:40:44 PT [2021/09/18 11:40:44 ET]
Table 'Eurypylos IV' 9-max Seat #4 is the button
Seat 1: Dorex2007 ($2.05 in chips) 
Seat 2: Spiral_Galax ($1.40 in chips) 
Seat 3: bobr.irina ($1.56 in chips) 
Seat 4: Jumalaare! ($2.61 in chips) 
Seat 6: VilpPS ($2 in chips) 
Seat 7: santila ($2 in chips) 
Seat 9: vladimir5421 ($4.07 in chips) 
VilpPS: posts small blind $0.01
santila: posts big blind $0.02
*** HOLE CARDS ***
Dealt to Dorex2007 [Ts 3h]
vladimir5421: folds 
Dorex2007: folds 
Spiral_Galax: raises $0.02 to $0.04
bobr.irina: folds 
Jumalaare!: folds 
VilpPS: folds 
santila: folds 
Uncalled bet ($0.02) returned to Spiral_Galax
Spiral_Galax collected $0.05 from pot
*** SUMMARY ***
Total pot $0.05 | Rake $0 
Seat 1: Dorex2007 folded before Flop (didn't bet)
Seat 2: Spiral_Galax collected ($0.05)
Seat 3: bobr.irina folded before Flop (didn't bet)
Seat 4: Jumalaare! (button) folded before Flop (didn't bet)
Seat 6: VilpPS (small blind) folded before Flop
Seat 7: santila (big blind) folded before Flop
Seat 9: vladimir5421 folded before Flop (didn't bet)



PokerStars Hand #229949080046:  Hold'em No Limit ($0.01/$0.02 USD) - 2021/09/18 8:41:12 PT [2021/09/18 11:41:12 ET]
Table 'Eurypylos IV' 9-max Seat #6 is the button
Seat 1: Dorex2007 ($2.05 in chips) 
Seat 2: Spiral_Galax ($1.43 in chips) 
Seat 3: bobr.irina ($1.56 in chips) 
Seat 4: Jumalaare! ($2.61 in chips) 
Seat 6: VilpPS ($2 in chips) 
Seat 7: santila ($2 in chips) 
Seat 9: vladimir5421 ($4.07 in chips) 
santila: posts small blind $0.01
vladimir5421: posts big blind $0.02
*** HOLE CARDS ***
Dealt to Dorex2007 [5h 6d]
Dorex2007: folds 
Spiral_Galax: raises $0.04 to $0.06
bobr.irina: folds 
Jumalaare!: folds 
VilpPS: folds 
santila: folds 
vladimir5421: folds 
Uncalled bet ($0.04) returned to Spiral_Galax
Spiral_Galax collected $0.05 from pot
*** SUMMARY ***
Total pot $0.05 | Rake $0 
Seat 1: Dorex2007 folded before Flop (didn't bet)
Seat 2: Spiral_Galax collected ($0.05)
Seat 3: bobr.irina folded before Flop (didn't bet)
Seat 4: Jumalaare! folded before Flop (didn't bet)
Seat 6: VilpPS (button) folded before Flop (didn't bet)
Seat 7: santila (small blind) folded before Flop
Seat 9: vladimir5421 (big blind) folded before Flop



PokerStars Hand #229949089869:  Hold'em No Limit ($0.01/$0.02 USD) - 2021/09/18 8:41:39 PT [2021/09/18 11:41:39 ET]
Table 'Eurypylos IV' 9-max Seat #7 is the button
Seat 1: Dorex2007 ($2.05 in chips) 
Seat 2: Spiral_Galax ($1.46 in chips) 
Seat 3: bobr.irina ($1.56 in chips) 
Seat 4: Jumalaare! ($2.61 in chips) 
Seat 6: VilpPS ($2 in chips) 
Seat 7: santila ($2 in chips) 
Seat 9: vladimir5421 ($4.05 in chips) 
vladimir5421: posts small blind $0.01
Dorex2007: posts big blind $0.02
*** HOLE CARDS ***
Dealt to Dorex2007 [2c 7s]
Spiral_Galax: raises $0.04 to $0.06
bobr.irina: folds 
dimasya1990 joins the table at seat #5 
Jumalaare!: raises $0.04 to $0.10
VilpPS: folds 
santila: folds 
vladimir5421: folds 
Dorex2007: folds 
Spiral_Galax: calls $0.04
*** FLOP *** [9c Ts 5h]
LeoUribe10 joins the table at seat #8 
Spiral_Galax: bets $0.11
Jumalaare!: calls $0.11
*** TURN *** [9c Ts 5h] [4c]
Spiral_Galax: bets $0.15
Jumalaare!: calls $0.15
*** RIVER *** [9c Ts 5h 4c] [4s]
Spiral_Galax: checks 
Jumalaare!: checks 
*** SHOW DOWN ***
Spiral_Galax: shows [Td As] (two pair, Tens and Fours)
Jumalaare!: shows [Qh Qc] (two pair, Queens and Fours)
Jumalaare! collected $0.72 from pot
*** SUMMARY ***
Total pot $0.75 | Rake $0.03 
Board [9c Ts 5h 4c 4s]
Seat 1: Dorex2007 (big blind) folded before Flop
Seat 2: Spiral_Galax showed [Td As] and lost with two pair, Tens and Fours
Seat 3: bobr.irina folded before Flop (didn't bet)
Seat 4: Jumalaare! showed [Qh Qc] and won ($0.72) with two pair, Queens and Fours
Seat 6: VilpPS folded before Flop (didn't bet)
Seat 7: santila (button) folded before Flop (didn't bet)
Seat 9: vladimir5421 (small blind) folded before Flop



PokerStars Hand #229949106037:  Hold'em No Limit ($0.01/$0.02 USD) - 2021/09/18 8:42:21 PT [2021/09/18 11:42:21 ET]
Table 'Eurypylos IV' 9-max Seat #9 is the button
Seat 1: Dorex2007 ($2.03 in chips) 
Seat 2: Spiral_Galax ($1.10 in chips) 
Seat 3: bobr.irina ($1.56 in chips) 
Seat 4: Jumalaare! ($2.97 in chips) 
Seat 6: VilpPS ($2 in chips) 
Seat 7: santila ($2 in chips) 
Seat 9: vladimir5421 ($4.04 in chips) 
Dorex2007: posts small blind $0.01
Spiral_Galax: posts big blind $0.02
dimasya1990: sits out 
LeoUribe10: sits out 
*** HOLE CARDS ***
Dealt to Dorex2007 [6s Qc]
bobr.irina: raises $0.02 to $0.04
Jumalaare!: folds 
VilpPS: folds 
santila: calls $0.04
vladimir5421: calls $0.04
Dorex2007: folds 
Spiral_Galax: calls $0.02
*** FLOP *** [Ac 8s Js]
Spiral_Galax: checks 
bobr.irina: bets $0.16
santila: folds 
vladimir5421: calls $0.16
Spiral_Galax: folds 
*** TURN *** [Ac 8s Js] [Tc]
bobr.irina: checks 
vladimir5421: bets $0.24
bobr.irina: calls $0.24
*** RIVER *** [Ac 8s Js Tc] [6c]
bobr.irina: checks 
vladimir5421: bets $0.38
bobr.irina: folds 
Uncalled bet ($0.38) returned to vladimir5421
vladimir5421 collected $0.94 from pot
vladimir5421: doesn't show hand 
*** SUMMARY ***
Total pot $0.97 | Rake $0.03 
Board [Ac 8s Js Tc 6c]
Seat 1: Dorex2007 (small blind) folded before Flop
Seat 2: Spiral_Galax (big blind) folded on the Flop
Seat 3: bobr.irina folded on the River
Seat 4: Jumalaare! folded before Flop (didn't bet)
Seat 6: VilpPS folded before Flop (didn't bet)
Seat 7: santila folded on the Flop
Seat 9: vladimir5421 (button) collected ($0.94)



PokerStars Hand #229949143968:  Hold'em No Limit ($0.01/$0.02 USD) - 2021/09/18 8:43:57 PT [2021/09/18 11:43:57 ET]
Table 'Eurypylos IV' 9-max Seat #1 is the button
Seat 1: Dorex2007 ($2.02 in chips) 
Seat 2: Spiral_Galax ($1.06 in chips) 
Seat 3: bobr.irina ($1.12 in chips) 
Seat 4: Jumalaare! ($2.97 in chips) 
Seat 6: VilpPS ($2 in chips) 
Seat 7: santila ($2 in chips) 
Seat 8: LeoUribe10 ($1.60 in chips) 
Seat 9: vladimir5421 ($4.54 in chips) 
Spiral_Galax: posts small blind $0.01
bobr.irina: posts big blind $0.02
dimasya1990: sits out 
LeoUribe10: posts big blind $0.02
*** HOLE CARDS ***
Dealt to Dorex2007 [3c 8c]
Jumalaare!: folds 
VilpPS: folds 
santila: folds 
LeoUribe10: checks 
vladimir5421: calls $0.02
Dorex2007: folds 
Spiral_Galax: raises $0.06 to $0.08
bobr.irina: folds 
LeoUribe10: folds 
vladimir5421: calls $0.06
*** FLOP *** [Qs Td 9h]
Spiral_Galax: bets $0.07
vladimir5421: raises $0.33 to $0.40
Spiral_Galax: calls $0.33
*** TURN *** [Qs Td 9h] [6d]
Spiral_Galax: checks 
vladimir5421: checks 
*** RIVER *** [Qs Td 9h 6d] [3s]
Spiral_Galax: checks 
vladimir5421: bets $0.48
Spiral_Galax: calls $0.48
*** SHOW DOWN ***
vladimir5421: shows [Jd Qd] (a pair of Queens)
Spiral_Galax: shows [As Qh] (a pair of Queens - Ace kicker)
Spiral_Galax collected $1.89 from pot
*** SUMMARY ***
Total pot $1.96 | Rake $0.07 
Board [Qs Td 9h 6d 3s]
Seat 1: Dorex2007 (button) folded before Flop (didn't bet)
Seat 2: Spiral_Galax (small blind) showed [As Qh] and won ($1.89) with a pair of Queens
Seat 3: bobr.irina (big blind) folded before Flop
Seat 4: Jumalaare! folded before Flop (didn't bet)
Seat 6: VilpPS folded before Flop (didn't bet)
Seat 7: santila folded before Flop (didn't bet)
Seat 8: LeoUribe10 folded before Flop (didn't bet)
Seat 9: vladimir5421 showed [Jd Qd] and lost with a pair of Queens



PokerStars Hand #229949169188:  Hold'em No Limit ($0.01/$0.02 USD) - 2021/09/18 8:45:04 PT [2021/09/18 11:45:04 ET]
Table 'Eurypylos IV' 9-max Seat #2 is the button
Seat 1: Dorex2007 ($2.02 in chips) 
Seat 2: Spiral_Galax ($1.99 in chips) 
Seat 3: bobr.irina ($1.10 in chips) 
Seat 4: Jumalaare! ($2.97 in chips) 
Seat 6: VilpPS ($2 in chips) 
Seat 7: santila ($2 in chips) 
Seat 8: LeoUribe10 ($1.58 in chips) 
Seat 9: vladimir5421 ($3.58 in chips) 
bobr.irina: posts small blind $0.01
Jumalaare!: posts big blind $0.02
dimasya1990: sits out 
*** HOLE CARDS ***
Dealt to Dorex2007 [2d Js]
VilpPS: folds 
santila: folds 
LeoUribe10: raises $0.02 to $0.04
vladimir5421: folds 
Dorex2007: folds 
Spiral_Galax: calls $0.04
bobr.irina: folds 
Jumalaare!: calls $0.02
*** FLOP *** [9s 6h Kd]
Jumalaare!: checks 
LeoUribe10: checks 
Spiral_Galax: checks 
*** TURN *** [9s 6h Kd] [4d]
Jumalaare!: bets $0.06
LeoUribe10: folds 
Spiral_Galax: folds 
Uncalled bet ($0.06) returned to Jumalaare!
Jumalaare! collected $0.13 from pot
Jumalaare!: doesn't show hand 
*** SUMMARY ***
Total pot $0.13 | Rake $0 
Board [9s 6h Kd 4d]
Seat 1: Dorex2007 folded before Flop (didn't bet)
Seat 2: Spiral_Galax (button) folded on the Turn
Seat 3: bobr.irina (small blind) folded before Flop
Seat 4: Jumalaare! (big blind) collected ($0.13)
Seat 6: VilpPS folded before Flop (didn't bet)
Seat 7: santila folded before Flop (didn't bet)
Seat 8: LeoUribe10 folded on the Turn
Seat 9: vladimir5421 folded before Flop (didn't bet)



PokerStars Hand #229949186400:  Hold'em No Limit ($0.01/$0.02 USD) - 2021/09/18 8:45:51 PT [2021/09/18 11:45:51 ET]
Table 'Eurypylos IV' 9-max Seat #3 is the button
Seat 1: Dorex2007 ($2.02 in chips) 
Seat 2: Spiral_Galax ($1.95 in chips) 
Seat 3: bobr.irina ($1.09 in chips) 
Seat 4: Jumalaare! ($3.06 in chips) 
Seat 5: dimasya1990 ($2 in chips) 
Seat 6: VilpPS ($2 in chips) 
Seat 7: santila ($2 in chips) 
Seat 8: LeoUribe10 ($1.54 in chips) 
Seat 9: vladimir5421 ($3.58 in chips) 
Jumalaare!: posts small blind $0.01
dimasya1990: posts big blind $0.02
*** HOLE CARDS ***
Dealt to Dorex2007 [Qs Ad]
VilpPS: folds 
santila: folds 
LeoUribe10: folds 
vladimir5421: raises $0.04 to $0.06
Dorex2007: raises $0.06 to $0.12
Spiral_Galax: folds 
bobr.irina: folds 
Jumalaare!: folds 
dimasya1990: folds 
vladimir5421: calls $0.06
*** FLOP *** [Kc 4s Qh]
vladimir5421: checks 
Dorex2007: checks 
*** TURN *** [Kc 4s Qh] [9s]
vladimir5421: bets $0.13
Dorex2007: calls $0.13
*** RIVER *** [Kc 4s Qh 9s] [Qd]
vladimir5421: checks 
Dorex2007: bets $0.51
LeoUribe10 said, "anaaashei"
vladimir5421: calls $0.51
*** SHOW DOWN ***
Dorex2007: shows [Qs Ad] (three of a kind, Queens)
vladimir5421: mucks hand 
Dorex2007 collected $1.50 from pot
*** SUMMARY ***
Total pot $1.55 | Rake $0.05 
Board [Kc 4s Qh 9s Qd]
Seat 1: Dorex2007 showed [Qs Ad] and won ($1.50) with three of a kind, Queens
Seat 2: Spiral_Galax folded before Flop (didn't bet)
Seat 3: bobr.irina (button) folded before Flop (didn't bet)
Seat 4: Jumalaare! (small blind) folded before Flop
Seat 5: dimasya1990 (big blind) folded before Flop
Seat 6: VilpPS folded before Flop (didn't bet)
Seat 7: santila folded before Flop (didn't bet)
Seat 8: LeoUribe10 folded before Flop (didn't bet)
Seat 9: vladimir5421 mucked [Kh Th]



PokerStars Hand #229949220649:  Hold'em No Limit ($0.01/$0.02 USD) - 2021/09/18 8:47:23 PT [2021/09/18 11:47:23 ET]
Table 'Eurypylos IV' 9-max Seat #4 is the button
Seat 1: Dorex2007 ($2.76 in chips) 
Seat 2: Spiral_Galax ($1.95 in chips) 
Seat 3: bobr.irina ($1.09 in chips) 
Seat 4: Jumalaare! ($3.05 in chips) 
Seat 5: dimasya1990 ($1.98 in chips) 
Seat 6: VilpPS ($2 in chips) 
Seat 7: santila ($2 in chips) 
Seat 8: LeoUribe10 ($1.54 in chips) 
Seat 9: vladimir5421 ($2.82 in chips) 
dimasya1990: posts small blind $0.01
VilpPS: posts big blind $0.02
*** HOLE CARDS ***
Dealt to Dorex2007 [5d 6c]
santila: folds 
LeoUribe10: folds 
vladimir5421: folds 
Dorex2007: folds 
Spiral_Galax: raises $0.04 to $0.06
bobr.irina: folds 
Jumalaare!: folds 
dimasya1990: folds 
VilpPS: folds 
Uncalled bet ($0.04) returned to Spiral_Galax
Spiral_Galax collected $0.05 from pot
*** SUMMARY ***
Total pot $0.05 | Rake $0 
Seat 1: Dorex2007 folded before Flop (didn't bet)
Seat 2: Spiral_Galax collected ($0.05)
Seat 3: bobr.irina folded before Flop (didn't bet)
Seat 4: Jumalaare! (button) folded before Flop (didn't bet)
Seat 5: dimasya1990 (small blind) folded before Flop
Seat 6: VilpPS (big blind) folded before Flop
Seat 7: santila folded before Flop (didn't bet)
Seat 8: LeoUribe10 folded before Flop (didn't bet)
Seat 9: vladimir5421 folded before Flop (didn't bet)



PokerStars Hand #229949230434:  Hold'em No Limit ($0.01/$0.02 USD) - 2021/09/18 8:47:50 PT [2021/09/18 11:47:50 ET]
Table 'Eurypylos IV' 9-max Seat #5 is the button
Seat 1: Dorex2007 ($2.76 in chips) 
Seat 2: Spiral_Galax ($1.98 in chips) 
Seat 3: bobr.irina ($1.09 in chips) 
Seat 4: Jumalaare! ($3.05 in chips) 
Seat 5: dimasya1990 ($1.97 in chips) 
Seat 6: VilpPS ($2 in chips) 
Seat 7: santila ($2 in chips) 
Seat 8: LeoUribe10 ($1.54 in chips) 
Seat 9: vladimir5421 ($2.82 in chips) 
VilpPS: posts small blind $0.01
santila: posts big blind $0.02
*** HOLE CARDS ***
Dealt to Dorex2007 [6d Qs]
LeoUribe10: folds 
vladimir5421: folds 
Dorex2007: folds 
Spiral_Galax: raises $0.04 to $0.06
bobr.irina: folds 
Jumalaare!: calls $0.06
dimasya1990: calls $0.06
VilpPS: folds 
santila: folds 
*** FLOP *** [Js Th 2h]
Spiral_Galax: checks 
Jumalaare!: checks 
dimasya1990: checks 
*** TURN *** [Js Th 2h] [Ks]
Spiral_Galax: checks 
Jumalaare!: checks 
dimasya1990: checks 
*** RIVER *** [Js Th 2h Ks] [5d]
Spiral_Galax: checks 
Jumalaare!: bets $0.20
dimasya1990: folds 
Spiral_Galax: folds 
Uncalled bet ($0.20) returned to Jumalaare!
Jumalaare! collected $0.20 from pot
Jumalaare!: doesn't show hand 
*** SUMMARY ***
Total pot $0.21 | Rake $0.01 
Board [Js Th 2h Ks 5d]
Seat 1: Dorex2007 folded before Flop (didn't bet)
Seat 2: Spiral_Galax folded on the River
Seat 3: bobr.irina folded before Flop (didn't bet)
Seat 4: Jumalaare! collected ($0.20)
Seat 5: dimasya1990 (button) folded on the River
Seat 6: VilpPS (small blind) folded before Flop
Seat 7: santila (big blind) folded before Flop
Seat 8: LeoUribe10 folded before Flop (didn't bet)
Seat 9: vladimir5421 folded before Flop (didn't bet)



PokerStars Hand #229949270093:  Hold'em No Limit ($0.01/$0.02 USD) - 2021/09/18 8:49:37 PT [2021/09/18 11:49:37 ET]
Table 'Eurypylos IV' 9-max Seat #6 is the button
Seat 1: Dorex2007 ($2.76 in chips) 
Seat 2: Spiral_Galax ($1.92 in chips) 
Seat 3: bobr.irina ($1.09 in chips) 
Seat 4: Jumalaare! ($3.19 in chips) 
Seat 5: dimasya1990 ($1.91 in chips) 
Seat 6: VilpPS ($2 in chips) 
Seat 7: santila ($2 in chips) 
Seat 8: LeoUribe10 ($1.54 in chips) 
Seat 9: vladimir5421 ($2.82 in chips) 
santila: posts small blind $0.01
LeoUribe10: posts big blind $0.02
*** HOLE CARDS ***
Dealt to Dorex2007 [Js 7c]
vladimir5421: raises $0.04 to $0.06
Dorex2007: folds 
Spiral_Galax: calls $0.06
bobr.irina: folds 
Jumalaare!: folds 
dimasya1990: calls $0.06
VilpPS: folds 
santila: calls $0.05
LeoUribe10: folds 
*** FLOP *** [6s 7s 3h]
santila: checks 
vladimir5421: checks 
Spiral_Galax: checks 
dimasya1990: checks 
*** TURN *** [6s 7s 3h] [8s]
santila: checks 
vladimir5421: bets $0.13
Spiral_Galax: folds 
dimasya1990: calls $0.13
santila: folds 
*** RIVER *** [6s 7s 3h 8s] [4h]
vladimir5421: checks 
dimasya1990: checks 
*** SHOW DOWN ***
vladimir5421: shows [As Ts] (a flush, Ace high)
dimasya1990: mucks hand 
vladimir5421 collected $0.50 from pot
*** SUMMARY ***
Total pot $0.52 | Rake $0.02 
Board [6s 7s 3h 8s 4h]
Seat 1: Dorex2007 folded before Flop (didn't bet)
Seat 2: Spiral_Galax folded on the Turn
Seat 3: bobr.irina folded before Flop (didn't bet)
Seat 4: Jumalaare! folded before Flop (didn't bet)
Seat 5: dimasya1990 mucked [Ad 8c]
Seat 6: VilpPS (button) folded before Flop (didn't bet)
Seat 7: santila (small blind) folded on the Turn
Seat 8: LeoUribe10 (big blind) folded before Flop
Seat 9: vladimir5421 showed [As Ts] and won ($0.50) with a flush, Ace high



PokerStars Hand #229949296422:  Hold'em No Limit ($0.01/$0.02 USD) - 2021/09/18 8:50:49 PT [2021/09/18 11:50:49 ET]
Table 'Eurypylos IV' 9-max Seat #7 is the button
Seat 1: Dorex2007 ($2.76 in chips) 
Seat 2: Spiral_Galax ($1.86 in chips) 
Seat 3: bobr.irina ($1.09 in chips) 
Seat 4: Jumalaare! ($3.19 in chips) 
Seat 5: dimasya1990 ($1.72 in chips) 
Seat 6: VilpPS ($2 in chips) 
Seat 7: santila ($2 in chips) 
Seat 8: LeoUribe10 ($1.52 in chips) 
Seat 9: vladimir5421 ($3.13 in chips) 
LeoUribe10: posts small blind $0.01
vladimir5421: posts big blind $0.02
*** HOLE CARDS ***
Dealt to Dorex2007 [Tc 5s]
Dorex2007: folds 
Spiral_Galax: folds 
bobr.irina: folds 
Jumalaare! has timed out
Jumalaare!: folds 
dimasya1990: raises $0.04 to $0.06
VilpPS: folds 
santila: folds 
LeoUribe10: folds 
vladimir5421: folds 
Uncalled bet ($0.04) returned to dimasya1990
dimasya1990 collected $0.05 from pot
*** SUMMARY ***
Total pot $0.05 | Rake $0 
Seat 1: Dorex2007 folded before Flop (didn't bet)
Seat 2: Spiral_Galax folded before Flop (didn't bet)
Seat 3: bobr.irina folded before Flop (didn't bet)
Seat 4: Jumalaare! folded before Flop (didn't bet)
Seat 5: dimasya1990 collected ($0.05)
Seat 6: VilpPS folded before Flop (didn't bet)
Seat 7: santila (button) folded before Flop (didn't bet)
Seat 8: LeoUribe10 (small blind) folded before Flop
Seat 9: vladimir5421 (big blind) folded before Flop



PokerStars Hand #229949309705:  Hold'em No Limit ($0.01/$0.02 USD) - 2021/09/18 8:51:26 PT [2021/09/18 11:51:26 ET]
Table 'Eurypylos IV' 9-max Seat #8 is the button
Seat 1: Dorex2007 ($2.76 in chips) 
Seat 2: Spiral_Galax ($1.86 in chips) 
Seat 3: bobr.irina ($1.09 in chips) 
Seat 4: Jumalaare! ($3.19 in chips) 
Seat 5: dimasya1990 ($1.75 in chips) 
Seat 6: VilpPS ($2 in chips) 
Seat 7: santila ($2 in chips) 
Seat 8: LeoUribe10 ($1.51 in chips) 
Seat 9: vladimir5421 ($3.11 in chips) 
vladimir5421: posts small blind $0.01
Dorex2007: posts big blind $0.02
*** HOLE CARDS ***
Dealt to Dorex2007 [As Qh]
Spiral_Galax: raises $0.04 to $0.06
bobr.irina: folds 
Jumalaare!: folds 
dimasya1990: raises $0.15 to $0.21
VilpPS: folds 
santila: folds 
LeoUribe10: folds 
vladimir5421: folds 
Dorex2007: folds 
Spiral_Galax: calls $0.15
*** FLOP *** [Ts Jh 7d]
Spiral_Galax: checks 
Jumalaare! leaves the table
farima_d joins the table at seat #4 
dimasya1990: bets $0.14
Spiral_Galax: calls $0.14
*** TURN *** [Ts Jh 7d] [9d]
Spiral_Galax: checks 
dimasya1990: bets $0.35
Spiral_Galax: calls $0.35
*** RIVER *** [Ts Jh 7d 9d] [Ac]
Spiral_Galax: bets $0.18
dimasya1990: calls $0.18
*** SHOW DOWN ***
Spiral_Galax: shows [Jd Kh] (a pair of Jacks)
dimasya1990: mucks hand 
Spiral_Galax collected $1.73 from pot
*** SUMMARY ***
Total pot $1.79 | Rake $0.06 
Board [Ts Jh 7d 9d Ac]
Seat 1: Dorex2007 (big blind) folded before Flop
Seat 2: Spiral_Galax showed [Jd Kh] and won ($1.73) with a pair of Jacks
Seat 3: bobr.irina folded before Flop (didn't bet)
Seat 4: Jumalaare! folded before Flop (didn't bet)
Seat 5: dimasya1990 mucked [Td Kd]
Seat 6: VilpPS folded before Flop (didn't bet)
Seat 7: santila folded before Flop (didn't bet)
Seat 8: LeoUribe10 (button) folded before Flop (didn't bet)
Seat 9: vladimir5421 (small blind) folded before Flop



PokerStars Hand #229949344242:  Hold'em No Limit ($0.01/$0.02 USD) - 2021/09/18 8:53:01 PT [2021/09/18 11:53:01 ET]
Table 'Eurypylos IV' 9-max Seat #9 is the button
Seat 1: Dorex2007 ($2.74 in chips) 
Seat 2: Spiral_Galax ($2.71 in chips) 
Seat 3: bobr.irina ($1.09 in chips) 
Seat 4: farima_d ($1.60 in chips) 
Seat 5: dimasya1990 ($0.87 in chips) 
Seat 6: VilpPS ($2 in chips) 
Seat 7: santila ($2 in chips) 
Seat 8: LeoUribe10 ($1.51 in chips) 
Seat 9: vladimir5421 ($3.10 in chips) 
Dorex2007: posts small blind $0.01
Spiral_Galax: posts big blind $0.02
farima_d: posts big blind $0.02
*** HOLE CARDS ***
Dealt to Dorex2007 [Kh 3h]
bobr.irina: folds 
farima_d: checks 
dimasya1990: folds 
VilpPS: folds 
santila: folds 
LeoUribe10: folds 
vladimir5421: folds 
Dorex2007: calls $0.01
Spiral_Galax: raises $0.04 to $0.06
farima_d: calls $0.04
Dorex2007: calls $0.04
*** FLOP *** [Kc 3s Qd]
Dorex2007: checks 
Spiral_Galax: checks 
farima_d: checks 
*** TURN *** [Kc 3s Qd] [Qs]
Dorex2007: bets $0.09
Spiral_Galax: folds 
farima_d: folds 
Uncalled bet ($0.09) returned to Dorex2007
Dorex2007 collected $0.17 from pot
Dorex2007: doesn't show hand 
*** SUMMARY ***
Total pot $0.18 | Rake $0.01 
Board [Kc 3s Qd Qs]
Seat 1: Dorex2007 (small blind) collected ($0.17)
Seat 2: Spiral_Galax (big blind) folded on the Turn
Seat 3: bobr.irina folded before Flop (didn't bet)
Seat 4: farima_d folded on the Turn
Seat 5: dimasya1990 folded before Flop (didn't bet)
Seat 6: VilpPS folded before Flop (didn't bet)
Seat 7: santila folded before Flop (didn't bet)
Seat 8: LeoUribe10 folded before Flop (didn't bet)
Seat 9: vladimir5421 (button) folded before Flop (didn't bet)



PokerStars Hand #229949363536:  Hold'em No Limit ($0.01/$0.02 USD) - 2021/09/18 8:53:53 PT [2021/09/18 11:53:53 ET]
Table 'Eurypylos IV' 9-max Seat #1 is the button
Seat 1: Dorex2007 ($2.85 in chips) 
Seat 2: Spiral_Galax ($2.65 in chips) 
Seat 3: bobr.irina ($1.09 in chips) 
Seat 4: farima_d ($1.54 in chips) 
Seat 5: dimasya1990 ($0.87 in chips) 
Seat 6: VilpPS ($2 in chips) 
Seat 7: santila ($2 in chips) 
Seat 8: LeoUribe10 ($1.51 in chips) 
Seat 9: vladimir5421 ($3.10 in chips) 
Spiral_Galax: posts small blind $0.01
bobr.irina: posts big blind $0.02
*** HOLE CARDS ***
Dealt to Dorex2007 [Tc 9d]
farima_d: folds 
dimasya1990: folds 
VilpPS: folds 
santila: folds 
LeoUribe10: folds 
vladimir5421: folds 
Dorex2007: folds 
Spiral_Galax: raises $0.02 to $0.04
bobr.irina: calls $0.02
*** FLOP *** [Kd Qd Jc]
Spiral_Galax: bets $0.04
bobr.irina: calls $0.04
*** TURN *** [Kd Qd Jc] [8s]
Spiral_Galax: checks 
bobr.irina: checks 
*** RIVER *** [Kd Qd Jc 8s] [Ts]
Spiral_Galax: checks 
bobr.irina: checks 
*** SHOW DOWN ***
Spiral_Galax: shows [Td 6d] (a pair of Tens)
bobr.irina: shows [Ah 8d] (a straight, Ten to Ace)
bobr.irina collected $0.15 from pot
*** SUMMARY ***
Total pot $0.16 | Rake $0.01 
Board [Kd Qd Jc 8s Ts]
Seat 1: Dorex2007 (button) folded before Flop (didn't bet)
Seat 2: Spiral_Galax (small blind) showed [Td 6d] and lost with a pair of Tens
Seat 3: bobr.irina (big blind) showed [Ah 8d] and won ($0.15) with a straight, Ten to Ace
Seat 4: farima_d folded before Flop (didn't bet)
Seat 5: dimasya1990 folded before Flop (didn't bet)
Seat 6: VilpPS folded before Flop (didn't bet)
Seat 7: santila folded before Flop (didn't bet)
Seat 8: LeoUribe10 folded before Flop (didn't bet)
Seat 9: vladimir5421 folded before Flop (didn't bet)



PokerStars Hand #229949386128:  Hold'em No Limit ($0.01/$0.02 USD) - 2021/09/18 8:54:55 PT [2021/09/18 11:54:55 ET]
Table 'Eurypylos IV' 9-max Seat #2 is the button
Seat 1: Dorex2007 ($2.85 in chips) 
Seat 2: Spiral_Galax ($2.57 in chips) 
Seat 3: bobr.irina ($1.16 in chips) 
Seat 4: farima_d ($1.54 in chips) 
Seat 5: dimasya1990 ($0.87 in chips) 
Seat 6: VilpPS ($2 in chips) 
Seat 7: santila ($2 in chips) 
Seat 8: LeoUribe10 ($1.51 in chips) 
Seat 9: vladimir5421 ($3.10 in chips) 
bobr.irina: posts small blind $0.01
farima_d: posts big blind $0.02
*** HOLE CARDS ***
Dealt to Dorex2007 [6d 5c]
dimasya1990: folds 
VilpPS: folds 
santila: folds 
LeoUribe10: calls $0.02
vladimir5421: raises $0.06 to $0.08
Dorex2007: folds 
Spiral_Galax: folds 
bobr.irina: folds 
farima_d: folds 
LeoUribe10: folds 
Uncalled bet ($0.06) returned to vladimir5421
vladimir5421 collected $0.07 from pot
vladimir5421: doesn't show hand 
*** SUMMARY ***
Total pot $0.07 | Rake $0 
Seat 1: Dorex2007 folded before Flop (didn't bet)
Seat 2: Spiral_Galax (button) folded before Flop (didn't bet)
Seat 3: bobr.irina (small blind) folded before Flop
Seat 4: farima_d (big blind) folded before Flop
Seat 5: dimasya1990 folded before Flop (didn't bet)
Seat 6: VilpPS folded before Flop (didn't bet)
Seat 7: santila folded before Flop (didn't bet)
Seat 8: LeoUribe10 folded before Flop
Seat 9: vladimir5421 collected ($0.07)



PokerStars Hand #229949399618:  Hold'em No Limit ($0.01/$0.02 USD) - 2021/09/18 8:55:40 PT [2021/09/18 11:55:40 ET]
Table 'Eurypylos IV' 9-max Seat #3 is the button
Seat 1: Dorex2007 ($2.85 in chips) 
Seat 2: Spiral_Galax ($2.57 in chips) 
Seat 3: bobr.irina ($1.15 in chips) 
Seat 4: farima_d ($1.52 in chips) 
Seat 5: dimasya1990 ($0.87 in chips) 
Seat 6: VilpPS ($2 in chips) 
Seat 7: santila ($2 in chips) 
Seat 8: LeoUribe10 ($1.49 in chips) 
Seat 9: vladimir5421 ($3.15 in chips) 
farima_d: posts small blind $0.01
dimasya1990: posts big blind $0.02
*** HOLE CARDS ***
Dealt to Dorex2007 [7d 6c]
VilpPS: folds 
santila: folds 
LeoUribe10: folds 
vladimir5421: folds 
Dorex2007: folds 
Spiral_Galax: folds 
bobr.irina: folds 
farima_d: calls $0.01
dimasya1990: checks 
*** FLOP *** [3h Jh Th]
farima_d: checks 
dimasya1990: checks 
*** TURN *** [3h Jh Th] [Ks]
farima_d: checks 
dimasya1990: checks 
*** RIVER *** [3h Jh Th Ks] [9d]
farima_d: bets $0.02
dimasya1990: folds 
Uncalled bet ($0.02) returned to farima_d
farima_d collected $0.04 from pot
farima_d: doesn't show hand 
*** SUMMARY ***
Total pot $0.04 | Rake $0 
Board [3h Jh Th Ks 9d]
Seat 1: Dorex2007 folded before Flop (didn't bet)
Seat 2: Spiral_Galax folded before Flop (didn't bet)
Seat 3: bobr.irina (button) folded before Flop (didn't bet)
Seat 4: farima_d (small blind) collected ($0.04)
Seat 5: dimasya1990 (big blind) folded on the River
Seat 6: VilpPS folded before Flop (didn't bet)
Seat 7: santila folded before Flop (didn't bet)
Seat 8: LeoUribe10 folded before Flop (didn't bet)
Seat 9: vladimir5421 folded before Flop (didn't bet)



PokerStars Hand #229949416817:  Hold'em No Limit ($0.01/$0.02 USD) - 2021/09/18 8:56:25 PT [2021/09/18 11:56:25 ET]
Table 'Eurypylos IV' 9-max Seat #4 is the button
Seat 1: Dorex2007 ($2.85 in chips) 
Seat 2: Spiral_Galax ($2.57 in chips) 
Seat 3: bobr.irina ($1.15 in chips) 
Seat 4: farima_d ($1.54 in chips) 
Seat 5: dimasya1990 ($0.85 in chips) 
Seat 6: VilpPS ($2 in chips) 
Seat 7: santila ($2 in chips) 
Seat 8: LeoUribe10 ($1.49 in chips) 
Seat 9: vladimir5421 ($3.15 in chips) 
dimasya1990: posts small blind $0.01
VilpPS: posts big blind $0.02
*** HOLE CARDS ***
Dealt to Dorex2007 [As 6c]
santila: folds 
LeoUribe10: folds 
vladimir5421: folds 
Dorex2007: folds 
Spiral_Galax: raises $0.02 to $0.04
bobr.irina: calls $0.04
farima_d: folds 
dimasya1990: folds 
VilpPS: calls $0.02
*** FLOP *** [6h Ac 9d]
VilpPS: checks 
Spiral_Galax: bets $0.06
bobr.irina: raises $0.06 to $0.12
VilpPS: folds 
Spiral_Galax: calls $0.06
*** TURN *** [6h Ac 9d] [Ah]
Spiral_Galax: checks 
bobr.irina: bets $0.20
Spiral_Galax: folds 
Uncalled bet ($0.20) returned to bobr.irina
bobr.irina collected $0.36 from pot
bobr.irina: doesn't show hand 
*** SUMMARY ***
Total pot $0.37 | Rake $0.01 
Board [6h Ac 9d Ah]
Seat 1: Dorex2007 folded before Flop (didn't bet)
Seat 2: Spiral_Galax folded on the Turn
Seat 3: bobr.irina collected ($0.36)
Seat 4: farima_d (button) folded before Flop (didn't bet)
Seat 5: dimasya1990 (small blind) folded before Flop
Seat 6: VilpPS (big blind) folded on the Flop
Seat 7: santila folded before Flop (didn't bet)
Seat 8: LeoUribe10 folded before Flop (didn't bet)
Seat 9: vladimir5421 folded before Flop (didn't bet)



PokerStars Hand #229949438254:  Hold'em No Limit ($0.01/$0.02 USD) - 2021/09/18 8:57:43 PT [2021/09/18 11:57:43 ET]
Table 'Eurypylos IV' 9-max Seat #5 is the button
Seat 1: Dorex2007 ($2.85 in chips) 
Seat 2: Spiral_Galax ($2.41 in chips) 
Seat 3: bobr.irina ($1.35 in chips) 
Seat 4: farima_d ($1.54 in chips) 
Seat 5: dimasya1990 ($0.84 in chips) 
Seat 6: VilpPS ($2 in chips) 
Seat 7: santila ($2 in chips) 
Seat 8: LeoUribe10 ($1.49 in chips) 
Seat 9: vladimir5421 ($3.15 in chips) 
VilpPS: posts small blind $0.01
santila: posts big blind $0.02
*** HOLE CARDS ***
Dealt to Dorex2007 [Jc 6d]
LeoUribe10: folds 
vladimir5421: folds 
Dorex2007: folds 
Spiral_Galax: folds 
bobr.irina: folds 
farima_d: calls $0.02
dimasya1990: folds 
VilpPS: folds 
santila: checks 
*** FLOP *** [4s 2d Tc]
santila: checks 
farima_d: bets $0.02
santila: folds 
Uncalled bet ($0.02) returned to farima_d
farima_d collected $0.05 from pot
farima_d: doesn't show hand 
*** SUMMARY ***
Total pot $0.05 | Rake $0 
Board [4s 2d Tc]
Seat 1: Dorex2007 folded before Flop (didn't bet)
Seat 2: Spiral_Galax folded before Flop (didn't bet)
Seat 3: bobr.irina folded before Flop (didn't bet)
Seat 4: farima_d collected ($0.05)
Seat 5: dimasya1990 (button) folded before Flop (didn't bet)
Seat 6: VilpPS (small blind) folded before Flop
Seat 7: santila (big blind) folded on the Flop
Seat 8: LeoUribe10 folded before Flop (didn't bet)
Seat 9: vladimir5421 folded before Flop (didn't bet)



PokerStars Hand #229949445328:  Hold'em No Limit ($0.01/$0.02 USD) - 2021/09/18 8:58:08 PT [2021/09/18 11:58:08 ET]
Table 'Eurypylos IV' 9-max Seat #6 is the button
Seat 1: Dorex2007 ($2.85 in chips) 
Seat 2: Spiral_Galax ($2.41 in chips) 
Seat 3: bobr.irina ($1.35 in chips) 
Seat 4: farima_d ($1.57 in chips) 
Seat 5: dimasya1990 ($0.84 in chips) 
Seat 6: VilpPS ($2 in chips) 
Seat 7: santila ($2 in chips) 
Seat 8: LeoUribe10 ($1.49 in chips) 
Seat 9: vladimir5421 ($3.15 in chips) 
santila: posts small blind $0.01
LeoUribe10: posts big blind $0.02
*** HOLE CARDS ***
Dealt to Dorex2007 [9h As]
vladimir5421: folds 
Dorex2007: folds 
Spiral_Galax: raises $0.04 to $0.06
bobr.irina: folds 
farima_d: folds 
dimasya1990: calls $0.06
VilpPS: folds 
santila: folds 
LeoUribe10: folds 
*** FLOP *** [Td 3s 8d]
Spiral_Galax: checks 
dimasya1990: checks 
*** TURN *** [Td 3s 8d] [8c]
Spiral_Galax: checks 
dimasya1990: bets $0.07
Spiral_Galax: folds 
Uncalled bet ($0.07) returned to dimasya1990
dimasya1990 collected $0.14 from pot
*** SUMMARY ***
Total pot $0.15 | Rake $0.01 
Board [Td 3s 8d 8c]
Seat 1: Dorex2007 folded before Flop (didn't bet)
Seat 2: Spiral_Galax folded on the Turn
Seat 3: bobr.irina folded before Flop (didn't bet)
Seat 4: farima_d folded before Flop (didn't bet)
Seat 5: dimasya1990 collected ($0.14)
Seat 6: VilpPS (button) folded before Flop (didn't bet)
Seat 7: santila (small blind) folded before Flop
Seat 8: LeoUribe10 (big blind) folded before Flop
Seat 9: vladimir5421 folded before Flop (didn't bet)



PokerStars Hand #229949459283:  Hold'em No Limit ($0.01/$0.02 USD) - 2021/09/18 8:58:58 PT [2021/09/18 11:58:58 ET]
Table 'Eurypylos IV' 9-max Seat #7 is the button
Seat 1: Dorex2007 ($2.85 in chips) 
Seat 2: Spiral_Galax ($2.35 in chips) 
Seat 3: bobr.irina ($1.35 in chips) 
Seat 4: farima_d ($1.57 in chips) 
Seat 5: dimasya1990 ($0.92 in chips) 
Seat 6: VilpPS ($2 in chips) 
Seat 7: santila ($2 in chips) 
Seat 8: LeoUribe10 ($1.47 in chips) 
Seat 9: vladimir5421 ($3.15 in chips) 
LeoUribe10: posts small blind $0.01
vladimir5421: posts big blind $0.02
*** HOLE CARDS ***
Dealt to Dorex2007 [5d Ad]
Dorex2007: folds 
Spiral_Galax: folds 
bobr.irina: folds 
farima_d: folds 
dimasya1990: folds 
VilpPS: folds 
santila: folds 
LeoUribe10: raises $0.06 to $0.08
vladimir5421: calls $0.06
*** FLOP *** [As Ah 6c]
LeoUribe10: bets $0.10
vladimir5421: folds 
Uncalled bet ($0.10) returned to LeoUribe10
LeoUribe10 collected $0.15 from pot
LeoUribe10: doesn't show hand 
*** SUMMARY ***
Total pot $0.16 | Rake $0.01 
Board [As Ah 6c]
Seat 1: Dorex2007 folded before Flop (didn't bet)
Seat 2: Spiral_Galax folded before Flop (didn't bet)
Seat 3: bobr.irina folded before Flop (didn't bet)
Seat 4: farima_d folded before Flop (didn't bet)
Seat 5: dimasya1990 folded before Flop (didn't bet)
Seat 6: VilpPS folded before Flop (didn't bet)
Seat 7: santila (button) folded before Flop (didn't bet)
Seat 8: LeoUribe10 (small blind) collected ($0.15)
Seat 9: vladimir5421 (big blind) folded on the Flop



PokerStars Hand #229949467057:  Hold'em No Limit ($0.01/$0.02 USD) - 2021/09/18 8:59:26 PT [2021/09/18 11:59:26 ET]
Table 'Eurypylos IV' 9-max Seat #8 is the button
Seat 1: Dorex2007 ($2.85 in chips) 
Seat 2: Spiral_Galax ($2.35 in chips) 
Seat 3: bobr.irina ($1.35 in chips) 
Seat 4: farima_d ($1.57 in chips) 
Seat 5: dimasya1990 ($0.92 in chips) 
Seat 6: VilpPS ($2 in chips) 
Seat 7: santila ($2 in chips) 
Seat 8: LeoUribe10 ($1.54 in chips) 
Seat 9: vladimir5421 ($3.07 in chips) 
vladimir5421: posts small blind $0.01
Dorex2007: posts big blind $0.02
*** HOLE CARDS ***
Dealt to Dorex2007 [7s 6c]
Spiral_Galax: raises $0.04 to $0.06
bobr.irina: folds 
farima_d: calls $0.06
dimasya1990: folds 
VilpPS: folds 
santila: folds 
LeoUribe10: folds 
vladimir5421: raises $0.18 to $0.24
Dorex2007: folds 
Spiral_Galax: folds 
farima_d: folds 
Uncalled bet ($0.18) returned to vladimir5421
farima_d leaves the table
vladimir5421 collected $0.20 from pot
vladimir5421: doesn't show hand 
*** SUMMARY ***
Total pot $0.20 | Rake $0 
Seat 1: Dorex2007 (big blind) folded before Flop
Seat 2: Spiral_Galax folded before Flop
Seat 3: bobr.irina folded before Flop (didn't bet)
Seat 4: farima_d folded before Flop
Seat 5: dimasya1990 folded before Flop (didn't bet)
Seat 6: VilpPS folded before Flop (didn't bet)
Seat 7: santila folded before Flop (didn't bet)
Seat 8: LeoUribe10 (button) folded before Flop (didn't bet)
Seat 9: vladimir5421 (small blind) collected ($0.20)



PokerStars Hand #229949476103:  Hold'em No Limit ($0.01/$0.02 USD) - 2021/09/18 8:59:58 PT [2021/09/18 11:59:58 ET]
Table 'Eurypylos IV' 9-max Seat #9 is the button
Seat 1: Dorex2007 ($2.83 in chips) 
Seat 2: Spiral_Galax ($2.29 in chips) 
Seat 3: bobr.irina ($1.35 in chips) 
Seat 5: dimasya1990 ($0.92 in chips) 
Seat 6: VilpPS ($2 in chips) 
Seat 7: santila ($2 in chips) 
Seat 8: LeoUribe10 ($1.54 in chips) 
Seat 9: vladimir5421 ($3.21 in chips) 
Dorex2007: posts small blind $0.01
Spiral_Galax: posts big blind $0.02
*** HOLE CARDS ***
Dealt to Dorex2007 [3d 7d]
bobr.irina: raises $0.05 to $0.07
dimasya1990: folds 
VilpPS: folds 
santila: folds 
LeoUribe10: folds 
vladimir5421: calls $0.07
Dorex2007: folds 
Spiral_Galax: folds 
*** FLOP *** [7c Ks 2d]
bobr.irina: checks 
vladimir5421: bets $0.10
bobr.irina: calls $0.10
*** TURN *** [7c Ks 2d] [3c]
bobr.irina: checks 
vladimir5421: checks 
*** RIVER *** [7c Ks 2d 3c] [4s]
bobr.irina: bets $0.08
vladimir5421: calls $0.08
*** SHOW DOWN ***
bobr.irina: shows [Jd Jc] (a pair of Jacks)
vladimir5421: mucks hand 
bobr.irina collected $0.51 from pot
*** SUMMARY ***
Total pot $0.53 | Rake $0.02 
Board [7c Ks 2d 3c 4s]
Seat 1: Dorex2007 (small blind) folded before Flop
Seat 2: Spiral_Galax (big blind) folded before Flop
Seat 3: bobr.irina showed [Jd Jc] and won ($0.51) with a pair of Jacks
Seat 5: dimasya1990 folded before Flop (didn't bet)
Seat 6: VilpPS folded before Flop (didn't bet)
Seat 7: santila folded before Flop (didn't bet)
Seat 8: LeoUribe10 folded before Flop (didn't bet)
Seat 9: vladimir5421 (button) mucked [9s As]



PokerStars Hand #229949489892:  Hold'em No Limit ($0.01/$0.02 USD) - 2021/09/18 9:00:44 PT [2021/09/18 12:00:44 ET]
Table 'Eurypylos IV' 9-max Seat #1 is the button
Seat 1: Dorex2007 ($2.82 in chips) 
Seat 2: Spiral_Galax ($2.27 in chips) 
Seat 3: bobr.irina ($1.61 in chips) 
Seat 5: dimasya1990 ($0.92 in chips) 
Seat 6: VilpPS ($2 in chips) 
Seat 7: santila ($2 in chips) 
Seat 8: LeoUribe10 ($1.54 in chips) 
Seat 9: vladimir5421 ($2.96 in chips) 
Spiral_Galax: posts small blind $0.01
bobr.irina: posts big blind $0.02
*** HOLE CARDS ***
Dealt to Dorex2007 [9d 2s]
dimasya1990: folds 
VilpPS: folds 
santila has timed out
santila: folds 
LeoUribe10: folds 
vladimir5421: folds 
Dorex2007: folds 
Spiral_Galax: folds 
Uncalled bet ($0.01) returned to bobr.irina
bobr.irina collected $0.02 from pot
bobr.irina: doesn't show hand 
*** SUMMARY ***
Total pot $0.02 | Rake $0 
Seat 1: Dorex2007 (button) folded before Flop (didn't bet)
Seat 2: Spiral_Galax (small blind) folded before Flop
Seat 3: bobr.irina (big blind) collected ($0.02)
Seat 5: dimasya1990 folded before Flop (didn't bet)
Seat 6: VilpPS folded before Flop (didn't bet)
Seat 7: santila folded before Flop (didn't bet)
Seat 8: LeoUribe10 folded before Flop (didn't bet)
Seat 9: vladimir5421 folded before Flop (didn't bet)



PokerStars Hand #229949497985:  Hold'em No Limit ($0.01/$0.02 USD) - 2021/09/18 9:01:09 PT [2021/09/18 12:01:09 ET]
Table 'Eurypylos IV' 9-max Seat #2 is the button
Seat 1: Dorex2007 ($2.82 in chips) 
Seat 2: Spiral_Galax ($2.26 in chips) 
Seat 3: bobr.irina ($1.62 in chips) 
Seat 5: dimasya1990 ($0.92 in chips) 
Seat 6: VilpPS ($2 in chips) 
Seat 7: santila ($2 in chips) 
Seat 8: LeoUribe10 ($1.54 in chips) 
Seat 9: vladimir5421 ($2.96 in chips) 
bobr.irina: posts small blind $0.01
dimasya1990: posts big blind $0.02
*** HOLE CARDS ***
Dealt to Dorex2007 [Ts Qs]
VilpPS: folds 
santila: folds 
LeoUribe10: folds 
vladimir5421: folds 
Dorex2007: raises $0.04 to $0.06
Spiral_Galax: calls $0.06
bobr.irina: calls $0.05
dimasya1990: folds 
*** FLOP *** [7c 6d Qh]
bobr.irina: checks 
Dorex2007: bets $0.13
Spiral_Galax: folds 
bobr.irina: folds 
Uncalled bet ($0.13) returned to Dorex2007
Dorex2007 collected $0.19 from pot
Dorex2007: doesn't show hand 
*** SUMMARY ***
Total pot $0.20 | Rake $0.01 
Board [7c 6d Qh]
Seat 1: Dorex2007 collected ($0.19)
Seat 2: Spiral_Galax (button) folded on the Flop
Seat 3: bobr.irina (small blind) folded on the Flop
Seat 5: dimasya1990 (big blind) folded before Flop
Seat 6: VilpPS folded before Flop (didn't bet)
Seat 7: santila folded before Flop (didn't bet)
Seat 8: LeoUribe10 folded before Flop (didn't bet)
Seat 9: vladimir5421 folded before Flop (didn't bet)



PokerStars Hand #229949510181:  Hold'em No Limit ($0.01/$0.02 USD) - 2021/09/18 9:01:42 PT [2021/09/18 12:01:42 ET]
Table 'Eurypylos IV' 9-max Seat #3 is the button
Seat 1: Dorex2007 ($2.95 in chips) 
Seat 2: Spiral_Galax ($2.20 in chips) 
Seat 3: bobr.irina ($1.56 in chips) 
Seat 5: dimasya1990 ($0.90 in chips) 
Seat 6: VilpPS ($2 in chips) 
Seat 7: santila ($2 in chips) 
Seat 8: LeoUribe10 ($1.54 in chips) 
Seat 9: vladimir5421 ($2.96 in chips) 
dimasya1990: posts small blind $0.01
VilpPS: posts big blind $0.02
*** HOLE CARDS ***
Dealt to Dorex2007 [3s 6h]
santila: folds 
LeoUribe10: folds 
vladimir5421: folds 
Dorex2007: folds 
Spiral_Galax: folds 
bobr.irina: folds 
dimasya1990: folds 
Uncalled bet ($0.01) returned to VilpPS
VilpPS collected $0.02 from pot
VilpPS: doesn't show hand 
*** SUMMARY ***
Total pot $0.02 | Rake $0 
Seat 1: Dorex2007 folded before Flop (didn't bet)
Seat 2: Spiral_Galax folded before Flop (didn't bet)
Seat 3: bobr.irina (button) folded before Flop (didn't bet)
Seat 5: dimasya1990 (small blind) folded before Flop
Seat 6: VilpPS (big blind) collected ($0.02)
Seat 7: santila folded before Flop (didn't bet)
Seat 8: LeoUribe10 folded before Flop (didn't bet)
Seat 9: vladimir5421 folded before Flop (didn't bet)



PokerStars Hand #229949514008:  Hold'em No Limit ($0.01/$0.02 USD) - 2021/09/18 9:01:53 PT [2021/09/18 12:01:53 ET]
Table 'Eurypylos IV' 9-max Seat #5 is the button
Seat 1: Dorex2007 ($2.95 in chips) 
Seat 2: Spiral_Galax ($2.20 in chips) 
Seat 3: bobr.irina ($1.56 in chips) 
Seat 5: dimasya1990 ($0.89 in chips) 
Seat 6: VilpPS ($2.01 in chips) 
Seat 7: santila ($2 in chips) 
Seat 8: LeoUribe10 ($1.54 in chips) 
Seat 9: vladimir5421 ($2.96 in chips) 
VilpPS: posts small blind $0.01
santila: posts big blind $0.02
*** HOLE CARDS ***
Dealt to Dorex2007 [Ac Ks]
LeoUribe10: folds 
vladimir5421: folds 
Dorex2007: raises $0.08 to $0.10
Spiral_Galax: folds 
bobr.irina: folds 
dimasya1990: raises $0.19 to $0.29
VilpPS: folds 
santila: folds 
Dorex2007: calls $0.19
*** FLOP *** [2c 5h As]
Dorex2007: checks 
dimasya1990: checks 
*** TURN *** [2c 5h As] [5c]
castom127 joins the table at seat #4 
Dorex2007: bets $0.30
dimasya1990: calls $0.30
*** RIVER *** [2c 5h As 5c] [Jh]
Dorex2007: bets $2.36 and is all-in
dimasya1990: folds 
Uncalled bet ($2.36) returned to Dorex2007
Dorex2007 collected $1.17 from pot
Dorex2007: doesn't show hand 
*** SUMMARY ***
Total pot $1.21 | Rake $0.04 
Board [2c 5h As 5c Jh]
Seat 1: Dorex2007 collected ($1.17)
Seat 2: Spiral_Galax folded before Flop (didn't bet)
Seat 3: bobr.irina folded before Flop (didn't bet)
Seat 5: dimasya1990 (button) folded on the River
Seat 6: VilpPS (small blind) folded before Flop
Seat 7: santila (big blind) folded before Flop
Seat 8: LeoUribe10 folded before Flop (didn't bet)
Seat 9: vladimir5421 folded before Flop (didn't bet)



PokerStars Hand #229949536225:  Hold'em No Limit ($0.01/$0.02 USD) - 2021/09/18 9:02:53 PT [2021/09/18 12:02:53 ET]
Table 'Eurypylos IV' 9-max Seat #6 is the button
Seat 1: Dorex2007 ($3.53 in chips) 
Seat 2: Spiral_Galax ($2.20 in chips) 
Seat 3: bobr.irina ($1.56 in chips) 
Seat 5: dimasya1990 ($0.30 in chips) 
Seat 6: VilpPS ($2 in chips) 
Seat 7: santila ($2 in chips) 
Seat 9: vladimir5421 ($2.96 in chips) 
santila: posts small blind $0.01
vladimir5421: posts big blind $0.02
castom127: sits out 
*** HOLE CARDS ***
Dealt to Dorex2007 [7d 7c]
Dorex2007: raises $0.02 to $0.04
LeoUribe10 leaves the table
Spiral_Galax: folds 
bobr.irina: folds 
dimasya1990: raises $0.26 to $0.30 and is all-in
VilpPS: folds 
santila: folds 
vladimir5421: folds 
Dorex2007: calls $0.26
*** FLOP *** [4d 7h 6h]
*** TURN *** [4d 7h 6h] [5c]
*** RIVER *** [4d 7h 6h 5c] [5h]
*** SHOW DOWN ***
Dorex2007: shows [7d 7c] (a full house, Sevens full of Fives)
dimasya1990: shows [Ts Jd] (a pair of Fives)
Dorex2007 cashed out the hand for $0.32
*** SUMMARY ***
Total pot $0.63 | Rake $0.02 
Board [4d 7h 6h 5c 5h]
Seat 1: Dorex2007 showed [7d 7c] and won ($0.61) with a full house, Sevens full of Fives (pot not awarded as player cashed out)
Seat 2: Spiral_Galax folded before Flop (didn't bet)
Seat 3: bobr.irina folded before Flop (didn't bet)
Seat 5: dimasya1990 showed [Ts Jd] and lost with a pair of Fives
Seat 6: VilpPS (button) folded before Flop (didn't bet)
Seat 7: santila (small blind) folded before Flop
Seat 9: vladimir5421 (big blind) folded before Flop



PokerStars Hand #229949550793:  Hold'em No Limit ($0.01/$0.02 USD) - 2021/09/18 9:03:31 PT [2021/09/18 12:03:31 ET]
Table 'Eurypylos IV' 9-max Seat #7 is the button
Seat 1: Dorex2007 ($3.55 in chips) 
Seat 2: Spiral_Galax ($2.20 in chips) 
Seat 3: bobr.irina ($1.56 in chips) 
Seat 6: VilpPS ($2 in chips) 
Seat 7: santila ($2 in chips) 
Seat 9: vladimir5421 ($2.94 in chips) 
vladimir5421: posts small blind $0.01
Dorex2007: posts big blind $0.02
castom127: sits out 
*** HOLE CARDS ***
Dealt to Dorex2007 [Qs Th]
dimasya1990 leaves the table
Spiral_Galax: folds 
bobr.irina: raises $0.04 to $0.06
VilpPS: folds 
santila: calls $0.06
vladimir5421: folds 
Dorex2007: calls $0.04
*** FLOP *** [Js 9s 8h]
Dorex2007: bets $0.12
bobr.irina: folds 
santila: folds 
Uncalled bet ($0.12) returned to Dorex2007
Dorex2007 collected $0.18 from pot
Dorex2007: doesn't show hand 
*** SUMMARY ***
Total pot $0.19 | Rake $0.01 
Board [Js 9s 8h]
Seat 1: Dorex2007 (big blind) collected ($0.18)
Seat 2: Spiral_Galax folded before Flop (didn't bet)
Seat 3: bobr.irina folded on the Flop
Seat 6: VilpPS folded before Flop (didn't bet)
Seat 7: santila (button) folded on the Flop
Seat 9: vladimir5421 (small blind) folded before Flop



PokerStars Hand #229949560847:  Hold'em No Limit ($0.01/$0.02 USD) - 2021/09/18 9:03:57 PT [2021/09/18 12:03:57 ET]
Table 'Eurypylos IV' 9-max Seat #9 is the button
Seat 1: Dorex2007 ($3.67 in chips) 
Seat 2: Spiral_Galax ($2.20 in chips) 
Seat 3: bobr.irina ($1.50 in chips) 
Seat 6: VilpPS ($2 in chips) 
Seat 7: santila ($2 in chips) 
Seat 9: vladimir5421 ($2.93 in chips) 
Dorex2007: posts small blind $0.01
Spiral_Galax: posts big blind $0.02
castom127: sits out 
*** HOLE CARDS ***
Dealt to Dorex2007 [Jh 4d]
bobr.irina: folds 
VilpPS: folds 
bobr.irina leaves the table
santila: folds 
vladimir5421: raises $0.04 to $0.06
Dorex2007: folds 
Spiral_Galax: folds 
Uncalled bet ($0.04) returned to vladimir5421
vladimir5421 collected $0.05 from pot
vladimir5421: doesn't show hand 
*** SUMMARY ***
Total pot $0.05 | Rake $0 
Seat 1: Dorex2007 (small blind) folded before Flop
Seat 2: Spiral_Galax (big blind) folded before Flop
Seat 3: bobr.irina folded before Flop (didn't bet)
Seat 6: VilpPS folded before Flop (didn't bet)
Seat 7: santila folded before Flop (didn't bet)
Seat 9: vladimir5421 (button) collected ($0.05)



PokerStars Hand #229949568647:  Hold'em No Limit ($0.01/$0.02 USD) - 2021/09/18 9:04:18 PT [2021/09/18 12:04:18 ET]
Table 'Eurypylos IV' 9-max Seat #1 is the button
Seat 1: Dorex2007 ($3.66 in chips) 
Seat 2: Spiral_Galax ($2.18 in chips) 
Seat 4: castom127 ($0.80 in chips) 
Seat 6: VilpPS ($2 in chips) 
Seat 7: santila ($2 in chips) 
Seat 9: vladimir5421 ($2.96 in chips) 
Spiral_Galax: posts small blind $0.01
castom127: posts big blind $0.02
*** HOLE CARDS ***
Dealt to Dorex2007 [7c 6c]
VilpPS: folds 
santila: folds 
vladimir5421: folds 
Dorex2007: raises $0.02 to $0.04
Spiral_Galax: calls $0.03
castom127: raises $0.76 to $0.80 and is all-in
Dorex2007: folds 
Spiral_Galax: folds 
Uncalled bet ($0.76) returned to castom127
castom127 collected $0.12 from pot
castom127: doesn't show hand 
*** SUMMARY ***
Total pot $0.12 | Rake $0 
Seat 1: Dorex2007 (button) folded before Flop
Seat 2: Spiral_Galax (small blind) folded before Flop
Seat 4: castom127 (big blind) collected ($0.12)
Seat 6: VilpPS folded before Flop (didn't bet)
Seat 7: santila folded before Flop (didn't bet)
Seat 9: vladimir5421 folded before Flop (didn't bet)



PokerStars Hand #229949578755:  Hold'em No Limit ($0.01/$0.02 USD) - 2021/09/18 9:04:45 PT [2021/09/18 12:04:45 ET]
Table 'Eurypylos IV' 9-max Seat #2 is the button
Seat 1: Dorex2007 ($3.62 in chips) 
Seat 2: Spiral_Galax ($2.14 in chips) 
Seat 4: castom127 ($0.88 in chips) 
Seat 6: VilpPS ($2 in chips) 
Seat 7: santila ($2 in chips) 
Seat 9: vladimir5421 ($2.96 in chips) 
castom127: posts small blind $0.01
VilpPS: posts big blind $0.02
*** HOLE CARDS ***
Dealt to Dorex2007 [Kh Th]
santila: folds 
vladimir5421: folds 
Dorex2007: raises $0.04 to $0.06
Spiral_Galax: calls $0.06
castom127: raises $0.82 to $0.88 and is all-in
VilpPS: folds 
Dorex2007: folds 
Spiral_Galax: calls $0.82
*** FLOP *** [4c Kc 5h]
*** TURN *** [4c Kc 5h] [2h]
*** RIVER *** [4c Kc 5h 2h] [3c]
*** SHOW DOWN ***
castom127: shows [Ah Ad] (a straight, Ace to Five)
Spiral_Galax: shows [Ac 5s] (a straight, Ace to Five)
castom127 collected $0.89 from pot
Spiral_Galax collected $0.89 from pot
*** SUMMARY ***
Total pot $1.84 | Rake $0.06 
Board [4c Kc 5h 2h 3c]
Seat 1: Dorex2007 folded before Flop
Seat 2: Spiral_Galax (button) showed [Ac 5s] and won ($0.89) with a straight, Ace to Five
Seat 4: castom127 (small blind) showed [Ah Ad] and won ($0.89) with a straight, Ace to Five
Seat 6: VilpPS (big blind) folded before Flop
Seat 7: santila folded before Flop (didn't bet)
Seat 9: vladimir5421 folded before Flop (didn't bet)



PokerStars Hand #229949590643:  Hold'em No Limit ($0.01/$0.02 USD) - 2021/09/18 9:05:16 PT [2021/09/18 12:05:16 ET]
Table 'Eurypylos IV' 9-max Seat #4 is the button
Seat 1: Dorex2007 ($3.56 in chips) 
Seat 2: Spiral_Galax ($2.15 in chips) 
Seat 4: castom127 ($0.89 in chips) 
Seat 6: VilpPS ($2 in chips) 
Seat 7: santila ($2 in chips) 
Seat 9: vladimir5421 ($2.96 in chips) 
VilpPS: posts small blind $0.01
santila: posts big blind $0.02
*** HOLE CARDS ***
Dealt to Dorex2007 [7h 5h]
vladimir5421: folds 
Dorex2007: folds 
Spiral_Galax: raises $0.04 to $0.06
castom127: folds 
VilpPS: folds 
santila: folds 
Uncalled bet ($0.04) returned to Spiral_Galax
santila leaves the table
Spiral_Galax collected $0.05 from pot
*** SUMMARY ***
Total pot $0.05 | Rake $0 
Seat 1: Dorex2007 folded before Flop (didn't bet)
Seat 2: Spiral_Galax collected ($0.05)
Seat 4: castom127 (button) folded before Flop (didn't bet)
Seat 6: VilpPS (small blind) folded before Flop
Seat 7: santila (big blind) folded before Flop
Seat 9: vladimir5421 folded before Flop (didn't bet)



