PokerStars Hand #225059816807:  Hold'em No Limit ($0.01/$0.02 USD) - 2021/03/21 16:29:10 PT [2021/03/21 19:29:10 ET]
Table 'Rhea V' 9-max Seat #5 is the button
Seat 1: tiolucius ($1.66 in chips) 
Seat 2: Dorex2007 ($1.50 in chips) 
Seat 3: 92caiosouza ($2.07 in chips) 
Seat 4: Withers73 ($1.43 in chips) 
Seat 5: danham77 ($2.26 in chips) 
Seat 6: POLLO ISRA75 ($1.79 in chips) 
Seat 7: luckyking07 ($2.21 in chips) 
Seat 8: SMUTJAN72 ($1.47 in chips) 
Seat 9: McPartiZano ($2.43 in chips) 
POLLO ISRA75: posts small blind $0.01
luckyking07: posts big blind $0.02
Dorex2007: posts big blind $0.02
*** HOLE CARDS ***
Dealt to Dorex2007 [Td 3d]
SMUTJAN72: calls $0.02
McPartiZano: folds 
tiolucius: folds 
Dorex2007: checks 
92caiosouza: calls $0.02
Withers73: folds 
danham77: folds 
POLLO ISRA75: folds 
luckyking07: raises $0.08 to $0.10
SMUTJAN72: folds 
Dorex2007: folds 
92caiosouza: calls $0.08
*** FLOP *** [9c Tc 3h]
luckyking07: bets $0.14
92caiosouza: folds 
Uncalled bet ($0.14) returned to luckyking07
luckyking07 collected $0.24 from pot
luckyking07: doesn't show hand 
*** SUMMARY ***
Total pot $0.25 | Rake $0.01 
Board [9c Tc 3h]
Seat 1: tiolucius folded before Flop (didn't bet)
Seat 2: Dorex2007 folded before Flop (didn't bet)
Seat 3: 92caiosouza folded on the Flop
Seat 4: Withers73 folded before Flop (didn't bet)
Seat 5: danham77 (button) folded before Flop (didn't bet)
Seat 6: POLLO ISRA75 (small blind) folded before Flop
Seat 7: luckyking07 (big blind) collected ($0.24)
Seat 8: SMUTJAN72 folded before Flop
Seat 9: McPartiZano folded before Flop (didn't bet)



PokerStars Hand #225059853237:  Hold'em No Limit ($0.01/$0.02 USD) - 2021/03/21 16:30:21 PT [2021/03/21 19:30:21 ET]
Table 'Rhea V' 9-max Seat #6 is the button
Seat 2: Dorex2007 ($1.48 in chips) 
Seat 3: 92caiosouza ($1.97 in chips) 
Seat 4: Withers73 ($1.43 in chips) 
Seat 5: danham77 ($2.26 in chips) 
Seat 6: POLLO ISRA75 ($1.78 in chips) 
Seat 7: luckyking07 ($2.35 in chips) 
Seat 8: SMUTJAN72 ($1.45 in chips) 
Seat 9: McPartiZano ($2.43 in chips) 
luckyking07: posts small blind $0.01
SMUTJAN72: posts big blind $0.02
*** HOLE CARDS ***
Dealt to Dorex2007 [Ad 5c]
McPartiZano: folds 
McPartiZano leaves the table
Dorex2007: folds 
92caiosouza: calls $0.02
Withers73: calls $0.02
danham77: raises $0.06 to $0.08
POLLO ISRA75: calls $0.08
luckyking07: folds 
SMUTJAN72: folds 
SoomerNoc joins the table at seat #9 
92caiosouza: calls $0.06
Withers73: calls $0.06
*** FLOP *** [2c Th 3h]
92caiosouza: checks 
Withers73: checks 
danham77: bets $0.22
POLLO ISRA75: folds 
92caiosouza: folds 
Withers73: folds 
Uncalled bet ($0.22) returned to danham77
danham77 collected $0.34 from pot
danham77: doesn't show hand 
*** SUMMARY ***
Total pot $0.35 | Rake $0.01 
Board [2c Th 3h]
Seat 2: Dorex2007 folded before Flop (didn't bet)
Seat 3: 92caiosouza folded on the Flop
Seat 4: Withers73 folded on the Flop
Seat 5: danham77 collected ($0.34)
Seat 6: POLLO ISRA75 (button) folded on the Flop
Seat 7: luckyking07 (small blind) folded before Flop
Seat 8: SMUTJAN72 (big blind) folded before Flop
Seat 9: McPartiZano folded before Flop (didn't bet)



PokerStars Hand #225059886953:  Hold'em No Limit ($0.01/$0.02 USD) - 2021/03/21 16:31:26 PT [2021/03/21 19:31:26 ET]
Table 'Rhea V' 9-max Seat #7 is the button
Seat 1: tiolucius ($1.66 in chips) 
Seat 2: Dorex2007 ($1.48 in chips) 
Seat 3: 92caiosouza ($1.89 in chips) 
Seat 4: Withers73 ($1.35 in chips) 
Seat 5: danham77 ($2.52 in chips) 
Seat 6: POLLO ISRA75 ($1.70 in chips) 
Seat 7: luckyking07 ($2.34 in chips) 
Seat 8: SMUTJAN72 ($1.43 in chips) 
Seat 9: SoomerNoc ($2 in chips) 
SMUTJAN72: posts small blind $0.01
SoomerNoc: posts big blind $0.02
*** HOLE CARDS ***
Dealt to Dorex2007 [7c Jh]
tiolucius: calls $0.02
Dorex2007: folds 
92caiosouza: calls $0.02
Withers73: calls $0.02
danham77: folds 
POLLO ISRA75: folds 
luckyking07: raises $0.10 to $0.12
SMUTJAN72: folds 
SoomerNoc: folds 
tiolucius: calls $0.10
92caiosouza: calls $0.10
Withers73: calls $0.10
*** FLOP *** [Kh Qh 8d]
tiolucius: checks 
92caiosouza: checks 
Withers73: checks 
luckyking07: checks 
*** TURN *** [Kh Qh 8d] [5c]
tiolucius: checks 
92caiosouza: checks 
Withers73: bets $0.23
luckyking07: folds 
tiolucius: folds 
92caiosouza: folds 
Uncalled bet ($0.23) returned to Withers73
Withers73 collected $0.49 from pot
Withers73: doesn't show hand 
*** SUMMARY ***
Total pot $0.51 | Rake $0.02 
Board [Kh Qh 8d 5c]
Seat 1: tiolucius folded on the Turn
Seat 2: Dorex2007 folded before Flop (didn't bet)
Seat 3: 92caiosouza folded on the Turn
Seat 4: Withers73 collected ($0.49)
Seat 5: danham77 folded before Flop (didn't bet)
Seat 6: POLLO ISRA75 folded before Flop (didn't bet)
Seat 7: luckyking07 (button) folded on the Turn
Seat 8: SMUTJAN72 (small blind) folded before Flop
Seat 9: SoomerNoc (big blind) folded before Flop



PokerStars Hand #225059937392:  Hold'em No Limit ($0.01/$0.02 USD) - 2021/03/21 16:33:03 PT [2021/03/21 19:33:03 ET]
Table 'Rhea V' 9-max Seat #8 is the button
Seat 1: tiolucius ($1.54 in chips) 
Seat 2: Dorex2007 ($1.48 in chips) 
Seat 3: 92caiosouza ($1.77 in chips) 
Seat 4: Withers73 ($1.72 in chips) 
Seat 5: danham77 ($2.52 in chips) 
Seat 6: POLLO ISRA75 ($1.70 in chips) 
Seat 7: luckyking07 ($2.22 in chips) 
Seat 8: SMUTJAN72 ($1.42 in chips) 
Seat 9: SoomerNoc ($1.98 in chips) 
SoomerNoc: posts small blind $0.01
tiolucius: posts big blind $0.02
*** HOLE CARDS ***
Dealt to Dorex2007 [Qs 8c]
Dorex2007: folds 
92caiosouza: folds 
Withers73: folds 
danham77: folds 
POLLO ISRA75: folds 
luckyking07: raises $0.06 to $0.08
SMUTJAN72: folds 
SoomerNoc: folds 
tiolucius: folds 
Uncalled bet ($0.06) returned to luckyking07
luckyking07 collected $0.05 from pot
luckyking07: doesn't show hand 
*** SUMMARY ***
Total pot $0.05 | Rake $0 
Seat 1: tiolucius (big blind) folded before Flop
Seat 2: Dorex2007 folded before Flop (didn't bet)
Seat 3: 92caiosouza folded before Flop (didn't bet)
Seat 4: Withers73 folded before Flop (didn't bet)
Seat 5: danham77 folded before Flop (didn't bet)
Seat 6: POLLO ISRA75 folded before Flop (didn't bet)
Seat 7: luckyking07 collected ($0.05)
Seat 8: SMUTJAN72 (button) folded before Flop (didn't bet)
Seat 9: SoomerNoc (small blind) folded before Flop



PokerStars Hand #225059954640:  Hold'em No Limit ($0.01/$0.02 USD) - 2021/03/21 16:33:37 PT [2021/03/21 19:33:37 ET]
Table 'Rhea V' 9-max Seat #9 is the button
Seat 1: tiolucius ($1.52 in chips) 
Seat 2: Dorex2007 ($1.48 in chips) 
Seat 3: 92caiosouza ($1.77 in chips) 
Seat 4: Withers73 ($1.72 in chips) 
Seat 5: danham77 ($2.52 in chips) 
Seat 6: POLLO ISRA75 ($1.70 in chips) 
Seat 7: luckyking07 ($2.25 in chips) 
Seat 8: SMUTJAN72 ($1.42 in chips) 
Seat 9: SoomerNoc ($1.97 in chips) 
tiolucius: posts small blind $0.01
Dorex2007: posts big blind $0.02
*** HOLE CARDS ***
Dealt to Dorex2007 [5c Ad]
92caiosouza: folds 
Withers73: calls $0.02
danham77: folds 
POLLO ISRA75: folds 
luckyking07: raises $0.06 to $0.08
SMUTJAN72: folds 
SoomerNoc: calls $0.08
tiolucius: folds 
Dorex2007: folds 
Withers73: calls $0.06
*** FLOP *** [4s 2h Ac]
Withers73: checks 
luckyking07: bets $0.14
SoomerNoc: raises $0.36 to $0.50
Withers73: folds 
luckyking07: calls $0.36
*** TURN *** [4s 2h Ac] [Jd]
luckyking07: checks 
SoomerNoc: checks 
*** RIVER *** [4s 2h Ac Jd] [Jc]
luckyking07: bets $0.30
SoomerNoc: calls $0.30
*** SHOW DOWN ***
luckyking07: shows [8d 5d] (a pair of Jacks)
SoomerNoc: shows [8h As] (two pair, Aces and Jacks)
SoomerNoc collected $1.80 from pot
*** SUMMARY ***
Total pot $1.87 | Rake $0.07 
Board [4s 2h Ac Jd Jc]
Seat 1: tiolucius (small blind) folded before Flop
Seat 2: Dorex2007 (big blind) folded before Flop
Seat 3: 92caiosouza folded before Flop (didn't bet)
Seat 4: Withers73 folded on the Flop
Seat 5: danham77 folded before Flop (didn't bet)
Seat 6: POLLO ISRA75 folded before Flop (didn't bet)
Seat 7: luckyking07 showed [8d 5d] and lost with a pair of Jacks
Seat 8: SMUTJAN72 folded before Flop (didn't bet)
Seat 9: SoomerNoc (button) showed [8h As] and won ($1.80) with two pair, Aces and Jacks



PokerStars Hand #225060006902:  Hold'em No Limit ($0.01/$0.02 USD) - 2021/03/21 16:35:13 PT [2021/03/21 19:35:13 ET]
Table 'Rhea V' 9-max Seat #1 is the button
Seat 1: tiolucius ($1.51 in chips) 
Seat 2: Dorex2007 ($1.46 in chips) 
Seat 3: 92caiosouza ($1.77 in chips) 
Seat 4: Withers73 ($1.64 in chips) 
Seat 5: danham77 ($2.52 in chips) 
Seat 6: POLLO ISRA75 ($1.70 in chips) 
Seat 7: luckyking07 ($1.37 in chips) 
Seat 8: SMUTJAN72 ($1.42 in chips) 
Seat 9: SoomerNoc ($2.89 in chips) 
Dorex2007: posts small blind $0.01
92caiosouza: posts big blind $0.02
*** HOLE CARDS ***
Dealt to Dorex2007 [5c 3d]
Withers73: folds 
danham77: folds 
POLLO ISRA75: folds 
luckyking07: raises $0.06 to $0.08
SMUTJAN72: folds 
SoomerNoc: folds 
tiolucius: folds 
Dorex2007: folds 
92caiosouza: calls $0.06
*** FLOP *** [Ts Ac 5d]
92caiosouza: checks 
luckyking07: bets $0.08
92caiosouza: calls $0.08
*** TURN *** [Ts Ac 5d] [8c]
92caiosouza: checks 
luckyking07: bets $1.21 and is all-in
92caiosouza: calls $1.21
92caiosouza has timed out
*** RIVER *** [Ts Ac 5d 8c] [Qc]
*** SHOW DOWN ***
92caiosouza: shows [Qh Ad] (two pair, Aces and Queens)
luckyking07: shows [Jd Ah] (a pair of Aces)
92caiosouza collected $2.65 from pot
luckyking07 cashed out the hand for $0.18
*** SUMMARY ***
Total pot $2.75 | Rake $0.10 
Board [Ts Ac 5d 8c Qc]
Seat 1: tiolucius (button) folded before Flop (didn't bet)
Seat 2: Dorex2007 (small blind) folded before Flop
Seat 3: 92caiosouza (big blind) showed [Qh Ad] and won ($2.65) with two pair, Aces and Queens
Seat 4: Withers73 folded before Flop (didn't bet)
Seat 5: danham77 folded before Flop (didn't bet)
Seat 6: POLLO ISRA75 folded before Flop (didn't bet)
Seat 7: luckyking07 showed [Jd Ah] and lost with a pair of Aces (cashed out).
Seat 8: SMUTJAN72 folded before Flop (didn't bet)
Seat 9: SoomerNoc folded before Flop (didn't bet)



PokerStars Hand #225060056105:  Hold'em No Limit ($0.01/$0.02 USD) - 2021/03/21 16:36:50 PT [2021/03/21 19:36:50 ET]
Table 'Rhea V' 9-max Seat #2 is the button
Seat 1: tiolucius ($1.51 in chips) 
Seat 2: Dorex2007 ($1.45 in chips) 
Seat 3: 92caiosouza ($3.05 in chips) 
Seat 4: Withers73 ($1.64 in chips) 
Seat 5: danham77 ($2.52 in chips) 
Seat 6: POLLO ISRA75 ($1.70 in chips) 
Seat 7: luckyking07 ($0.18 in chips) 
Seat 8: SMUTJAN72 ($1.42 in chips) 
Seat 9: SoomerNoc ($2.89 in chips) 
92caiosouza: posts small blind $0.01
Withers73: posts big blind $0.02
*** HOLE CARDS ***
Dealt to Dorex2007 [7h 4c]
danham77: raises $0.04 to $0.06
POLLO ISRA75: calls $0.06
luckyking07: raises $0.12 to $0.18 and is all-in
SMUTJAN72: folds 
SoomerNoc: folds 
tiolucius: folds 
Dorex2007: folds 
92caiosouza: folds 
Withers73: folds 
danham77: calls $0.12
POLLO ISRA75: calls $0.12
*** FLOP *** [6d Qh 7c]
danham77: checks 
POLLO ISRA75: bets $0.10
danham77: calls $0.10
*** TURN *** [6d Qh 7c] [5s]
danham77: checks 
POLLO ISRA75: bets $0.12
danham77: calls $0.12
*** RIVER *** [6d Qh 7c 5s] [2h]
danham77: checks 
POLLO ISRA75: checks 
*** SHOW DOWN ***
danham77: shows [Ks Ad] (high card Ace)
POLLO ISRA75: shows [8c 8s] (a pair of Eights)
POLLO ISRA75 collected $0.42 from side pot
luckyking07: shows [4d 3s] (a straight, Three to Seven)
luckyking07 collected $0.55 from main pot
*** SUMMARY ***
Total pot $1.01 Main pot $0.55. Side pot $0.42. | Rake $0.04 
Board [6d Qh 7c 5s 2h]
Seat 1: tiolucius folded before Flop (didn't bet)
Seat 2: Dorex2007 (button) folded before Flop (didn't bet)
Seat 3: 92caiosouza (small blind) folded before Flop
Seat 4: Withers73 (big blind) folded before Flop
Seat 5: danham77 showed [Ks Ad] and lost with high card Ace
Seat 6: POLLO ISRA75 showed [8c 8s] and won ($0.42) with a pair of Eights
Seat 7: luckyking07 showed [4d 3s] and won ($0.55) with a straight, Three to Seven
Seat 8: SMUTJAN72 folded before Flop (didn't bet)
Seat 9: SoomerNoc folded before Flop (didn't bet)



PokerStars Hand #225060084200:  Hold'em No Limit ($0.01/$0.02 USD) - 2021/03/21 16:37:46 PT [2021/03/21 19:37:46 ET]
Table 'Rhea V' 9-max Seat #3 is the button
Seat 1: tiolucius ($1.51 in chips) 
Seat 2: Dorex2007 ($1.45 in chips) 
Seat 3: 92caiosouza ($3.04 in chips) 
Seat 4: Withers73 ($1.62 in chips) 
Seat 5: danham77 ($2.12 in chips) 
Seat 6: POLLO ISRA75 ($1.72 in chips) 
Seat 7: luckyking07 ($0.55 in chips) 
Seat 8: SMUTJAN72 ($1.42 in chips) 
Seat 9: SoomerNoc ($2.89 in chips) 
Withers73: posts small blind $0.01
danham77: posts big blind $0.02
*** HOLE CARDS ***
Dealt to Dorex2007 [Kd 6h]
POLLO ISRA75: calls $0.02
luckyking07: raises $0.53 to $0.55 and is all-in
SMUTJAN72: folds 
SoomerNoc: folds 
tiolucius: folds 
Dorex2007: folds 
92caiosouza: folds 
Withers73: folds 
danham77: folds 
POLLO ISRA75: folds 
Uncalled bet ($0.53) returned to luckyking07
luckyking07 collected $0.07 from pot
luckyking07: doesn't show hand 
*** SUMMARY ***
Total pot $0.07 | Rake $0 
Seat 1: tiolucius folded before Flop (didn't bet)
Seat 2: Dorex2007 folded before Flop (didn't bet)
Seat 3: 92caiosouza (button) folded before Flop (didn't bet)
Seat 4: Withers73 (small blind) folded before Flop
Seat 5: danham77 (big blind) folded before Flop
Seat 6: POLLO ISRA75 folded before Flop
Seat 7: luckyking07 collected ($0.07)
Seat 8: SMUTJAN72 folded before Flop (didn't bet)
Seat 9: SoomerNoc folded before Flop (didn't bet)



PokerStars Hand #225060097763:  Hold'em No Limit ($0.01/$0.02 USD) - 2021/03/21 16:38:13 PT [2021/03/21 19:38:13 ET]
Table 'Rhea V' 9-max Seat #4 is the button
Seat 1: tiolucius ($1.51 in chips) 
Seat 2: Dorex2007 ($1.45 in chips) 
Seat 3: 92caiosouza ($3.04 in chips) 
Seat 4: Withers73 ($1.61 in chips) 
Seat 5: danham77 ($2.10 in chips) 
Seat 6: POLLO ISRA75 ($1.70 in chips) 
Seat 7: luckyking07 ($0.60 in chips) 
Seat 8: SMUTJAN72 ($1.42 in chips) 
Seat 9: SoomerNoc ($2.89 in chips) 
danham77: posts small blind $0.01
POLLO ISRA75: posts big blind $0.02
*** HOLE CARDS ***
Dealt to Dorex2007 [Ad 6c]
luckyking07: raises $0.58 to $0.60 and is all-in
SMUTJAN72: folds 
SoomerNoc: folds 
tiolucius: folds 
Dorex2007: folds 
92caiosouza: folds 
Withers73: folds 
danham77: folds 
POLLO ISRA75: folds 
Uncalled bet ($0.58) returned to luckyking07
luckyking07 collected $0.05 from pot
luckyking07: doesn't show hand 
*** SUMMARY ***
Total pot $0.05 | Rake $0 
Seat 1: tiolucius folded before Flop (didn't bet)
Seat 2: Dorex2007 folded before Flop (didn't bet)
Seat 3: 92caiosouza folded before Flop (didn't bet)
Seat 4: Withers73 (button) folded before Flop (didn't bet)
Seat 5: danham77 (small blind) folded before Flop
Seat 6: POLLO ISRA75 (big blind) folded before Flop
Seat 7: luckyking07 collected ($0.05)
Seat 8: SMUTJAN72 folded before Flop (didn't bet)
Seat 9: SoomerNoc folded before Flop (didn't bet)



PokerStars Hand #225060116535:  Hold'em No Limit ($0.01/$0.02 USD) - 2021/03/21 16:38:51 PT [2021/03/21 19:38:51 ET]
Table 'Rhea V' 9-max Seat #5 is the button
Seat 1: tiolucius ($1.51 in chips) 
Seat 2: Dorex2007 ($1.45 in chips) 
Seat 3: 92caiosouza ($3.04 in chips) 
Seat 4: Withers73 ($1.61 in chips) 
Seat 5: danham77 ($2.09 in chips) 
Seat 6: POLLO ISRA75 ($1.68 in chips) 
Seat 7: luckyking07 ($0.63 in chips) 
Seat 8: SMUTJAN72 ($1.42 in chips) 
Seat 9: SoomerNoc ($2.89 in chips) 
POLLO ISRA75: posts small blind $0.01
luckyking07: posts big blind $0.02
*** HOLE CARDS ***
Dealt to Dorex2007 [Ah 3d]
SMUTJAN72 has timed out
SMUTJAN72: folds 
SoomerNoc: folds 
tiolucius: folds 
Dorex2007: folds 
92caiosouza: folds 
Withers73: folds 
danham77: folds 
POLLO ISRA75: folds 
Uncalled bet ($0.01) returned to luckyking07
luckyking07 collected $0.02 from pot
luckyking07: doesn't show hand 
*** SUMMARY ***
Total pot $0.02 | Rake $0 
Seat 1: tiolucius folded before Flop (didn't bet)
Seat 2: Dorex2007 folded before Flop (didn't bet)
Seat 3: 92caiosouza folded before Flop (didn't bet)
Seat 4: Withers73 folded before Flop (didn't bet)
Seat 5: danham77 (button) folded before Flop (didn't bet)
Seat 6: POLLO ISRA75 (small blind) folded before Flop
Seat 7: luckyking07 (big blind) collected ($0.02)
Seat 8: SMUTJAN72 folded before Flop (didn't bet)
Seat 9: SoomerNoc folded before Flop (didn't bet)



PokerStars Hand #225060127003:  Hold'em No Limit ($0.01/$0.02 USD) - 2021/03/21 16:39:12 PT [2021/03/21 19:39:12 ET]
Table 'Rhea V' 9-max Seat #6 is the button
Seat 1: tiolucius ($1.51 in chips) 
Seat 2: Dorex2007 ($1.45 in chips) 
Seat 3: 92caiosouza ($3.04 in chips) 
Seat 4: Withers73 ($1.61 in chips) 
Seat 5: danham77 ($2.09 in chips) 
Seat 6: POLLO ISRA75 ($1.67 in chips) 
Seat 7: luckyking07 ($0.64 in chips) 
Seat 9: SoomerNoc ($2.89 in chips) 
luckyking07: posts small blind $0.01
SoomerNoc: posts big blind $0.02
*** HOLE CARDS ***
Dealt to Dorex2007 [Kd 4s]
tiolucius: folds 
Dorex2007: folds 
92caiosouza: calls $0.02
Withers73: folds 
danham77: folds 
POLLO ISRA75: folds 
luckyking07: raises $0.62 to $0.64 and is all-in
SoomerNoc: raises $0.62 to $1.26
92caiosouza: folds 
Uncalled bet ($0.62) returned to SoomerNoc
*** FLOP *** [5c 9d Th]
*** TURN *** [5c 9d Th] [6h]
*** RIVER *** [5c 9d Th 6h] [7d]
*** SHOW DOWN ***
luckyking07: shows [4c 2c] (high card Ten)
SoomerNoc: shows [As Qs] (high card Ace)
SoomerNoc collected $1.25 from pot
*** SUMMARY ***
Total pot $1.30 | Rake $0.05 
Board [5c 9d Th 6h 7d]
Seat 1: tiolucius folded before Flop (didn't bet)
Seat 2: Dorex2007 folded before Flop (didn't bet)
Seat 3: 92caiosouza folded before Flop
Seat 4: Withers73 folded before Flop (didn't bet)
Seat 5: danham77 folded before Flop (didn't bet)
Seat 6: POLLO ISRA75 (button) folded before Flop (didn't bet)
Seat 7: luckyking07 (small blind) showed [4c 2c] and lost with high card Ten
Seat 9: SoomerNoc (big blind) showed [As Qs] and won ($1.25) with high card Ace



PokerStars Hand #225060145923:  Hold'em No Limit ($0.01/$0.02 USD) - 2021/03/21 16:39:50 PT [2021/03/21 19:39:50 ET]
Table 'Rhea V' 9-max Seat #9 is the button
Seat 1: tiolucius ($1.51 in chips) 
Seat 2: Dorex2007 ($1.45 in chips) 
Seat 3: 92caiosouza ($3.02 in chips) 
Seat 4: Withers73 ($1.61 in chips) 
Seat 5: danham77 ($2.09 in chips) 
Seat 6: POLLO ISRA75 ($1.67 in chips) 
Seat 9: SoomerNoc ($3.50 in chips) 
tiolucius: posts small blind $0.01
Dorex2007: posts big blind $0.02
SMUTJAN72: sits out 
*** HOLE CARDS ***
Dealt to Dorex2007 [Qd 5d]
92caiosouza: calls $0.02
Withers73: folds 
danham77: raises $0.10 to $0.12
POLLO ISRA75: folds 
luckyking07 leaves the table
SoomerNoc: folds 
tiolucius: folds 
Dorex2007: folds 
yjqian23 joins the table at seat #7 
92caiosouza: calls $0.10
*** FLOP *** [2c 8d As]
92caiosouza: checks 
danham77: bets $0.12
92caiosouza: folds 
Uncalled bet ($0.12) returned to danham77
danham77 collected $0.26 from pot
danham77: doesn't show hand 
*** SUMMARY ***
Total pot $0.27 | Rake $0.01 
Board [2c 8d As]
Seat 1: tiolucius (small blind) folded before Flop
Seat 2: Dorex2007 (big blind) folded before Flop
Seat 3: 92caiosouza folded on the Flop
Seat 4: Withers73 folded before Flop (didn't bet)
Seat 5: danham77 collected ($0.26)
Seat 6: POLLO ISRA75 folded before Flop (didn't bet)
Seat 9: SoomerNoc (button) folded before Flop (didn't bet)



PokerStars Hand #225060166216:  Hold'em No Limit ($0.01/$0.02 USD) - 2021/03/21 16:40:31 PT [2021/03/21 19:40:31 ET]
Table 'Rhea V' 9-max Seat #1 is the button
Seat 1: tiolucius ($1.50 in chips) 
Seat 2: Dorex2007 ($1.43 in chips) 
Seat 3: 92caiosouza ($2.90 in chips) 
Seat 4: Withers73 ($1.61 in chips) 
Seat 5: danham77 ($2.23 in chips) 
Seat 6: POLLO ISRA75 ($1.67 in chips) 
Seat 7: yjqian23 ($2 in chips) 
Seat 9: SoomerNoc ($3.50 in chips) 
Dorex2007: posts small blind $0.01
92caiosouza: posts big blind $0.02
yjqian23: posts big blind $0.02
SMUTJAN72: sits out 
*** HOLE CARDS ***
Dealt to Dorex2007 [Th 9d]
Withers73: folds 
danham77: folds 
POLLO ISRA75: calls $0.02
yjqian23: checks 
SoomerNoc: folds 
tiolucius: calls $0.02
Dorex2007: calls $0.01
92caiosouza: checks 
*** FLOP *** [Ks 7d 7h]
Dorex2007: checks 
92caiosouza: checks 
POLLO ISRA75: checks 
yjqian23: checks 
tiolucius: checks 
*** TURN *** [Ks 7d 7h] [3d]
Dorex2007: checks 
92caiosouza: checks 
POLLO ISRA75: checks 
yjqian23: checks 
tiolucius: checks 
*** RIVER *** [Ks 7d 7h 3d] [6h]
Dorex2007: checks 
92caiosouza: checks 
POLLO ISRA75: checks 
yjqian23: checks 
tiolucius: bets $0.05
Dorex2007: folds 
92caiosouza: calls $0.05
POLLO ISRA75: folds 
yjqian23: folds 
*** SHOW DOWN ***
tiolucius: shows [6s 4s] (two pair, Sevens and Sixes)
92caiosouza: mucks hand 
tiolucius collected $0.19 from pot
*** SUMMARY ***
Total pot $0.20 | Rake $0.01 
Board [Ks 7d 7h 3d 6h]
Seat 1: tiolucius (button) showed [6s 4s] and won ($0.19) with two pair, Sevens and Sixes
Seat 2: Dorex2007 (small blind) folded on the River
Seat 3: 92caiosouza (big blind) mucked [2c Ah]
Seat 4: Withers73 folded before Flop (didn't bet)
Seat 5: danham77 folded before Flop (didn't bet)
Seat 6: POLLO ISRA75 folded on the River
Seat 7: yjqian23 folded on the River (didn't bet)
Seat 9: SoomerNoc folded before Flop (didn't bet)



PokerStars Hand #225060207700:  Hold'em No Limit ($0.01/$0.02 USD) - 2021/03/21 16:41:47 PT [2021/03/21 19:41:47 ET]
Table 'Rhea V' 9-max Seat #2 is the button
Seat 1: tiolucius ($1.62 in chips) 
Seat 2: Dorex2007 ($1.41 in chips) 
Seat 3: 92caiosouza ($2.83 in chips) 
Seat 4: Withers73 ($1.61 in chips) 
Seat 5: danham77 ($2.23 in chips) 
Seat 6: POLLO ISRA75 ($1.65 in chips) 
Seat 7: yjqian23 ($1.98 in chips) 
Seat 9: SoomerNoc ($3.50 in chips) 
92caiosouza: posts small blind $0.01
Withers73: posts big blind $0.02
SMUTJAN72: sits out 
*** HOLE CARDS ***
Dealt to Dorex2007 [6d 2d]
danham77: raises $0.04 to $0.06
POLLO ISRA75: folds 
yjqian23: folds 
SoomerNoc: folds 
tiolucius: folds 
Dorex2007: folds 
92caiosouza: folds 
Withers73: folds 
Uncalled bet ($0.04) returned to danham77
danham77 collected $0.05 from pot
danham77: doesn't show hand 
*** SUMMARY ***
Total pot $0.05 | Rake $0 
Seat 1: tiolucius folded before Flop (didn't bet)
Seat 2: Dorex2007 (button) folded before Flop (didn't bet)
Seat 3: 92caiosouza (small blind) folded before Flop
Seat 4: Withers73 (big blind) folded before Flop
Seat 5: danham77 collected ($0.05)
Seat 6: POLLO ISRA75 folded before Flop (didn't bet)
Seat 7: yjqian23 folded before Flop (didn't bet)
Seat 9: SoomerNoc folded before Flop (didn't bet)



PokerStars Hand #225060265019:  Hold'em No Limit ($0.01/$0.02 USD) - 2021/03/21 16:43:37 PT [2021/03/21 19:43:37 ET]
Table 'Rhea V' 9-max Seat #5 is the button
Seat 1: tiolucius ($1.69 in chips) 
Seat 2: Dorex2007 ($1.41 in chips) 
Seat 3: 92caiosouza ($2.82 in chips) 
Seat 4: Withers73 ($1.54 in chips) 
Seat 5: danham77 ($2.23 in chips) 
Seat 6: POLLO ISRA75 ($1.63 in chips) 
Seat 8: SMUTJAN72 ($1.42 in chips) 
Seat 9: SoomerNoc ($3.53 in chips) 
POLLO ISRA75: posts small blind $0.01
yjqian23: is sitting out 
SMUTJAN72: posts big blind $0.02
*** HOLE CARDS ***
Dealt to Dorex2007 [Kd 6s]
SoomerNoc: folds 
tiolucius: calls $0.02
Dorex2007: folds 
92caiosouza: calls $0.02
Withers73: folds 
yjqian23 leaves the table
danham77 has timed out
danham77: folds 
POLLO ISRA75: folds 
SMUTJAN72: checks 
*** FLOP *** [2s 2h 6h]
SMUTJAN72: checks 
tiolucius: checks 
92caiosouza: checks 
*** TURN *** [2s 2h 6h] [3h]
SMUTJAN72: checks 
tiolucius: checks 
92caiosouza: checks 
*** RIVER *** [2s 2h 6h 3h] [4h]
SMUTJAN72: checks 
tiolucius: checks 
92caiosouza: bets $0.02
SMUTJAN72: folds 
tiolucius: folds 
Uncalled bet ($0.02) returned to 92caiosouza
92caiosouza collected $0.07 from pot
92caiosouza: doesn't show hand 
*** SUMMARY ***
Total pot $0.07 | Rake $0 
Board [2s 2h 6h 3h 4h]
Seat 1: tiolucius folded on the River
Seat 2: Dorex2007 folded before Flop (didn't bet)
Seat 3: 92caiosouza collected ($0.07)
Seat 4: Withers73 folded before Flop (didn't bet)
Seat 5: danham77 (button) folded before Flop (didn't bet)
Seat 6: POLLO ISRA75 (small blind) folded before Flop
Seat 8: SMUTJAN72 (big blind) folded on the River
Seat 9: SoomerNoc folded before Flop (didn't bet)



PokerStars Hand #225060289702:  Hold'em No Limit ($0.01/$0.02 USD) - 2021/03/21 16:44:28 PT [2021/03/21 19:44:28 ET]
Table 'Rhea V' 9-max Seat #6 is the button
Seat 1: tiolucius ($1.67 in chips) 
Seat 2: Dorex2007 ($1.41 in chips) 
Seat 3: 92caiosouza ($2.87 in chips) 
Seat 4: Withers73 ($1.54 in chips) 
Seat 5: danham77 ($2.23 in chips) 
Seat 6: POLLO ISRA75 ($1.62 in chips) 
Seat 8: SMUTJAN72 ($1.40 in chips) 
Seat 9: SoomerNoc ($3.53 in chips) 
SMUTJAN72: posts small blind $0.01
SoomerNoc: posts big blind $0.02
*** HOLE CARDS ***
Dealt to Dorex2007 [5h Th]
Oax1 joins the table at seat #7 
tiolucius: folds 
Dorex2007: folds 
92caiosouza: calls $0.02
Withers73: calls $0.02
danham77: calls $0.02
POLLO ISRA75: folds 
SMUTJAN72: calls $0.01
SoomerNoc: checks 
*** FLOP *** [3c Jc 4s]
SMUTJAN72: bets $0.02
SoomerNoc: folds 
92caiosouza: calls $0.02
Withers73: calls $0.02
danham77: calls $0.02
*** TURN *** [3c Jc 4s] [Js]
SMUTJAN72: bets $0.02
92caiosouza: calls $0.02
Withers73: calls $0.02
danham77: calls $0.02
*** RIVER *** [3c Jc 4s Js] [8s]
SMUTJAN72: checks 
92caiosouza: bets $0.25
Withers73: folds 
danham77: folds 
SMUTJAN72: folds 
Uncalled bet ($0.25) returned to 92caiosouza
92caiosouza collected $0.25 from pot
92caiosouza: doesn't show hand 
*** SUMMARY ***
Total pot $0.26 | Rake $0.01 
Board [3c Jc 4s Js 8s]
Seat 1: tiolucius folded before Flop (didn't bet)
Seat 2: Dorex2007 folded before Flop (didn't bet)
Seat 3: 92caiosouza collected ($0.25)
Seat 4: Withers73 folded on the River
Seat 5: danham77 folded on the River
Seat 6: POLLO ISRA75 (button) folded before Flop (didn't bet)
Seat 8: SMUTJAN72 (small blind) folded on the River
Seat 9: SoomerNoc (big blind) folded on the Flop



PokerStars Hand #225060319423:  Hold'em No Limit ($0.01/$0.02 USD) - 2021/03/21 16:45:29 PT [2021/03/21 19:45:29 ET]
Table 'Rhea V' 9-max Seat #8 is the button
Seat 1: tiolucius ($1.67 in chips) 
Seat 2: Dorex2007 ($1.41 in chips) 
Seat 3: 92caiosouza ($3.06 in chips) 
Seat 4: Withers73 ($1.48 in chips) 
Seat 5: danham77 ($2.17 in chips) 
Seat 6: POLLO ISRA75 ($1.62 in chips) 
Seat 7: Oax1 ($2 in chips) 
Seat 8: SMUTJAN72 ($1.34 in chips) 
Seat 9: SoomerNoc ($3.51 in chips) 
SoomerNoc: posts small blind $0.01
tiolucius: posts big blind $0.02
Oax1: posts big blind $0.02
*** HOLE CARDS ***
Dealt to Dorex2007 [3c 5d]
Dorex2007: folds 
92caiosouza: calls $0.02
Withers73: folds 
danham77: folds 
POLLO ISRA75 has timed out
POLLO ISRA75: folds 
Oax1: checks 
SMUTJAN72: folds 
SoomerNoc: calls $0.01
tiolucius: checks 
*** FLOP *** [7c 5h 9d]
SoomerNoc: checks 
tiolucius: checks 
92caiosouza: bets $0.02
Oax1: folds 
SoomerNoc: folds 
tiolucius: folds 
Uncalled bet ($0.02) returned to 92caiosouza
92caiosouza collected $0.08 from pot
92caiosouza: doesn't show hand 
*** SUMMARY ***
Total pot $0.08 | Rake $0 
Board [7c 5h 9d]
Seat 1: tiolucius (big blind) folded on the Flop
Seat 2: Dorex2007 folded before Flop (didn't bet)
Seat 3: 92caiosouza collected ($0.08)
Seat 4: Withers73 folded before Flop (didn't bet)
Seat 5: danham77 folded before Flop (didn't bet)
Seat 6: POLLO ISRA75 folded before Flop (didn't bet)
Seat 7: Oax1 folded on the Flop (didn't bet)
Seat 8: SMUTJAN72 (button) folded before Flop (didn't bet)
Seat 9: SoomerNoc (small blind) folded on the Flop



PokerStars Hand #225060341725:  Hold'em No Limit ($0.01/$0.02 USD) - 2021/03/21 16:46:15 PT [2021/03/21 19:46:15 ET]
Table 'Rhea V' 9-max Seat #9 is the button
Seat 1: tiolucius ($1.65 in chips) 
Seat 2: Dorex2007 ($1.41 in chips) 
Seat 3: 92caiosouza ($3.12 in chips) 
Seat 4: Withers73 ($1.48 in chips) 
Seat 5: danham77 ($2.17 in chips) 
Seat 6: POLLO ISRA75 ($1.62 in chips) 
Seat 7: Oax1 ($1.98 in chips) 
Seat 8: SMUTJAN72 ($1.34 in chips) 
Seat 9: SoomerNoc ($3.49 in chips) 
tiolucius: posts small blind $0.01
Dorex2007: posts big blind $0.02
*** HOLE CARDS ***
Dealt to Dorex2007 [Jd 8d]
92caiosouza: calls $0.02
Withers73: calls $0.02
danham77: folds 
POLLO ISRA75 has timed out
POLLO ISRA75: folds 
Oax1: calls $0.02
SMUTJAN72: folds 
SoomerNoc: folds 
tiolucius: raises $0.10 to $0.12
Dorex2007: folds 
92caiosouza: calls $0.10
Withers73: calls $0.10
Oax1: calls $0.10
*** FLOP *** [Qs Td 7h]
tiolucius: bets $0.24
92caiosouza: folds 
Withers73: folds 
Oax1: folds 
Uncalled bet ($0.24) returned to tiolucius
tiolucius collected $0.48 from pot
tiolucius: doesn't show hand 
*** SUMMARY ***
Total pot $0.50 | Rake $0.02 
Board [Qs Td 7h]
Seat 1: tiolucius (small blind) collected ($0.48)
Seat 2: Dorex2007 (big blind) folded before Flop
Seat 3: 92caiosouza folded on the Flop
Seat 4: Withers73 folded on the Flop
Seat 5: danham77 folded before Flop (didn't bet)
Seat 6: POLLO ISRA75 folded before Flop (didn't bet)
Seat 7: Oax1 folded on the Flop
Seat 8: SMUTJAN72 folded before Flop (didn't bet)
Seat 9: SoomerNoc (button) folded before Flop (didn't bet)



PokerStars Hand #225060382961:  Hold'em No Limit ($0.01/$0.02 USD) - 2021/03/21 16:47:32 PT [2021/03/21 19:47:32 ET]
Table 'Rhea V' 9-max Seat #1 is the button
Seat 1: tiolucius ($2.01 in chips) 
Seat 2: Dorex2007 ($1.39 in chips) 
Seat 3: 92caiosouza ($3 in chips) 
Seat 4: Withers73 ($1.36 in chips) 
Seat 5: danham77 ($2.17 in chips) 
Seat 6: POLLO ISRA75 ($1.62 in chips) 
Seat 7: Oax1 ($1.86 in chips) 
Seat 8: SMUTJAN72 ($1.34 in chips) 
Seat 9: SoomerNoc ($3.49 in chips) 
Dorex2007: posts small blind $0.01
92caiosouza: posts big blind $0.02
*** HOLE CARDS ***
Dealt to Dorex2007 [Ts Ah]
Withers73: calls $0.02
danham77: folds 
POLLO ISRA75 has timed out
POLLO ISRA75: folds 
Oax1: folds 
SMUTJAN72: folds 
SoomerNoc: raises $0.06 to $0.08
tiolucius: folds 
Dorex2007: folds 
92caiosouza: folds 
Withers73: calls $0.06
*** FLOP *** [Js 6s Qs]
Withers73: bets $0.09
SoomerNoc: raises $0.27 to $0.36
Withers73: calls $0.27
*** TURN *** [Js 6s Qs] [2c]
Withers73: bets $0.44
SoomerNoc: raises $1.17 to $1.61
Withers73: calls $0.48 and is all-in
Uncalled bet ($0.69) returned to SoomerNoc
*** RIVER *** [Js 6s Qs 2c] [9c]
*** SHOW DOWN ***
Withers73: shows [Qc Ad] (a pair of Queens)
SoomerNoc: shows [Jh Jd] (three of a kind, Jacks)
SoomerNoc collected $2.65 from pot
*** SUMMARY ***
Total pot $2.75 | Rake $0.10 
Board [Js 6s Qs 2c 9c]
Seat 1: tiolucius (button) folded before Flop (didn't bet)
Seat 2: Dorex2007 (small blind) folded before Flop
Seat 3: 92caiosouza (big blind) folded before Flop
Seat 4: Withers73 showed [Qc Ad] and lost with a pair of Queens
Seat 5: danham77 folded before Flop (didn't bet)
Seat 6: POLLO ISRA75 folded before Flop (didn't bet)
Seat 7: Oax1 folded before Flop (didn't bet)
Seat 8: SMUTJAN72 folded before Flop (didn't bet)
Seat 9: SoomerNoc showed [Jh Jd] and won ($2.65) with three of a kind, Jacks



PokerStars Hand #225060424330:  Hold'em No Limit ($0.01/$0.02 USD) - 2021/03/21 16:48:42 PT [2021/03/21 19:48:42 ET]
Table 'Rhea V' 9-max Seat #2 is the button
Seat 1: tiolucius ($2.01 in chips) 
Seat 2: Dorex2007 ($1.38 in chips) 
Seat 3: 92caiosouza ($2.98 in chips) 
Seat 5: danham77 ($2.17 in chips) 
Seat 6: POLLO ISRA75 ($1.62 in chips) 
Seat 7: Oax1 ($1.86 in chips) 
Seat 8: SMUTJAN72 ($1.34 in chips) 
Seat 9: SoomerNoc ($4.78 in chips) 
92caiosouza: posts small blind $0.01
danham77: posts big blind $0.02
*** HOLE CARDS ***
Dealt to Dorex2007 [Ah Th]
POLLO ISRA75: calls $0.02
Oax1: folds 
Withers73 leaves the table
SMUTJAN72: folds 
SoomerNoc: folds 
tiolucius: raises $0.02 to $0.04
Dorex2007: calls $0.04
92caiosouza: calls $0.03
danham77: folds 
POLLO ISRA75: calls $0.02
*** FLOP *** [Js 7h 6h]
92caiosouza: checks 
POLLO ISRA75: checks 
tiolucius: checks 
Dorex2007: bets $0.17
92caiosouza: folds 
POLLO ISRA75: calls $0.17
tiolucius: folds 
*** TURN *** [Js 7h 6h] [As]
POLLO ISRA75: checks 
Dorex2007: checks 
*** RIVER *** [Js 7h 6h As] [9s]
POLLO ISRA75: checks 
Dorex2007: checks 
*** SHOW DOWN ***
POLLO ISRA75: shows [Ks Jc] (a pair of Jacks)
Dorex2007: shows [Ah Th] (a pair of Aces)
Dorex2007 collected $0.50 from pot
*** SUMMARY ***
Total pot $0.52 | Rake $0.02 
Board [Js 7h 6h As 9s]
Seat 1: tiolucius folded on the Flop
Seat 2: Dorex2007 (button) showed [Ah Th] and won ($0.50) with a pair of Aces
Seat 3: 92caiosouza (small blind) folded on the Flop
Seat 5: danham77 (big blind) folded before Flop
Seat 6: POLLO ISRA75 showed [Ks Jc] and lost with a pair of Jacks
Seat 7: Oax1 folded before Flop (didn't bet)
Seat 8: SMUTJAN72 folded before Flop (didn't bet)
Seat 9: SoomerNoc folded before Flop (didn't bet)



PokerStars Hand #225060469860:  Hold'em No Limit ($0.01/$0.02 USD) - 2021/03/21 16:50:03 PT [2021/03/21 19:50:03 ET]
Table 'Rhea V' 9-max Seat #3 is the button
Seat 1: tiolucius ($1.97 in chips) 
Seat 2: Dorex2007 ($1.67 in chips) 
Seat 3: 92caiosouza ($2.94 in chips) 
Seat 5: danham77 ($2.15 in chips) 
Seat 6: POLLO ISRA75 ($1.41 in chips) 
Seat 7: Oax1 ($1.86 in chips) 
Seat 8: SMUTJAN72 ($1.34 in chips) 
Seat 9: SoomerNoc ($4.78 in chips) 
danham77: posts small blind $0.01
POLLO ISRA75: posts big blind $0.02
*** HOLE CARDS ***
Dealt to Dorex2007 [Kh Qc]
Oax1: folds 
SMUTJAN72: folds 
SoomerNoc: folds 
tiolucius: folds 
Dorex2007: raises $0.06 to $0.08
92caiosouza: calls $0.08
danham77: folds 
POLLO ISRA75: calls $0.06
*** FLOP *** [Tc 9c 6c]
POLLO ISRA75: checks 
Dorex2007: bets $0.24
92caiosouza: calls $0.24
POLLO ISRA75: folds 
*** TURN *** [Tc 9c 6c] [Qh]
Dorex2007: checks 
92caiosouza: checks 
*** RIVER *** [Tc 9c 6c Qh] [8c]
Dorex2007: checks 
92caiosouza: bets $0.70
Dorex2007: calls $0.70
*** SHOW DOWN ***
92caiosouza: shows [Ac 9h] (a flush, Ace high)
Dorex2007: mucks hand 
92caiosouza collected $2.06 from pot
*** SUMMARY ***
Total pot $2.13 | Rake $0.07 
Board [Tc 9c 6c Qh 8c]
Seat 1: tiolucius folded before Flop (didn't bet)
Seat 2: Dorex2007 mucked [Kh Qc]
Seat 3: 92caiosouza (button) showed [Ac 9h] and won ($2.06) with a flush, Ace high
Seat 5: danham77 (small blind) folded before Flop
Seat 6: POLLO ISRA75 (big blind) folded on the Flop
Seat 7: Oax1 folded before Flop (didn't bet)
Seat 8: SMUTJAN72 folded before Flop (didn't bet)
Seat 9: SoomerNoc folded before Flop (didn't bet)



PokerStars Hand #225060495197:  Hold'em No Limit ($0.01/$0.02 USD) - 2021/03/21 16:51:01 PT [2021/03/21 19:51:01 ET]
Table 'Rhea V' 9-max Seat #5 is the button
Seat 1: tiolucius ($1.97 in chips) 
Seat 2: Dorex2007 ($0.65 in chips) 
Seat 3: 92caiosouza ($3.98 in chips) 
Seat 5: danham77 ($2.14 in chips) 
Seat 6: POLLO ISRA75 ($1.33 in chips) 
Seat 7: Oax1 ($1.86 in chips) 
Seat 8: SMUTJAN72 ($1.34 in chips) 
Seat 9: SoomerNoc ($4.78 in chips) 
POLLO ISRA75: posts small blind $0.01
Oax1: posts big blind $0.02
*** HOLE CARDS ***
Dealt to Dorex2007 [4d 7h]
SMUTJAN72: folds 
SoomerNoc: folds 
tiolucius: folds 
Dorex2007: folds 
92caiosouza: calls $0.02
danham77: folds 
POLLO ISRA75: folds 
Oax1: checks 
*** FLOP *** [8d 2d 4c]
Oax1: checks 
92caiosouza: checks 
*** TURN *** [8d 2d 4c] [Ad]
Oax1: checks 
92caiosouza: checks 
*** RIVER *** [8d 2d 4c Ad] [9c]
evanw123 joins the table at seat #4 
Oax1: checks 
92caiosouza: checks 
*** SHOW DOWN ***
Oax1: shows [5s Kh] (high card Ace)
92caiosouza: shows [Kc 5d] (high card Ace)
Oax1 collected $0.03 from pot
92caiosouza collected $0.02 from pot
*** SUMMARY ***
Total pot $0.05 | Rake $0 
Board [8d 2d 4c Ad 9c]
Seat 1: tiolucius folded before Flop (didn't bet)
Seat 2: Dorex2007 folded before Flop (didn't bet)
Seat 3: 92caiosouza showed [Kc 5d] and won ($0.02) with high card Ace
Seat 5: danham77 (button) folded before Flop (didn't bet)
Seat 6: POLLO ISRA75 (small blind) folded before Flop
Seat 7: Oax1 (big blind) showed [5s Kh] and won ($0.03) with high card Ace
Seat 8: SMUTJAN72 folded before Flop (didn't bet)
Seat 9: SoomerNoc folded before Flop (didn't bet)



PokerStars Hand #225060512054:  Hold'em No Limit ($0.01/$0.02 USD) - 2021/03/21 16:51:39 PT [2021/03/21 19:51:39 ET]
Table 'Rhea V' 9-max Seat #6 is the button
Seat 1: tiolucius ($1.97 in chips) 
Seat 2: Dorex2007 ($2 in chips) 
Seat 3: 92caiosouza ($3.98 in chips) 
Seat 5: danham77 ($2.14 in chips) 
Seat 6: POLLO ISRA75 ($1.32 in chips) 
Seat 7: Oax1 ($1.87 in chips) 
Seat 8: SMUTJAN72 ($1.34 in chips) 
Seat 9: SoomerNoc ($4.78 in chips) 
Oax1: posts small blind $0.01
SMUTJAN72: posts big blind $0.02
evanw123: sits out 
*** HOLE CARDS ***
Dealt to Dorex2007 [7s Kh]
SoomerNoc: folds 
tiolucius: folds 
Dorex2007: folds 
92caiosouza: folds 
danham77: folds 
POLLO ISRA75: folds 
Oax1: calls $0.01
SMUTJAN72: checks 
*** FLOP *** [3d 5c Qd]
Oax1: bets $0.02
SMUTJAN72: folds 
Uncalled bet ($0.02) returned to Oax1
Oax1 collected $0.04 from pot
*** SUMMARY ***
Total pot $0.04 | Rake $0 
Board [3d 5c Qd]
Seat 1: tiolucius folded before Flop (didn't bet)
Seat 2: Dorex2007 folded before Flop (didn't bet)
Seat 3: 92caiosouza folded before Flop (didn't bet)
Seat 5: danham77 folded before Flop (didn't bet)
Seat 6: POLLO ISRA75 (button) folded before Flop (didn't bet)
Seat 7: Oax1 (small blind) collected ($0.04)
Seat 8: SMUTJAN72 (big blind) folded on the Flop
Seat 9: SoomerNoc folded before Flop (didn't bet)



PokerStars Hand #225060525941:  Hold'em No Limit ($0.01/$0.02 USD) - 2021/03/21 16:52:10 PT [2021/03/21 19:52:10 ET]
Table 'Rhea V' 9-max Seat #7 is the button
Seat 1: tiolucius ($1.97 in chips) 
Seat 2: Dorex2007 ($2 in chips) 
Seat 3: 92caiosouza ($3.98 in chips) 
Seat 5: danham77 ($2.14 in chips) 
Seat 6: POLLO ISRA75 ($1.32 in chips) 
Seat 7: Oax1 ($1.89 in chips) 
Seat 8: SMUTJAN72 ($1.32 in chips) 
Seat 9: SoomerNoc ($4.78 in chips) 
SMUTJAN72: posts small blind $0.01
SoomerNoc: posts big blind $0.02
evanw123: sits out 
*** HOLE CARDS ***
Dealt to Dorex2007 [5c 5h]
tiolucius has timed out
tiolucius: folds 
Dorex2007: calls $0.02
92caiosouza: calls $0.02
danham77: folds 
POLLO ISRA75: calls $0.02
Oax1: calls $0.02
SMUTJAN72: raises $0.14 to $0.16
SoomerNoc: folds 
Dorex2007: folds 
92caiosouza: calls $0.14
POLLO ISRA75: folds 
Oax1: folds 
*** FLOP *** [Ac Qd 5s]
SMUTJAN72: checks 
92caiosouza: bets $0.02
SMUTJAN72: calls $0.02
*** TURN *** [Ac Qd 5s] [4d]
SMUTJAN72: checks 
92caiosouza: bets $0.21
SMUTJAN72: folds 
Uncalled bet ($0.21) returned to 92caiosouza
92caiosouza collected $0.42 from pot
92caiosouza: doesn't show hand 
*** SUMMARY ***
Total pot $0.44 | Rake $0.02 
Board [Ac Qd 5s 4d]
Seat 1: tiolucius folded before Flop (didn't bet)
Seat 2: Dorex2007 folded before Flop
Seat 3: 92caiosouza collected ($0.42)
Seat 5: danham77 folded before Flop (didn't bet)
Seat 6: POLLO ISRA75 folded before Flop
Seat 7: Oax1 (button) folded before Flop
Seat 8: SMUTJAN72 (small blind) folded on the Turn
Seat 9: SoomerNoc (big blind) folded before Flop



PokerStars Hand #225060560213:  Hold'em No Limit ($0.01/$0.02 USD) - 2021/03/21 16:53:29 PT [2021/03/21 19:53:29 ET]
Table 'Rhea V' 9-max Seat #8 is the button
Seat 1: tiolucius ($1.97 in chips) 
Seat 2: Dorex2007 ($1.98 in chips) 
Seat 3: 92caiosouza ($4.22 in chips) 
Seat 5: danham77 ($2.14 in chips) 
Seat 6: POLLO ISRA75 ($1.30 in chips) 
Seat 7: Oax1 ($1.87 in chips) 
Seat 8: SMUTJAN72 ($1.14 in chips) 
Seat 9: SoomerNoc ($4.76 in chips) 
SoomerNoc: posts small blind $0.01
tiolucius: posts big blind $0.02
evanw123: sits out 
*** HOLE CARDS ***
Dealt to Dorex2007 [3d 7s]
Dorex2007: folds 
92caiosouza: calls $0.02
danham77: folds 
POLLO ISRA75: folds 
Oax1: calls $0.02
SMUTJAN72: folds 
SoomerNoc: calls $0.01
tiolucius: raises $0.08 to $0.10
92caiosouza: calls $0.08
Oax1: calls $0.08
SoomerNoc: calls $0.08
*** FLOP *** [5c 9c 4s]
SoomerNoc: checks 
tiolucius: bets $1.87 and is all-in
92caiosouza: folds 
Oax1: folds 
SoomerNoc: folds 
Uncalled bet ($1.87) returned to tiolucius
tiolucius collected $0.39 from pot
tiolucius: doesn't show hand 
*** SUMMARY ***
Total pot $0.40 | Rake $0.01 
Board [5c 9c 4s]
Seat 1: tiolucius (big blind) collected ($0.39)
Seat 2: Dorex2007 folded before Flop (didn't bet)
Seat 3: 92caiosouza folded on the Flop
Seat 5: danham77 folded before Flop (didn't bet)
Seat 6: POLLO ISRA75 folded before Flop (didn't bet)
Seat 7: Oax1 folded on the Flop
Seat 8: SMUTJAN72 (button) folded before Flop (didn't bet)
Seat 9: SoomerNoc (small blind) folded on the Flop



PokerStars Hand #225060593776:  Hold'em No Limit ($0.01/$0.02 USD) - 2021/03/21 16:54:46 PT [2021/03/21 19:54:46 ET]
Table 'Rhea V' 9-max Seat #9 is the button
Seat 1: tiolucius ($2.26 in chips) 
Seat 2: Dorex2007 ($1.98 in chips) 
Seat 3: 92caiosouza ($4.12 in chips) 
Seat 5: danham77 ($2.14 in chips) 
Seat 6: POLLO ISRA75 ($1.30 in chips) 
Seat 7: Oax1 ($1.77 in chips) 
Seat 8: SMUTJAN72 ($1.14 in chips) 
Seat 9: SoomerNoc ($4.66 in chips) 
tiolucius: posts small blind $0.01
Dorex2007: posts big blind $0.02
evanw123: sits out 
*** HOLE CARDS ***
Dealt to Dorex2007 [Ks Kc]
92caiosouza: folds 
danham77: folds 
POLLO ISRA75: folds 
Oax1: folds 
SMUTJAN72: raises $0.04 to $0.06
SoomerNoc: calls $0.06
tiolucius: folds 
Dorex2007: raises $0.06 to $0.12
SMUTJAN72: folds 
SoomerNoc: calls $0.06
*** FLOP *** [2s 8s 5c]
Dorex2007: bets $0.30
SoomerNoc: raises $0.90 to $1.20
Dorex2007: raises $0.66 to $1.86 and is all-in
SoomerNoc: calls $0.66
*** TURN *** [2s 8s 5c] [As]
*** RIVER *** [2s 8s 5c As] [Qd]
*** SHOW DOWN ***
Dorex2007: shows [Ks Kc] (a pair of Kings)
SoomerNoc: shows [9s 8h] (a pair of Eights)
Dorex2007 cashed out the hand for $3.09 | Cash Out Fee $0.03
*** SUMMARY ***
Total pot $4.03 | Rake $0.14 
Board [2s 8s 5c As Qd]
Seat 1: tiolucius (small blind) folded before Flop
Seat 2: Dorex2007 (big blind) showed [Ks Kc] and won ($3.89) with a pair of Kings (pot not awarded as player cashed out)
Seat 3: 92caiosouza folded before Flop (didn't bet)
Seat 5: danham77 folded before Flop (didn't bet)
Seat 6: POLLO ISRA75 folded before Flop (didn't bet)
Seat 7: Oax1 folded before Flop (didn't bet)
Seat 8: SMUTJAN72 folded before Flop
Seat 9: SoomerNoc (button) showed [9s 8h] and lost with a pair of Eights



PokerStars Hand #225060618771:  Hold'em No Limit ($0.01/$0.02 USD) - 2021/03/21 16:55:53 PT [2021/03/21 19:55:53 ET]
Table 'Rhea V' 9-max Seat #1 is the button
Seat 1: tiolucius ($2.25 in chips) 
Seat 2: Dorex2007 ($3.09 in chips) 
Seat 3: 92caiosouza ($4.12 in chips) 
Seat 5: danham77 ($2.14 in chips) 
Seat 6: POLLO ISRA75 ($1.30 in chips) 
Seat 7: Oax1 ($1.77 in chips) 
Seat 8: SMUTJAN72 ($1.08 in chips) 
Seat 9: SoomerNoc ($2.68 in chips) 
Dorex2007: posts small blind $0.01
92caiosouza: posts big blind $0.02
evanw123: sits out 
*** HOLE CARDS ***
Dealt to Dorex2007 [5s 3h]
danham77: folds 
POLLO ISRA75: folds 
Oax1: calls $0.02
SMUTJAN72: folds 
SoomerNoc: folds 
tiolucius: folds 
Dorex2007: folds 
92caiosouza: checks 
*** FLOP *** [6h 9d 3d]
92caiosouza: checks 
Oax1: bets $0.02
92caiosouza: calls $0.02
*** TURN *** [6h 9d 3d] [Jd]
92caiosouza: checks 
Oax1: checks 
*** RIVER *** [6h 9d 3d Jd] [2d]
92caiosouza: checks 
Oax1: checks 
*** SHOW DOWN ***
92caiosouza: shows [Jh Qs] (a pair of Jacks)
Oax1: mucks hand 
92caiosouza collected $0.09 from pot
*** SUMMARY ***
Total pot $0.09 | Rake $0 
Board [6h 9d 3d Jd 2d]
Seat 1: tiolucius (button) folded before Flop (didn't bet)
Seat 2: Dorex2007 (small blind) folded before Flop
Seat 3: 92caiosouza (big blind) showed [Jh Qs] and won ($0.09) with a pair of Jacks
Seat 5: danham77 folded before Flop (didn't bet)
Seat 6: POLLO ISRA75 folded before Flop (didn't bet)
Seat 7: Oax1 mucked [9c 8s]
Seat 8: SMUTJAN72 folded before Flop (didn't bet)
Seat 9: SoomerNoc folded before Flop (didn't bet)



PokerStars Hand #225060633199:  Hold'em No Limit ($0.01/$0.02 USD) - 2021/03/21 16:56:37 PT [2021/03/21 19:56:37 ET]
Table 'Rhea V' 9-max Seat #2 is the button
Seat 1: tiolucius ($2.25 in chips) 
Seat 2: Dorex2007 ($3.08 in chips) 
Seat 3: 92caiosouza ($4.17 in chips) 
Seat 4: evanw123 ($0.80 in chips) 
Seat 5: danham77 ($2.14 in chips) 
Seat 6: POLLO ISRA75 ($1.30 in chips) 
Seat 7: Oax1 ($1.73 in chips) 
Seat 8: SMUTJAN72 ($1.08 in chips) 
Seat 9: SoomerNoc ($2.68 in chips) 
92caiosouza: posts small blind $0.01
evanw123: posts big blind $0.02
*** HOLE CARDS ***
Dealt to Dorex2007 [9s Ah]
danham77: folds 
POLLO ISRA75: folds 
Oax1: folds 
SMUTJAN72: folds 
SoomerNoc: raises $0.04 to $0.06
tiolucius: calls $0.06
Dorex2007: folds 
92caiosouza: calls $0.05
evanw123: folds 
*** FLOP *** [2c 5c 3s]
92caiosouza: checks 
SoomerNoc: checks 
tiolucius: bets $0.10
92caiosouza: folds 
SoomerNoc: folds 
Uncalled bet ($0.10) returned to tiolucius
tiolucius collected $0.19 from pot
tiolucius: doesn't show hand 
*** SUMMARY ***
Total pot $0.20 | Rake $0.01 
Board [2c 5c 3s]
Seat 1: tiolucius collected ($0.19)
Seat 2: Dorex2007 (button) folded before Flop (didn't bet)
Seat 3: 92caiosouza (small blind) folded on the Flop
Seat 4: evanw123 (big blind) folded before Flop
Seat 5: danham77 folded before Flop (didn't bet)
Seat 6: POLLO ISRA75 folded before Flop (didn't bet)
Seat 7: Oax1 folded before Flop (didn't bet)
Seat 8: SMUTJAN72 folded before Flop (didn't bet)
Seat 9: SoomerNoc folded on the Flop



PokerStars Hand #225060657859:  Hold'em No Limit ($0.01/$0.02 USD) - 2021/03/21 16:57:50 PT [2021/03/21 19:57:50 ET]
Table 'Rhea V' 9-max Seat #3 is the button
Seat 1: tiolucius ($2.38 in chips) 
Seat 2: Dorex2007 ($3.08 in chips) 
Seat 3: 92caiosouza ($4.11 in chips) 
Seat 4: evanw123 ($0.78 in chips) 
Seat 5: danham77 ($2.14 in chips) 
Seat 6: POLLO ISRA75 ($1.30 in chips) 
Seat 7: Oax1 ($1.73 in chips) 
Seat 8: SMUTJAN72 ($1.08 in chips) 
Seat 9: SoomerNoc ($2.62 in chips) 
evanw123: posts small blind $0.01
danham77: posts big blind $0.02
*** HOLE CARDS ***
Dealt to Dorex2007 [7c 2h]
POLLO ISRA75 has timed out
POLLO ISRA75: folds 
Oax1: folds 
SMUTJAN72: calls $0.02
SoomerNoc: folds 
tiolucius: folds 
Dorex2007: folds 
92caiosouza: calls $0.02
evanw123: folds 
danham77: checks 
*** FLOP *** [Jh 3h 4s]
danham77: checks 
SMUTJAN72: bets $0.04
92caiosouza: folds 
danham77: calls $0.04
*** TURN *** [Jh 3h 4s] [9c]
danham77: checks 
SMUTJAN72: bets $0.10
danham77: folds 
Uncalled bet ($0.10) returned to SMUTJAN72
SMUTJAN72 collected $0.14 from pot
*** SUMMARY ***
Total pot $0.15 | Rake $0.01 
Board [Jh 3h 4s 9c]
Seat 1: tiolucius folded before Flop (didn't bet)
Seat 2: Dorex2007 folded before Flop (didn't bet)
Seat 3: 92caiosouza (button) folded on the Flop
Seat 4: evanw123 (small blind) folded before Flop
Seat 5: danham77 (big blind) folded on the Turn
Seat 6: POLLO ISRA75 folded before Flop (didn't bet)
Seat 7: Oax1 folded before Flop (didn't bet)
Seat 8: SMUTJAN72 collected ($0.14)
Seat 9: SoomerNoc folded before Flop (didn't bet)



PokerStars Hand #225060678092:  Hold'em No Limit ($0.01/$0.02 USD) - 2021/03/21 16:58:51 PT [2021/03/21 19:58:51 ET]
Table 'Rhea V' 9-max Seat #4 is the button
Seat 1: tiolucius ($2.38 in chips) 
Seat 2: Dorex2007 ($3.08 in chips) 
Seat 3: 92caiosouza ($4.09 in chips) 
Seat 4: evanw123 ($0.77 in chips) 
Seat 5: danham77 ($2.08 in chips) 
Seat 6: POLLO ISRA75 ($1.92 in chips) 
Seat 7: Oax1 ($1.73 in chips) 
Seat 8: SMUTJAN72 ($1.16 in chips) 
Seat 9: SoomerNoc ($2.62 in chips) 
danham77: posts small blind $0.01
POLLO ISRA75: posts big blind $0.02
*** HOLE CARDS ***
Dealt to Dorex2007 [Jh Kh]
Oax1: calls $0.02
SMUTJAN72: folds 
SoomerNoc: folds 
tiolucius: folds 
Dorex2007: raises $0.04 to $0.06
92caiosouza: folds 
evanw123: folds 
danham77: folds 
POLLO ISRA75: folds 
Oax1: calls $0.04
*** FLOP *** [2s 6d 4s]
Oax1: checks 
Dorex2007: bets $0.09
Oax1: folds 
Uncalled bet ($0.09) returned to Dorex2007
Dorex2007 collected $0.14 from pot
Dorex2007: doesn't show hand 
*** SUMMARY ***
Total pot $0.15 | Rake $0.01 
Board [2s 6d 4s]
Seat 1: tiolucius folded before Flop (didn't bet)
Seat 2: Dorex2007 collected ($0.14)
Seat 3: 92caiosouza folded before Flop (didn't bet)
Seat 4: evanw123 (button) folded before Flop (didn't bet)
Seat 5: danham77 (small blind) folded before Flop
Seat 6: POLLO ISRA75 (big blind) folded before Flop
Seat 7: Oax1 folded on the Flop
Seat 8: SMUTJAN72 folded before Flop (didn't bet)
Seat 9: SoomerNoc folded before Flop (didn't bet)



PokerStars Hand #225060694101:  Hold'em No Limit ($0.01/$0.02 USD) - 2021/03/21 16:59:39 PT [2021/03/21 19:59:39 ET]
Table 'Rhea V' 9-max Seat #5 is the button
Seat 1: tiolucius ($2.38 in chips) 
Seat 2: Dorex2007 ($3.16 in chips) 
Seat 3: 92caiosouza ($4.09 in chips) 
Seat 4: evanw123 ($0.77 in chips) 
Seat 5: danham77 ($2.07 in chips) 
Seat 6: POLLO ISRA75 ($1.90 in chips) 
Seat 7: Oax1 ($1.67 in chips) 
Seat 8: SMUTJAN72 ($1.16 in chips) 
Seat 9: SoomerNoc ($2.62 in chips) 
POLLO ISRA75: posts small blind $0.01
Oax1: posts big blind $0.02
*** HOLE CARDS ***
Dealt to Dorex2007 [7d 4h]
SMUTJAN72: folds 
SoomerNoc: raises $0.06 to $0.08
tiolucius: folds 
Dorex2007: folds 
92caiosouza: calls $0.08
evanw123: folds 
danham77: folds 
POLLO ISRA75: folds 
Oax1: calls $0.06
*** FLOP *** [2c 8c 5h]
Oax1: checks 
SoomerNoc: bets $0.16
92caiosouza: calls $0.16
Oax1: folds 
*** TURN *** [2c 8c 5h] [Tc]
SoomerNoc: checks 
92caiosouza: checks 
*** RIVER *** [2c 8c 5h Tc] [Kc]
SoomerNoc: bets $0.37
92caiosouza: folds 
Uncalled bet ($0.37) returned to SoomerNoc
SoomerNoc collected $0.55 from pot
SoomerNoc: doesn't show hand 
*** SUMMARY ***
Total pot $0.57 | Rake $0.02 
Board [2c 8c 5h Tc Kc]
Seat 1: tiolucius folded before Flop (didn't bet)
Seat 2: Dorex2007 folded before Flop (didn't bet)
Seat 3: 92caiosouza folded on the River
Seat 4: evanw123 folded before Flop (didn't bet)
Seat 5: danham77 (button) folded before Flop (didn't bet)
Seat 6: POLLO ISRA75 (small blind) folded before Flop
Seat 7: Oax1 (big blind) folded on the Flop
Seat 8: SMUTJAN72 folded before Flop (didn't bet)
Seat 9: SoomerNoc collected ($0.55)



PokerStars Hand #225060722730:  Hold'em No Limit ($0.01/$0.02 USD) - 2021/03/21 17:01:01 PT [2021/03/21 20:01:01 ET]
Table 'Rhea V' 9-max Seat #6 is the button
Seat 1: tiolucius ($2.38 in chips) 
Seat 2: Dorex2007 ($3.16 in chips) 
Seat 3: 92caiosouza ($3.85 in chips) 
Seat 4: evanw123 ($0.77 in chips) 
Seat 5: danham77 ($2.07 in chips) 
Seat 6: POLLO ISRA75 ($1.89 in chips) 
Seat 7: Oax1 ($1.59 in chips) 
Seat 8: SMUTJAN72 ($1.16 in chips) 
Seat 9: SoomerNoc ($2.93 in chips) 
Oax1: posts small blind $0.01
SMUTJAN72: posts big blind $0.02
*** HOLE CARDS ***
Dealt to Dorex2007 [8s 2c]
SoomerNoc: folds 
tiolucius: folds 
Dorex2007: folds 
92caiosouza: folds 
evanw123: folds 
danham77: raises $0.03 to $0.05
POLLO ISRA75: calls $0.05
Oax1: folds 
SMUTJAN72: folds 
*** FLOP *** [9h 4c Ad]
danham77: checks 
POLLO ISRA75: bets $0.07
danham77: folds 
Uncalled bet ($0.07) returned to POLLO ISRA75
POLLO ISRA75 collected $0.13 from pot
POLLO ISRA75: doesn't show hand 
*** SUMMARY ***
Total pot $0.13 | Rake $0 
Board [9h 4c Ad]
Seat 1: tiolucius folded before Flop (didn't bet)
Seat 2: Dorex2007 folded before Flop (didn't bet)
Seat 3: 92caiosouza folded before Flop (didn't bet)
Seat 4: evanw123 folded before Flop (didn't bet)
Seat 5: danham77 folded on the Flop
Seat 6: POLLO ISRA75 (button) collected ($0.13)
Seat 7: Oax1 (small blind) folded before Flop
Seat 8: SMUTJAN72 (big blind) folded before Flop
Seat 9: SoomerNoc folded before Flop (didn't bet)



PokerStars Hand #225060738997:  Hold'em No Limit ($0.01/$0.02 USD) - 2021/03/21 17:01:43 PT [2021/03/21 20:01:43 ET]
Table 'Rhea V' 9-max Seat #7 is the button
Seat 1: tiolucius ($2.38 in chips) 
Seat 2: Dorex2007 ($3.16 in chips) 
Seat 3: 92caiosouza ($3.85 in chips) 
Seat 4: evanw123 ($0.77 in chips) 
Seat 5: danham77 ($2.02 in chips) 
Seat 6: POLLO ISRA75 ($1.97 in chips) 
Seat 7: Oax1 ($1.58 in chips) 
Seat 8: SMUTJAN72 ($1.14 in chips) 
Seat 9: SoomerNoc ($2.93 in chips) 
SMUTJAN72: posts small blind $0.01
SoomerNoc: posts big blind $0.02
*** HOLE CARDS ***
Dealt to Dorex2007 [7c 4c]
tiolucius: folds 
Dorex2007: folds 
92caiosouza: calls $0.02
evanw123: folds 
danham77: folds 
POLLO ISRA75: calls $0.02
Oax1: folds 
SMUTJAN72: folds 
SoomerNoc: checks 
*** FLOP *** [5s Qd 7d]
SoomerNoc: checks 
92caiosouza: checks 
POLLO ISRA75: checks 
*** TURN *** [5s Qd 7d] [3h]
SoomerNoc: bets $0.06
92caiosouza: folds 
POLLO ISRA75: folds 
Uncalled bet ($0.06) returned to SoomerNoc
SoomerNoc collected $0.07 from pot
SoomerNoc: doesn't show hand 
*** SUMMARY ***
Total pot $0.07 | Rake $0 
Board [5s Qd 7d 3h]
Seat 1: tiolucius folded before Flop (didn't bet)
Seat 2: Dorex2007 folded before Flop (didn't bet)
Seat 3: 92caiosouza folded on the Turn
Seat 4: evanw123 folded before Flop (didn't bet)
Seat 5: danham77 folded before Flop (didn't bet)
Seat 6: POLLO ISRA75 folded on the Turn
Seat 7: Oax1 (button) folded before Flop (didn't bet)
Seat 8: SMUTJAN72 (small blind) folded before Flop
Seat 9: SoomerNoc (big blind) collected ($0.07)



PokerStars Hand #225060759902:  Hold'em No Limit ($0.01/$0.02 USD) - 2021/03/21 17:02:33 PT [2021/03/21 20:02:33 ET]
Table 'Rhea V' 9-max Seat #8 is the button
Seat 1: tiolucius ($2.38 in chips) 
Seat 2: Dorex2007 ($3.16 in chips) 
Seat 3: 92caiosouza ($3.83 in chips) 
Seat 4: evanw123 ($0.77 in chips) 
Seat 5: danham77 ($2.02 in chips) 
Seat 6: POLLO ISRA75 ($1.95 in chips) 
Seat 7: Oax1 ($1.58 in chips) 
Seat 8: SMUTJAN72 ($1.13 in chips) 
Seat 9: SoomerNoc ($2.98 in chips) 
SoomerNoc: posts small blind $0.01
tiolucius: posts big blind $0.02
*** HOLE CARDS ***
Dealt to Dorex2007 [4c Kc]
Dorex2007: folds 
92caiosouza: calls $0.02
evanw123: calls $0.02
danham77: folds 
POLLO ISRA75: calls $0.02
Oax1: calls $0.02
SMUTJAN72: folds 
SoomerNoc: calls $0.01
tiolucius: checks 
*** FLOP *** [Tc 3c 3d]
SoomerNoc: checks 
tiolucius: checks 
92caiosouza: bets $0.04
evanw123: folds 
POLLO ISRA75: calls $0.04
Oax1: folds 
SoomerNoc: folds 
tiolucius: folds 
*** TURN *** [Tc 3c 3d] [8d]
92caiosouza: bets $0.06
POLLO ISRA75: calls $0.06
*** RIVER *** [Tc 3c 3d 8d] [As]
92caiosouza: bets $0.15
POLLO ISRA75: calls $0.15
*** SHOW DOWN ***
92caiosouza: shows [Qd 3s] (three of a kind, Threes)
POLLO ISRA75: mucks hand 
92caiosouza collected $0.60 from pot
*** SUMMARY ***
Total pot $0.62 | Rake $0.02 
Board [Tc 3c 3d 8d As]
Seat 1: tiolucius (big blind) folded on the Flop
Seat 2: Dorex2007 folded before Flop (didn't bet)
Seat 3: 92caiosouza showed [Qd 3s] and won ($0.60) with three of a kind, Threes
Seat 4: evanw123 folded on the Flop
Seat 5: danham77 folded before Flop (didn't bet)
Seat 6: POLLO ISRA75 mucked [2c Ac]
Seat 7: Oax1 folded on the Flop
Seat 8: SMUTJAN72 (button) folded before Flop (didn't bet)
Seat 9: SoomerNoc (small blind) folded on the Flop



PokerStars Hand #225060793397:  Hold'em No Limit ($0.01/$0.02 USD) - 2021/03/21 17:03:53 PT [2021/03/21 20:03:53 ET]
Table 'Rhea V' 9-max Seat #9 is the button
Seat 1: tiolucius ($2.36 in chips) 
Seat 2: Dorex2007 ($3.16 in chips) 
Seat 3: 92caiosouza ($4.16 in chips) 
Seat 4: evanw123 ($0.75 in chips) 
Seat 5: danham77 ($2.02 in chips) 
Seat 6: POLLO ISRA75 ($1.68 in chips) 
Seat 7: Oax1 ($1.56 in chips) 
Seat 8: SMUTJAN72 ($1.13 in chips) 
Seat 9: SoomerNoc ($2.96 in chips) 
tiolucius: posts small blind $0.01
Dorex2007: posts big blind $0.02
*** HOLE CARDS ***
Dealt to Dorex2007 [5d Th]
92caiosouza: calls $0.02
evanw123: folds 
danham77: folds 
POLLO ISRA75: calls $0.02
Oax1: calls $0.02
SMUTJAN72: folds 
SoomerNoc: folds 
tiolucius: calls $0.01
Dorex2007: checks 
*** FLOP *** [3c 7c 9d]
tiolucius: checks 
Dorex2007: checks 
92caiosouza: checks 
POLLO ISRA75: checks 
Oax1: checks 
*** TURN *** [3c 7c 9d] [Tc]
tiolucius: checks 
Dorex2007: checks 
92caiosouza: checks 
POLLO ISRA75: bets $0.05
Oax1: calls $0.05
tiolucius: folds 
Dorex2007: calls $0.05
92caiosouza: calls $0.05
*** RIVER *** [3c 7c 9d Tc] [Ad]
Dorex2007: checks 
92caiosouza: checks 
POLLO ISRA75: checks 
Oax1: checks 
*** SHOW DOWN ***
Dorex2007: shows [5d Th] (a pair of Tens)
92caiosouza: mucks hand 
POLLO ISRA75: shows [7s 9s] (two pair, Nines and Sevens)
Oax1: mucks hand 
POLLO ISRA75 collected $0.29 from pot
*** SUMMARY ***
Total pot $0.30 | Rake $0.01 
Board [3c 7c 9d Tc Ad]
Seat 1: tiolucius (small blind) folded on the Turn
Seat 2: Dorex2007 (big blind) showed [5d Th] and lost with a pair of Tens
Seat 3: 92caiosouza mucked [Qh Ks]
Seat 4: evanw123 folded before Flop (didn't bet)
Seat 5: danham77 folded before Flop (didn't bet)
Seat 6: POLLO ISRA75 showed [7s 9s] and won ($0.29) with two pair, Nines and Sevens
Seat 7: Oax1 mucked [Jc Kh]
Seat 8: SMUTJAN72 folded before Flop (didn't bet)
Seat 9: SoomerNoc (button) folded before Flop (didn't bet)



PokerStars Hand #225060843248:  Hold'em No Limit ($0.01/$0.02 USD) - 2021/03/21 17:05:37 PT [2021/03/21 20:05:37 ET]
Table 'Rhea V' 9-max Seat #1 is the button
Seat 1: tiolucius ($2.34 in chips) 
Seat 2: Dorex2007 ($3.09 in chips) 
Seat 3: 92caiosouza ($4.09 in chips) 
Seat 4: evanw123 ($0.75 in chips) 
Seat 5: danham77 ($2.02 in chips) 
Seat 6: POLLO ISRA75 ($1.90 in chips) 
Seat 7: Oax1 ($1.49 in chips) 
Seat 8: SMUTJAN72 ($1.13 in chips) 
Seat 9: SoomerNoc ($2.96 in chips) 
Dorex2007: posts small blind $0.01
92caiosouza: posts big blind $0.02
*** HOLE CARDS ***
Dealt to Dorex2007 [9c 3h]
evanw123: folds 
danham77: folds 
POLLO ISRA75: folds 
Oax1: folds 
SMUTJAN72: folds 
SoomerNoc: folds 
tiolucius: raises $0.02 to $0.04
Dorex2007: folds 
92caiosouza: calls $0.02
*** FLOP *** [Jc 2s Kd]
92caiosouza: checks 
tiolucius: checks 
*** TURN *** [Jc 2s Kd] [8d]
92caiosouza: checks 
tiolucius: bets $0.05
92caiosouza: folds 
Uncalled bet ($0.05) returned to tiolucius
tiolucius collected $0.09 from pot
tiolucius: doesn't show hand 
*** SUMMARY ***
Total pot $0.09 | Rake $0 
Board [Jc 2s Kd 8d]
Seat 1: tiolucius (button) collected ($0.09)
Seat 2: Dorex2007 (small blind) folded before Flop
Seat 3: 92caiosouza (big blind) folded on the Turn
Seat 4: evanw123 folded before Flop (didn't bet)
Seat 5: danham77 folded before Flop (didn't bet)
Seat 6: POLLO ISRA75 folded before Flop (didn't bet)
Seat 7: Oax1 folded before Flop (didn't bet)
Seat 8: SMUTJAN72 folded before Flop (didn't bet)
Seat 9: SoomerNoc folded before Flop (didn't bet)



PokerStars Hand #225060862659:  Hold'em No Limit ($0.01/$0.02 USD) - 2021/03/21 17:06:12 PT [2021/03/21 20:06:12 ET]
Table 'Rhea V' 9-max Seat #2 is the button
Seat 1: tiolucius ($2.39 in chips) 
Seat 2: Dorex2007 ($3.08 in chips) 
Seat 3: 92caiosouza ($4.05 in chips) 
Seat 4: evanw123 ($0.75 in chips) 
Seat 5: danham77 ($2.02 in chips) 
Seat 6: POLLO ISRA75 ($1.90 in chips) 
Seat 7: Oax1 ($1.49 in chips) 
Seat 8: SMUTJAN72 ($1.13 in chips) 
Seat 9: SoomerNoc ($2.96 in chips) 
92caiosouza: posts small blind $0.01
evanw123: posts big blind $0.02
*** HOLE CARDS ***
Dealt to Dorex2007 [3s 2h]
danham77: folds 
POLLO ISRA75: folds 
Oax1: calls $0.02
SMUTJAN72: calls $0.02
SoomerNoc: folds 
tiolucius: folds 
Dorex2007: folds 
92caiosouza: calls $0.01
evanw123: checks 
*** FLOP *** [2c Qs 4d]
92caiosouza: checks 
evanw123: bets $0.04
Oax1: folds 
SMUTJAN72: folds 
92caiosouza: folds 
Uncalled bet ($0.04) returned to evanw123
evanw123 collected $0.08 from pot
evanw123: doesn't show hand 
*** SUMMARY ***
Total pot $0.08 | Rake $0 
Board [2c Qs 4d]
Seat 1: tiolucius folded before Flop (didn't bet)
Seat 2: Dorex2007 (button) folded before Flop (didn't bet)
Seat 3: 92caiosouza (small blind) folded on the Flop
Seat 4: evanw123 (big blind) collected ($0.08)
Seat 5: danham77 folded before Flop (didn't bet)
Seat 6: POLLO ISRA75 folded before Flop (didn't bet)
Seat 7: Oax1 folded on the Flop
Seat 8: SMUTJAN72 folded on the Flop
Seat 9: SoomerNoc folded before Flop (didn't bet)



PokerStars Hand #225060886842:  Hold'em No Limit ($0.01/$0.02 USD) - 2021/03/21 17:07:02 PT [2021/03/21 20:07:02 ET]
Table 'Rhea V' 9-max Seat #3 is the button
Seat 1: tiolucius ($2.39 in chips) 
Seat 2: Dorex2007 ($3.08 in chips) 
Seat 3: 92caiosouza ($4.03 in chips) 
Seat 4: evanw123 ($0.81 in chips) 
Seat 5: danham77 ($2.02 in chips) 
Seat 6: POLLO ISRA75 ($1.90 in chips) 
Seat 7: Oax1 ($1.47 in chips) 
Seat 8: SMUTJAN72 ($1.11 in chips) 
Seat 9: SoomerNoc ($2.96 in chips) 
evanw123: posts small blind $0.01
danham77: posts big blind $0.02
*** HOLE CARDS ***
Dealt to Dorex2007 [3d Jd]
POLLO ISRA75: folds 
Oax1: folds 
SMUTJAN72: folds 
SoomerNoc: raises $0.10 to $0.12
tiolucius: folds 
Dorex2007: folds 
92caiosouza: calls $0.12
evanw123: folds 
danham77: folds 
*** FLOP *** [Qd 6s 9d]
SoomerNoc: checks 
92caiosouza: checks 
*** TURN *** [Qd 6s 9d] [Kc]
SoomerNoc: bets $0.12
92caiosouza: calls $0.12
*** RIVER *** [Qd 6s 9d Kc] [9s]
SoomerNoc: bets $0.15
92caiosouza: calls $0.15
*** SHOW DOWN ***
SoomerNoc: shows [Qh Ah] (two pair, Queens and Nines)
92caiosouza: shows [Td Kh] (two pair, Kings and Nines)
92caiosouza collected $0.78 from pot
*** SUMMARY ***
Total pot $0.81 | Rake $0.03 
Board [Qd 6s 9d Kc 9s]
Seat 1: tiolucius folded before Flop (didn't bet)
Seat 2: Dorex2007 folded before Flop (didn't bet)
Seat 3: 92caiosouza (button) showed [Td Kh] and won ($0.78) with two pair, Kings and Nines
Seat 4: evanw123 (small blind) folded before Flop
Seat 5: danham77 (big blind) folded before Flop
Seat 6: POLLO ISRA75 folded before Flop (didn't bet)
Seat 7: Oax1 folded before Flop (didn't bet)
Seat 8: SMUTJAN72 folded before Flop (didn't bet)
Seat 9: SoomerNoc showed [Qh Ah] and lost with two pair, Queens and Nines



PokerStars Hand #225060914884:  Hold'em No Limit ($0.01/$0.02 USD) - 2021/03/21 17:08:10 PT [2021/03/21 20:08:10 ET]
Table 'Rhea V' 9-max Seat #4 is the button
Seat 1: tiolucius ($2.39 in chips) 
Seat 2: Dorex2007 ($3.08 in chips) 
Seat 3: 92caiosouza ($4.42 in chips) 
Seat 4: evanw123 ($0.80 in chips) 
Seat 5: danham77 ($2 in chips) 
Seat 6: POLLO ISRA75 ($1.90 in chips) 
Seat 7: Oax1 ($1.47 in chips) 
Seat 8: SMUTJAN72 ($1.11 in chips) 
Seat 9: SoomerNoc ($2.57 in chips) 
danham77: posts small blind $0.01
POLLO ISRA75: posts big blind $0.02
*** HOLE CARDS ***
Dealt to Dorex2007 [Qh Ah]
Oax1: calls $0.02
SMUTJAN72: folds 
SoomerNoc has timed out
SoomerNoc: folds 
tiolucius: folds 
Dorex2007: raises $0.04 to $0.06
92caiosouza: folds 
evanw123: folds 
danham77: calls $0.05
POLLO ISRA75: folds 
Oax1: calls $0.04
*** FLOP *** [8d 7c Ks]
danham77: checks 
Oax1: checks 
Dorex2007: checks 
*** TURN *** [8d 7c Ks] [Jh]
danham77: checks 
Oax1: checks 
Dorex2007: bets $0.10
danham77: folds 
Oax1: calls $0.10
*** RIVER *** [8d 7c Ks Jh] [5c]
Oax1: checks 
Dorex2007: bets $0.20
Oax1: folds 
Uncalled bet ($0.20) returned to Dorex2007
Dorex2007 collected $0.39 from pot
Dorex2007: doesn't show hand 
*** SUMMARY ***
Total pot $0.40 | Rake $0.01 
Board [8d 7c Ks Jh 5c]
Seat 1: tiolucius folded before Flop (didn't bet)
Seat 2: Dorex2007 collected ($0.39)
Seat 3: 92caiosouza folded before Flop (didn't bet)
Seat 4: evanw123 (button) folded before Flop (didn't bet)
Seat 5: danham77 (small blind) folded on the Turn
Seat 6: POLLO ISRA75 (big blind) folded before Flop
Seat 7: Oax1 folded on the River
Seat 8: SMUTJAN72 folded before Flop (didn't bet)
Seat 9: SoomerNoc folded before Flop (didn't bet)



