PokerStars Hand #236950525706:  Hold'em No Limit ($0.01/$0.02 USD) - 2022/06/23 22:06:21 PT [2022/06/24 1:06:21 ET]
Table 'Zwetana' 9-max Seat #9 is the button
Seat 1: PeeStiffy ($1.74 in chips) 
Seat 2: rafaelcosta171 ($3.13 in chips) 
Seat 4: Kerpesamana ($0.62 in chips) 
Seat 5: Ricardo7714 ($2.03 in chips) 
Seat 6: GodLevel2019 ($3.19 in chips) 
Seat 7: JvBleys ($2.38 in chips) 
Seat 8: Dorex2007 ($2 in chips) 
Seat 9: riverfox888 ($1.50 in chips) 
PeeStiffy: posts small blind $0.01
rafaelcosta171: posts big blind $0.02
PhatPanda420: sits out 
Dorex2007: posts big blind $0.02
*** HOLE CARDS ***
Dealt to Dorex2007 [8s 2h]
Kerpesamana: raises $0.04 to $0.06
Ricardo7714: calls $0.06
GodLevel2019: calls $0.06
JvBleys: folds 
Dorex2007: folds 
riverfox888: folds 
PeeStiffy: folds 
rafaelcosta171: folds 
*** FLOP *** [9s 5s 9d]
Kerpesamana: checks 
Ricardo7714: bets $0.11
GodLevel2019: calls $0.11
Kerpesamana: folds 
*** TURN *** [9s 5s 9d] [2c]
Ricardo7714: checks 
GodLevel2019: bets $0.18
Ricardo7714: calls $0.18
*** RIVER *** [9s 5s 9d 2c] [9c]
Ricardo7714: bets $0.39
GodLevel2019: raises $0.39 to $0.78
Ricardo7714: calls $0.39
*** SHOW DOWN ***
GodLevel2019: shows [9h Th] (four of a kind, Nines)
Ricardo7714: mucks hand 
GodLevel2019 collected $2.29 from pot
*** SUMMARY ***
Total pot $2.37 | Rake $0.08 
Board [9s 5s 9d 2c 9c]
Seat 1: PeeStiffy (small blind) folded before Flop
Seat 2: rafaelcosta171 (big blind) folded before Flop
Seat 4: Kerpesamana folded on the Flop
Seat 5: Ricardo7714 mucked [5c As]
Seat 6: GodLevel2019 showed [9h Th] and won ($2.29) with four of a kind, Nines
Seat 7: JvBleys folded before Flop (didn't bet)
Seat 8: Dorex2007 folded before Flop (didn't bet)
Seat 9: riverfox888 (button) folded before Flop (didn't bet)



PokerStars Hand #236950540778:  Hold'em No Limit ($0.01/$0.02 USD) - 2022/06/23 22:07:51 PT [2022/06/24 1:07:51 ET]
Table 'Zwetana' 9-max Seat #1 is the button
Seat 1: PeeStiffy ($1.73 in chips) 
Seat 2: rafaelcosta171 ($3.11 in chips) 
Seat 3: PhatPanda420 ($2 in chips) 
Seat 4: Kerpesamana ($0.56 in chips) 
Seat 5: Ricardo7714 ($0.90 in chips) 
Seat 6: GodLevel2019 ($4.35 in chips) 
Seat 7: JvBleys ($2.38 in chips) 
Seat 8: Dorex2007 ($2 in chips) 
Seat 9: riverfox888 ($1.50 in chips) 
rafaelcosta171: posts small blind $0.01
PhatPanda420: posts big blind $0.02
*** HOLE CARDS ***
Dealt to Dorex2007 [Jd 8c]
Kerpesamana: folds 
Ricardo7714: calls $0.02
GodLevel2019: folds 
JvBleys: folds 
Dorex2007: folds 
riverfox888: folds 
PeeStiffy: folds 
rafaelcosta171: calls $0.01
PhatPanda420: checks 
*** FLOP *** [2h 6d 8s]
rafaelcosta171: checks 
PhatPanda420: checks 
Ricardo7714: bets $0.04
rafaelcosta171: folds 
PhatPanda420: folds 
Uncalled bet ($0.04) returned to Ricardo7714
Ricardo7714 collected $0.06 from pot
*** SUMMARY ***
Total pot $0.06 | Rake $0 
Board [2h 6d 8s]
Seat 1: PeeStiffy (button) folded before Flop (didn't bet)
Seat 2: rafaelcosta171 (small blind) folded on the Flop
Seat 3: PhatPanda420 (big blind) folded on the Flop
Seat 4: Kerpesamana folded before Flop (didn't bet)
Seat 5: Ricardo7714 collected ($0.06)
Seat 6: GodLevel2019 folded before Flop (didn't bet)
Seat 7: JvBleys folded before Flop (didn't bet)
Seat 8: Dorex2007 folded before Flop (didn't bet)
Seat 9: riverfox888 folded before Flop (didn't bet)



PokerStars Hand #236950544232:  Hold'em No Limit ($0.01/$0.02 USD) - 2022/06/23 22:08:20 PT [2022/06/24 1:08:20 ET]
Table 'Zwetana' 9-max Seat #2 is the button
Seat 1: PeeStiffy ($1.73 in chips) 
Seat 2: rafaelcosta171 ($3.09 in chips) 
Seat 3: PhatPanda420 ($1.98 in chips) 
Seat 4: Kerpesamana ($0.56 in chips) 
Seat 5: Ricardo7714 ($0.94 in chips) 
Seat 6: GodLevel2019 ($4.35 in chips) 
Seat 7: JvBleys ($2.38 in chips) 
Seat 8: Dorex2007 ($2 in chips) 
Seat 9: riverfox888 ($1.50 in chips) 
PhatPanda420: posts small blind $0.01
Kerpesamana: posts big blind $0.02
*** HOLE CARDS ***
Dealt to Dorex2007 [Qs Th]
Ricardo7714: raises $0.02 to $0.04
GodLevel2019: folds 
JvBleys: folds 
Dorex2007: folds 
riverfox888: folds 
PeeStiffy: folds 
rafaelcosta171: folds 
PhatPanda420: folds 
Kerpesamana: raises $0.52 to $0.56 and is all-in
Ricardo7714: folds 
Uncalled bet ($0.52) returned to Kerpesamana
Kerpesamana collected $0.09 from pot
*** SUMMARY ***
Total pot $0.09 | Rake $0 
Seat 1: PeeStiffy folded before Flop (didn't bet)
Seat 2: rafaelcosta171 (button) folded before Flop (didn't bet)
Seat 3: PhatPanda420 (small blind) folded before Flop
Seat 4: Kerpesamana (big blind) collected ($0.09)
Seat 5: Ricardo7714 folded before Flop
Seat 6: GodLevel2019 folded before Flop (didn't bet)
Seat 7: JvBleys folded before Flop (didn't bet)
Seat 8: Dorex2007 folded before Flop (didn't bet)
Seat 9: riverfox888 folded before Flop (didn't bet)



PokerStars Hand #236950548011:  Hold'em No Limit ($0.01/$0.02 USD) - 2022/06/23 22:08:52 PT [2022/06/24 1:08:52 ET]
Table 'Zwetana' 9-max Seat #3 is the button
Seat 1: PeeStiffy ($1.73 in chips) 
Seat 2: rafaelcosta171 ($3.09 in chips) 
Seat 3: PhatPanda420 ($1.97 in chips) 
Seat 4: Kerpesamana ($0.61 in chips) 
Seat 5: Ricardo7714 ($0.90 in chips) 
Seat 6: GodLevel2019 ($4.35 in chips) 
Seat 7: JvBleys ($2.38 in chips) 
Seat 8: Dorex2007 ($2 in chips) 
Seat 9: riverfox888 ($1.50 in chips) 
Kerpesamana: posts small blind $0.01
Ricardo7714: posts big blind $0.02
*** HOLE CARDS ***
Dealt to Dorex2007 [Th 7s]
GodLevel2019: calls $0.02
JvBleys: folds 
Dorex2007: folds 
riverfox888: folds 
PeeStiffy: raises $0.06 to $0.08
rafaelcosta171: folds 
PhatPanda420: folds 
Kerpesamana: folds 
Ricardo7714: calls $0.06
GodLevel2019: calls $0.06
*** FLOP *** [Ah 9h Kc]
Ricardo7714: checks 
GodLevel2019: checks 
PeeStiffy: bets $0.12
Ricardo7714: calls $0.12
GodLevel2019: folds 
*** TURN *** [Ah 9h Kc] [7d]
Ricardo7714: checks 
PeeStiffy: bets $0.24
Ricardo7714: calls $0.24
*** RIVER *** [Ah 9h Kc 7d] [6s]
Ricardo7714: checks 
PeeStiffy: checks 
*** SHOW DOWN ***
Ricardo7714: shows [6h 8h] (a pair of Sixes)
PeeStiffy: shows [Jh Ac] (a pair of Aces)
PeeStiffy collected $0.94 from pot
*** SUMMARY ***
Total pot $0.97 | Rake $0.03 
Board [Ah 9h Kc 7d 6s]
Seat 1: PeeStiffy showed [Jh Ac] and won ($0.94) with a pair of Aces
Seat 2: rafaelcosta171 folded before Flop (didn't bet)
Seat 3: PhatPanda420 (button) folded before Flop (didn't bet)
Seat 4: Kerpesamana (small blind) folded before Flop
Seat 5: Ricardo7714 (big blind) showed [6h 8h] and lost with a pair of Sixes
Seat 6: GodLevel2019 folded on the Flop
Seat 7: JvBleys folded before Flop (didn't bet)
Seat 8: Dorex2007 folded before Flop (didn't bet)
Seat 9: riverfox888 folded before Flop (didn't bet)



PokerStars Hand #236950555008:  Hold'em No Limit ($0.01/$0.02 USD) - 2022/06/23 22:09:51 PT [2022/06/24 1:09:51 ET]
Table 'Zwetana' 9-max Seat #4 is the button
Seat 1: PeeStiffy ($2.23 in chips) 
Seat 2: rafaelcosta171 ($3.09 in chips) 
Seat 3: PhatPanda420 ($1.97 in chips) 
Seat 4: Kerpesamana ($0.60 in chips) 
Seat 5: Ricardo7714 ($0.46 in chips) 
Seat 6: GodLevel2019 ($4.27 in chips) 
Seat 7: JvBleys ($2.38 in chips) 
Seat 8: Dorex2007 ($2 in chips) 
Seat 9: riverfox888 ($1.50 in chips) 
Ricardo7714: posts small blind $0.01
GodLevel2019: posts big blind $0.02
*** HOLE CARDS ***
Dealt to Dorex2007 [Td 6s]
JvBleys: folds 
Dorex2007: folds 
riverfox888: folds 
PeeStiffy: folds 
rafaelcosta171: raises $0.04 to $0.06
PhatPanda420: raises $0.15 to $0.21
JvBleys leaves the table
Kerpesamana: folds 
Ricardo7714: folds 
GodLevel2019: folds 
rafaelcosta171: calls $0.15
*** FLOP *** [2d Ks Ts]
rafaelcosta171: checks 
PhatPanda420: bets $0.11
rafaelcosta171: folds 
Uncalled bet ($0.11) returned to PhatPanda420
PhatPanda420 collected $0.43 from pot
*** SUMMARY ***
Total pot $0.45 | Rake $0.02 
Board [2d Ks Ts]
Seat 1: PeeStiffy folded before Flop (didn't bet)
Seat 2: rafaelcosta171 folded on the Flop
Seat 3: PhatPanda420 collected ($0.43)
Seat 4: Kerpesamana (button) folded before Flop (didn't bet)
Seat 5: Ricardo7714 (small blind) folded before Flop
Seat 6: GodLevel2019 (big blind) folded before Flop
Seat 7: JvBleys folded before Flop (didn't bet)
Seat 8: Dorex2007 folded before Flop (didn't bet)
Seat 9: riverfox888 folded before Flop (didn't bet)



PokerStars Hand #236950559060:  Hold'em No Limit ($0.01/$0.02 USD) - 2022/06/23 22:10:24 PT [2022/06/24 1:10:24 ET]
Table 'Zwetana' 9-max Seat #5 is the button
Seat 1: PeeStiffy ($2.23 in chips) 
Seat 2: rafaelcosta171 ($2.88 in chips) 
Seat 3: PhatPanda420 ($2.19 in chips) 
Seat 4: Kerpesamana ($0.60 in chips) 
Seat 5: Ricardo7714 ($0.45 in chips) 
Seat 6: GodLevel2019 ($4.25 in chips) 
Seat 8: Dorex2007 ($2 in chips) 
Seat 9: riverfox888 ($1.50 in chips) 
GodLevel2019: posts small blind $0.01
Dorex2007: posts big blind $0.02
*** HOLE CARDS ***
Dealt to Dorex2007 [9c 4h]
riverfox888: folds 
PeeStiffy: raises $0.03 to $0.05
rafaelcosta171: folds 
PhatPanda420: folds 
Kerpesamana: raises $0.25 to $0.30
Ricardo7714: folds 
GodLevel2019: folds 
Dorex2007: folds 
PeeStiffy: folds 
Uncalled bet ($0.25) returned to Kerpesamana
Kerpesamana collected $0.13 from pot
*** SUMMARY ***
Total pot $0.13 | Rake $0 
Seat 1: PeeStiffy folded before Flop
Seat 2: rafaelcosta171 folded before Flop (didn't bet)
Seat 3: PhatPanda420 folded before Flop (didn't bet)
Seat 4: Kerpesamana collected ($0.13)
Seat 5: Ricardo7714 (button) folded before Flop (didn't bet)
Seat 6: GodLevel2019 (small blind) folded before Flop
Seat 8: Dorex2007 (big blind) folded before Flop
Seat 9: riverfox888 folded before Flop (didn't bet)



PokerStars Hand #236950562954:  Hold'em No Limit ($0.01/$0.02 USD) - 2022/06/23 22:10:57 PT [2022/06/24 1:10:57 ET]
Table 'Zwetana' 9-max Seat #6 is the button
Seat 1: PeeStiffy ($2.18 in chips) 
Seat 2: rafaelcosta171 ($2.88 in chips) 
Seat 3: PhatPanda420 ($2.19 in chips) 
Seat 4: Kerpesamana ($0.68 in chips) 
Seat 5: Ricardo7714 ($0.45 in chips) 
Seat 6: GodLevel2019 ($4.24 in chips) 
Seat 8: Dorex2007 ($2 in chips) 
Seat 9: riverfox888 ($1.50 in chips) 
Dorex2007: posts small blind $0.01
riverfox888: posts big blind $0.02
*** HOLE CARDS ***
Dealt to Dorex2007 [As 4c]
PeeStiffy: folds 
rafaelcosta171: folds 
PhatPanda420: folds 
Kerpesamana: folds 
Ricardo7714: calls $0.02
GodLevel2019: calls $0.02
Dorex2007: calls $0.01
riverfox888: checks 
*** FLOP *** [Th 2h 6h]
Dorex2007: checks 
riverfox888: bets $0.04
Ricardo7714: calls $0.04
GodLevel2019: folds 
Dorex2007: folds 
*** TURN *** [Th 2h 6h] [5h]
riverfox888: bets $0.02
Ricardo7714: calls $0.02
*** RIVER *** [Th 2h 6h 5h] [5d]
riverfox888: bets $0.04
Ricardo7714: raises $0.16 to $0.20
riverfox888: folds 
Uncalled bet ($0.16) returned to Ricardo7714
Ricardo7714 collected $0.27 from pot
*** SUMMARY ***
Total pot $0.28 | Rake $0.01 
Board [Th 2h 6h 5h 5d]
Seat 1: PeeStiffy folded before Flop (didn't bet)
Seat 2: rafaelcosta171 folded before Flop (didn't bet)
Seat 3: PhatPanda420 folded before Flop (didn't bet)
Seat 4: Kerpesamana folded before Flop (didn't bet)
Seat 5: Ricardo7714 collected ($0.27)
Seat 6: GodLevel2019 (button) folded on the Flop
Seat 8: Dorex2007 (small blind) folded on the Flop
Seat 9: riverfox888 (big blind) folded on the River



PokerStars Hand #236950570717:  Hold'em No Limit ($0.01/$0.02 USD) - 2022/06/23 22:12:03 PT [2022/06/24 1:12:03 ET]
Table 'Zwetana' 9-max Seat #8 is the button
Seat 1: PeeStiffy ($2.18 in chips) 
Seat 2: rafaelcosta171 ($2.88 in chips) 
Seat 3: PhatPanda420 ($2.19 in chips) 
Seat 4: Kerpesamana ($0.68 in chips) 
Seat 5: Ricardo7714 ($0.60 in chips) 
Seat 6: GodLevel2019 ($4.22 in chips) 
Seat 8: Dorex2007 ($2 in chips) 
Seat 9: riverfox888 ($1.38 in chips) 
riverfox888: posts small blind $0.01
PeeStiffy: posts big blind $0.02
*** HOLE CARDS ***
Dealt to Dorex2007 [Jh Jc]
rafaelcosta171: folds 
PhatPanda420: folds 
Kerpesamana: folds 
Ricardo7714: calls $0.02
GodLevel2019: folds 
Daen667 joins the table at seat #7 
Dorex2007: raises $0.08 to $0.10
riverfox888: folds 
PeeStiffy: folds 
Ricardo7714: calls $0.08
*** FLOP *** [Ts 2c 5s]
Ricardo7714: checks 
Dorex2007: bets $0.36
Ricardo7714: folds 
Uncalled bet ($0.36) returned to Dorex2007
Dorex2007 collected $0.22 from pot
*** SUMMARY ***
Total pot $0.23 | Rake $0.01 
Board [Ts 2c 5s]
Seat 1: PeeStiffy (big blind) folded before Flop
Seat 2: rafaelcosta171 folded before Flop (didn't bet)
Seat 3: PhatPanda420 folded before Flop (didn't bet)
Seat 4: Kerpesamana folded before Flop (didn't bet)
Seat 5: Ricardo7714 folded on the Flop
Seat 6: GodLevel2019 folded before Flop (didn't bet)
Seat 8: Dorex2007 (button) collected ($0.22)
Seat 9: riverfox888 (small blind) folded before Flop



PokerStars Hand #236950575149:  Hold'em No Limit ($0.01/$0.02 USD) - 2022/06/23 22:12:41 PT [2022/06/24 1:12:41 ET]
Table 'Zwetana' 9-max Seat #9 is the button
Seat 1: PeeStiffy ($2.16 in chips) 
Seat 2: rafaelcosta171 ($2.88 in chips) 
Seat 3: PhatPanda420 ($2.19 in chips) 
Seat 4: Kerpesamana ($0.68 in chips) 
Seat 5: Ricardo7714 ($0.50 in chips) 
Seat 6: GodLevel2019 ($4.22 in chips) 
Seat 8: Dorex2007 ($2.12 in chips) 
Seat 9: riverfox888 ($1.37 in chips) 
PeeStiffy: posts small blind $0.01
rafaelcosta171: posts big blind $0.02
Daen667: sits out 
*** HOLE CARDS ***
Dealt to Dorex2007 [Qh 9c]
PhatPanda420: folds 
Kerpesamana: folds 
Ricardo7714: calls $0.02
Daen667 leaves the table
GodLevel2019: folds 
Dorex2007: folds 
riverfox888: folds 
PeeStiffy: calls $0.01
rafaelcosta171: checks 
*** FLOP *** [7s 7d Jd]
Daen667 joins the table at seat #7 
PeeStiffy: checks 
rafaelcosta171: bets $0.06
Ricardo7714: folds 
Daen667 leaves the table
bojnice21 joins the table at seat #7 
PeeStiffy: folds 
Uncalled bet ($0.06) returned to rafaelcosta171
rafaelcosta171 collected $0.06 from pot
*** SUMMARY ***
Total pot $0.06 | Rake $0 
Board [7s 7d Jd]
Seat 1: PeeStiffy (small blind) folded on the Flop
Seat 2: rafaelcosta171 (big blind) collected ($0.06)
Seat 3: PhatPanda420 folded before Flop (didn't bet)
Seat 4: Kerpesamana folded before Flop (didn't bet)
Seat 5: Ricardo7714 folded on the Flop
Seat 6: GodLevel2019 folded before Flop (didn't bet)
Seat 8: Dorex2007 folded before Flop (didn't bet)
Seat 9: riverfox888 (button) folded before Flop (didn't bet)



PokerStars Hand #236950580771:  Hold'em No Limit ($0.01/$0.02 USD) - 2022/06/23 22:13:29 PT [2022/06/24 1:13:29 ET]
Table 'Zwetana' 9-max Seat #1 is the button
Seat 1: PeeStiffy ($2.14 in chips) 
Seat 2: rafaelcosta171 ($2.92 in chips) 
Seat 3: PhatPanda420 ($2.19 in chips) 
Seat 4: Kerpesamana ($0.68 in chips) 
Seat 5: Ricardo7714 ($0.48 in chips) 
Seat 6: GodLevel2019 ($4.22 in chips) 
Seat 7: bojnice21 ($2 in chips) 
Seat 8: Dorex2007 ($2.12 in chips) 
Seat 9: riverfox888 ($1.37 in chips) 
rafaelcosta171: posts small blind $0.01
PhatPanda420: posts big blind $0.02
bojnice21: posts big blind $0.02
*** HOLE CARDS ***
Dealt to Dorex2007 [Kh 8c]
Kerpesamana: folds 
Ricardo7714: raises $0.02 to $0.04
GodLevel2019: folds 
bojnice21: calls $0.02
Dorex2007: folds 
riverfox888: folds 
PeeStiffy: folds 
rafaelcosta171: calls $0.03
PhatPanda420: folds 
*** FLOP *** [3h 4c 8s]
rafaelcosta171: checks 
Ricardo7714: bets $0.07
bojnice21: raises $1.89 to $1.96 and is all-in
rafaelcosta171: folds 
Ricardo7714: folds 
Uncalled bet ($1.89) returned to bojnice21
bojnice21 collected $0.27 from pot
*** SUMMARY ***
Total pot $0.28 | Rake $0.01 
Board [3h 4c 8s]
Seat 1: PeeStiffy (button) folded before Flop (didn't bet)
Seat 2: rafaelcosta171 (small blind) folded on the Flop
Seat 3: PhatPanda420 (big blind) folded before Flop
Seat 4: Kerpesamana folded before Flop (didn't bet)
Seat 5: Ricardo7714 folded on the Flop
Seat 6: GodLevel2019 folded before Flop (didn't bet)
Seat 7: bojnice21 collected ($0.27)
Seat 8: Dorex2007 folded before Flop (didn't bet)
Seat 9: riverfox888 folded before Flop (didn't bet)



PokerStars Hand #236950591697:  Hold'em No Limit ($0.01/$0.02 USD) - 2022/06/23 22:14:29 PT [2022/06/24 1:14:29 ET]
Table 'Zwetana' 9-max Seat #2 is the button
Seat 1: PeeStiffy ($2.14 in chips) 
Seat 2: rafaelcosta171 ($2.88 in chips) 
Seat 3: PhatPanda420 ($2.17 in chips) 
Seat 4: Kerpesamana ($0.68 in chips) 
Seat 5: Ricardo7714 ($0.37 in chips) 
Seat 6: GodLevel2019 ($4.22 in chips) 
Seat 8: Dorex2007 ($2.12 in chips) 
Seat 9: riverfox888 ($1.37 in chips) 
PhatPanda420: posts small blind $0.01
Kerpesamana: posts big blind $0.02
*** HOLE CARDS ***
Dealt to Dorex2007 [2s Kc]
bojnice21 leaves the table
Ricardo7714: calls $0.02
GodLevel2019: folds 
Dorex2007: folds 
riverfox888: folds 
PeeStiffy: folds 
rafaelcosta171: calls $0.02
PhatPanda420: calls $0.01
Kerpesamana: checks 
*** FLOP *** [Jc Kd As]
PhatPanda420: checks 
Kerpesamana: checks 
Ricardo7714: checks 
rafaelcosta171: bets $0.10
PhatPanda420: folds 
Kerpesamana: folds 
Ricardo7714: calls $0.10
*** TURN *** [Jc Kd As] [3s]
Ricardo7714: checks 
rafaelcosta171: bets $0.10
Ricardo7714: folds 
Uncalled bet ($0.10) returned to rafaelcosta171
rafaelcosta171 collected $0.27 from pot
*** SUMMARY ***
Total pot $0.28 | Rake $0.01 
Board [Jc Kd As 3s]
Seat 1: PeeStiffy folded before Flop (didn't bet)
Seat 2: rafaelcosta171 (button) collected ($0.27)
Seat 3: PhatPanda420 (small blind) folded on the Flop
Seat 4: Kerpesamana (big blind) folded on the Flop
Seat 5: Ricardo7714 folded on the Turn
Seat 6: GodLevel2019 folded before Flop (didn't bet)
Seat 8: Dorex2007 folded before Flop (didn't bet)
Seat 9: riverfox888 folded before Flop (didn't bet)



PokerStars Hand #236950599398:  Hold'em No Limit ($0.01/$0.02 USD) - 2022/06/23 22:15:36 PT [2022/06/24 1:15:36 ET]
Table 'Zwetana' 9-max Seat #3 is the button
Seat 1: PeeStiffy ($2.14 in chips) 
Seat 2: rafaelcosta171 ($3.03 in chips) 
Seat 3: PhatPanda420 ($2.15 in chips) 
Seat 4: Kerpesamana ($0.66 in chips) 
Seat 5: Ricardo7714 ($0.25 in chips) 
Seat 6: GodLevel2019 ($4.22 in chips) 
Seat 8: Dorex2007 ($2.12 in chips) 
Seat 9: riverfox888 ($2 in chips) 
Kerpesamana: posts small blind $0.01
Ricardo7714: posts big blind $0.02
*** HOLE CARDS ***
Dealt to Dorex2007 [Jh 9d]
GodLevel2019: folds 
Dorex2007: folds 
riverfox888: folds 
PeeStiffy: folds 
rafaelcosta171: folds 
PhatPanda420: folds 
Kerpesamana: raises $0.02 to $0.04
Ricardo7714: raises $0.21 to $0.25 and is all-in
Kerpesamana: calls $0.21
*** FLOP *** [Td Qs 5c]
*** TURN *** [Td Qs 5c] [9s]
*** RIVER *** [Td Qs 5c 9s] [2h]
*** SHOW DOWN ***
Kerpesamana: shows [8c Kc] (high card King)
Ricardo7714: shows [Js As] (high card Ace)
Ricardo7714 collected $0.48 from pot
*** SUMMARY ***
Total pot $0.50 | Rake $0.02 
Board [Td Qs 5c 9s 2h]
Seat 1: PeeStiffy folded before Flop (didn't bet)
Seat 2: rafaelcosta171 folded before Flop (didn't bet)
Seat 3: PhatPanda420 (button) folded before Flop (didn't bet)
Seat 4: Kerpesamana (small blind) showed [8c Kc] and lost with high card King
Seat 5: Ricardo7714 (big blind) showed [Js As] and won ($0.48) with high card Ace
Seat 6: GodLevel2019 folded before Flop (didn't bet)
Seat 8: Dorex2007 folded before Flop (didn't bet)
Seat 9: riverfox888 folded before Flop (didn't bet)



PokerStars Hand #236950603030:  Hold'em No Limit ($0.01/$0.02 USD) - 2022/06/23 22:16:07 PT [2022/06/24 1:16:07 ET]
Table 'Zwetana' 9-max Seat #4 is the button
Seat 1: PeeStiffy ($2.14 in chips) 
Seat 2: rafaelcosta171 ($3.03 in chips) 
Seat 3: PhatPanda420 ($2.15 in chips) 
Seat 4: Kerpesamana ($0.41 in chips) 
Seat 5: Ricardo7714 ($0.48 in chips) 
Seat 6: GodLevel2019 ($4.22 in chips) 
Seat 8: Dorex2007 ($2.12 in chips) 
Seat 9: riverfox888 ($2 in chips) 
Ricardo7714: posts small blind $0.01
GodLevel2019: posts big blind $0.02
*** HOLE CARDS ***
Dealt to Dorex2007 [2s 8h]
Dorex2007: folds 
riverfox888: folds 
PeeStiffy: folds 
rafaelcosta171: raises $0.08 to $0.10
PhatPanda420: folds 
Kerpesamana: folds 
Ricardo7714: folds 
GodLevel2019: folds 
Uncalled bet ($0.08) returned to rafaelcosta171
rafaelcosta171 collected $0.05 from pot
*** SUMMARY ***
Total pot $0.05 | Rake $0 
Seat 1: PeeStiffy folded before Flop (didn't bet)
Seat 2: rafaelcosta171 collected ($0.05)
Seat 3: PhatPanda420 folded before Flop (didn't bet)
Seat 4: Kerpesamana (button) folded before Flop (didn't bet)
Seat 5: Ricardo7714 (small blind) folded before Flop
Seat 6: GodLevel2019 (big blind) folded before Flop
Seat 8: Dorex2007 folded before Flop (didn't bet)
Seat 9: riverfox888 folded before Flop (didn't bet)



PokerStars Hand #236950605350:  Hold'em No Limit ($0.01/$0.02 USD) - 2022/06/23 22:16:26 PT [2022/06/24 1:16:26 ET]
Table 'Zwetana' 9-max Seat #5 is the button
Seat 1: PeeStiffy ($2.14 in chips) 
Seat 2: rafaelcosta171 ($3.06 in chips) 
Seat 3: PhatPanda420 ($2.15 in chips) 
Seat 4: Kerpesamana ($0.41 in chips) 
Seat 5: Ricardo7714 ($0.47 in chips) 
Seat 6: GodLevel2019 ($4.20 in chips) 
Seat 8: Dorex2007 ($2.12 in chips) 
Seat 9: riverfox888 ($2 in chips) 
GodLevel2019: posts small blind $0.01
Dorex2007: posts big blind $0.02
*** HOLE CARDS ***
Dealt to Dorex2007 [Ts Kh]
riverfox888: folds 
PeeStiffy: folds 
rafaelcosta171: calls $0.02
PhatPanda420: folds 
Kerpesamana: raises $0.39 to $0.41 and is all-in
BrianDeerHen joins the table at seat #7 
Ricardo7714: folds 
GodLevel2019: folds 
Dorex2007: folds 
rafaelcosta171: folds 
Uncalled bet ($0.39) returned to Kerpesamana
Kerpesamana collected $0.07 from pot
*** SUMMARY ***
Total pot $0.07 | Rake $0 
Seat 1: PeeStiffy folded before Flop (didn't bet)
Seat 2: rafaelcosta171 folded before Flop
Seat 3: PhatPanda420 folded before Flop (didn't bet)
Seat 4: Kerpesamana collected ($0.07)
Seat 5: Ricardo7714 (button) folded before Flop (didn't bet)
Seat 6: GodLevel2019 (small blind) folded before Flop
Seat 8: Dorex2007 (big blind) folded before Flop
Seat 9: riverfox888 folded before Flop (didn't bet)



PokerStars Hand #236950608608:  Hold'em No Limit ($0.01/$0.02 USD) - 2022/06/23 22:16:54 PT [2022/06/24 1:16:54 ET]
Table 'Zwetana' 9-max Seat #6 is the button
Seat 1: PeeStiffy ($2.14 in chips) 
Seat 2: rafaelcosta171 ($3.04 in chips) 
Seat 3: PhatPanda420 ($2.15 in chips) 
Seat 4: Kerpesamana ($0.46 in chips) 
Seat 5: Ricardo7714 ($0.47 in chips) 
Seat 6: GodLevel2019 ($4.19 in chips) 
Seat 8: Dorex2007 ($2.10 in chips) 
Seat 9: riverfox888 ($2 in chips) 
Dorex2007: posts small blind $0.01
riverfox888: posts big blind $0.02
*** HOLE CARDS ***
Dealt to Dorex2007 [7h Qd]
PeeStiffy: folds 
rafaelcosta171: folds 
PhatPanda420: folds 
Kerpesamana: raises $0.02 to $0.04
Ricardo7714: folds 
GodLevel2019: folds 
Dorex2007: folds 
riverfox888: raises $0.08 to $0.12
Kerpesamana: folds 
Uncalled bet ($0.08) returned to riverfox888
riverfox888 collected $0.09 from pot
*** SUMMARY ***
Total pot $0.09 | Rake $0 
Seat 1: PeeStiffy folded before Flop (didn't bet)
Seat 2: rafaelcosta171 folded before Flop (didn't bet)
Seat 3: PhatPanda420 folded before Flop (didn't bet)
Seat 4: Kerpesamana folded before Flop
Seat 5: Ricardo7714 folded before Flop (didn't bet)
Seat 6: GodLevel2019 (button) folded before Flop (didn't bet)
Seat 8: Dorex2007 (small blind) folded before Flop
Seat 9: riverfox888 (big blind) collected ($0.09)



PokerStars Hand #236950612557:  Hold'em No Limit ($0.01/$0.02 USD) - 2022/06/23 22:17:27 PT [2022/06/24 1:17:27 ET]
Table 'Zwetana' 9-max Seat #8 is the button
Seat 1: PeeStiffy ($2.14 in chips) 
Seat 2: rafaelcosta171 ($3.04 in chips) 
Seat 3: PhatPanda420 ($2.15 in chips) 
Seat 4: Kerpesamana ($0.42 in chips) 
Seat 5: Ricardo7714 ($0.47 in chips) 
Seat 6: GodLevel2019 ($4.19 in chips) 
Seat 7: BrianDeerHen ($1.60 in chips) 
Seat 8: Dorex2007 ($2.09 in chips) 
Seat 9: riverfox888 ($2.05 in chips) 
riverfox888: posts small blind $0.01
PeeStiffy: posts big blind $0.02
BrianDeerHen: posts big blind $0.02
*** HOLE CARDS ***
Dealt to Dorex2007 [As 4d]
rafaelcosta171: raises $0.04 to $0.06
PhatPanda420: folds 
Kerpesamana: folds 
Ricardo7714: folds 
GodLevel2019: calls $0.06
BrianDeerHen: folds 
Dorex2007: folds 
riverfox888: folds 
PeeStiffy: calls $0.04
*** FLOP *** [2h Ac 7d]
PeeStiffy: checks 
rafaelcosta171: bets $0.10
GodLevel2019: folds 
PeeStiffy: folds 
Uncalled bet ($0.10) returned to rafaelcosta171
rafaelcosta171 collected $0.20 from pot
*** SUMMARY ***
Total pot $0.21 | Rake $0.01 
Board [2h Ac 7d]
Seat 1: PeeStiffy (big blind) folded on the Flop
Seat 2: rafaelcosta171 collected ($0.20)
Seat 3: PhatPanda420 folded before Flop (didn't bet)
Seat 4: Kerpesamana folded before Flop (didn't bet)
Seat 5: Ricardo7714 folded before Flop (didn't bet)
Seat 6: GodLevel2019 folded on the Flop
Seat 7: BrianDeerHen folded before Flop (didn't bet)
Seat 8: Dorex2007 (button) folded before Flop (didn't bet)
Seat 9: riverfox888 (small blind) folded before Flop



PokerStars Hand #236950622121:  Hold'em No Limit ($0.01/$0.02 USD) - 2022/06/23 22:18:49 PT [2022/06/24 1:18:49 ET]
Table 'Zwetana' 9-max Seat #9 is the button
Seat 1: PeeStiffy ($2.08 in chips) 
Seat 2: rafaelcosta171 ($3.18 in chips) 
Seat 3: PhatPanda420 ($2.15 in chips) 
Seat 4: Kerpesamana ($0.42 in chips) 
Seat 5: Ricardo7714 ($0.47 in chips) 
Seat 6: GodLevel2019 ($4.13 in chips) 
Seat 7: BrianDeerHen ($1.58 in chips) 
Seat 8: Dorex2007 ($2.09 in chips) 
Seat 9: riverfox888 ($2.04 in chips) 
PeeStiffy: posts small blind $0.01
rafaelcosta171: posts big blind $0.02
*** HOLE CARDS ***
Dealt to Dorex2007 [8s 3c]
PhatPanda420 is connected 
PhatPanda420: folds 
Kerpesamana: folds 
Ricardo7714: folds 
GodLevel2019: folds 
BrianDeerHen: folds 
Dorex2007: folds 
riverfox888: raises $0.04 to $0.06
PeeStiffy: folds 
rafaelcosta171: folds 
Uncalled bet ($0.04) returned to riverfox888
riverfox888 collected $0.05 from pot
*** SUMMARY ***
Total pot $0.05 | Rake $0 
Seat 1: PeeStiffy (small blind) folded before Flop
Seat 2: rafaelcosta171 (big blind) folded before Flop
Seat 3: PhatPanda420 folded before Flop (didn't bet)
Seat 4: Kerpesamana folded before Flop (didn't bet)
Seat 5: Ricardo7714 folded before Flop (didn't bet)
Seat 6: GodLevel2019 folded before Flop (didn't bet)
Seat 7: BrianDeerHen folded before Flop (didn't bet)
Seat 8: Dorex2007 folded before Flop (didn't bet)
Seat 9: riverfox888 (button) collected ($0.05)



