PokerStars Hand #232393250973:  Hold'em No Limit ($0.01/$0.02 USD) - 2021/12/20 21:34:30 PT [2021/12/21 0:34:30 ET]
Table 'Amelia III' 9-max Seat #2 is the button
Seat 1: Dorex2007 ($2 in chips) 
Seat 2: xxseibel ($1.29 in chips) 
Seat 3: umka186 ($2.12 in chips) 
Seat 4: mooresie28 ($2.40 in chips) 
Seat 6: TheFantasy69 ($1.07 in chips) 
Seat 7: aakk4ever911 ($1.61 in chips) 
Seat 8: LaoWang0215 ($0.80 in chips) 
Seat 9: Ebleco ($0.81 in chips) 
umka186: posts small blind $0.01
mooresie28: posts big blind $0.02
LaoWang0215: posts big blind $0.02
Dorex2007: posts big blind $0.02
*** HOLE CARDS ***
Dealt to Dorex2007 [7h Ad]
TheFantasy69: folds 
aakk4ever911: calls $0.02
LaoWang0215: checks 
Ebleco: folds 
Dorex2007: checks 
xxseibel: folds 
umka186: calls $0.01
mooresie28: checks 
*** FLOP *** [9h 3s 4d]
umka186: checks 
mooresie28: checks 
wtp7676 joins the table at seat #5 
aakk4ever911: checks 
LaoWang0215: checks 
Dorex2007: checks 
*** TURN *** [9h 3s 4d] [Tc]
umka186: bets $0.05
mooresie28: folds 
aakk4ever911: calls $0.05
LaoWang0215: calls $0.05
Dorex2007: folds 
*** RIVER *** [9h 3s 4d Tc] [9d]
umka186: checks 
aakk4ever911: bets $0.12
LaoWang0215: folds 
umka186: folds 
Uncalled bet ($0.12) returned to aakk4ever911
aakk4ever911 collected $0.24 from pot
aakk4ever911: doesn't show hand 
*** SUMMARY ***
Total pot $0.25 | Rake $0.01 
Board [9h 3s 4d Tc 9d]
Seat 1: Dorex2007 folded on the Turn (didn't bet)
Seat 2: xxseibel (button) folded before Flop (didn't bet)
Seat 3: umka186 (small blind) folded on the River
Seat 4: mooresie28 (big blind) folded on the Turn
Seat 6: TheFantasy69 folded before Flop (didn't bet)
Seat 7: aakk4ever911 collected ($0.24)
Seat 8: LaoWang0215 folded on the River
Seat 9: Ebleco folded before Flop (didn't bet)



PokerStars Hand #232393260338:  Hold'em No Limit ($0.01/$0.02 USD) - 2021/12/20 21:35:18 PT [2021/12/21 0:35:18 ET]
Table 'Amelia III' 9-max Seat #3 is the button
Seat 1: Dorex2007 ($2 in chips) 
Seat 2: xxseibel ($1.29 in chips) 
Seat 3: umka186 ($2.05 in chips) 
Seat 4: mooresie28 ($2.38 in chips) 
Seat 5: wtp7676 ($1.98 in chips) 
Seat 6: TheFantasy69 ($1.07 in chips) 
Seat 7: aakk4ever911 ($1.78 in chips) 
Seat 8: LaoWang0215 ($0.73 in chips) 
Seat 9: Ebleco ($0.81 in chips) 
mooresie28: posts small blind $0.01
wtp7676: posts big blind $0.02
*** HOLE CARDS ***
Dealt to Dorex2007 [4s 4d]
TheFantasy69: folds 
aakk4ever911: folds 
LaoWang0215: folds 
Ebleco: folds 
Dorex2007: raises $0.04 to $0.06
xxseibel: folds 
umka186: folds 
mooresie28: folds 
aakk4ever911 leaves the table
aakk4ever911 joins the table at seat #7 
wtp7676: folds 
Uncalled bet ($0.04) returned to Dorex2007
Dorex2007 collected $0.05 from pot
Dorex2007: doesn't show hand 
*** SUMMARY ***
Total pot $0.05 | Rake $0 
Seat 1: Dorex2007 collected ($0.05)
Seat 2: xxseibel folded before Flop (didn't bet)
Seat 3: umka186 (button) folded before Flop (didn't bet)
Seat 4: mooresie28 (small blind) folded before Flop
Seat 5: wtp7676 (big blind) folded before Flop
Seat 6: TheFantasy69 folded before Flop (didn't bet)
Seat 7: aakk4ever911 folded before Flop (didn't bet)
Seat 8: LaoWang0215 folded before Flop (didn't bet)
Seat 9: Ebleco folded before Flop (didn't bet)



PokerStars Hand #232393266608:  Hold'em No Limit ($0.01/$0.02 USD) - 2021/12/20 21:36:01 PT [2021/12/21 0:36:01 ET]
Table 'Amelia III' 9-max Seat #4 is the button
Seat 1: Dorex2007 ($2.03 in chips) 
Seat 2: xxseibel ($1.29 in chips) 
Seat 3: umka186 ($2.05 in chips) 
Seat 4: mooresie28 ($2.37 in chips) 
Seat 5: wtp7676 ($1.96 in chips) 
Seat 6: TheFantasy69 ($1.07 in chips) 
Seat 8: LaoWang0215 ($0.73 in chips) 
Seat 9: Ebleco ($0.81 in chips) 
wtp7676: posts small blind $0.01
TheFantasy69: posts big blind $0.02
aakk4ever911: sits out 
*** HOLE CARDS ***
Dealt to Dorex2007 [9h 2c]
LaoWang0215: calls $0.02
aakk4ever911 leaves the table
Ebleco: folds 
Dorex2007: folds 
xxseibel: calls $0.02
umka186: raises $0.06 to $0.08
mooresie28: folds 
wtp7676: calls $0.07
TheFantasy69: folds 
LaoWang0215: folds 
xxseibel: calls $0.06
*** FLOP *** [9c Js 5s]
wtp7676: checks 
rpatenau91 joins the table at seat #7 
xxseibel: checks 
umka186: bets $0.10
wtp7676: folds 
xxseibel: calls $0.10
*** TURN *** [9c Js 5s] [6c]
xxseibel: checks 
umka186: checks 
*** RIVER *** [9c Js 5s 6c] [2s]
xxseibel: checks 
umka186: checks 
*** SHOW DOWN ***
xxseibel: shows [7c 7d] (a pair of Sevens)
umka186: mucks hand 
xxseibel collected $0.46 from pot
*** SUMMARY ***
Total pot $0.48 | Rake $0.02 
Board [9c Js 5s 6c 2s]
Seat 1: Dorex2007 folded before Flop (didn't bet)
Seat 2: xxseibel showed [7c 7d] and won ($0.46) with a pair of Sevens
Seat 3: umka186 mucked [Ad Qs]
Seat 4: mooresie28 (button) folded before Flop (didn't bet)
Seat 5: wtp7676 (small blind) folded on the Flop
Seat 6: TheFantasy69 (big blind) folded before Flop
Seat 8: LaoWang0215 folded before Flop
Seat 9: Ebleco folded before Flop (didn't bet)



PokerStars Hand #232393278179:  Hold'em No Limit ($0.01/$0.02 USD) - 2021/12/20 21:37:21 PT [2021/12/21 0:37:21 ET]
Table 'Amelia III' 9-max Seat #5 is the button
Seat 1: Dorex2007 ($2.03 in chips) 
Seat 2: xxseibel ($1.57 in chips) 
Seat 3: umka186 ($2 in chips) 
Seat 4: mooresie28 ($2.37 in chips) 
Seat 5: wtp7676 ($1.88 in chips) 
Seat 6: TheFantasy69 ($1.05 in chips) 
Seat 7: rpatenau91 ($1.20 in chips) 
Seat 8: LaoWang0215 ($0.71 in chips) 
Seat 9: Ebleco ($0.81 in chips) 
TheFantasy69: posts small blind $0.01
rpatenau91: posts big blind $0.02
*** HOLE CARDS ***
Dealt to Dorex2007 [3s 6d]
LaoWang0215: calls $0.02
Ebleco: folds 
Dorex2007: folds 
xxseibel: calls $0.02
umka186: raises $0.09 to $0.11
mooresie28: folds 
wtp7676 has timed out
wtp7676: folds 
TheFantasy69: folds 
rpatenau91: folds 
LaoWang0215: folds 
xxseibel: calls $0.09
*** FLOP *** [7d Tc Ts]
xxseibel: checks 
umka186: bets $0.10
xxseibel: calls $0.10
*** TURN *** [7d Tc Ts] [7c]
xxseibel: checks 
umka186: checks 
*** RIVER *** [7d Tc Ts 7c] [5c]
xxseibel: bets $0.45
umka186: folds 
Uncalled bet ($0.45) returned to xxseibel
xxseibel collected $0.45 from pot
xxseibel: doesn't show hand 
*** SUMMARY ***
Total pot $0.47 | Rake $0.02 
Board [7d Tc Ts 7c 5c]
Seat 1: Dorex2007 folded before Flop (didn't bet)
Seat 2: xxseibel collected ($0.45)
Seat 3: umka186 folded on the River
Seat 4: mooresie28 folded before Flop (didn't bet)
Seat 5: wtp7676 (button) folded before Flop (didn't bet)
Seat 6: TheFantasy69 (small blind) folded before Flop
Seat 7: rpatenau91 (big blind) folded before Flop
Seat 8: LaoWang0215 folded before Flop
Seat 9: Ebleco folded before Flop (didn't bet)



PokerStars Hand #232393301566:  Hold'em No Limit ($0.01/$0.02 USD) - 2021/12/20 21:39:03 PT [2021/12/21 0:39:03 ET]
Table 'Amelia III' 9-max Seat #6 is the button
Seat 1: Dorex2007 ($2.03 in chips) 
Seat 2: xxseibel ($1.81 in chips) 
Seat 3: umka186 ($2 in chips) 
Seat 4: mooresie28 ($2.37 in chips) 
Seat 5: wtp7676 ($1.88 in chips) 
Seat 6: TheFantasy69 ($1.04 in chips) 
Seat 7: rpatenau91 ($1.18 in chips) 
Seat 8: LaoWang0215 ($0.69 in chips) 
Seat 9: Ebleco ($0.81 in chips) 
rpatenau91: posts small blind $0.01
LaoWang0215: posts big blind $0.02
*** HOLE CARDS ***
Dealt to Dorex2007 [Jh 2c]
Ebleco: folds 
Dorex2007: folds 
xxseibel: folds 
umka186: folds 
mooresie28: folds 
wtp7676 has timed out
wtp7676: folds 
TheFantasy69: folds 
rpatenau91: raises $0.02 to $0.04
LaoWang0215: calls $0.02
*** FLOP *** [5d 6d Qc]
rpatenau91: checks 
LaoWang0215: checks 
*** TURN *** [5d 6d Qc] [5s]
rpatenau91: bets $0.08
LaoWang0215: folds 
Uncalled bet ($0.08) returned to rpatenau91
rpatenau91 collected $0.08 from pot
rpatenau91: doesn't show hand 
*** SUMMARY ***
Total pot $0.08 | Rake $0 
Board [5d 6d Qc 5s]
Seat 1: Dorex2007 folded before Flop (didn't bet)
Seat 2: xxseibel folded before Flop (didn't bet)
Seat 3: umka186 folded before Flop (didn't bet)
Seat 4: mooresie28 folded before Flop (didn't bet)
Seat 5: wtp7676 folded before Flop (didn't bet)
Seat 6: TheFantasy69 (button) folded before Flop (didn't bet)
Seat 7: rpatenau91 (small blind) collected ($0.08)
Seat 8: LaoWang0215 (big blind) folded on the Turn
Seat 9: Ebleco folded before Flop (didn't bet)



PokerStars Hand #232393309780:  Hold'em No Limit ($0.01/$0.02 USD) - 2021/12/20 21:40:00 PT [2021/12/21 0:40:00 ET]
Table 'Amelia III' 9-max Seat #7 is the button
Seat 1: Dorex2007 ($2.03 in chips) 
Seat 2: xxseibel ($1.81 in chips) 
Seat 3: umka186 ($2 in chips) 
Seat 4: mooresie28 ($2.37 in chips) 
Seat 5: wtp7676 ($1.88 in chips) 
Seat 6: TheFantasy69 ($1.04 in chips) 
Seat 7: rpatenau91 ($1.22 in chips) 
Seat 8: LaoWang0215 ($0.65 in chips) 
Seat 9: Ebleco ($0.81 in chips) 
LaoWang0215: posts small blind $0.01
Ebleco: posts big blind $0.02
*** HOLE CARDS ***
Dealt to Dorex2007 [3c Ks]
Dorex2007: folds 
xxseibel: calls $0.02
umka186: folds 
mooresie28: folds 
wtp7676: calls $0.02
TheFantasy69: folds 
rpatenau91: folds 
LaoWang0215: calls $0.01
Ebleco: checks 
*** FLOP *** [Ac Qd As]
LaoWang0215: checks 
Ebleco: checks 
xxseibel: checks 
wtp7676: checks 
*** TURN *** [Ac Qd As] [7d]
LaoWang0215: checks 
Ebleco: checks 
xxseibel: checks 
wtp7676: bets $0.08
LaoWang0215: folds 
Ebleco: folds 
xxseibel: folds 
Uncalled bet ($0.08) returned to wtp7676
wtp7676 collected $0.08 from pot
*** SUMMARY ***
Total pot $0.08 | Rake $0 
Board [Ac Qd As 7d]
Seat 1: Dorex2007 folded before Flop (didn't bet)
Seat 2: xxseibel folded on the Turn
Seat 3: umka186 folded before Flop (didn't bet)
Seat 4: mooresie28 folded before Flop (didn't bet)
Seat 5: wtp7676 collected ($0.08)
Seat 6: TheFantasy69 folded before Flop (didn't bet)
Seat 7: rpatenau91 (button) folded before Flop (didn't bet)
Seat 8: LaoWang0215 (small blind) folded on the Turn
Seat 9: Ebleco (big blind) folded on the Turn



PokerStars Hand #232393315856:  Hold'em No Limit ($0.01/$0.02 USD) - 2021/12/20 21:40:43 PT [2021/12/21 0:40:43 ET]
Table 'Amelia III' 9-max Seat #8 is the button
Seat 1: Dorex2007 ($2.03 in chips) 
Seat 2: xxseibel ($1.79 in chips) 
Seat 3: umka186 ($2 in chips) 
Seat 4: mooresie28 ($2.37 in chips) 
Seat 5: wtp7676 ($1.94 in chips) 
Seat 6: TheFantasy69 ($1.04 in chips) 
Seat 7: rpatenau91 ($1.22 in chips) 
Seat 8: LaoWang0215 ($0.63 in chips) 
Seat 9: Ebleco ($0.79 in chips) 
Ebleco: posts small blind $0.01
Dorex2007: posts big blind $0.02
*** HOLE CARDS ***
Dealt to Dorex2007 [3s 3d]
xxseibel: calls $0.02
umka186: folds 
mooresie28: folds 
wtp7676: folds 
TheFantasy69: folds 
rpatenau91: calls $0.02
LaoWang0215: calls $0.02
Ebleco: folds 
Dorex2007: checks 
*** FLOP *** [Qc 4h 9c]
Dorex2007: checks 
xxseibel: checks 
rpatenau91: checks 
LaoWang0215: checks 
*** TURN *** [Qc 4h 9c] [Ac]
Dorex2007: checks 
xxseibel: checks 
rpatenau91: bets $0.09
LaoWang0215: calls $0.09
Dorex2007: folds 
xxseibel: folds 
*** RIVER *** [Qc 4h 9c Ac] [Kc]
rpatenau91: checks 
LaoWang0215: bets $0.18
rpatenau91: folds 
Uncalled bet ($0.18) returned to LaoWang0215
LaoWang0215 collected $0.26 from pot
LaoWang0215: doesn't show hand 
*** SUMMARY ***
Total pot $0.27 | Rake $0.01 
Board [Qc 4h 9c Ac Kc]
Seat 1: Dorex2007 (big blind) folded on the Turn
Seat 2: xxseibel folded on the Turn
Seat 3: umka186 folded before Flop (didn't bet)
Seat 4: mooresie28 folded before Flop (didn't bet)
Seat 5: wtp7676 folded before Flop (didn't bet)
Seat 6: TheFantasy69 folded before Flop (didn't bet)
Seat 7: rpatenau91 folded on the River
Seat 8: LaoWang0215 (button) collected ($0.26)
Seat 9: Ebleco (small blind) folded before Flop



PokerStars Hand #232393326811:  Hold'em No Limit ($0.01/$0.02 USD) - 2021/12/20 21:41:59 PT [2021/12/21 0:41:59 ET]
Table 'Amelia III' 9-max Seat #9 is the button
Seat 1: Dorex2007 ($2.01 in chips) 
Seat 2: xxseibel ($1.77 in chips) 
Seat 3: umka186 ($2 in chips) 
Seat 4: mooresie28 ($2.37 in chips) 
Seat 5: wtp7676 ($1.94 in chips) 
Seat 6: TheFantasy69 ($1.04 in chips) 
Seat 7: rpatenau91 ($1.11 in chips) 
Seat 8: LaoWang0215 ($0.78 in chips) 
Seat 9: Ebleco ($0.78 in chips) 
Dorex2007: posts small blind $0.01
xxseibel: posts big blind $0.02
*** HOLE CARDS ***
Dealt to Dorex2007 [8c As]
umka186: folds 
mooresie28: raises $0.02 to $0.04
wtp7676: calls $0.04
TheFantasy69: folds 
rpatenau91: folds 
LaoWang0215: folds 
Ebleco: folds 
Dorex2007: folds 
xxseibel: calls $0.02
*** FLOP *** [9d 2h 5d]
xxseibel: checks 
mooresie28: checks 
wtp7676: checks 
*** TURN *** [9d 2h 5d] [2d]
xxseibel: checks 
mooresie28: checks 
wtp7676: bets $0.07
xxseibel: folds 
mooresie28: folds 
Uncalled bet ($0.07) returned to wtp7676
wtp7676 collected $0.13 from pot
*** SUMMARY ***
Total pot $0.13 | Rake $0 
Board [9d 2h 5d 2d]
Seat 1: Dorex2007 (small blind) folded before Flop
Seat 2: xxseibel (big blind) folded on the Turn
Seat 3: umka186 folded before Flop (didn't bet)
Seat 4: mooresie28 folded on the Turn
Seat 5: wtp7676 collected ($0.13)
Seat 6: TheFantasy69 folded before Flop (didn't bet)
Seat 7: rpatenau91 folded before Flop (didn't bet)
Seat 8: LaoWang0215 folded before Flop (didn't bet)
Seat 9: Ebleco (button) folded before Flop (didn't bet)



PokerStars Hand #232393335578:  Hold'em No Limit ($0.01/$0.02 USD) - 2021/12/20 21:42:59 PT [2021/12/21 0:42:59 ET]
Table 'Amelia III' 9-max Seat #1 is the button
Seat 1: Dorex2007 ($2 in chips) 
Seat 2: xxseibel ($1.73 in chips) 
Seat 3: umka186 ($2 in chips) 
Seat 4: mooresie28 ($2.33 in chips) 
Seat 5: wtp7676 ($2.03 in chips) 
Seat 6: TheFantasy69 ($1.04 in chips) 
Seat 7: rpatenau91 ($1.11 in chips) 
Seat 8: LaoWang0215 ($0.78 in chips) 
Seat 9: Ebleco ($0.78 in chips) 
xxseibel: posts small blind $0.01
umka186: posts big blind $0.02
*** HOLE CARDS ***
Dealt to Dorex2007 [Tc 9s]
mooresie28: raises $0.02 to $0.04
wtp7676: folds 
TheFantasy69: calls $0.04
rpatenau91: folds 
LaoWang0215: folds 
Ebleco: folds 
Dorex2007: folds 
xxseibel: calls $0.03
umka186: folds 
*** FLOP *** [8h 3s 7c]
xxseibel: checks 
mooresie28: checks 
TheFantasy69: checks 
*** TURN *** [8h 3s 7c] [As]
xxseibel: checks 
mooresie28: checks 
TheFantasy69: checks 
*** RIVER *** [8h 3s 7c As] [7h]
xxseibel: checks 
mooresie28: checks 
TheFantasy69: checks 
*** SHOW DOWN ***
xxseibel: shows [Th 6h] (a pair of Sevens)
mooresie28: shows [Js Kc] (a pair of Sevens - Ace+King kicker)
TheFantasy69: shows [2s 2d] (two pair, Sevens and Deuces)
TheFantasy69 collected $0.14 from pot
*** SUMMARY ***
Total pot $0.14 | Rake $0 
Board [8h 3s 7c As 7h]
Seat 1: Dorex2007 (button) folded before Flop (didn't bet)
Seat 2: xxseibel (small blind) showed [Th 6h] and lost with a pair of Sevens
Seat 3: umka186 (big blind) folded before Flop
Seat 4: mooresie28 showed [Js Kc] and lost with a pair of Sevens
Seat 5: wtp7676 folded before Flop (didn't bet)
Seat 6: TheFantasy69 showed [2s 2d] and won ($0.14) with two pair, Sevens and Deuces
Seat 7: rpatenau91 folded before Flop (didn't bet)
Seat 8: LaoWang0215 folded before Flop (didn't bet)
Seat 9: Ebleco folded before Flop (didn't bet)



PokerStars Hand #232393360535:  Hold'em No Limit ($0.01/$0.02 USD) - 2021/12/20 21:45:15 PT [2021/12/21 0:45:15 ET]
Table 'Amelia III' 9-max Seat #3 is the button
Seat 1: Dorex2007 ($2 in chips) 
Seat 3: umka186 ($2 in chips) 
Seat 4: mooresie28 ($2.27 in chips) 
Seat 5: wtp7676 ($3.67 in chips) 
Seat 6: TheFantasy69 ($1.14 in chips) 
Seat 7: rpatenau91 ($1.11 in chips) 
Seat 8: LaoWang0215 ($0.74 in chips) 
Seat 9: Ebleco ($0.78 in chips) 
mooresie28: posts small blind $0.01
wtp7676: posts big blind $0.02
*** HOLE CARDS ***
Dealt to Dorex2007 [6d 3h]
TheFantasy69: folds 
rpatenau91: calls $0.02
LaoWang0215: folds 
Ebleco: folds 
Dorex2007: folds 
umka186: folds 
mooresie28: folds 
wtp7676: checks 
*** FLOP *** [2s Tc 9h]
wtp7676: checks 
rpatenau91: checks 
*** TURN *** [2s Tc 9h] [Jc]
wtp7676: checks 
rpatenau91: checks 
*** RIVER *** [2s Tc 9h Jc] [4s]
wtp7676: checks 
rpatenau91: checks 
*** SHOW DOWN ***
wtp7676: shows [8c Ad] (high card Ace)
rpatenau91: mucks hand 
wtp7676 collected $0.05 from pot
*** SUMMARY ***
Total pot $0.05 | Rake $0 
Board [2s Tc 9h Jc 4s]
Seat 1: Dorex2007 folded before Flop (didn't bet)
Seat 3: umka186 (button) folded before Flop (didn't bet)
Seat 4: mooresie28 (small blind) folded before Flop
Seat 5: wtp7676 (big blind) showed [8c Ad] and won ($0.05) with high card Ace
Seat 6: TheFantasy69 folded before Flop (didn't bet)
Seat 7: rpatenau91 mucked [Ah 5h]
Seat 8: LaoWang0215 folded before Flop (didn't bet)
Seat 9: Ebleco folded before Flop (didn't bet)



PokerStars Hand #232393365809:  Hold'em No Limit ($0.01/$0.02 USD) - 2021/12/20 21:45:53 PT [2021/12/21 0:45:53 ET]
Table 'Amelia III' 9-max Seat #4 is the button
Seat 1: Dorex2007 ($2 in chips) 
Seat 3: umka186 ($2 in chips) 
Seat 4: mooresie28 ($2.26 in chips) 
Seat 5: wtp7676 ($3.70 in chips) 
Seat 6: TheFantasy69 ($1.14 in chips) 
Seat 7: rpatenau91 ($1.09 in chips) 
Seat 8: LaoWang0215 ($0.74 in chips) 
Seat 9: Ebleco ($0.78 in chips) 
wtp7676: posts small blind $0.01
TheFantasy69: posts big blind $0.02
*** HOLE CARDS ***
Dealt to Dorex2007 [Qs 5d]
xxseibel leaves the table
rpatenau91: folds 
LaoWang0215: calls $0.02
Ebleco: folds 
Dorex2007: folds 
ShivaShango joins the table at seat #2 
umka186: folds 
mooresie28: folds 
wtp7676: calls $0.01
TheFantasy69: checks 
*** FLOP *** [8c 3d 3c]
wtp7676: checks 
TheFantasy69: checks 
LaoWang0215: checks 
*** TURN *** [8c 3d 3c] [9s]
wtp7676: checks 
TheFantasy69: checks 
LaoWang0215: checks 
*** RIVER *** [8c 3d 3c 9s] [Qh]
wtp7676: checks 
TheFantasy69: checks 
LaoWang0215: checks 
*** SHOW DOWN ***
wtp7676: shows [6d As] (a pair of Threes)
TheFantasy69: shows [5s Ad] (a pair of Threes)
LaoWang0215: mucks hand 
wtp7676 collected $0.03 from pot
TheFantasy69 collected $0.03 from pot
*** SUMMARY ***
Total pot $0.06 | Rake $0 
Board [8c 3d 3c 9s Qh]
Seat 1: Dorex2007 folded before Flop (didn't bet)
Seat 3: umka186 folded before Flop (didn't bet)
Seat 4: mooresie28 (button) folded before Flop (didn't bet)
Seat 5: wtp7676 (small blind) showed [6d As] and won ($0.03) with a pair of Threes
Seat 6: TheFantasy69 (big blind) showed [5s Ad] and won ($0.03) with a pair of Threes
Seat 7: rpatenau91 folded before Flop (didn't bet)
Seat 8: LaoWang0215 mucked [6s Kh]
Seat 9: Ebleco folded before Flop (didn't bet)



PokerStars Hand #232393374339:  Hold'em No Limit ($0.01/$0.02 USD) - 2021/12/20 21:46:52 PT [2021/12/21 0:46:52 ET]
Table 'Amelia III' 9-max Seat #5 is the button
Seat 1: Dorex2007 ($2 in chips) 
Seat 3: umka186 ($2 in chips) 
Seat 4: mooresie28 ($2.26 in chips) 
Seat 5: wtp7676 ($3.71 in chips) 
Seat 6: TheFantasy69 ($1.15 in chips) 
Seat 7: rpatenau91 ($1.09 in chips) 
Seat 8: LaoWang0215 ($0.72 in chips) 
Seat 9: Ebleco ($0.78 in chips) 
TheFantasy69: posts small blind $0.01
rpatenau91: posts big blind $0.02
ShivaShango: sits out 
*** HOLE CARDS ***
Dealt to Dorex2007 [Ad 2h]
LaoWang0215: folds 
Ebleco: folds 
Dorex2007: folds 
umka186: folds 
mooresie28: raises $0.02 to $0.04
wtp7676: folds 
TheFantasy69: calls $0.03
rpatenau91: folds 
*** FLOP *** [Jh 3c 3h]
TheFantasy69: bets $0.04
mooresie28: calls $0.04
*** TURN *** [Jh 3c 3h] [Tc]
TheFantasy69: checks 
mooresie28: bets $0.06
TheFantasy69: calls $0.06
*** RIVER *** [Jh 3c 3h Tc] [2c]
TheFantasy69: bets $0.04
mooresie28: calls $0.04
*** SHOW DOWN ***
TheFantasy69: shows [9h Ah] (a pair of Threes)
mooresie28: shows [Js Qc] (two pair, Jacks and Threes)
mooresie28 collected $0.37 from pot
*** SUMMARY ***
Total pot $0.38 | Rake $0.01 
Board [Jh 3c 3h Tc 2c]
Seat 1: Dorex2007 folded before Flop (didn't bet)
Seat 3: umka186 folded before Flop (didn't bet)
Seat 4: mooresie28 showed [Js Qc] and won ($0.37) with two pair, Jacks and Threes
Seat 5: wtp7676 (button) folded before Flop (didn't bet)
Seat 6: TheFantasy69 (small blind) showed [9h Ah] and lost with a pair of Threes
Seat 7: rpatenau91 (big blind) folded before Flop
Seat 8: LaoWang0215 folded before Flop (didn't bet)
Seat 9: Ebleco folded before Flop (didn't bet)



PokerStars Hand #232393381667:  Hold'em No Limit ($0.01/$0.02 USD) - 2021/12/20 21:47:42 PT [2021/12/21 0:47:42 ET]
Table 'Amelia III' 9-max Seat #6 is the button
Seat 1: Dorex2007 ($2 in chips) 
Seat 2: ShivaShango ($2 in chips) 
Seat 3: umka186 ($2 in chips) 
Seat 4: mooresie28 ($2.45 in chips) 
Seat 5: wtp7676 ($3.71 in chips) 
Seat 6: TheFantasy69 ($0.97 in chips) 
Seat 7: rpatenau91 ($1.07 in chips) 
Seat 8: LaoWang0215 ($0.72 in chips) 
Seat 9: Ebleco ($0.78 in chips) 
rpatenau91: posts small blind $0.01
LaoWang0215: posts big blind $0.02
ShivaShango: posts big blind $0.02
*** HOLE CARDS ***
Dealt to Dorex2007 [Qd 2s]
Ebleco: raises $0.04 to $0.06
Dorex2007: folds 
ShivaShango: folds 
umka186: folds 
mooresie28: folds 
wtp7676: folds 
TheFantasy69: folds 
rpatenau91: folds 
LaoWang0215: folds 
Uncalled bet ($0.04) returned to Ebleco
Ebleco collected $0.07 from pot
Ebleco: doesn't show hand 
*** SUMMARY ***
Total pot $0.07 | Rake $0 
Seat 1: Dorex2007 folded before Flop (didn't bet)
Seat 2: ShivaShango folded before Flop (didn't bet)
Seat 3: umka186 folded before Flop (didn't bet)
Seat 4: mooresie28 folded before Flop (didn't bet)
Seat 5: wtp7676 folded before Flop (didn't bet)
Seat 6: TheFantasy69 (button) folded before Flop (didn't bet)
Seat 7: rpatenau91 (small blind) folded before Flop
Seat 8: LaoWang0215 (big blind) folded before Flop
Seat 9: Ebleco collected ($0.07)



PokerStars Hand #232393390829:  Hold'em No Limit ($0.01/$0.02 USD) - 2021/12/20 21:48:02 PT [2021/12/21 0:48:02 ET]
Table 'Amelia III' 9-max Seat #7 is the button
Seat 1: Dorex2007 ($2 in chips) 
Seat 2: ShivaShango ($1.98 in chips) 
Seat 3: umka186 ($2 in chips) 
Seat 4: mooresie28 ($2.45 in chips) 
Seat 5: wtp7676 ($3.71 in chips) 
Seat 6: TheFantasy69 ($0.97 in chips) 
Seat 7: rpatenau91 ($1.06 in chips) 
Seat 8: LaoWang0215 ($0.70 in chips) 
Seat 9: Ebleco ($0.83 in chips) 
LaoWang0215: posts small blind $0.01
Ebleco: posts big blind $0.02
*** HOLE CARDS ***
Dealt to Dorex2007 [3c 6h]
Dorex2007: folds 
ShivaShango: folds 
umka186: folds 
mooresie28: folds 
wtp7676: calls $0.02
TheFantasy69: folds 
rpatenau91: calls $0.02
LaoWang0215: calls $0.01
Ebleco: checks 
*** FLOP *** [Ad 8h Jh]
LaoWang0215: checks 
Ebleco: bets $0.04
wtp7676: calls $0.04
rpatenau91: calls $0.04
LaoWang0215: folds 
*** TURN *** [Ad 8h Jh] [3h]
Ebleco: checks 
wtp7676: checks 
rpatenau91: bets $0.19
Ebleco: folds 
wtp7676: calls $0.19
*** RIVER *** [Ad 8h Jh 3h] [3d]
wtp7676: bets $0.56
rpatenau91: calls $0.56
*** SHOW DOWN ***
wtp7676: shows [Ac 3s] (a full house, Threes full of Aces)
rpatenau91: mucks hand 
wtp7676 collected $1.64 from pot
*** SUMMARY ***
Total pot $1.70 | Rake $0.06 
Board [Ad 8h Jh 3h 3d]
Seat 1: Dorex2007 folded before Flop (didn't bet)
Seat 2: ShivaShango folded before Flop (didn't bet)
Seat 3: umka186 folded before Flop (didn't bet)
Seat 4: mooresie28 folded before Flop (didn't bet)
Seat 5: wtp7676 showed [Ac 3s] and won ($1.64) with a full house, Threes full of Aces
Seat 6: TheFantasy69 folded before Flop (didn't bet)
Seat 7: rpatenau91 (button) mucked [9c 9h]
Seat 8: LaoWang0215 (small blind) folded on the Flop
Seat 9: Ebleco (big blind) folded on the Turn



PokerStars Hand #232393399586:  Hold'em No Limit ($0.01/$0.02 USD) - 2021/12/20 21:49:03 PT [2021/12/21 0:49:03 ET]
Table 'Amelia III' 9-max Seat #8 is the button
Seat 1: Dorex2007 ($2 in chips) 
Seat 2: ShivaShango ($1.98 in chips) 
Seat 3: umka186 ($2 in chips) 
Seat 4: mooresie28 ($2.45 in chips) 
Seat 5: wtp7676 ($4.54 in chips) 
Seat 6: TheFantasy69 ($0.97 in chips) 
Seat 7: rpatenau91 ($0.25 in chips) 
Seat 8: LaoWang0215 ($0.68 in chips) 
Seat 9: Ebleco ($0.77 in chips) 
Ebleco: posts small blind $0.01
Dorex2007: posts big blind $0.02
*** HOLE CARDS ***
Dealt to Dorex2007 [2h 8s]
ShivaShango: folds 
umka186: folds 
mooresie28: folds 
wtp7676: calls $0.02
TheFantasy69: folds 
rpatenau91: folds 
LaoWang0215: calls $0.02
Ebleco: folds 
Dorex2007: checks 
*** FLOP *** [7s 4d 6c]
Dorex2007: checks 
wtp7676: checks 
LaoWang0215: bets $0.02
Dorex2007: folds 
wtp7676: calls $0.02
*** TURN *** [7s 4d 6c] [4h]
wtp7676: checks 
LaoWang0215: bets $0.06
wtp7676: calls $0.06
*** RIVER *** [7s 4d 6c 4h] [Td]
wtp7676: bets $0.10
LaoWang0215: folds 
Uncalled bet ($0.10) returned to wtp7676
wtp7676 collected $0.22 from pot
*** SUMMARY ***
Total pot $0.23 | Rake $0.01 
Board [7s 4d 6c 4h Td]
Seat 1: Dorex2007 (big blind) folded on the Flop
Seat 2: ShivaShango folded before Flop (didn't bet)
Seat 3: umka186 folded before Flop (didn't bet)
Seat 4: mooresie28 folded before Flop (didn't bet)
Seat 5: wtp7676 collected ($0.22)
Seat 6: TheFantasy69 folded before Flop (didn't bet)
Seat 7: rpatenau91 folded before Flop (didn't bet)
Seat 8: LaoWang0215 (button) folded on the River
Seat 9: Ebleco (small blind) folded before Flop



PokerStars Hand #232393408604:  Hold'em No Limit ($0.01/$0.02 USD) - 2021/12/20 21:50:07 PT [2021/12/21 0:50:07 ET]
Table 'Amelia III' 9-max Seat #9 is the button
Seat 1: Dorex2007 ($2 in chips) 
Seat 2: ShivaShango ($1.98 in chips) 
Seat 3: umka186 ($2 in chips) 
Seat 4: mooresie28 ($2.45 in chips) 
Seat 5: wtp7676 ($4.66 in chips) 
Seat 6: TheFantasy69 ($0.97 in chips) 
Seat 7: rpatenau91 ($1.35 in chips) 
Seat 8: LaoWang0215 ($0.58 in chips) 
Seat 9: Ebleco ($0.76 in chips) 
Dorex2007: posts small blind $0.01
ShivaShango: posts big blind $0.02
*** HOLE CARDS ***
Dealt to Dorex2007 [4c Th]
umka186: folds 
mooresie28: folds 
wtp7676: folds 
TheFantasy69: folds 
rpatenau91: folds 
LaoWang0215: calls $0.02
Ebleco: folds 
Dorex2007: folds 
ShivaShango: checks 
*** FLOP *** [Js 2c 2s]
ShivaShango: checks 
LaoWang0215: bets $0.02
ShivaShango: folds 
Uncalled bet ($0.02) returned to LaoWang0215
LaoWang0215 collected $0.05 from pot
LaoWang0215: doesn't show hand 
*** SUMMARY ***
Total pot $0.05 | Rake $0 
Board [Js 2c 2s]
Seat 1: Dorex2007 (small blind) folded before Flop
Seat 2: ShivaShango (big blind) folded on the Flop
Seat 3: umka186 folded before Flop (didn't bet)
Seat 4: mooresie28 folded before Flop (didn't bet)
Seat 5: wtp7676 folded before Flop (didn't bet)
Seat 6: TheFantasy69 folded before Flop (didn't bet)
Seat 7: rpatenau91 folded before Flop (didn't bet)
Seat 8: LaoWang0215 collected ($0.05)
Seat 9: Ebleco (button) folded before Flop (didn't bet)



PokerStars Hand #232393412339:  Hold'em No Limit ($0.01/$0.02 USD) - 2021/12/20 21:50:33 PT [2021/12/21 0:50:33 ET]
Table 'Amelia III' 9-max Seat #1 is the button
Seat 1: Dorex2007 ($2 in chips) 
Seat 2: ShivaShango ($1.96 in chips) 
Seat 3: umka186 ($2 in chips) 
Seat 4: mooresie28 ($2.45 in chips) 
Seat 5: wtp7676 ($4.66 in chips) 
Seat 6: TheFantasy69 ($0.97 in chips) 
Seat 7: rpatenau91 ($1.35 in chips) 
Seat 8: LaoWang0215 ($0.61 in chips) 
Seat 9: Ebleco ($0.76 in chips) 
ShivaShango: posts small blind $0.01
umka186: posts big blind $0.02
*** HOLE CARDS ***
Dealt to Dorex2007 [3h Qh]
mooresie28: folds 
wtp7676 has timed out
wtp7676: folds 
TheFantasy69: folds 
rpatenau91: folds 
LaoWang0215: calls $0.02
Ebleco: folds 
Dorex2007: folds 
ShivaShango: folds 
umka186: checks 
*** FLOP *** [7s 3d 5h]
umka186: checks 
LaoWang0215: checks 
*** TURN *** [7s 3d 5h] [Th]
umka186: checks 
LaoWang0215: bets $0.02
umka186: folds 
Uncalled bet ($0.02) returned to LaoWang0215
LaoWang0215 collected $0.05 from pot
LaoWang0215: doesn't show hand 
*** SUMMARY ***
Total pot $0.05 | Rake $0 
Board [7s 3d 5h Th]
Seat 1: Dorex2007 (button) folded before Flop (didn't bet)
Seat 2: ShivaShango (small blind) folded before Flop
Seat 3: umka186 (big blind) folded on the Turn
Seat 4: mooresie28 folded before Flop (didn't bet)
Seat 5: wtp7676 folded before Flop (didn't bet)
Seat 6: TheFantasy69 folded before Flop (didn't bet)
Seat 7: rpatenau91 folded before Flop (didn't bet)
Seat 8: LaoWang0215 collected ($0.05)
Seat 9: Ebleco folded before Flop (didn't bet)



PokerStars Hand #232393419183:  Hold'em No Limit ($0.01/$0.02 USD) - 2021/12/20 21:51:22 PT [2021/12/21 0:51:22 ET]
Table 'Amelia III' 9-max Seat #2 is the button
Seat 1: Dorex2007 ($2 in chips) 
Seat 2: ShivaShango ($1.95 in chips) 
Seat 3: umka186 ($2 in chips) 
Seat 4: mooresie28 ($2.45 in chips) 
Seat 6: TheFantasy69 ($0.97 in chips) 
Seat 7: rpatenau91 ($1.35 in chips) 
Seat 8: LaoWang0215 ($0.64 in chips) 
Seat 9: Ebleco ($0.76 in chips) 
umka186: posts small blind $0.01
mooresie28: posts big blind $0.02
*** HOLE CARDS ***
Dealt to Dorex2007 [3d As]
TheFantasy69: folds 
rpatenau91: folds 
LaoWang0215: calls $0.02
Ebleco: folds 
Dorex2007: folds 
ShivaShango: raises $0.04 to $0.06
umka186: folds 
mooresie28: folds 
LaoWang0215: calls $0.04
*** FLOP *** [6h Qh 9s]
LaoWang0215: checks 
ShivaShango: bets $0.05
LaoWang0215: folds 
Uncalled bet ($0.05) returned to ShivaShango
ShivaShango collected $0.14 from pot
ShivaShango: doesn't show hand 
*** SUMMARY ***
Total pot $0.15 | Rake $0.01 
Board [6h Qh 9s]
Seat 1: Dorex2007 folded before Flop (didn't bet)
Seat 2: ShivaShango (button) collected ($0.14)
Seat 3: umka186 (small blind) folded before Flop
Seat 4: mooresie28 (big blind) folded before Flop
Seat 6: TheFantasy69 folded before Flop (didn't bet)
Seat 7: rpatenau91 folded before Flop (didn't bet)
Seat 8: LaoWang0215 folded on the Flop
Seat 9: Ebleco folded before Flop (didn't bet)



PokerStars Hand #232393423309:  Hold'em No Limit ($0.01/$0.02 USD) - 2021/12/20 21:51:51 PT [2021/12/21 0:51:51 ET]
Table 'Amelia III' 9-max Seat #3 is the button
Seat 1: Dorex2007 ($2 in chips) 
Seat 2: ShivaShango ($2.03 in chips) 
Seat 3: umka186 ($2 in chips) 
Seat 4: mooresie28 ($2.43 in chips) 
Seat 5: wtp7676 ($4.66 in chips) 
Seat 6: TheFantasy69 ($0.97 in chips) 
Seat 7: rpatenau91 ($1.35 in chips) 
Seat 8: LaoWang0215 ($0.58 in chips) 
Seat 9: Ebleco ($0.76 in chips) 
mooresie28: posts small blind $0.01
wtp7676: posts big blind $0.02
*** HOLE CARDS ***
Dealt to Dorex2007 [Ad 7c]
TheFantasy69: raises $0.02 to $0.04
rpatenau91: folds 
LaoWang0215: calls $0.04
Ebleco: folds 
Dorex2007: folds 
ShivaShango: folds 
umka186: folds 
mooresie28: folds 
wtp7676: folds 
*** FLOP *** [2c 2h 6c]
TheFantasy69 is connected 
TheFantasy69: bets $0.04
LaoWang0215: calls $0.04
*** TURN *** [2c 2h 6c] [8s]
TheFantasy69: checks 
LaoWang0215: checks 
*** RIVER *** [2c 2h 6c 8s] [5s]
TheFantasy69: bets $0.04
LaoWang0215: raises $0.12 to $0.16
TheFantasy69: folds 
Uncalled bet ($0.12) returned to LaoWang0215
LaoWang0215 collected $0.26 from pot
LaoWang0215: doesn't show hand 
*** SUMMARY ***
Total pot $0.27 | Rake $0.01 
Board [2c 2h 6c 8s 5s]
Seat 1: Dorex2007 folded before Flop (didn't bet)
Seat 2: ShivaShango folded before Flop (didn't bet)
Seat 3: umka186 (button) folded before Flop (didn't bet)
Seat 4: mooresie28 (small blind) folded before Flop
Seat 5: wtp7676 (big blind) folded before Flop
Seat 6: TheFantasy69 folded on the River
Seat 7: rpatenau91 folded before Flop (didn't bet)
Seat 8: LaoWang0215 collected ($0.26)
Seat 9: Ebleco folded before Flop (didn't bet)



PokerStars Hand #232393431644:  Hold'em No Limit ($0.01/$0.02 USD) - 2021/12/20 21:52:50 PT [2021/12/21 0:52:50 ET]
Table 'Amelia III' 9-max Seat #4 is the button
Seat 1: Dorex2007 ($2 in chips) 
Seat 2: ShivaShango ($2.03 in chips) 
Seat 3: umka186 ($2 in chips) 
Seat 4: mooresie28 ($2.42 in chips) 
Seat 5: wtp7676 ($4.64 in chips) 
Seat 6: TheFantasy69 ($0.85 in chips) 
Seat 7: rpatenau91 ($1.35 in chips) 
Seat 8: LaoWang0215 ($0.72 in chips) 
Seat 9: Ebleco ($0.76 in chips) 
wtp7676: posts small blind $0.01
TheFantasy69: posts big blind $0.02
*** HOLE CARDS ***
Dealt to Dorex2007 [Kd 4d]
rpatenau91: folds 
LaoWang0215: folds 
Ebleco: folds 
Dorex2007: folds 
ShivaShango: folds 
umka186: folds 
mooresie28: folds 
wtp7676: folds 
Uncalled bet ($0.01) returned to TheFantasy69
TheFantasy69 collected $0.02 from pot
TheFantasy69: doesn't show hand 
*** SUMMARY ***
Total pot $0.02 | Rake $0 
Seat 1: Dorex2007 folded before Flop (didn't bet)
Seat 2: ShivaShango folded before Flop (didn't bet)
Seat 3: umka186 folded before Flop (didn't bet)
Seat 4: mooresie28 (button) folded before Flop (didn't bet)
Seat 5: wtp7676 (small blind) folded before Flop
Seat 6: TheFantasy69 (big blind) collected ($0.02)
Seat 7: rpatenau91 folded before Flop (didn't bet)
Seat 8: LaoWang0215 folded before Flop (didn't bet)
Seat 9: Ebleco folded before Flop (didn't bet)



PokerStars Hand #232393433884:  Hold'em No Limit ($0.01/$0.02 USD) - 2021/12/20 21:53:06 PT [2021/12/21 0:53:06 ET]
Table 'Amelia III' 9-max Seat #5 is the button
Seat 1: Dorex2007 ($2 in chips) 
Seat 2: ShivaShango ($2.03 in chips) 
Seat 3: umka186 ($2 in chips) 
Seat 4: mooresie28 ($2.42 in chips) 
Seat 5: wtp7676 ($4.63 in chips) 
Seat 6: TheFantasy69 ($0.86 in chips) 
Seat 7: rpatenau91 ($1.35 in chips) 
Seat 8: LaoWang0215 ($0.72 in chips) 
Seat 9: Ebleco ($0.76 in chips) 
TheFantasy69: posts small blind $0.01
rpatenau91: posts big blind $0.02
*** HOLE CARDS ***
Dealt to Dorex2007 [8d Kd]
LaoWang0215: calls $0.02
Ebleco: folds 
Dorex2007: folds 
ShivaShango: folds 
umka186: calls $0.02
mooresie28: folds 
wtp7676 has timed out
wtp7676: folds 
TheFantasy69: calls $0.01
rpatenau91: checks 
*** FLOP *** [Qs 6s 2h]
TheFantasy69: checks 
rpatenau91: checks 
LaoWang0215: bets $0.04
umka186: folds 
ShivaShango leaves the table
TheFantasy69: folds 
rpatenau91: folds 
Uncalled bet ($0.04) returned to LaoWang0215
LaoWang0215 collected $0.08 from pot
LaoWang0215: doesn't show hand 
*** SUMMARY ***
Total pot $0.08 | Rake $0 
Board [Qs 6s 2h]
Seat 1: Dorex2007 folded before Flop (didn't bet)
Seat 2: ShivaShango folded before Flop (didn't bet)
Seat 3: umka186 folded on the Flop
Seat 4: mooresie28 folded before Flop (didn't bet)
Seat 5: wtp7676 (button) folded before Flop (didn't bet)
Seat 6: TheFantasy69 (small blind) folded on the Flop
Seat 7: rpatenau91 (big blind) folded on the Flop
Seat 8: LaoWang0215 collected ($0.08)
Seat 9: Ebleco folded before Flop (didn't bet)



PokerStars Hand #232393441533:  Hold'em No Limit ($0.01/$0.02 USD) - 2021/12/20 21:54:01 PT [2021/12/21 0:54:01 ET]
Table 'Amelia III' 9-max Seat #6 is the button
Seat 1: Dorex2007 ($2 in chips) 
Seat 3: umka186 ($2 in chips) 
Seat 4: mooresie28 ($2.42 in chips) 
Seat 5: wtp7676 ($4.63 in chips) 
Seat 6: TheFantasy69 ($0.84 in chips) 
Seat 7: rpatenau91 ($1.33 in chips) 
Seat 8: LaoWang0215 ($0.78 in chips) 
Seat 9: Ebleco ($0.76 in chips) 
rpatenau91: posts small blind $0.01
LaoWang0215: posts big blind $0.02
*** HOLE CARDS ***
Dealt to Dorex2007 [Ah 6d]
Ebleco: folds 
Dorex2007: folds 
umka186: folds 
mooresie28: folds 
wtp7676: calls $0.02
vitalii anatol joins the table at seat #2 
TheFantasy69: folds 
rpatenau91: folds 
LaoWang0215: checks 
*** FLOP *** [Ks 9d 3s]
LaoWang0215: checks 
wtp7676: checks 
*** TURN *** [Ks 9d 3s] [5c]
LaoWang0215: bets $0.02
wtp7676: calls $0.02
*** RIVER *** [Ks 9d 3s 5c] [6h]
LaoWang0215: bets $0.02
wtp7676: calls $0.02
*** SHOW DOWN ***
LaoWang0215: shows [8h 9c] (a pair of Nines)
wtp7676: mucks hand 
LaoWang0215 collected $0.13 from pot
*** SUMMARY ***
Total pot $0.13 | Rake $0 
Board [Ks 9d 3s 5c 6h]
Seat 1: Dorex2007 folded before Flop (didn't bet)
Seat 3: umka186 folded before Flop (didn't bet)
Seat 4: mooresie28 folded before Flop (didn't bet)
Seat 5: wtp7676 mucked [Jc Qc]
Seat 6: TheFantasy69 (button) folded before Flop (didn't bet)
Seat 7: rpatenau91 (small blind) folded before Flop
Seat 8: LaoWang0215 (big blind) showed [8h 9c] and won ($0.13) with a pair of Nines
Seat 9: Ebleco folded before Flop (didn't bet)



PokerStars Hand #232393445651:  Hold'em No Limit ($0.01/$0.02 USD) - 2021/12/20 21:54:30 PT [2021/12/21 0:54:30 ET]
Table 'Amelia III' 9-max Seat #7 is the button
Seat 1: Dorex2007 ($2 in chips) 
Seat 2: vitalii anatol ($0.80 in chips) 
Seat 3: umka186 ($2 in chips) 
Seat 4: mooresie28 ($2.42 in chips) 
Seat 5: wtp7676 ($4.57 in chips) 
Seat 6: TheFantasy69 ($0.84 in chips) 
Seat 7: rpatenau91 ($1.32 in chips) 
Seat 8: LaoWang0215 ($0.85 in chips) 
LaoWang0215: posts small blind $0.01
Ebleco: is sitting out 
Dorex2007: posts big blind $0.02
vitalii anatol: posts big blind $0.02
*** HOLE CARDS ***
Dealt to Dorex2007 [8s 5h]
vitalii anatol: checks 
Ebleco leaves the table
umka186: folds 
mooresie28: folds 
wtp7676: calls $0.02
TheFantasy69: calls $0.02
rpatenau91: calls $0.02
LaoWang0215: calls $0.01
Dorex2007: checks 
*** FLOP *** [5s Jh 7d]
LaoWang0215: checks 
Dorex2007: checks 
vitalii anatol: checks 
wtp7676: checks 
TheFantasy69: checks 
rpatenau91: checks 
*** TURN *** [5s Jh 7d] [8h]
LaoWang0215: bets $0.02
Dorex2007: raises $0.11 to $0.13
vitalii anatol: folds 
wtp7676: folds 
TheFantasy69: folds 
rpatenau91: calls $0.13
LaoWang0215: folds 
*** RIVER *** [5s Jh 7d 8h] [Ah]
Dorex2007: checks 
rpatenau91: checks 
*** SHOW DOWN ***
Dorex2007: shows [8s 5h] (two pair, Eights and Fives)
rpatenau91: mucks hand 
Dorex2007 collected $0.39 from pot
*** SUMMARY ***
Total pot $0.40 | Rake $0.01 
Board [5s Jh 7d 8h Ah]
Seat 1: Dorex2007 (big blind) showed [8s 5h] and won ($0.39) with two pair, Eights and Fives
Seat 2: vitalii anatol folded on the Turn (didn't bet)
Seat 3: umka186 folded before Flop (didn't bet)
Seat 4: mooresie28 folded before Flop (didn't bet)
Seat 5: wtp7676 folded on the Turn
Seat 6: TheFantasy69 folded on the Turn
Seat 7: rpatenau91 (button) mucked [9d 9c]
Seat 8: LaoWang0215 (small blind) folded on the Turn



PokerStars Hand #232393456376:  Hold'em No Limit ($0.01/$0.02 USD) - 2021/12/20 21:55:50 PT [2021/12/21 0:55:50 ET]
Table 'Amelia III' 9-max Seat #8 is the button
Seat 1: Dorex2007 ($2.24 in chips) 
Seat 2: vitalii anatol ($0.78 in chips) 
Seat 3: umka186 ($2 in chips) 
Seat 4: mooresie28 ($2.42 in chips) 
Seat 5: wtp7676 ($4.55 in chips) 
Seat 6: TheFantasy69 ($0.82 in chips) 
Seat 7: rpatenau91 ($1.17 in chips) 
Seat 8: LaoWang0215 ($0.81 in chips) 
Dorex2007: posts small blind $0.01
vitalii anatol: posts big blind $0.02
*** HOLE CARDS ***
Dealt to Dorex2007 [2s 6c]
umka186: folds 
mooresie28: folds 
wtp7676 has timed out
wtp7676: folds 
TheFantasy69: raises $0.02 to $0.04
CC7A joins the table at seat #9 
rpatenau91: folds 
LaoWang0215: folds 
Dorex2007: folds 
vitalii anatol: calls $0.02
*** FLOP *** [Ad Kd Js]
vitalii anatol: checks 
TheFantasy69: bets $0.04
vitalii anatol: folds 
Uncalled bet ($0.04) returned to TheFantasy69
TheFantasy69 collected $0.09 from pot
TheFantasy69: doesn't show hand 
*** SUMMARY ***
Total pot $0.09 | Rake $0 
Board [Ad Kd Js]
Seat 1: Dorex2007 (small blind) folded before Flop
Seat 2: vitalii anatol (big blind) folded on the Flop
Seat 3: umka186 folded before Flop (didn't bet)
Seat 4: mooresie28 folded before Flop (didn't bet)
Seat 5: wtp7676 folded before Flop (didn't bet)
Seat 6: TheFantasy69 collected ($0.09)
Seat 7: rpatenau91 folded before Flop (didn't bet)
Seat 8: LaoWang0215 (button) folded before Flop (didn't bet)



PokerStars Hand #232393460232:  Hold'em No Limit ($0.01/$0.02 USD) - 2021/12/20 21:56:22 PT [2021/12/21 0:56:22 ET]
Table 'Amelia III' 9-max Seat #1 is the button
Seat 1: Dorex2007 ($2.23 in chips) 
Seat 2: vitalii anatol ($0.74 in chips) 
Seat 3: umka186 ($2 in chips) 
Seat 4: mooresie28 ($2.42 in chips) 
Seat 5: wtp7676 ($4.55 in chips) 
Seat 6: TheFantasy69 ($0.87 in chips) 
Seat 7: rpatenau91 ($1.17 in chips) 
Seat 8: LaoWang0215 ($0.81 in chips) 
vitalii anatol: posts small blind $0.01
umka186: posts big blind $0.02
CC7A: sits out 
*** HOLE CARDS ***
Dealt to Dorex2007 [Js 5d]
mooresie28: raises $0.02 to $0.04
wtp7676: folds 
TheFantasy69: folds 
rpatenau91: calls $0.04
LaoWang0215: calls $0.04
Dorex2007: folds 
vitalii anatol: folds 
umka186: folds 
*** FLOP *** [8d Kh 3h]
mooresie28: bets $0.06
rpatenau91: calls $0.06
LaoWang0215: folds 
*** TURN *** [8d Kh 3h] [2d]
mooresie28: bets $0.08
rpatenau91: folds 
Uncalled bet ($0.08) returned to mooresie28
mooresie28 collected $0.26 from pot
mooresie28: doesn't show hand 
*** SUMMARY ***
Total pot $0.27 | Rake $0.01 
Board [8d Kh 3h 2d]
Seat 1: Dorex2007 (button) folded before Flop (didn't bet)
Seat 2: vitalii anatol (small blind) folded before Flop
Seat 3: umka186 (big blind) folded before Flop
Seat 4: mooresie28 collected ($0.26)
Seat 5: wtp7676 folded before Flop (didn't bet)
Seat 6: TheFantasy69 folded before Flop (didn't bet)
Seat 7: rpatenau91 folded on the Turn
Seat 8: LaoWang0215 folded on the Flop



PokerStars Hand #232393466433:  Hold'em No Limit ($0.01/$0.02 USD) - 2021/12/20 21:57:13 PT [2021/12/21 0:57:13 ET]
Table 'Amelia III' 9-max Seat #2 is the button
Seat 1: Dorex2007 ($2.23 in chips) 
Seat 2: vitalii anatol ($0.73 in chips) 
Seat 3: umka186 ($2 in chips) 
Seat 4: mooresie28 ($2.58 in chips) 
Seat 5: wtp7676 ($4.55 in chips) 
Seat 6: TheFantasy69 ($0.87 in chips) 
Seat 7: rpatenau91 ($1.07 in chips) 
Seat 8: LaoWang0215 ($0.77 in chips) 
Seat 9: CC7A ($2 in chips) 
umka186: posts small blind $0.01
mooresie28: posts big blind $0.02
CC7A: posts big blind $0.02
*** HOLE CARDS ***
Dealt to Dorex2007 [Tc 2c]
wtp7676: folds 
TheFantasy69: folds 
rpatenau91: folds 
LaoWang0215: folds 
CC7A: checks 
Dorex2007: folds 
vitalii anatol: calls $0.02
umka186: folds 
mooresie28: checks 
*** FLOP *** [9h 4s 8d]
mooresie28: checks 
CC7A: checks 
vitalii anatol: checks 
*** TURN *** [9h 4s 8d] [Js]
mooresie28: bets $0.04
CC7A: folds 
vitalii anatol: folds 
Uncalled bet ($0.04) returned to mooresie28
mooresie28 collected $0.07 from pot
mooresie28: doesn't show hand 
*** SUMMARY ***
Total pot $0.07 | Rake $0 
Board [9h 4s 8d Js]
Seat 1: Dorex2007 folded before Flop (didn't bet)
Seat 2: vitalii anatol (button) folded on the Turn
Seat 3: umka186 (small blind) folded before Flop
Seat 4: mooresie28 (big blind) collected ($0.07)
Seat 5: wtp7676 folded before Flop (didn't bet)
Seat 6: TheFantasy69 folded before Flop (didn't bet)
Seat 7: rpatenau91 folded before Flop (didn't bet)
Seat 8: LaoWang0215 folded before Flop (didn't bet)
Seat 9: CC7A folded on the Turn (didn't bet)



PokerStars Hand #232393472245:  Hold'em No Limit ($0.01/$0.02 USD) - 2021/12/20 21:58:00 PT [2021/12/21 0:58:00 ET]
Table 'Amelia III' 9-max Seat #3 is the button
Seat 1: Dorex2007 ($2.23 in chips) 
Seat 2: vitalii anatol ($0.71 in chips) 
Seat 3: umka186 ($2 in chips) 
Seat 4: mooresie28 ($2.63 in chips) 
Seat 5: wtp7676 ($4.55 in chips) 
Seat 6: TheFantasy69 ($0.87 in chips) 
Seat 7: rpatenau91 ($1.07 in chips) 
Seat 8: LaoWang0215 ($0.77 in chips) 
Seat 9: CC7A ($1.98 in chips) 
mooresie28: posts small blind $0.01
wtp7676: posts big blind $0.02
*** HOLE CARDS ***
Dealt to Dorex2007 [Qd 6s]
TheFantasy69: raises $0.02 to $0.04
rpatenau91: folds 
LaoWang0215: calls $0.04
CC7A: raises $0.15 to $0.19
Dorex2007: folds 
vitalii anatol: folds 
umka186: folds 
mooresie28: folds 
wtp7676: calls $0.17
TheFantasy69: folds 
LaoWang0215: folds 
*** FLOP *** [3c 6h 2s]
wtp7676: checks 
CC7A: checks 
*** TURN *** [3c 6h 2s] [7h]
wtp7676: checks 
CC7A: bets $0.26
wtp7676: calls $0.26
*** RIVER *** [3c 6h 2s 7h] [4h]
wtp7676: checks 
CC7A: bets $1.53 and is all-in
wtp7676: folds 
Uncalled bet ($1.53) returned to CC7A
CC7A collected $0.96 from pot
CC7A: doesn't show hand 
*** SUMMARY ***
Total pot $0.99 | Rake $0.03 
Board [3c 6h 2s 7h 4h]
Seat 1: Dorex2007 folded before Flop (didn't bet)
Seat 2: vitalii anatol folded before Flop (didn't bet)
Seat 3: umka186 (button) folded before Flop (didn't bet)
Seat 4: mooresie28 (small blind) folded before Flop
Seat 5: wtp7676 (big blind) folded on the River
Seat 6: TheFantasy69 folded before Flop
Seat 7: rpatenau91 folded before Flop (didn't bet)
Seat 8: LaoWang0215 folded before Flop
Seat 9: CC7A collected ($0.96)



PokerStars Hand #232393482734:  Hold'em No Limit ($0.01/$0.02 USD) - 2021/12/20 21:59:26 PT [2021/12/21 0:59:26 ET]
Table 'Amelia III' 9-max Seat #4 is the button
Seat 1: Dorex2007 ($2.23 in chips) 
Seat 2: vitalii anatol ($0.71 in chips) 
Seat 3: umka186 ($2 in chips) 
Seat 4: mooresie28 ($2.62 in chips) 
Seat 5: wtp7676 ($4.10 in chips) 
Seat 7: rpatenau91 ($1.07 in chips) 
Seat 8: LaoWang0215 ($0.73 in chips) 
Seat 9: CC7A ($2.49 in chips) 
wtp7676: posts small blind $0.01
rpatenau91: posts big blind $0.02
*** HOLE CARDS ***
Dealt to Dorex2007 [4d 8h]
LaoWang0215: folds 
CC7A: folds 
Dorex2007: folds 
TheFantasy69 leaves the table
vitalii anatol: calls $0.02
umka186: folds 
mooresie28: folds 
wtp7676: calls $0.01
rpatenau91: checks 
*** FLOP *** [5d Ah 3d]
wtp7676: checks 
rpatenau91: checks 
vitalii anatol: checks 
*** TURN *** [5d Ah 3d] [3h]
wtp7676: bets $0.08
rpatenau91: calls $0.08
vitalii anatol: folds 
*** RIVER *** [5d Ah 3d 3h] [Ac]
wtp7676: bets $0.21
rpatenau91: calls $0.21
*** SHOW DOWN ***
wtp7676: shows [Ts Ad] (a full house, Aces full of Threes)
rpatenau91: mucks hand 
wtp7676 collected $0.62 from pot
*** SUMMARY ***
Total pot $0.64 | Rake $0.02 
Board [5d Ah 3d 3h Ac]
Seat 1: Dorex2007 folded before Flop (didn't bet)
Seat 2: vitalii anatol folded on the Turn
Seat 3: umka186 folded before Flop (didn't bet)
Seat 4: mooresie28 (button) folded before Flop (didn't bet)
Seat 5: wtp7676 (small blind) showed [Ts Ad] and won ($0.62) with a full house, Aces full of Threes
Seat 7: rpatenau91 (big blind) mucked [3c 9d]
Seat 8: LaoWang0215 folded before Flop (didn't bet)
Seat 9: CC7A folded before Flop (didn't bet)



PokerStars Hand #232393493501:  Hold'em No Limit ($0.01/$0.02 USD) - 2021/12/20 22:00:52 PT [2021/12/21 1:00:52 ET]
Table 'Amelia III' 9-max Seat #5 is the button
Seat 1: Dorex2007 ($2.23 in chips) 
Seat 2: vitalii anatol ($0.69 in chips) 
Seat 3: umka186 ($2 in chips) 
Seat 4: mooresie28 ($2.62 in chips) 
Seat 5: wtp7676 ($4.41 in chips) 
Seat 7: rpatenau91 ($0.76 in chips) 
Seat 8: LaoWang0215 ($0.73 in chips) 
Seat 9: CC7A ($2.49 in chips) 
rpatenau91: posts small blind $0.01
LaoWang0215: posts big blind $0.02
*** HOLE CARDS ***
Dealt to Dorex2007 [4s Kh]
CC7A: folds 
Dorex2007: folds 
nandomar1986 joins the table at seat #6 
vitalii anatol: calls $0.02
umka186: folds 
mooresie28: folds 
wtp7676: folds 
rpatenau91: folds 
LaoWang0215: checks 
*** FLOP *** [2d Qd Jc]
LaoWang0215: checks 
vitalii anatol: checks 
*** TURN *** [2d Qd Jc] [Ks]
LaoWang0215: checks 
vitalii anatol: checks 
*** RIVER *** [2d Qd Jc Ks] [Ah]
LaoWang0215: checks 
vitalii anatol: bets $0.02
LaoWang0215: folds 
Uncalled bet ($0.02) returned to vitalii anatol
vitalii anatol collected $0.05 from pot
vitalii anatol: doesn't show hand 
*** SUMMARY ***
Total pot $0.05 | Rake $0 
Board [2d Qd Jc Ks Ah]
Seat 1: Dorex2007 folded before Flop (didn't bet)
Seat 2: vitalii anatol collected ($0.05)
Seat 3: umka186 folded before Flop (didn't bet)
Seat 4: mooresie28 folded before Flop (didn't bet)
Seat 5: wtp7676 (button) folded before Flop (didn't bet)
Seat 7: rpatenau91 (small blind) folded before Flop
Seat 8: LaoWang0215 (big blind) folded on the River
Seat 9: CC7A folded before Flop (didn't bet)



PokerStars Hand #232393497693:  Hold'em No Limit ($0.01/$0.02 USD) - 2021/12/20 22:01:23 PT [2021/12/21 1:01:23 ET]
Table 'Amelia III' 9-max Seat #7 is the button
Seat 1: Dorex2007 ($2.23 in chips) 
Seat 2: vitalii anatol ($0.72 in chips) 
Seat 3: umka186 ($2 in chips) 
Seat 4: mooresie28 ($2.62 in chips) 
Seat 5: wtp7676 ($4.41 in chips) 
Seat 6: nandomar1986 ($2 in chips) 
Seat 7: rpatenau91 ($0.75 in chips) 
Seat 8: LaoWang0215 ($0.71 in chips) 
Seat 9: CC7A ($2.49 in chips) 
LaoWang0215: posts small blind $0.01
CC7A: posts big blind $0.02
nandomar1986: posts big blind $0.02
*** HOLE CARDS ***
Dealt to Dorex2007 [3c 5s]
Dorex2007: folds 
vitalii anatol: calls $0.02
umka186: folds 
mooresie28: folds 
wtp7676: folds 
nandomar1986: checks 
rpatenau91: folds 
LaoWang0215: calls $0.01
CC7A: checks 
*** FLOP *** [6d Ts 3d]
LaoWang0215: checks 
CC7A: checks 
vitalii anatol: checks 
nandomar1986: checks 
*** TURN *** [6d Ts 3d] [5h]
LaoWang0215: checks 
CC7A: checks 
vitalii anatol: checks 
nandomar1986: checks 
*** RIVER *** [6d Ts 3d 5h] [7s]
LaoWang0215: checks 
CC7A: bets $0.08
vitalii anatol: folds 
nandomar1986: folds 
LaoWang0215: folds 
Uncalled bet ($0.08) returned to CC7A
CC7A collected $0.08 from pot
CC7A: doesn't show hand 
*** SUMMARY ***
Total pot $0.08 | Rake $0 
Board [6d Ts 3d 5h 7s]
Seat 1: Dorex2007 folded before Flop (didn't bet)
Seat 2: vitalii anatol folded on the River
Seat 3: umka186 folded before Flop (didn't bet)
Seat 4: mooresie28 folded before Flop (didn't bet)
Seat 5: wtp7676 folded before Flop (didn't bet)
Seat 6: nandomar1986 folded on the River (didn't bet)
Seat 7: rpatenau91 (button) folded before Flop (didn't bet)
Seat 8: LaoWang0215 (small blind) folded on the River
Seat 9: CC7A (big blind) collected ($0.08)



PokerStars Hand #232393503975:  Hold'em No Limit ($0.01/$0.02 USD) - 2021/12/20 22:02:09 PT [2021/12/21 1:02:09 ET]
Table 'Amelia III' 9-max Seat #8 is the button
Seat 1: Dorex2007 ($2.23 in chips) 
Seat 2: vitalii anatol ($0.70 in chips) 
Seat 3: umka186 ($2 in chips) 
Seat 4: mooresie28 ($2.62 in chips) 
Seat 5: wtp7676 ($4.41 in chips) 
Seat 6: nandomar1986 ($1.98 in chips) 
Seat 7: rpatenau91 ($0.75 in chips) 
Seat 8: LaoWang0215 ($0.69 in chips) 
Seat 9: CC7A ($2.55 in chips) 
CC7A: posts small blind $0.01
Dorex2007: posts big blind $0.02
*** HOLE CARDS ***
Dealt to Dorex2007 [3c 9d]
vitalii anatol: folds 
umka186: folds 
mooresie28: calls $0.02
wtp7676: calls $0.02
nandomar1986: calls $0.02
rpatenau91: folds 
LaoWang0215: calls $0.02
CC7A: calls $0.01
Dorex2007: checks 
*** FLOP *** [7c Kd Qc]
CC7A: checks 
Dorex2007: checks 
mooresie28: checks 
wtp7676: checks 
nandomar1986: checks 
LaoWang0215: checks 
*** TURN *** [7c Kd Qc] [6h]
CC7A: checks 
Dorex2007: checks 
mooresie28: checks 
wtp7676: checks 
nandomar1986: bets $0.04
LaoWang0215: calls $0.04
CC7A: folds 
Dorex2007: folds 
mooresie28: folds 
wtp7676: calls $0.04
*** RIVER *** [7c Kd Qc 6h] [4s]
wtp7676: checks 
nandomar1986: bets $0.06
LaoWang0215: folds 
wtp7676: folds 
Uncalled bet ($0.06) returned to nandomar1986
nandomar1986 collected $0.23 from pot
nandomar1986: doesn't show hand 
*** SUMMARY ***
Total pot $0.24 | Rake $0.01 
Board [7c Kd Qc 6h 4s]
Seat 1: Dorex2007 (big blind) folded on the Turn
Seat 2: vitalii anatol folded before Flop (didn't bet)
Seat 3: umka186 folded before Flop (didn't bet)
Seat 4: mooresie28 folded on the Turn
Seat 5: wtp7676 folded on the River
Seat 6: nandomar1986 collected ($0.23)
Seat 7: rpatenau91 folded before Flop (didn't bet)
Seat 8: LaoWang0215 (button) folded on the River
Seat 9: CC7A (small blind) folded on the Turn



PokerStars Hand #232393515065:  Hold'em No Limit ($0.01/$0.02 USD) - 2021/12/20 22:03:28 PT [2021/12/21 1:03:28 ET]
Table 'Amelia III' 9-max Seat #9 is the button
Seat 1: Dorex2007 ($2.21 in chips) 
Seat 2: vitalii anatol ($0.70 in chips) 
Seat 3: umka186 ($2 in chips) 
Seat 4: mooresie28 ($2.60 in chips) 
Seat 5: wtp7676 ($4.35 in chips) 
Seat 6: nandomar1986 ($2.15 in chips) 
Seat 7: rpatenau91 ($0.75 in chips) 
Seat 8: LaoWang0215 ($0.63 in chips) 
Seat 9: CC7A ($2.53 in chips) 
Dorex2007: posts small blind $0.01
vitalii anatol: posts big blind $0.02
*** HOLE CARDS ***
Dealt to Dorex2007 [Td Ah]
umka186: folds 
mooresie28: folds 
wtp7676: folds 
nandomar1986: calls $0.02
rpatenau91: folds 
LaoWang0215: calls $0.02
CC7A: calls $0.02
Dorex2007: calls $0.01
vitalii anatol: checks 
*** FLOP *** [Kd 9c 6c]
Dorex2007: checks 
vitalii anatol: checks 
nandomar1986: bets $0.06
LaoWang0215: calls $0.06
CC7A: folds 
Dorex2007: folds 
vitalii anatol: folds 
*** TURN *** [Kd 9c 6c] [4d]
nandomar1986: bets $0.06
LaoWang0215: calls $0.06
*** RIVER *** [Kd 9c 6c 4d] [Kh]
nandomar1986: bets $0.33
LaoWang0215: calls $0.33
*** SHOW DOWN ***
nandomar1986: shows [6h Kc] (a full house, Kings full of Sixes)
LaoWang0215: mucks hand 
nandomar1986 collected $0.96 from pot
*** SUMMARY ***
Total pot $1 | Rake $0.04 
Board [Kd 9c 6c 4d Kh]
Seat 1: Dorex2007 (small blind) folded on the Flop
Seat 2: vitalii anatol (big blind) folded on the Flop
Seat 3: umka186 folded before Flop (didn't bet)
Seat 4: mooresie28 folded before Flop (didn't bet)
Seat 5: wtp7676 folded before Flop (didn't bet)
Seat 6: nandomar1986 showed [6h Kc] and won ($0.96) with a full house, Kings full of Sixes
Seat 7: rpatenau91 folded before Flop (didn't bet)
Seat 8: LaoWang0215 mucked [Ks 8s]
Seat 9: CC7A (button) folded on the Flop



PokerStars Hand #232393523213:  Hold'em No Limit ($0.01/$0.02 USD) - 2021/12/20 22:04:26 PT [2021/12/21 1:04:26 ET]
Table 'Amelia III' 9-max Seat #1 is the button
Seat 1: Dorex2007 ($2.19 in chips) 
Seat 2: vitalii anatol ($0.68 in chips) 
Seat 3: umka186 ($2 in chips) 
Seat 4: mooresie28 ($2.60 in chips) 
Seat 5: wtp7676 ($4.35 in chips) 
Seat 6: nandomar1986 ($2.64 in chips) 
Seat 7: rpatenau91 ($0.75 in chips) 
Seat 8: LaoWang0215 ($0.16 in chips) 
Seat 9: CC7A ($2.51 in chips) 
vitalii anatol: posts small blind $0.01
umka186: posts big blind $0.02
*** HOLE CARDS ***
Dealt to Dorex2007 [Ac 6d]
mooresie28: folds 
wtp7676: calls $0.02
nandomar1986: calls $0.02
rpatenau91: calls $0.02
LaoWang0215: calls $0.02
CC7A: folds 
Dorex2007: folds 
vitalii anatol: folds 
umka186: checks 
*** FLOP *** [7h 3h 4h]
umka186: checks 
wtp7676: checks 
nandomar1986: checks 
rpatenau91: checks 
LaoWang0215: checks 
*** TURN *** [7h 3h 4h] [Kc]
umka186: checks 
wtp7676: checks 
nandomar1986: bets $0.12
rpatenau91: folds 
LaoWang0215: folds 
umka186: folds 
wtp7676: raises $0.12 to $0.24
nandomar1986: calls $0.12
*** RIVER *** [7h 3h 4h Kc] [Th]
wtp7676: bets $0.36
nandomar1986: calls $0.36
*** SHOW DOWN ***
wtp7676: shows [Jd Kh] (a flush, King high)
nandomar1986: mucks hand 
wtp7676 collected $1.26 from pot
*** SUMMARY ***
Total pot $1.31 | Rake $0.05 
Board [7h 3h 4h Kc Th]
Seat 1: Dorex2007 (button) folded before Flop (didn't bet)
Seat 2: vitalii anatol (small blind) folded before Flop
Seat 3: umka186 (big blind) folded on the Turn
Seat 4: mooresie28 folded before Flop (didn't bet)
Seat 5: wtp7676 showed [Jd Kh] and won ($1.26) with a flush, King high
Seat 6: nandomar1986 mucked [8h 5h]
Seat 7: rpatenau91 folded on the Turn
Seat 8: LaoWang0215 folded on the Turn
Seat 9: CC7A folded before Flop (didn't bet)



PokerStars Hand #232393533828:  Hold'em No Limit ($0.01/$0.02 USD) - 2021/12/20 22:05:41 PT [2021/12/21 1:05:41 ET]
Table 'Amelia III' 9-max Seat #2 is the button
Seat 1: Dorex2007 ($2.19 in chips) 
Seat 2: vitalii anatol ($0.67 in chips) 
Seat 3: umka186 ($2 in chips) 
Seat 4: mooresie28 ($2.60 in chips) 
Seat 5: wtp7676 ($4.99 in chips) 
Seat 6: nandomar1986 ($2.02 in chips) 
Seat 7: rpatenau91 ($0.73 in chips) 
Seat 8: LaoWang0215 ($0.14 in chips) 
Seat 9: CC7A ($2.51 in chips) 
umka186: posts small blind $0.01
mooresie28: posts big blind $0.02
*** HOLE CARDS ***
Dealt to Dorex2007 [4h Qc]
wtp7676: folds 
nandomar1986: calls $0.02
rpatenau91: folds 
LaoWang0215: calls $0.02
CC7A: raises $0.09 to $0.11
Dorex2007: folds 
vitalii anatol: folds 
umka186: folds 
mooresie28: folds 
nandomar1986: folds 
LaoWang0215: folds 
Uncalled bet ($0.09) returned to CC7A
CC7A collected $0.09 from pot
CC7A: doesn't show hand 
*** SUMMARY ***
Total pot $0.09 | Rake $0 
Seat 1: Dorex2007 folded before Flop (didn't bet)
Seat 2: vitalii anatol (button) folded before Flop (didn't bet)
Seat 3: umka186 (small blind) folded before Flop
Seat 4: mooresie28 (big blind) folded before Flop
Seat 5: wtp7676 folded before Flop (didn't bet)
Seat 6: nandomar1986 folded before Flop
Seat 7: rpatenau91 folded before Flop (didn't bet)
Seat 8: LaoWang0215 folded before Flop
Seat 9: CC7A collected ($0.09)



PokerStars Hand #232393536745:  Hold'em No Limit ($0.01/$0.02 USD) - 2021/12/20 22:06:02 PT [2021/12/21 1:06:02 ET]
Table 'Amelia III' 9-max Seat #3 is the button
Seat 1: Dorex2007 ($2.19 in chips) 
Seat 2: vitalii anatol ($0.67 in chips) 
Seat 3: umka186 ($2 in chips) 
Seat 4: mooresie28 ($2.58 in chips) 
Seat 5: wtp7676 ($4.99 in chips) 
Seat 6: nandomar1986 ($2 in chips) 
Seat 7: rpatenau91 ($0.73 in chips) 
Seat 8: LaoWang0215 ($0.12 in chips) 
Seat 9: CC7A ($2.58 in chips) 
mooresie28: posts small blind $0.01
wtp7676: posts big blind $0.02
*** HOLE CARDS ***
Dealt to Dorex2007 [Kd Qc]
nandomar1986: calls $0.02
rpatenau91: folds 
LaoWang0215: calls $0.02
CC7A: folds 
Dorex2007: calls $0.02
vitalii anatol: folds 
umka186: folds 
mooresie28: folds 
wtp7676: checks 
*** FLOP *** [9s 9h Qs]
wtp7676: checks 
nandomar1986: checks 
LaoWang0215: checks 
Dorex2007: bets $0.09
wtp7676: folds 
nandomar1986: calls $0.09
LaoWang0215: folds 
*** TURN *** [9s 9h Qs] [Ks]
nandomar1986: checks 
Dorex2007: checks 
*** RIVER *** [9s 9h Qs Ks] [6h]
nandomar1986: bets $0.02
Dorex2007: calls $0.02
*** SHOW DOWN ***
nandomar1986: shows [8c As] (a pair of Nines)
Dorex2007: shows [Kd Qc] (two pair, Kings and Queens)
Dorex2007 collected $0.30 from pot
*** SUMMARY ***
Total pot $0.31 | Rake $0.01 
Board [9s 9h Qs Ks 6h]
Seat 1: Dorex2007 showed [Kd Qc] and won ($0.30) with two pair, Kings and Queens
Seat 2: vitalii anatol folded before Flop (didn't bet)
Seat 3: umka186 (button) folded before Flop (didn't bet)
Seat 4: mooresie28 (small blind) folded before Flop
Seat 5: wtp7676 (big blind) folded on the Flop
Seat 6: nandomar1986 showed [8c As] and lost with a pair of Nines
Seat 7: rpatenau91 folded before Flop (didn't bet)
Seat 8: LaoWang0215 folded on the Flop
Seat 9: CC7A folded before Flop (didn't bet)



PokerStars Hand #232393551539:  Hold'em No Limit ($0.01/$0.02 USD) - 2021/12/20 22:06:49 PT [2021/12/21 1:06:49 ET]
Table 'Amelia III' 9-max Seat #4 is the button
Seat 1: Dorex2007 ($2.36 in chips) 
Seat 2: vitalii anatol ($0.67 in chips) 
Seat 3: umka186 ($2 in chips) 
Seat 4: mooresie28 ($2.57 in chips) 
Seat 5: wtp7676 ($4.97 in chips) 
Seat 6: nandomar1986 ($1.87 in chips) 
Seat 7: rpatenau91 ($0.73 in chips) 
Seat 8: LaoWang0215 ($0.10 in chips) 
Seat 9: CC7A ($2.58 in chips) 
wtp7676: posts small blind $0.01
nandomar1986: posts big blind $0.02
*** HOLE CARDS ***
Dealt to Dorex2007 [Kc 2h]
rpatenau91: folds 
LaoWang0215: folds 
CC7A: folds 
Dorex2007: folds 
vitalii anatol: calls $0.02
umka186: folds 
mooresie28: calls $0.02
wtp7676: folds 
nandomar1986: checks 
*** FLOP *** [7h 3c 9h]
nandomar1986: bets $0.04
vitalii anatol: folds 
mooresie28: folds 
Uncalled bet ($0.04) returned to nandomar1986
nandomar1986 collected $0.07 from pot
nandomar1986: doesn't show hand 
*** SUMMARY ***
Total pot $0.07 | Rake $0 
Board [7h 3c 9h]
Seat 1: Dorex2007 folded before Flop (didn't bet)
Seat 2: vitalii anatol folded on the Flop
Seat 3: umka186 folded before Flop (didn't bet)
Seat 4: mooresie28 (button) folded on the Flop
Seat 5: wtp7676 (small blind) folded before Flop
Seat 6: nandomar1986 (big blind) collected ($0.07)
Seat 7: rpatenau91 folded before Flop (didn't bet)
Seat 8: LaoWang0215 folded before Flop (didn't bet)
Seat 9: CC7A folded before Flop (didn't bet)



PokerStars Hand #232393554962:  Hold'em No Limit ($0.01/$0.02 USD) - 2021/12/20 22:07:13 PT [2021/12/21 1:07:13 ET]
Table 'Amelia III' 9-max Seat #5 is the button
Seat 1: Dorex2007 ($2.36 in chips) 
Seat 2: vitalii anatol ($0.65 in chips) 
Seat 3: umka186 ($2 in chips) 
Seat 4: mooresie28 ($2.55 in chips) 
Seat 5: wtp7676 ($4.96 in chips) 
Seat 6: nandomar1986 ($1.92 in chips) 
Seat 7: rpatenau91 ($0.73 in chips) 
Seat 8: LaoWang0215 ($0.10 in chips) 
Seat 9: CC7A ($2.58 in chips) 
nandomar1986: posts small blind $0.01
rpatenau91: posts big blind $0.02
*** HOLE CARDS ***
Dealt to Dorex2007 [4s Ah]
LaoWang0215: raises $0.08 to $0.10 and is all-in
CC7A: folds 
Dorex2007: folds 
vitalii anatol: folds 
umka186: folds 
mooresie28: folds 
wtp7676: folds 
nandomar1986: calls $0.09
rpatenau91: folds 
*** FLOP *** [6h 2d 5s]
*** TURN *** [6h 2d 5s] [7c]
*** RIVER *** [6h 2d 5s 7c] [3c]
*** SHOW DOWN ***
nandomar1986: shows [4h Qh] (a straight, Three to Seven)
LaoWang0215: shows [Jc 9h] (high card Jack)
nandomar1986 cashed out the hand for $0.13
*** SUMMARY ***
Total pot $0.22 | Rake $0.01 
Board [6h 2d 5s 7c 3c]
Seat 1: Dorex2007 folded before Flop (didn't bet)
Seat 2: vitalii anatol folded before Flop (didn't bet)
Seat 3: umka186 folded before Flop (didn't bet)
Seat 4: mooresie28 folded before Flop (didn't bet)
Seat 5: wtp7676 (button) folded before Flop (didn't bet)
Seat 6: nandomar1986 (small blind) showed [4h Qh] and won ($0.21) with a straight, Three to Seven (pot not awarded as player cashed out)
Seat 7: rpatenau91 (big blind) folded before Flop
Seat 8: LaoWang0215 showed [Jc 9h] and lost with high card Jack
Seat 9: CC7A folded before Flop (didn't bet)



PokerStars Hand #232393559525:  Hold'em No Limit ($0.01/$0.02 USD) - 2021/12/20 22:07:45 PT [2021/12/21 1:07:45 ET]
Table 'Amelia III' 9-max Seat #6 is the button
Seat 1: Dorex2007 ($2.36 in chips) 
Seat 2: vitalii anatol ($0.65 in chips) 
Seat 3: umka186 ($2 in chips) 
Seat 4: mooresie28 ($2.55 in chips) 
Seat 5: wtp7676 ($4.96 in chips) 
Seat 6: nandomar1986 ($1.95 in chips) 
Seat 7: rpatenau91 ($0.71 in chips) 
Seat 9: CC7A ($2.58 in chips) 
rpatenau91: posts small blind $0.01
CC7A: posts big blind $0.02
*** HOLE CARDS ***
Dealt to Dorex2007 [Ks 4d]
LaoWang0215 leaves the table
Dorex2007: folds 
bogaaach joins the table at seat #8 
vitalii anatol: folds 
umka186: raises $0.04 to $0.06
mooresie28: folds 
wtp7676: folds 
nandomar1986: calls $0.06
rpatenau91: folds 
CC7A: calls $0.04
*** FLOP *** [3s Td 9h]
CC7A: checks 
umka186: checks 
nandomar1986: checks 
*** TURN *** [3s Td 9h] [7c]
CC7A: bets $0.09
umka186: folds 
nandomar1986: calls $0.09
*** RIVER *** [3s Td 9h 7c] [5d]
CC7A: checks 
nandomar1986: bets $0.36
CC7A: folds 
Uncalled bet ($0.36) returned to nandomar1986
nandomar1986 collected $0.36 from pot
nandomar1986: doesn't show hand 
*** SUMMARY ***
Total pot $0.37 | Rake $0.01 
Board [3s Td 9h 7c 5d]
Seat 1: Dorex2007 folded before Flop (didn't bet)
Seat 2: vitalii anatol folded before Flop (didn't bet)
Seat 3: umka186 folded on the Turn
Seat 4: mooresie28 folded before Flop (didn't bet)
Seat 5: wtp7676 folded before Flop (didn't bet)
Seat 6: nandomar1986 (button) collected ($0.36)
Seat 7: rpatenau91 (small blind) folded before Flop
Seat 9: CC7A (big blind) folded on the River



PokerStars Hand #232393566036:  Hold'em No Limit ($0.01/$0.02 USD) - 2021/12/20 22:08:31 PT [2021/12/21 1:08:31 ET]
Table 'Amelia III' 9-max Seat #7 is the button
Seat 1: Dorex2007 ($2.36 in chips) 
Seat 2: vitalii anatol ($0.65 in chips) 
Seat 3: umka186 ($2 in chips) 
Seat 4: mooresie28 ($2.55 in chips) 
Seat 5: wtp7676 ($4.96 in chips) 
Seat 6: nandomar1986 ($2.16 in chips) 
Seat 7: rpatenau91 ($0.70 in chips) 
Seat 9: CC7A ($2.43 in chips) 
CC7A: posts small blind $0.01
Dorex2007: posts big blind $0.02
*** HOLE CARDS ***
Dealt to Dorex2007 [Jd 3s]
vitalii anatol: folds 
umka186: raises $0.04 to $0.06
mooresie28: folds 
wtp7676: calls $0.06
nandomar1986: calls $0.06
rpatenau91: folds 
CC7A: calls $0.05
Dorex2007: folds 
*** FLOP *** [7s 4s Kd]
CC7A: checks 
umka186: bets $0.14
wtp7676: calls $0.14
nandomar1986: calls $0.14
CC7A: calls $0.14
*** TURN *** [7s 4s Kd] [Js]
CC7A: checks 
umka186: checks 
wtp7676: checks 
nandomar1986: bets $0.14
CC7A: folds 
umka186: calls $0.14
wtp7676: calls $0.14
*** RIVER *** [7s 4s Kd Js] [Qh]
umka186: checks 
wtp7676: checks 
nandomar1986: bets $0.60
umka186: folds 
wtp7676: folds 
Uncalled bet ($0.60) returned to nandomar1986
nandomar1986 collected $1.20 from pot
nandomar1986: doesn't show hand 
*** SUMMARY ***
Total pot $1.24 | Rake $0.04 
Board [7s 4s Kd Js Qh]
Seat 1: Dorex2007 (big blind) folded before Flop
Seat 2: vitalii anatol folded before Flop (didn't bet)
Seat 3: umka186 folded on the River
Seat 4: mooresie28 folded before Flop (didn't bet)
Seat 5: wtp7676 folded on the River
Seat 6: nandomar1986 collected ($1.20)
Seat 7: rpatenau91 (button) folded before Flop (didn't bet)
Seat 9: CC7A (small blind) folded on the Turn



PokerStars Hand #232393575277:  Hold'em No Limit ($0.01/$0.02 USD) - 2021/12/20 22:09:36 PT [2021/12/21 1:09:36 ET]
Table 'Amelia III' 9-max Seat #9 is the button
Seat 1: Dorex2007 ($2.34 in chips) 
Seat 2: vitalii anatol ($0.65 in chips) 
Seat 3: umka186 ($2 in chips) 
Seat 4: mooresie28 ($2.55 in chips) 
Seat 5: wtp7676 ($4.62 in chips) 
Seat 6: nandomar1986 ($3.02 in chips) 
Seat 7: rpatenau91 ($0.70 in chips) 
Seat 9: CC7A ($2.23 in chips) 
Dorex2007: posts small blind $0.01
vitalii anatol: posts big blind $0.02
bogaaach: sits out 
*** HOLE CARDS ***
Dealt to Dorex2007 [Ts Kd]
umka186: folds 
mooresie28: calls $0.02
wtp7676: folds 
nandomar1986: calls $0.02
rpatenau91: folds 
CC7A: calls $0.02
Dorex2007: calls $0.01
vitalii anatol: checks 
*** FLOP *** [Kh Ac 3d]
Dorex2007: checks 
vitalii anatol: bets $0.02
mooresie28: calls $0.02
nandomar1986: calls $0.02
CC7A: calls $0.02
Dorex2007: folds 
*** TURN *** [Kh Ac 3d] [Jc]
vitalii anatol: checks 
mooresie28: checks 
nandomar1986: bets $0.04
CC7A: calls $0.04
vitalii anatol: calls $0.04
mooresie28: folds 
*** RIVER *** [Kh Ac 3d Jc] [2d]
vitalii anatol: checks 
nandomar1986: checks 
CC7A: bets $0.29
vitalii anatol: folds 
nandomar1986: folds 
Uncalled bet ($0.29) returned to CC7A
CC7A collected $0.29 from pot
CC7A: doesn't show hand 
*** SUMMARY ***
Total pot $0.30 | Rake $0.01 
Board [Kh Ac 3d Jc 2d]
Seat 1: Dorex2007 (small blind) folded on the Flop
Seat 2: vitalii anatol (big blind) folded on the River
Seat 3: umka186 folded before Flop (didn't bet)
Seat 4: mooresie28 folded on the Turn
Seat 5: wtp7676 folded before Flop (didn't bet)
Seat 6: nandomar1986 folded on the River
Seat 7: rpatenau91 folded before Flop (didn't bet)
Seat 9: CC7A (button) collected ($0.29)



PokerStars Hand #232393584648:  Hold'em No Limit ($0.01/$0.02 USD) - 2021/12/20 22:10:43 PT [2021/12/21 1:10:43 ET]
Table 'Amelia III' 9-max Seat #1 is the button
Seat 1: Dorex2007 ($2.32 in chips) 
Seat 2: vitalii anatol ($0.57 in chips) 
Seat 3: umka186 ($2 in chips) 
Seat 4: mooresie28 ($2.51 in chips) 
Seat 5: wtp7676 ($4.62 in chips) 
Seat 6: nandomar1986 ($2.94 in chips) 
Seat 7: rpatenau91 ($0.70 in chips) 
Seat 9: CC7A ($2.44 in chips) 
vitalii anatol: posts small blind $0.01
umka186: posts big blind $0.02
bogaaach: sits out 
*** HOLE CARDS ***
Dealt to Dorex2007 [9d 5s]
mooresie28: folds 
wtp7676: folds 
nandomar1986: calls $0.02
rpatenau91: folds 
CC7A: calls $0.02
Dorex2007: folds 
vitalii anatol: calls $0.01
umka186: checks 
*** FLOP *** [4s Tc Jd]
vitalii anatol: bets $0.02
umka186: folds 
nandomar1986: calls $0.02
CC7A: folds 
*** TURN *** [4s Tc Jd] [Kd]
vitalii anatol: checks 
nandomar1986: bets $0.12
vitalii anatol: folds 
Uncalled bet ($0.12) returned to nandomar1986
nandomar1986 collected $0.12 from pot
nandomar1986: doesn't show hand 
*** SUMMARY ***
Total pot $0.12 | Rake $0 
Board [4s Tc Jd Kd]
Seat 1: Dorex2007 (button) folded before Flop (didn't bet)
Seat 2: vitalii anatol (small blind) folded on the Turn
Seat 3: umka186 (big blind) folded on the Flop
Seat 4: mooresie28 folded before Flop (didn't bet)
Seat 5: wtp7676 folded before Flop (didn't bet)
Seat 6: nandomar1986 collected ($0.12)
Seat 7: rpatenau91 folded before Flop (didn't bet)
Seat 9: CC7A folded on the Flop



PokerStars Hand #232393591396:  Hold'em No Limit ($0.01/$0.02 USD) - 2021/12/20 22:11:30 PT [2021/12/21 1:11:30 ET]
Table 'Amelia III' 9-max Seat #2 is the button
Seat 1: Dorex2007 ($2.32 in chips) 
Seat 2: vitalii anatol ($0.53 in chips) 
Seat 3: umka186 ($2 in chips) 
Seat 4: mooresie28 ($2.51 in chips) 
Seat 5: wtp7676 ($4.62 in chips) 
Seat 6: nandomar1986 ($3.02 in chips) 
Seat 7: rpatenau91 ($0.70 in chips) 
Seat 9: CC7A ($2.42 in chips) 
umka186: posts small blind $0.01
mooresie28: posts big blind $0.02
bogaaach: sits out 
*** HOLE CARDS ***
Dealt to Dorex2007 [3s 4s]
wtp7676: folds 
nandomar1986: calls $0.02
rpatenau91: folds 
CC7A: calls $0.02
Dorex2007: folds 
vitalii anatol: folds 
umka186: calls $0.01
mooresie28: checks 
*** FLOP *** [6s 2c Qh]
umka186: checks 
mooresie28: checks 
nandomar1986: checks 
CC7A: checks 
*** TURN *** [6s 2c Qh] [8h]
umka186: checks 
mooresie28: bets $0.04
nandomar1986: folds 
CC7A: calls $0.04
umka186: calls $0.04
*** RIVER *** [6s 2c Qh 8h] [9s]
umka186: bets $0.10
mooresie28: folds 
CC7A: raises $0.12 to $0.22
umka186: calls $0.12
*** SHOW DOWN ***
CC7A: shows [7c 5d] (a straight, Five to Nine)
umka186: shows [5h 7d] (a straight, Five to Nine)
umka186 collected $0.31 from pot
CC7A collected $0.31 from pot
*** SUMMARY ***
Total pot $0.64 | Rake $0.02 
Board [6s 2c Qh 8h 9s]
Seat 1: Dorex2007 folded before Flop (didn't bet)
Seat 2: vitalii anatol (button) folded before Flop (didn't bet)
Seat 3: umka186 (small blind) showed [5h 7d] and won ($0.31) with a straight, Five to Nine
Seat 4: mooresie28 (big blind) folded on the River
Seat 5: wtp7676 folded before Flop (didn't bet)
Seat 6: nandomar1986 folded on the Turn
Seat 7: rpatenau91 folded before Flop (didn't bet)
Seat 9: CC7A showed [7c 5d] and won ($0.31) with a straight, Five to Nine



PokerStars Hand #232393600370:  Hold'em No Limit ($0.01/$0.02 USD) - 2021/12/20 22:12:34 PT [2021/12/21 1:12:34 ET]
Table 'Amelia III' 9-max Seat #3 is the button
Seat 1: Dorex2007 ($2.32 in chips) 
Seat 2: vitalii anatol ($0.53 in chips) 
Seat 3: umka186 ($2.03 in chips) 
Seat 4: mooresie28 ($2.45 in chips) 
Seat 5: wtp7676 ($4.62 in chips) 
Seat 6: nandomar1986 ($3 in chips) 
Seat 7: rpatenau91 ($0.70 in chips) 
Seat 9: CC7A ($2.45 in chips) 
mooresie28: posts small blind $0.01
wtp7676: posts big blind $0.02
bogaaach: sits out 
*** HOLE CARDS ***
Dealt to Dorex2007 [6c Kh]
nandomar1986: folds 
rpatenau91: folds 
CC7A: calls $0.02
Dorex2007: folds 
vitalii anatol has timed out
vitalii anatol: folds 
umka186: folds 
mooresie28: folds 
wtp7676: checks 
*** FLOP *** [2s 5s Ad]
wtp7676: checks 
CC7A: bets $0.04
wtp7676: calls $0.04
*** TURN *** [2s 5s Ad] [5c]
wtp7676: checks 
CC7A: checks 
*** RIVER *** [2s 5s Ad 5c] [2c]
wtp7676: checks 
CC7A: checks 
*** SHOW DOWN ***
wtp7676: shows [Tc 4c] (two pair, Fives and Deuces)
CC7A: shows [Qs 7s] (two pair, Fives and Deuces)
wtp7676 collected $0.07 from pot
CC7A collected $0.06 from pot
*** SUMMARY ***
Total pot $0.13 | Rake $0 
Board [2s 5s Ad 5c 2c]
Seat 1: Dorex2007 folded before Flop (didn't bet)
Seat 2: vitalii anatol folded before Flop (didn't bet)
Seat 3: umka186 (button) folded before Flop (didn't bet)
Seat 4: mooresie28 (small blind) folded before Flop
Seat 5: wtp7676 (big blind) showed [Tc 4c] and won ($0.07) with two pair, Fives and Deuces
Seat 6: nandomar1986 folded before Flop (didn't bet)
Seat 7: rpatenau91 folded before Flop (didn't bet)
Seat 9: CC7A showed [Qs 7s] and won ($0.06) with two pair, Fives and Deuces



PokerStars Hand #232393606097:  Hold'em No Limit ($0.01/$0.02 USD) - 2021/12/20 22:13:15 PT [2021/12/21 1:13:15 ET]
Table 'Amelia III' 9-max Seat #4 is the button
Seat 1: Dorex2007 ($2.32 in chips) 
Seat 2: vitalii anatol ($0.53 in chips) 
Seat 3: umka186 ($2.03 in chips) 
Seat 4: mooresie28 ($2.44 in chips) 
Seat 5: wtp7676 ($4.63 in chips) 
Seat 6: nandomar1986 ($3 in chips) 
Seat 7: rpatenau91 ($0.70 in chips) 
Seat 9: CC7A ($2.45 in chips) 
wtp7676: posts small blind $0.01
nandomar1986: posts big blind $0.02
bogaaach: sits out 
*** HOLE CARDS ***
Dealt to Dorex2007 [6s Jc]
rpatenau91: folds 
CC7A: calls $0.02
Dorex2007: folds 
vitalii anatol: calls $0.02
umka186: folds 
mooresie28: folds 
wtp7676: folds 
nandomar1986: raises $0.04 to $0.06
CC7A: calls $0.04
vitalii anatol: calls $0.04
*** FLOP *** [3h 3s 8h]
nandomar1986: checks 
CC7A: bets $0.18
vitalii anatol: calls $0.18
nandomar1986: calls $0.18
*** TURN *** [3h 3s 8h] [5c]
nandomar1986: bets $0.04
CC7A: raises $0.39 to $0.43
vitalii anatol: calls $0.29 and is all-in
nandomar1986: folds 
Uncalled bet ($0.14) returned to CC7A
*** RIVER *** [3h 3s 8h 5c] [Ks]
*** SHOW DOWN ***
CC7A: shows [8c 7s] (two pair, Eights and Threes)
vitalii anatol: shows [7h 6h] (a pair of Threes)
CC7A collected $1.30 from pot
*** SUMMARY ***
Total pot $1.35 | Rake $0.05 
Board [3h 3s 8h 5c Ks]
Seat 1: Dorex2007 folded before Flop (didn't bet)
Seat 2: vitalii anatol showed [7h 6h] and lost with a pair of Threes
Seat 3: umka186 folded before Flop (didn't bet)
Seat 4: mooresie28 (button) folded before Flop (didn't bet)
Seat 5: wtp7676 (small blind) folded before Flop
Seat 6: nandomar1986 (big blind) folded on the Turn
Seat 7: rpatenau91 folded before Flop (didn't bet)
Seat 9: CC7A showed [8c 7s] and won ($1.30) with two pair, Eights and Threes



PokerStars Hand #232393616340:  Hold'em No Limit ($0.01/$0.02 USD) - 2021/12/20 22:14:29 PT [2021/12/21 1:14:29 ET]
Table 'Amelia III' 9-max Seat #5 is the button
Seat 1: Dorex2007 ($2.32 in chips) 
Seat 3: umka186 ($2.03 in chips) 
Seat 4: mooresie28 ($2.44 in chips) 
Seat 5: wtp7676 ($4.62 in chips) 
Seat 6: nandomar1986 ($2.72 in chips) 
Seat 7: rpatenau91 ($0.70 in chips) 
Seat 9: CC7A ($3.22 in chips) 
nandomar1986: posts small blind $0.01
rpatenau91: posts big blind $0.02
bogaaach: sits out 
*** HOLE CARDS ***
Dealt to Dorex2007 [Tc Ks]
CC7A: calls $0.02
Dorex2007: folds 
vitalii anatol leaves the table
umka186: calls $0.02
mooresie28: folds 
wtp7676: folds 
nandomar1986: calls $0.01
rpatenau91: checks 
*** FLOP *** [Qs Qh 4d]
nandomar1986: checks 
rpatenau91: checks 
CC7A: checks 
umka186: bets $0.05
nandomar1986: folds 
ShivaShango joins the table at seat #2 
rpatenau91: folds 
CC7A: folds 
Uncalled bet ($0.05) returned to umka186
umka186 collected $0.08 from pot
*** SUMMARY ***
Total pot $0.08 | Rake $0 
Board [Qs Qh 4d]
Seat 1: Dorex2007 folded before Flop (didn't bet)
Seat 3: umka186 collected ($0.08)
Seat 4: mooresie28 folded before Flop (didn't bet)
Seat 5: wtp7676 (button) folded before Flop (didn't bet)
Seat 6: nandomar1986 (small blind) folded on the Flop
Seat 7: rpatenau91 (big blind) folded on the Flop
Seat 9: CC7A folded on the Flop



PokerStars Hand #232393622770:  Hold'em No Limit ($0.01/$0.02 USD) - 2021/12/20 22:15:14 PT [2021/12/21 1:15:14 ET]
Table 'Amelia III' 9-max Seat #6 is the button
Seat 1: Dorex2007 ($2.32 in chips) 
Seat 3: umka186 ($2.09 in chips) 
Seat 4: mooresie28 ($2.44 in chips) 
Seat 5: wtp7676 ($4.62 in chips) 
Seat 6: nandomar1986 ($2.70 in chips) 
Seat 7: rpatenau91 ($0.68 in chips) 
Seat 8: bogaaach ($0.80 in chips) 
Seat 9: CC7A ($3.20 in chips) 
rpatenau91: posts small blind $0.01
bogaaach: posts big blind $0.02
ShivaShango: sits out 
*** HOLE CARDS ***
Dealt to Dorex2007 [8d 7d]
CC7A: raises $0.02 to $0.04
Dorex2007: folds 
umka186: folds 
mooresie28: folds 
wtp7676: folds 
nandomar1986: calls $0.04
rpatenau91: folds 
bogaaach: calls $0.02
*** FLOP *** [Qh 4d 2d]
bogaaach: checks 
CC7A: bets $0.04
nandomar1986: calls $0.04
bogaaach: calls $0.04
*** TURN *** [Qh 4d 2d] [2c]
bogaaach: checks 
CC7A: checks 
nandomar1986: bets $0.06
bogaaach: calls $0.06
CC7A: folds 
*** RIVER *** [Qh 4d 2d 2c] [Td]
bogaaach: checks 
nandomar1986: bets $0.36
bogaaach: calls $0.36
*** SHOW DOWN ***
nandomar1986: shows [Tc 4c] (two pair, Tens and Fours)
bogaaach: shows [Jc Qd] (two pair, Queens and Deuces)
bogaaach collected $1.05 from pot
*** SUMMARY ***
Total pot $1.09 | Rake $0.04 
Board [Qh 4d 2d 2c Td]
Seat 1: Dorex2007 folded before Flop (didn't bet)
Seat 3: umka186 folded before Flop (didn't bet)
Seat 4: mooresie28 folded before Flop (didn't bet)
Seat 5: wtp7676 folded before Flop (didn't bet)
Seat 6: nandomar1986 (button) showed [Tc 4c] and lost with two pair, Tens and Fours
Seat 7: rpatenau91 (small blind) folded before Flop
Seat 8: bogaaach (big blind) showed [Jc Qd] and won ($1.05) with two pair, Queens and Deuces
Seat 9: CC7A folded on the Turn



PokerStars Hand #232393629132:  Hold'em No Limit ($0.01/$0.02 USD) - 2021/12/20 22:16:00 PT [2021/12/21 1:16:00 ET]
Table 'Amelia III' 9-max Seat #7 is the button
Seat 1: Dorex2007 ($2.32 in chips) 
Seat 2: ShivaShango ($2.03 in chips) 
Seat 3: umka186 ($2.09 in chips) 
Seat 4: mooresie28 ($2.44 in chips) 
Seat 5: wtp7676 ($4.62 in chips) 
Seat 6: nandomar1986 ($2.20 in chips) 
Seat 7: rpatenau91 ($0.67 in chips) 
Seat 8: bogaaach ($1.35 in chips) 
Seat 9: CC7A ($3.12 in chips) 
bogaaach: posts small blind $0.01
CC7A: posts big blind $0.02
ShivaShango: posts big blind $0.02
*** HOLE CARDS ***
Dealt to Dorex2007 [2c 4c]
Dorex2007: folds 
ShivaShango: raises $0.04 to $0.06
umka186: folds 
mooresie28: folds 
wtp7676: folds 
nandomar1986: calls $0.06
rpatenau91: folds 
bogaaach: folds 
CC7A: calls $0.04
*** FLOP *** [Ac 7s 6s]
CC7A: checks 
ShivaShango: checks 
nandomar1986: checks 
*** TURN *** [Ac 7s 6s] [2d]
CC7A: bets $0.16
ShivaShango: calls $0.16
nandomar1986: folds 
*** RIVER *** [Ac 7s 6s 2d] [Qd]
CC7A: bets $0.26
ShivaShango: calls $0.26
*** SHOW DOWN ***
CC7A: shows [7d 6c] (two pair, Sevens and Sixes)
ShivaShango: shows [Qc As] (two pair, Aces and Queens)
ShivaShango collected $0.99 from pot
*** SUMMARY ***
Total pot $1.03 | Rake $0.04 
Board [Ac 7s 6s 2d Qd]
Seat 1: Dorex2007 folded before Flop (didn't bet)
Seat 2: ShivaShango showed [Qc As] and won ($0.99) with two pair, Aces and Queens
Seat 3: umka186 folded before Flop (didn't bet)
Seat 4: mooresie28 folded before Flop (didn't bet)
Seat 5: wtp7676 folded before Flop (didn't bet)
Seat 6: nandomar1986 folded on the Turn
Seat 7: rpatenau91 (button) folded before Flop (didn't bet)
Seat 8: bogaaach (small blind) folded before Flop
Seat 9: CC7A (big blind) showed [7d 6c] and lost with two pair, Sevens and Sixes



PokerStars Hand #232393635938:  Hold'em No Limit ($0.01/$0.02 USD) - 2021/12/20 22:16:49 PT [2021/12/21 1:16:49 ET]
Table 'Amelia III' 9-max Seat #8 is the button
Seat 1: Dorex2007 ($2.32 in chips) 
Seat 2: ShivaShango ($2.54 in chips) 
Seat 3: umka186 ($2.09 in chips) 
Seat 4: mooresie28 ($2.44 in chips) 
Seat 5: wtp7676 ($4.62 in chips) 
Seat 6: nandomar1986 ($2.14 in chips) 
Seat 7: rpatenau91 ($0.67 in chips) 
Seat 8: bogaaach ($1.34 in chips) 
Seat 9: CC7A ($2.64 in chips) 
CC7A: posts small blind $0.01
Dorex2007: posts big blind $0.02
*** HOLE CARDS ***
Dealt to Dorex2007 [2d Qd]
ShivaShango: folds 
umka186: folds 
mooresie28: folds 
wtp7676: calls $0.02
nandomar1986: calls $0.02
rpatenau91: raises $0.04 to $0.06
bogaaach: folds 
CC7A: calls $0.05
Dorex2007: folds 
wtp7676: folds 
nandomar1986: calls $0.04
*** FLOP *** [5c 9d Qh]
CC7A: checks 
nandomar1986: checks 
rpatenau91: bets $0.06
CC7A: folds 
nandomar1986: folds 
Uncalled bet ($0.06) returned to rpatenau91
rpatenau91 collected $0.21 from pot
rpatenau91: doesn't show hand 
*** SUMMARY ***
Total pot $0.22 | Rake $0.01 
Board [5c 9d Qh]
Seat 1: Dorex2007 (big blind) folded before Flop
Seat 2: ShivaShango folded before Flop (didn't bet)
Seat 3: umka186 folded before Flop (didn't bet)
Seat 4: mooresie28 folded before Flop (didn't bet)
Seat 5: wtp7676 folded before Flop
Seat 6: nandomar1986 folded on the Flop
Seat 7: rpatenau91 collected ($0.21)
Seat 8: bogaaach (button) folded before Flop (didn't bet)
Seat 9: CC7A (small blind) folded on the Flop



PokerStars Hand #232393642545:  Hold'em No Limit ($0.01/$0.02 USD) - 2021/12/20 22:17:37 PT [2021/12/21 1:17:37 ET]
Table 'Amelia III' 9-max Seat #9 is the button
Seat 1: Dorex2007 ($2.30 in chips) 
Seat 2: ShivaShango ($2.54 in chips) 
Seat 3: umka186 ($2.09 in chips) 
Seat 4: mooresie28 ($2.44 in chips) 
Seat 5: wtp7676 ($4.60 in chips) 
Seat 6: nandomar1986 ($2.08 in chips) 
Seat 7: rpatenau91 ($0.82 in chips) 
Seat 8: bogaaach ($1.34 in chips) 
Seat 9: CC7A ($2.58 in chips) 
Dorex2007: posts small blind $0.01
ShivaShango: posts big blind $0.02
*** HOLE CARDS ***
Dealt to Dorex2007 [5c 8s]
umka186: folds 
mooresie28: folds 
wtp7676: raises $0.06 to $0.08
nandomar1986: calls $0.08
rpatenau91: folds 
bogaaach: folds 
CC7A: folds 
Dorex2007: folds 
ShivaShango: folds 
*** FLOP *** [Td 3s 7c]
wtp7676: checks 
nandomar1986: checks 
*** TURN *** [Td 3s 7c] [8c]
wtp7676: checks 
nandomar1986: bets $0.10
wtp7676: calls $0.10
*** RIVER *** [Td 3s 7c 8c] [Tc]
wtp7676: checks 
nandomar1986: bets $0.38
wtp7676: folds 
Uncalled bet ($0.38) returned to nandomar1986
nandomar1986 collected $0.38 from pot
nandomar1986: doesn't show hand 
*** SUMMARY ***
Total pot $0.39 | Rake $0.01 
Board [Td 3s 7c 8c Tc]
Seat 1: Dorex2007 (small blind) folded before Flop
Seat 2: ShivaShango (big blind) folded before Flop
Seat 3: umka186 folded before Flop (didn't bet)
Seat 4: mooresie28 folded before Flop (didn't bet)
Seat 5: wtp7676 folded on the River
Seat 6: nandomar1986 collected ($0.38)
Seat 7: rpatenau91 folded before Flop (didn't bet)
Seat 8: bogaaach folded before Flop (didn't bet)
Seat 9: CC7A (button) folded before Flop (didn't bet)



PokerStars Hand #232393657677:  Hold'em No Limit ($0.01/$0.02 USD) - 2021/12/20 22:18:34 PT [2021/12/21 1:18:34 ET]
Table 'Amelia III' 9-max Seat #1 is the button
Seat 1: Dorex2007 ($2.29 in chips) 
Seat 2: ShivaShango ($2.52 in chips) 
Seat 3: umka186 ($2.09 in chips) 
Seat 4: mooresie28 ($2.44 in chips) 
Seat 5: wtp7676 ($4.42 in chips) 
Seat 6: nandomar1986 ($2.28 in chips) 
Seat 7: rpatenau91 ($0.82 in chips) 
Seat 8: bogaaach ($1.34 in chips) 
Seat 9: CC7A ($2.58 in chips) 
ShivaShango: posts small blind $0.01
umka186: posts big blind $0.02
*** HOLE CARDS ***
Dealt to Dorex2007 [3s 3d]
mooresie28: folds 
wtp7676: folds 
nandomar1986: calls $0.02
rpatenau91: folds 
bogaaach: folds 
CC7A: raises $0.04 to $0.06
Dorex2007: folds 
ShivaShango: folds 
wtp7676 leaves the table
umka186: folds 
nandomar1986: calls $0.04
*** FLOP *** [9d Tc 5h]
nandomar1986: checks 
gn4444 joins the table at seat #5 
CC7A: bets $0.07
nandomar1986: calls $0.07
*** TURN *** [9d Tc 5h] [8h]
nandomar1986: bets $0.04
CC7A: raises $0.18 to $0.22
nandomar1986: calls $0.18
*** RIVER *** [9d Tc 5h 8h] [Ts]
nandomar1986: checks 
CC7A: bets $0.35
nandomar1986: folds 
Uncalled bet ($0.35) returned to CC7A
CC7A collected $0.70 from pot
CC7A: doesn't show hand 
*** SUMMARY ***
Total pot $0.73 | Rake $0.03 
Board [9d Tc 5h 8h Ts]
Seat 1: Dorex2007 (button) folded before Flop (didn't bet)
Seat 2: ShivaShango (small blind) folded before Flop
Seat 3: umka186 (big blind) folded before Flop
Seat 4: mooresie28 folded before Flop (didn't bet)
Seat 5: wtp7676 folded before Flop (didn't bet)
Seat 6: nandomar1986 folded on the River
Seat 7: rpatenau91 folded before Flop (didn't bet)
Seat 8: bogaaach folded before Flop (didn't bet)
Seat 9: CC7A collected ($0.70)



PokerStars Hand #232393664159:  Hold'em No Limit ($0.01/$0.02 USD) - 2021/12/20 22:19:21 PT [2021/12/21 1:19:21 ET]
Table 'Amelia III' 9-max Seat #2 is the button
Seat 1: Dorex2007 ($2.29 in chips) 
Seat 2: ShivaShango ($2.51 in chips) 
Seat 3: umka186 ($2.07 in chips) 
Seat 4: mooresie28 ($2.44 in chips) 
Seat 6: nandomar1986 ($1.93 in chips) 
Seat 7: rpatenau91 ($0.82 in chips) 
Seat 8: bogaaach ($1.34 in chips) 
Seat 9: CC7A ($2.93 in chips) 
umka186: posts small blind $0.01
mooresie28: posts big blind $0.02
gn4444: sits out 
*** HOLE CARDS ***
Dealt to Dorex2007 [5d 7s]
nandomar1986: calls $0.02
rpatenau91: raises $0.04 to $0.06
bogaaach: folds 
CC7A: folds 
Dorex2007: folds 
ShivaShango: calls $0.06
umka186: folds 
mooresie28: calls $0.04
nandomar1986: calls $0.04
*** FLOP *** [7h Ac 5c]
mooresie28: checks 
nandomar1986: bets $0.04
rpatenau91: calls $0.04
ShivaShango: calls $0.04
mooresie28: folds 
*** TURN *** [7h Ac 5c] [4d]
nandomar1986: checks 
rpatenau91: checks 
ShivaShango: bets $0.18
nandomar1986: raises $0.18 to $0.36
rpatenau91: folds 
ShivaShango: calls $0.18
*** RIVER *** [7h Ac 5c 4d] [Ad]
nandomar1986: bets $0.06
ShivaShango: calls $0.06
*** SHOW DOWN ***
nandomar1986: shows [6s 8c] (a straight, Four to Eight)
ShivaShango: mucks hand 
nandomar1986 collected $1.17 from pot
*** SUMMARY ***
Total pot $1.21 | Rake $0.04 
Board [7h Ac 5c 4d Ad]
Seat 1: Dorex2007 folded before Flop (didn't bet)
Seat 2: ShivaShango (button) mucked [Tc As]
Seat 3: umka186 (small blind) folded before Flop
Seat 4: mooresie28 (big blind) folded on the Flop
Seat 6: nandomar1986 showed [6s 8c] and won ($1.17) with a straight, Four to Eight
Seat 7: rpatenau91 folded on the Turn
Seat 8: bogaaach folded before Flop (didn't bet)
Seat 9: CC7A folded before Flop (didn't bet)



PokerStars Hand #232393674670:  Hold'em No Limit ($0.01/$0.02 USD) - 2021/12/20 22:20:38 PT [2021/12/21 1:20:38 ET]
Table 'Amelia III' 9-max Seat #3 is the button
Seat 1: Dorex2007 ($2.29 in chips) 
Seat 2: ShivaShango ($1.99 in chips) 
Seat 3: umka186 ($2.06 in chips) 
Seat 4: mooresie28 ($2.38 in chips) 
Seat 5: gn4444 ($2 in chips) 
Seat 6: nandomar1986 ($2.58 in chips) 
Seat 7: rpatenau91 ($0.72 in chips) 
Seat 8: bogaaach ($1.34 in chips) 
Seat 9: CC7A ($2.93 in chips) 
mooresie28: posts small blind $0.01
gn4444: posts big blind $0.02
*** HOLE CARDS ***
Dealt to Dorex2007 [3h 3d]
nandomar1986: calls $0.02
rpatenau91: calls $0.02
bogaaach: folds 
CC7A: folds 
Dorex2007: calls $0.02
ShivaShango: folds 
umka186: raises $0.11 to $0.13
mooresie28: folds 
gn4444: folds 
nandomar1986: calls $0.11
rpatenau91: folds 
Dorex2007: folds 
*** FLOP *** [Ac Ks Tc]
nandomar1986: checks 
umka186: bets $0.16
nandomar1986: folds 
Uncalled bet ($0.16) returned to umka186
umka186 collected $0.32 from pot
*** SUMMARY ***
Total pot $0.33 | Rake $0.01 
Board [Ac Ks Tc]
Seat 1: Dorex2007 folded before Flop
Seat 2: ShivaShango folded before Flop (didn't bet)
Seat 3: umka186 (button) collected ($0.32)
Seat 4: mooresie28 (small blind) folded before Flop
Seat 5: gn4444 (big blind) folded before Flop
Seat 6: nandomar1986 folded on the Flop
Seat 7: rpatenau91 folded before Flop
Seat 8: bogaaach folded before Flop (didn't bet)
Seat 9: CC7A folded before Flop (didn't bet)



PokerStars Hand #232393679835:  Hold'em No Limit ($0.01/$0.02 USD) - 2021/12/20 22:21:16 PT [2021/12/21 1:21:16 ET]
Table 'Amelia III' 9-max Seat #4 is the button
Seat 1: Dorex2007 ($2.27 in chips) 
Seat 2: ShivaShango ($1.99 in chips) 
Seat 3: umka186 ($2.25 in chips) 
Seat 4: mooresie28 ($2.37 in chips) 
Seat 5: gn4444 ($1.98 in chips) 
Seat 6: nandomar1986 ($2.45 in chips) 
Seat 7: rpatenau91 ($0.70 in chips) 
Seat 8: bogaaach ($1.34 in chips) 
Seat 9: CC7A ($2.93 in chips) 
gn4444: posts small blind $0.01
nandomar1986: posts big blind $0.02
*** HOLE CARDS ***
Dealt to Dorex2007 [7c Kd]
rpatenau91: calls $0.02
bogaaach: folds 
CC7A: raises $0.04 to $0.06
Dorex2007: folds 
ShivaShango: folds 
umka186: calls $0.06
mooresie28: folds 
gn4444: folds 
nandomar1986: calls $0.04
rpatenau91: calls $0.04
*** FLOP *** [6c Td 2d]
nandomar1986: checks 
rpatenau91: checks 
CC7A: checks 
umka186: checks 
*** TURN *** [6c Td 2d] [4c]
nandomar1986: bets $0.04
rpatenau91: raises $0.08 to $0.12
CC7A: folds 
umka186: folds 
nandomar1986: calls $0.08
*** RIVER *** [6c Td 2d 4c] [8d]
nandomar1986: checks 
rpatenau91: bets $0.24
nandomar1986: folds 
Uncalled bet ($0.24) returned to rpatenau91
rpatenau91 collected $0.47 from pot
rpatenau91: doesn't show hand 
*** SUMMARY ***
Total pot $0.49 | Rake $0.02 
Board [6c Td 2d 4c 8d]
Seat 1: Dorex2007 folded before Flop (didn't bet)
Seat 2: ShivaShango folded before Flop (didn't bet)
Seat 3: umka186 folded on the Turn
Seat 4: mooresie28 (button) folded before Flop (didn't bet)
Seat 5: gn4444 (small blind) folded before Flop
Seat 6: nandomar1986 (big blind) folded on the River
Seat 7: rpatenau91 collected ($0.47)
Seat 8: bogaaach folded before Flop (didn't bet)
Seat 9: CC7A folded on the Turn



PokerStars Hand #232393689616:  Hold'em No Limit ($0.01/$0.02 USD) - 2021/12/20 22:22:27 PT [2021/12/21 1:22:27 ET]
Table 'Amelia III' 9-max Seat #5 is the button
Seat 1: Dorex2007 ($2.27 in chips) 
Seat 2: ShivaShango ($1.99 in chips) 
Seat 3: umka186 ($2.19 in chips) 
Seat 4: mooresie28 ($2.37 in chips) 
Seat 5: gn4444 ($1.97 in chips) 
Seat 6: nandomar1986 ($2.27 in chips) 
Seat 7: rpatenau91 ($0.99 in chips) 
Seat 8: bogaaach ($1.34 in chips) 
Seat 9: CC7A ($2.87 in chips) 
nandomar1986: posts small blind $0.01
rpatenau91: posts big blind $0.02
*** HOLE CARDS ***
Dealt to Dorex2007 [Ad 4c]
bogaaach: folds 
CC7A: folds 
Dorex2007: folds 
ShivaShango: folds 
umka186: folds 
mooresie28: raises $0.02 to $0.04
gn4444: folds 
nandomar1986: calls $0.03
rpatenau91: folds 
*** FLOP *** [4d Jd Qs]
nandomar1986: checks 
mooresie28: bets $0.06
nandomar1986: calls $0.06
*** TURN *** [4d Jd Qs] [3h]
nandomar1986: bets $0.06
mooresie28: calls $0.06
*** RIVER *** [4d Jd Qs 3h] [3c]
nandomar1986: bets $0.11
mooresie28: calls $0.11
*** SHOW DOWN ***
nandomar1986: shows [Qc 2s] (two pair, Queens and Threes)
mooresie28: shows [Qh Ac] (two pair, Queens and Threes - Ace kicker)
mooresie28 collected $0.54 from pot
*** SUMMARY ***
Total pot $0.56 | Rake $0.02 
Board [4d Jd Qs 3h 3c]
Seat 1: Dorex2007 folded before Flop (didn't bet)
Seat 2: ShivaShango folded before Flop (didn't bet)
Seat 3: umka186 folded before Flop (didn't bet)
Seat 4: mooresie28 showed [Qh Ac] and won ($0.54) with two pair, Queens and Threes
Seat 5: gn4444 (button) folded before Flop (didn't bet)
Seat 6: nandomar1986 (small blind) showed [Qc 2s] and lost with two pair, Queens and Threes
Seat 7: rpatenau91 (big blind) folded before Flop
Seat 8: bogaaach folded before Flop (didn't bet)
Seat 9: CC7A folded before Flop (didn't bet)



PokerStars Hand #232393695193:  Hold'em No Limit ($0.01/$0.02 USD) - 2021/12/20 22:23:08 PT [2021/12/21 1:23:08 ET]
Table 'Amelia III' 9-max Seat #7 is the button
Seat 1: Dorex2007 ($2.27 in chips) 
Seat 2: ShivaShango ($1.99 in chips) 
Seat 3: umka186 ($2.19 in chips) 
Seat 4: mooresie28 ($2.64 in chips) 
Seat 5: gn4444 ($1.97 in chips) 
Seat 7: rpatenau91 ($0.97 in chips) 
Seat 8: bogaaach ($1.34 in chips) 
Seat 9: CC7A ($2.87 in chips) 
bogaaach: posts small blind $0.01
CC7A: posts big blind $0.02
*** HOLE CARDS ***
Dealt to Dorex2007 [8c 9s]
Dorex2007: folds 
ShivaShango: folds 
umka186: folds 
mooresie28: folds 
gn4444: folds 
rpatenau91: folds 
bogaaach: raises $0.02 to $0.04
CC7A: raises $0.12 to $0.16
bogaaach: calls $0.12
*** FLOP *** [Qs 5s Ks]
bogaaach: checks 
CC7A: checks 
*** TURN *** [Qs 5s Ks] [4d]
bogaaach: bets $0.02
CC7A: calls $0.02
*** RIVER *** [Qs 5s Ks 4d] [7c]
bogaaach: bets $0.35
CC7A: folds 
Uncalled bet ($0.35) returned to bogaaach
bogaaach collected $0.35 from pot
bogaaach: doesn't show hand 
*** SUMMARY ***
Total pot $0.36 | Rake $0.01 
Board [Qs 5s Ks 4d 7c]
Seat 1: Dorex2007 folded before Flop (didn't bet)
Seat 2: ShivaShango folded before Flop (didn't bet)
Seat 3: umka186 folded before Flop (didn't bet)
Seat 4: mooresie28 folded before Flop (didn't bet)
Seat 5: gn4444 folded before Flop (didn't bet)
Seat 7: rpatenau91 (button) folded before Flop (didn't bet)
Seat 8: bogaaach (small blind) collected ($0.35)
Seat 9: CC7A (big blind) folded on the River



PokerStars Hand #232393700693:  Hold'em No Limit ($0.01/$0.02 USD) - 2021/12/20 22:23:49 PT [2021/12/21 1:23:49 ET]
Table 'Amelia III' 9-max Seat #8 is the button
Seat 1: Dorex2007 ($2.27 in chips) 
Seat 2: ShivaShango ($1.99 in chips) 
Seat 3: umka186 ($2.19 in chips) 
Seat 4: mooresie28 ($2.64 in chips) 
Seat 5: gn4444 ($1.97 in chips) 
Seat 6: nandomar1986 ($2 in chips) 
Seat 7: rpatenau91 ($0.97 in chips) 
Seat 8: bogaaach ($1.51 in chips) 
Seat 9: CC7A ($2.69 in chips) 
CC7A: posts small blind $0.01
Dorex2007: posts big blind $0.02
*** HOLE CARDS ***
Dealt to Dorex2007 [Qs 3h]
ShivaShango: folds 
umka186: folds 
mooresie28: folds 
gn4444: folds 
nandomar1986: raises $0.04 to $0.06
rpatenau91: folds 
bogaaach: folds 
CC7A: folds 
Dorex2007: folds 
Uncalled bet ($0.04) returned to nandomar1986
nandomar1986 collected $0.05 from pot
nandomar1986: doesn't show hand 
*** SUMMARY ***
Total pot $0.05 | Rake $0 
Seat 1: Dorex2007 (big blind) folded before Flop
Seat 2: ShivaShango folded before Flop (didn't bet)
Seat 3: umka186 folded before Flop (didn't bet)
Seat 4: mooresie28 folded before Flop (didn't bet)
Seat 5: gn4444 folded before Flop (didn't bet)
Seat 6: nandomar1986 collected ($0.05)
Seat 7: rpatenau91 folded before Flop (didn't bet)
Seat 8: bogaaach (button) folded before Flop (didn't bet)
Seat 9: CC7A (small blind) folded before Flop



PokerStars Hand #232393703328:  Hold'em No Limit ($0.01/$0.02 USD) - 2021/12/20 22:24:09 PT [2021/12/21 1:24:09 ET]
Table 'Amelia III' 9-max Seat #9 is the button
Seat 1: Dorex2007 ($2.25 in chips) 
Seat 2: ShivaShango ($1.99 in chips) 
Seat 3: umka186 ($2.19 in chips) 
Seat 4: mooresie28 ($2.64 in chips) 
Seat 5: gn4444 ($1.97 in chips) 
Seat 6: nandomar1986 ($2.03 in chips) 
Seat 7: rpatenau91 ($0.97 in chips) 
Seat 8: bogaaach ($1.51 in chips) 
Seat 9: CC7A ($2.68 in chips) 
Dorex2007: posts small blind $0.01
ShivaShango: posts big blind $0.02
*** HOLE CARDS ***
Dealt to Dorex2007 [7s 5c]
umka186: folds 
mooresie28: folds 
gn4444: folds 
nandomar1986: calls $0.02
rpatenau91: calls $0.02
bogaaach: folds 
CC7A: calls $0.02
Dorex2007: calls $0.01
ShivaShango: checks 
*** FLOP *** [9c 9d 5s]
Dorex2007: checks 
ShivaShango: checks 
nandomar1986: checks 
rpatenau91: checks 
CC7A: checks 
*** TURN *** [9c 9d 5s] [Tc]
Dorex2007: checks 
ShivaShango: checks 
nandomar1986: checks 
rpatenau91: bets $0.06
CC7A: calls $0.06
Dorex2007: folds 
ShivaShango: folds 
nandomar1986: folds 
*** RIVER *** [9c 9d 5s Tc] [Td]
rpatenau91: checks 
CC7A: checks 
*** SHOW DOWN ***
rpatenau91: shows [Ks Qc] (two pair, Tens and Nines)
CC7A: mucks hand 
rpatenau91 collected $0.21 from pot
*** SUMMARY ***
Total pot $0.22 | Rake $0.01 
Board [9c 9d 5s Tc Td]
Seat 1: Dorex2007 (small blind) folded on the Turn
Seat 2: ShivaShango (big blind) folded on the Turn
Seat 3: umka186 folded before Flop (didn't bet)
Seat 4: mooresie28 folded before Flop (didn't bet)
Seat 5: gn4444 folded before Flop (didn't bet)
Seat 6: nandomar1986 folded on the Turn
Seat 7: rpatenau91 showed [Ks Qc] and won ($0.21) with two pair, Tens and Nines
Seat 8: bogaaach folded before Flop (didn't bet)
Seat 9: CC7A (button) mucked [3c Jc]



PokerStars Hand #232393712518:  Hold'em No Limit ($0.01/$0.02 USD) - 2021/12/20 22:25:17 PT [2021/12/21 1:25:17 ET]
Table 'Amelia III' 9-max Seat #1 is the button
Seat 1: Dorex2007 ($2.23 in chips) 
Seat 2: ShivaShango ($1.97 in chips) 
Seat 3: umka186 ($2.19 in chips) 
Seat 4: mooresie28 ($2.64 in chips) 
Seat 5: gn4444 ($1.97 in chips) 
Seat 6: nandomar1986 ($2.01 in chips) 
Seat 7: rpatenau91 ($1.10 in chips) 
Seat 8: bogaaach ($1.51 in chips) 
Seat 9: CC7A ($2.60 in chips) 
ShivaShango: posts small blind $0.01
umka186: posts big blind $0.02
*** HOLE CARDS ***
Dealt to Dorex2007 [6s 4d]
mooresie28: raises $0.02 to $0.04
gn4444: folds 
nandomar1986: calls $0.04
rpatenau91: calls $0.04
bogaaach: folds 
CC7A: calls $0.04
Dorex2007: folds 
ShivaShango: folds 
umka186: calls $0.02
*** FLOP *** [Kd 9d 6d]
umka186: checks 
mooresie28: checks 
nandomar1986: checks 
rpatenau91: checks 
CC7A: checks 
*** TURN *** [Kd 9d 6d] [8d]
umka186: checks 
mooresie28: checks 
nandomar1986: checks 
rpatenau91: checks 
CC7A: checks 
*** RIVER *** [Kd 9d 6d 8d] [Qh]
umka186: checks 
mooresie28: checks 
nandomar1986: bets $0.02
rpatenau91: folds 
CC7A: folds 
umka186: calls $0.02
mooresie28: calls $0.02
*** SHOW DOWN ***
nandomar1986: shows [2c Kc] (a pair of Kings)
umka186: mucks hand 
mooresie28: shows [Js Ks] (a pair of Kings - Queen+Jack kicker)
mooresie28 collected $0.26 from pot
*** SUMMARY ***
Total pot $0.27 | Rake $0.01 
Board [Kd 9d 6d 8d Qh]
Seat 1: Dorex2007 (button) folded before Flop (didn't bet)
Seat 2: ShivaShango (small blind) folded before Flop
Seat 3: umka186 (big blind) mucked [Qc Jh]
Seat 4: mooresie28 showed [Js Ks] and won ($0.26) with a pair of Kings
Seat 5: gn4444 folded before Flop (didn't bet)
Seat 6: nandomar1986 showed [2c Kc] and lost with a pair of Kings
Seat 7: rpatenau91 folded on the River
Seat 8: bogaaach folded before Flop (didn't bet)
Seat 9: CC7A folded on the River



PokerStars Hand #232393723468:  Hold'em No Limit ($0.01/$0.02 USD) - 2021/12/20 22:26:38 PT [2021/12/21 1:26:38 ET]
Table 'Amelia III' 9-max Seat #2 is the button
Seat 1: Dorex2007 ($2.23 in chips) 
Seat 2: ShivaShango ($1.96 in chips) 
Seat 3: umka186 ($2.13 in chips) 
Seat 4: mooresie28 ($2.84 in chips) 
Seat 5: gn4444 ($1.97 in chips) 
Seat 6: nandomar1986 ($1.95 in chips) 
Seat 7: rpatenau91 ($1.06 in chips) 
Seat 8: bogaaach ($1.51 in chips) 
Seat 9: CC7A ($2.56 in chips) 
umka186: posts small blind $0.01
mooresie28: posts big blind $0.02
*** HOLE CARDS ***
Dealt to Dorex2007 [9h 4d]
gn4444: folds 
nandomar1986: folds 
rpatenau91 has timed out
rpatenau91: folds 
bogaaach: calls $0.02
CC7A: folds 
Dorex2007: folds 
ShivaShango: folds 
umka186: calls $0.01
mooresie28: checks 
*** FLOP *** [5h 6h 9s]
umka186: checks 
mooresie28: checks 
bogaaach: checks 
*** TURN *** [5h 6h 9s] [As]
umka186: bets $0.06
mooresie28: folds 
bogaaach: calls $0.06
*** RIVER *** [5h 6h 9s As] [Ts]
umka186: bets $0.09
bogaaach: calls $0.09
*** SHOW DOWN ***
umka186: shows [8c 7s] (a straight, Six to Ten)
bogaaach: mucks hand 
umka186 collected $0.35 from pot
*** SUMMARY ***
Total pot $0.36 | Rake $0.01 
Board [5h 6h 9s As Ts]
Seat 1: Dorex2007 folded before Flop (didn't bet)
Seat 2: ShivaShango (button) folded before Flop (didn't bet)
Seat 3: umka186 (small blind) showed [8c 7s] and won ($0.35) with a straight, Six to Ten
Seat 4: mooresie28 (big blind) folded on the Turn
Seat 5: gn4444 folded before Flop (didn't bet)
Seat 6: nandomar1986 folded before Flop (didn't bet)
Seat 7: rpatenau91 folded before Flop (didn't bet)
Seat 8: bogaaach mucked [Kd Ah]
Seat 9: CC7A folded before Flop (didn't bet)



PokerStars Hand #232393730376:  Hold'em No Limit ($0.01/$0.02 USD) - 2021/12/20 22:27:29 PT [2021/12/21 1:27:29 ET]
Table 'Amelia III' 9-max Seat #3 is the button
Seat 1: Dorex2007 ($2.23 in chips) 
Seat 2: ShivaShango ($1.96 in chips) 
Seat 3: umka186 ($2.31 in chips) 
Seat 4: mooresie28 ($2.82 in chips) 
Seat 5: gn4444 ($1.97 in chips) 
Seat 6: nandomar1986 ($1.95 in chips) 
Seat 7: rpatenau91 ($1.06 in chips) 
Seat 9: CC7A ($2.56 in chips) 
mooresie28: posts small blind $0.01
gn4444: posts big blind $0.02
*** HOLE CARDS ***
Dealt to Dorex2007 [Jh 8h]
nandomar1986: calls $0.02
rpatenau91: folds 
CC7A: folds 
Dorex2007: folds 
ShivaShango: raises $0.04 to $0.06
umka186: folds 
mooresie28: folds 
gn4444: folds 
nandomar1986: calls $0.04
*** FLOP *** [Ts 4d Ks]
nandomar1986: checks 
ShivaShango: bets $0.05
nandomar1986: folds 
Uncalled bet ($0.05) returned to ShivaShango
ShivaShango collected $0.14 from pot
ShivaShango: doesn't show hand 
*** SUMMARY ***
Total pot $0.15 | Rake $0.01 
Board [Ts 4d Ks]
Seat 1: Dorex2007 folded before Flop (didn't bet)
Seat 2: ShivaShango collected ($0.14)
Seat 3: umka186 (button) folded before Flop (didn't bet)
Seat 4: mooresie28 (small blind) folded before Flop
Seat 5: gn4444 (big blind) folded before Flop
Seat 6: nandomar1986 folded on the Flop
Seat 7: rpatenau91 folded before Flop (didn't bet)
Seat 9: CC7A folded before Flop (didn't bet)



PokerStars Hand #232393735379:  Hold'em No Limit ($0.01/$0.02 USD) - 2021/12/20 22:28:05 PT [2021/12/21 1:28:05 ET]
Table 'Amelia III' 9-max Seat #4 is the button
Seat 1: Dorex2007 ($2.23 in chips) 
Seat 2: ShivaShango ($2.04 in chips) 
Seat 3: umka186 ($2.31 in chips) 
Seat 4: mooresie28 ($2.81 in chips) 
Seat 5: gn4444 ($2 in chips) 
Seat 6: nandomar1986 ($1.89 in chips) 
Seat 7: rpatenau91 ($1.06 in chips) 
Seat 9: CC7A ($2.56 in chips) 
gn4444: posts small blind $0.01
nandomar1986: posts big blind $0.02
*** HOLE CARDS ***
Dealt to Dorex2007 [Th Js]
rpatenau91: folds 
CC7A: folds 
Dorex2007: folds 
ShivaShango: folds 
umka186: folds 
mooresie28: raises $0.02 to $0.04
gn4444: folds 
nandomar1986: calls $0.02
*** FLOP *** [Qh 4c 7c]
nandomar1986: checks 
mooresie28: bets $0.04
nandomar1986: calls $0.04
*** TURN *** [Qh 4c 7c] [6c]
nandomar1986: bets $0.02
mooresie28: calls $0.02
*** RIVER *** [Qh 4c 7c 6c] [7h]
nandomar1986: bets $0.04
mooresie28: calls $0.04
*** SHOW DOWN ***
nandomar1986: shows [6d 9h] (two pair, Sevens and Sixes)
mooresie28: shows [Qc Ts] (two pair, Queens and Sevens)
mooresie28 collected $0.28 from pot
*** SUMMARY ***
Total pot $0.29 | Rake $0.01 
Board [Qh 4c 7c 6c 7h]
Seat 1: Dorex2007 folded before Flop (didn't bet)
Seat 2: ShivaShango folded before Flop (didn't bet)
Seat 3: umka186 folded before Flop (didn't bet)
Seat 4: mooresie28 (button) showed [Qc Ts] and won ($0.28) with two pair, Queens and Sevens
Seat 5: gn4444 (small blind) folded before Flop
Seat 6: nandomar1986 (big blind) showed [6d 9h] and lost with two pair, Sevens and Sixes
Seat 7: rpatenau91 folded before Flop (didn't bet)
Seat 9: CC7A folded before Flop (didn't bet)



PokerStars Hand #232393741278:  Hold'em No Limit ($0.01/$0.02 USD) - 2021/12/20 22:28:48 PT [2021/12/21 1:28:48 ET]
Table 'Amelia III' 9-max Seat #5 is the button
Seat 1: Dorex2007 ($2.23 in chips) 
Seat 2: ShivaShango ($2.04 in chips) 
Seat 3: umka186 ($2.31 in chips) 
Seat 4: mooresie28 ($2.95 in chips) 
Seat 5: gn4444 ($1.99 in chips) 
Seat 6: nandomar1986 ($1.75 in chips) 
Seat 7: rpatenau91 ($1.06 in chips) 
Seat 9: CC7A ($2.56 in chips) 
nandomar1986: posts small blind $0.01
rpatenau91: posts big blind $0.02
*** HOLE CARDS ***
Dealt to Dorex2007 [5s Qs]
CC7A: folds 
Dorex2007: folds 
ShivaShango: folds 
CC7A leaves the table
umka186: folds 
mooresie28: folds 
gn4444: folds 
nandomar1986: raises $0.02 to $0.04
andreika35 joins the table at seat #9 
rpatenau91: calls $0.02
*** FLOP *** [9s Kd As]
nandomar1986: checks 
rpatenau91: checks 
*** TURN *** [9s Kd As] [7h]
nandomar1986: checks 
rpatenau91: checks 
*** RIVER *** [9s Kd As 7h] [Js]
nandomar1986: bets $0.06
rpatenau91: folds 
Uncalled bet ($0.06) returned to nandomar1986
nandomar1986 collected $0.08 from pot
nandomar1986: doesn't show hand 
*** SUMMARY ***
Total pot $0.08 | Rake $0 
Board [9s Kd As 7h Js]
Seat 1: Dorex2007 folded before Flop (didn't bet)
Seat 2: ShivaShango folded before Flop (didn't bet)
Seat 3: umka186 folded before Flop (didn't bet)
Seat 4: mooresie28 folded before Flop (didn't bet)
Seat 5: gn4444 (button) folded before Flop (didn't bet)
Seat 6: nandomar1986 (small blind) collected ($0.08)
Seat 7: rpatenau91 (big blind) folded on the River
Seat 9: CC7A folded before Flop (didn't bet)



PokerStars Hand #232393747434:  Hold'em No Limit ($0.01/$0.02 USD) - 2021/12/20 22:29:33 PT [2021/12/21 1:29:33 ET]
Table 'Amelia III' 9-max Seat #6 is the button
Seat 1: Dorex2007 ($2.23 in chips) 
Seat 2: ShivaShango ($2.04 in chips) 
Seat 3: umka186 ($2.31 in chips) 
Seat 4: mooresie28 ($2.95 in chips) 
Seat 5: gn4444 ($1.99 in chips) 
Seat 6: nandomar1986 ($1.79 in chips) 
Seat 7: rpatenau91 ($1.02 in chips) 
Seat 9: andreika35 ($1.60 in chips) 
rpatenau91: posts small blind $0.01
andreika35: posts big blind $0.02
*** HOLE CARDS ***
Dealt to Dorex2007 [Td Ah]
Dorex2007: folds 
ShivaShango: folds 
umka186: folds 
mooresie28: folds 
gn4444: folds 
nandomar1986: calls $0.02
rpatenau91: raises $0.02 to $0.04
andreika35: calls $0.02
nandomar1986: calls $0.02
*** FLOP *** [Tc 2d 4h]
rpatenau91: checks 
andreika35: checks 
nandomar1986: checks 
*** TURN *** [Tc 2d 4h] [8s]
rpatenau91: checks 
andreika35: checks 
nandomar1986: checks 
*** RIVER *** [Tc 2d 4h 8s] [5h]
rpatenau91: checks 
andreika35: checks 
nandomar1986: checks 
*** SHOW DOWN ***
rpatenau91: shows [Kc Qd] (high card King)
andreika35: shows [9c 9s] (a pair of Nines)
nandomar1986: mucks hand 
andreika35 collected $0.12 from pot
*** SUMMARY ***
Total pot $0.12 | Rake $0 
Board [Tc 2d 4h 8s 5h]
Seat 1: Dorex2007 folded before Flop (didn't bet)
Seat 2: ShivaShango folded before Flop (didn't bet)
Seat 3: umka186 folded before Flop (didn't bet)
Seat 4: mooresie28 folded before Flop (didn't bet)
Seat 5: gn4444 folded before Flop (didn't bet)
Seat 6: nandomar1986 (button) mucked [Jd 6c]
Seat 7: rpatenau91 (small blind) showed [Kc Qd] and lost with high card King
Seat 9: andreika35 (big blind) showed [9c 9s] and won ($0.12) with a pair of Nines



PokerStars Hand #232393755269:  Hold'em No Limit ($0.01/$0.02 USD) - 2021/12/20 22:30:31 PT [2021/12/21 1:30:31 ET]
Table 'Amelia III' 9-max Seat #7 is the button
Seat 1: Dorex2007 ($2.23 in chips) 
Seat 2: ShivaShango ($2.04 in chips) 
Seat 3: umka186 ($2.31 in chips) 
Seat 4: mooresie28 ($2.95 in chips) 
Seat 5: gn4444 ($1.99 in chips) 
Seat 6: nandomar1986 ($1.75 in chips) 
Seat 7: rpatenau91 ($0.98 in chips) 
Seat 9: andreika35 ($1.68 in chips) 
andreika35: posts small blind $0.01
Dorex2007: posts big blind $0.02
*** HOLE CARDS ***
Dealt to Dorex2007 [Qc 3c]
ShivaShango: folds 
ShivaShango leaves the table
umka186: folds 
mooresie28: folds 
gn4444: raises $0.04 to $0.06
nandomar1986: calls $0.06
rpatenau91: folds 
andreika35: folds 
Dorex2007: folds 
*** FLOP *** [3s Ks Qd]
gn4444: checks 
nandomar1986: bets $0.04
gn4444: calls $0.04
*** TURN *** [3s Ks Qd] [7c]
gn4444: checks 
nandomar1986: checks 
*** RIVER *** [3s Ks Qd 7c] [2d]
gn4444: checks 
nandomar1986: checks 
*** SHOW DOWN ***
gn4444: shows [As 8s] (high card Ace)
nandomar1986: mucks hand 
gn4444 collected $0.22 from pot
*** SUMMARY ***
Total pot $0.23 | Rake $0.01 
Board [3s Ks Qd 7c 2d]
Seat 1: Dorex2007 (big blind) folded before Flop
Seat 2: ShivaShango folded before Flop (didn't bet)
Seat 3: umka186 folded before Flop (didn't bet)
Seat 4: mooresie28 folded before Flop (didn't bet)
Seat 5: gn4444 showed [As 8s] and won ($0.22) with high card Ace
Seat 6: nandomar1986 mucked [9s 8d]
Seat 7: rpatenau91 (button) folded before Flop (didn't bet)
Seat 9: andreika35 (small blind) folded before Flop



PokerStars Hand #232393762039:  Hold'em No Limit ($0.01/$0.02 USD) - 2021/12/20 22:31:22 PT [2021/12/21 1:31:22 ET]
Table 'Amelia III' 9-max Seat #9 is the button
Seat 1: Dorex2007 ($2.21 in chips) 
Seat 3: umka186 ($2.31 in chips) 
Seat 4: mooresie28 ($2.95 in chips) 
Seat 5: gn4444 ($2.11 in chips) 
Seat 6: nandomar1986 ($1.65 in chips) 
Seat 7: rpatenau91 ($0.98 in chips) 
Seat 9: andreika35 ($1.67 in chips) 
Dorex2007: posts small blind $0.01
umka186: posts big blind $0.02
*** HOLE CARDS ***
Dealt to Dorex2007 [8c 7c]
mooresie28: folds 
gn4444: folds 
nandomar1986: raises $0.02 to $0.04
rpatenau91: folds 
andreika35: folds 
Dorex2007: calls $0.03
umka186: calls $0.02
*** FLOP *** [6s 5c 5s]
Dorex2007: bets $0.06
umka186: folds 
nandomar1986: calls $0.06
*** TURN *** [6s 5c 5s] [3d]
Dorex2007: checks 
nandomar1986: checks 
*** RIVER *** [6s 5c 5s 3d] [Th]
Dorex2007: bets $0.12
nandomar1986: calls $0.12
*** SHOW DOWN ***
Dorex2007: shows [8c 7c] (a pair of Fives)
nandomar1986: shows [3c 9h] (two pair, Fives and Threes)
nandomar1986 collected $0.46 from pot
*** SUMMARY ***
Total pot $0.48 | Rake $0.02 
Board [6s 5c 5s 3d Th]
Seat 1: Dorex2007 (small blind) showed [8c 7c] and lost with a pair of Fives
Seat 3: umka186 (big blind) folded on the Flop
Seat 4: mooresie28 folded before Flop (didn't bet)
Seat 5: gn4444 folded before Flop (didn't bet)
Seat 6: nandomar1986 showed [3c 9h] and won ($0.46) with two pair, Fives and Threes
Seat 7: rpatenau91 folded before Flop (didn't bet)
Seat 9: andreika35 (button) folded before Flop (didn't bet)



PokerStars Hand #232393767062:  Hold'em No Limit ($0.01/$0.02 USD) - 2021/12/20 22:31:59 PT [2021/12/21 1:31:59 ET]
Table 'Amelia III' 9-max Seat #1 is the button
Seat 1: Dorex2007 ($2 in chips) 
Seat 3: umka186 ($2.27 in chips) 
Seat 4: mooresie28 ($2.95 in chips) 
Seat 5: gn4444 ($2.11 in chips) 
Seat 6: nandomar1986 ($1.89 in chips) 
Seat 7: rpatenau91 ($0.98 in chips) 
Seat 9: andreika35 ($1.67 in chips) 
umka186: posts small blind $0.01
mooresie28: posts big blind $0.02
*** HOLE CARDS ***
Dealt to Dorex2007 [3s 7d]
gn4444: folds 
nandomar1986: raises $0.02 to $0.04
rpatenau91: folds 
andreika35: calls $0.04
Dorex2007: folds 
umka186: raises $0.14 to $0.18
mooresie28: folds 
nandomar1986: calls $0.14
andreika35: calls $0.14
*** FLOP *** [5d 2s 7c]
umka186: bets $0.42
nandomar1986: calls $0.42
andreika35: folds 
*** TURN *** [5d 2s 7c] [As]
umka186: checks 
nandomar1986: checks 
*** RIVER *** [5d 2s 7c As] [9c]
umka186: checks 
nandomar1986: bets $0.67
umka186: calls $0.67
*** SHOW DOWN ***
nandomar1986: shows [6h 8d] (a straight, Five to Nine)
umka186: mucks hand 
nandomar1986 collected $2.64 from pot
*** SUMMARY ***
Total pot $2.74 | Rake $0.10 
Board [5d 2s 7c As 9c]
Seat 1: Dorex2007 (button) folded before Flop (didn't bet)
Seat 3: umka186 (small blind) mucked [Kd Kc]
Seat 4: mooresie28 (big blind) folded before Flop
Seat 5: gn4444 folded before Flop (didn't bet)
Seat 6: nandomar1986 showed [6h 8d] and won ($2.64) with a straight, Five to Nine
Seat 7: rpatenau91 folded before Flop (didn't bet)
Seat 9: andreika35 folded on the Flop



PokerStars Hand #232393773511:  Hold'em No Limit ($0.01/$0.02 USD) - 2021/12/20 22:32:46 PT [2021/12/21 1:32:46 ET]
Table 'Amelia III' 9-max Seat #3 is the button
Seat 1: Dorex2007 ($2 in chips) 
Seat 3: umka186 ($2 in chips) 
Seat 4: mooresie28 ($2.93 in chips) 
Seat 6: nandomar1986 ($3.26 in chips) 
Seat 7: rpatenau91 ($0.98 in chips) 
Seat 9: andreika35 ($1.49 in chips) 
mooresie28: posts small blind $0.01
gn4444: is sitting out 
nandomar1986: posts big blind $0.02
*** HOLE CARDS ***
Dealt to Dorex2007 [9c Qd]
rpatenau91: folds 
andreika35: calls $0.02
Dorex2007: calls $0.02
umka186: folds 
mooresie28: calls $0.01
nandomar1986: checks 
*** FLOP *** [Td 4h 6s]
mooresie28: checks 
nandomar1986: checks 
andreika35: checks 
Dorex2007: checks 
*** TURN *** [Td 4h 6s] [Ac]
mooresie28: checks 
nandomar1986: checks 
andreika35: checks 
pinbotani joins the table at seat #2 
Dorex2007: checks 
*** RIVER *** [Td 4h 6s Ac] [7s]
mooresie28: checks 
nandomar1986: checks 
andreika35: checks 
Dorex2007: checks 
*** SHOW DOWN ***
mooresie28: shows [Kh 8h] (high card Ace)
nandomar1986: mucks hand 
andreika35: shows [7c Qh] (a pair of Sevens)
Dorex2007: mucks hand 
andreika35 collected $0.08 from pot
*** SUMMARY ***
Total pot $0.08 | Rake $0 
Board [Td 4h 6s Ac 7s]
Seat 1: Dorex2007 mucked [9c Qd]
Seat 3: umka186 (button) folded before Flop (didn't bet)
Seat 4: mooresie28 (small blind) showed [Kh 8h] and lost with high card Ace
Seat 6: nandomar1986 (big blind) mucked [Jc 8c]
Seat 7: rpatenau91 folded before Flop (didn't bet)
Seat 9: andreika35 showed [7c Qh] and won ($0.08) with a pair of Sevens



PokerStars Hand #232393781233:  Hold'em No Limit ($0.01/$0.02 USD) - 2021/12/20 22:33:42 PT [2021/12/21 1:33:42 ET]
Table 'Amelia III' 9-max Seat #4 is the button
Seat 1: Dorex2007 ($2 in chips) 
Seat 3: umka186 ($2 in chips) 
Seat 4: mooresie28 ($2.91 in chips) 
Seat 6: nandomar1986 ($3.24 in chips) 
Seat 7: rpatenau91 ($0.98 in chips) 
Seat 9: andreika35 ($1.55 in chips) 
nandomar1986: posts small blind $0.01
rpatenau91: posts big blind $0.02
pinbotani: sits out 
*** HOLE CARDS ***
Dealt to Dorex2007 [3h 7s]
andreika35: folds 
Dorex2007: folds 
umka186: folds 
mooresie28: folds 
nandomar1986: calls $0.01
rpatenau91: checks 
*** FLOP *** [Qd 8s 3d]
nandomar1986: checks 
rpatenau91: checks 
*** TURN *** [Qd 8s 3d] [Ts]
nandomar1986: bets $0.06
rpatenau91: folds 
Uncalled bet ($0.06) returned to nandomar1986
nandomar1986 collected $0.04 from pot
nandomar1986: doesn't show hand 
*** SUMMARY ***
Total pot $0.04 | Rake $0 
Board [Qd 8s 3d Ts]
Seat 1: Dorex2007 folded before Flop (didn't bet)
Seat 3: umka186 folded before Flop (didn't bet)
Seat 4: mooresie28 (button) folded before Flop (didn't bet)
Seat 6: nandomar1986 (small blind) collected ($0.04)
Seat 7: rpatenau91 (big blind) folded on the Turn
Seat 9: andreika35 folded before Flop (didn't bet)



PokerStars Hand #232393788768:  Hold'em No Limit ($0.01/$0.02 USD) - 2021/12/20 22:34:38 PT [2021/12/21 1:34:38 ET]
Table 'Amelia III' 9-max Seat #6 is the button
Seat 1: Dorex2007 ($2 in chips) 
Seat 3: umka186 ($2 in chips) 
Seat 4: mooresie28 ($2.91 in chips) 
Seat 6: nandomar1986 ($3.26 in chips) 
Seat 7: rpatenau91 ($0.96 in chips) 
Seat 9: andreika35 ($1.55 in chips) 
rpatenau91: posts small blind $0.01
andreika35: posts big blind $0.02
pinbotani: sits out 
gn4444: sits out 
*** HOLE CARDS ***
Dealt to Dorex2007 [4s 3h]
Dorex2007: folds 
umka186: folds 
mooresie28: folds 
nandomar1986: raises $0.02 to $0.04
rpatenau91: folds 
andreika35: calls $0.02
*** FLOP *** [4h Td 7s]
andreika35: checks 
nandomar1986: checks 
*** TURN *** [4h Td 7s] [3s]
andreika35: checks 
nandomar1986: bets $0.02
andreika35: folds 
Uncalled bet ($0.02) returned to nandomar1986
nandomar1986 collected $0.09 from pot
nandomar1986: doesn't show hand 
*** SUMMARY ***
Total pot $0.09 | Rake $0 
Board [4h Td 7s 3s]
Seat 1: Dorex2007 folded before Flop (didn't bet)
Seat 3: umka186 folded before Flop (didn't bet)
Seat 4: mooresie28 folded before Flop (didn't bet)
Seat 6: nandomar1986 (button) collected ($0.09)
Seat 7: rpatenau91 (small blind) folded before Flop
Seat 9: andreika35 (big blind) folded on the Turn



PokerStars Hand #232393793629:  Hold'em No Limit ($0.01/$0.02 USD) - 2021/12/20 22:35:13 PT [2021/12/21 1:35:13 ET]
Table 'Amelia III' 9-max Seat #7 is the button
Seat 1: Dorex2007 ($2 in chips) 
Seat 3: umka186 ($2 in chips) 
Seat 4: mooresie28 ($2.91 in chips) 
Seat 6: nandomar1986 ($3.31 in chips) 
Seat 7: rpatenau91 ($0.95 in chips) 
Seat 9: andreika35 ($1.51 in chips) 
andreika35: posts small blind $0.01
Dorex2007: posts big blind $0.02
pinbotani: sits out 
gn4444: sits out 
*** HOLE CARDS ***
Dealt to Dorex2007 [4c 7s]
umka186: raises $0.04 to $0.06
mooresie28: folds 
nandomar1986: calls $0.06
rpatenau91: calls $0.06
andreika35: folds 
Dorex2007: folds 
*** FLOP *** [9c 6h 5s]
umka186: checks 
nandomar1986: checks 
rpatenau91: checks 
*** TURN *** [9c 6h 5s] [Tc]
umka186: checks 
nandomar1986: bets $0.04
andreika35 is disconnected 
rpatenau91: raises $0.04 to $0.08
umka186: folds 
nandomar1986: calls $0.04
*** RIVER *** [9c 6h 5s Tc] [9d]
nandomar1986: bets $0.04
rpatenau91: calls $0.04
*** SHOW DOWN ***
nandomar1986: shows [7d 6s] (two pair, Nines and Sixes)
rpatenau91: shows [Td 8d] (two pair, Tens and Nines)
rpatenau91 collected $0.43 from pot
*** SUMMARY ***
Total pot $0.45 | Rake $0.02 
Board [9c 6h 5s Tc 9d]
Seat 1: Dorex2007 (big blind) folded before Flop
Seat 3: umka186 folded on the Turn
Seat 4: mooresie28 folded before Flop (didn't bet)
Seat 6: nandomar1986 showed [7d 6s] and lost with two pair, Nines and Sixes
Seat 7: rpatenau91 (button) showed [Td 8d] and won ($0.43) with two pair, Tens and Nines
Seat 9: andreika35 (small blind) folded before Flop



PokerStars Hand #232393799575:  Hold'em No Limit ($0.01/$0.02 USD) - 2021/12/20 22:35:57 PT [2021/12/21 1:35:57 ET]
Table 'Amelia III' 9-max Seat #9 is the button
Seat 1: Dorex2007 ($2 in chips) 
Seat 2: pinbotani ($2 in chips) 
Seat 3: umka186 ($2 in chips) 
Seat 4: mooresie28 ($2.91 in chips) 
Seat 6: nandomar1986 ($3.13 in chips) 
Seat 7: rpatenau91 ($1.20 in chips) 
Seat 9: andreika35 ($1.50 in chips) 
Dorex2007: posts small blind $0.01
pinbotani: posts big blind $0.02
gn4444: sits out 
*** HOLE CARDS ***
Dealt to Dorex2007 [5c 9d]
umka186: folds 
mooresie28: folds 
nandomar1986: raises $0.02 to $0.04
rpatenau91: folds 
andreika35 is connected 
andreika35 is disconnected 
andreika35 has timed out while disconnected
andreika35: folds 
Dorex2007: folds 
pinbotani: calls $0.02
*** FLOP *** [7d Qd Kh]
pinbotani: checks 
nandomar1986: checks 
*** TURN *** [7d Qd Kh] [Kd]
pinbotani: checks 
nandomar1986: checks 
*** RIVER *** [7d Qd Kh Kd] [Jh]
pinbotani: checks 
nandomar1986: bets $0.11
pinbotani: calls $0.11
*** SHOW DOWN ***
nandomar1986: shows [Ad Ks] (three of a kind, Kings)
pinbotani: mucks hand 
nandomar1986 collected $0.30 from pot
*** SUMMARY ***
Total pot $0.31 | Rake $0.01 
Board [7d Qd Kh Kd Jh]
Seat 1: Dorex2007 (small blind) folded before Flop
Seat 2: pinbotani (big blind) mucked [Tc Qs]
Seat 3: umka186 folded before Flop (didn't bet)
Seat 4: mooresie28 folded before Flop (didn't bet)
Seat 6: nandomar1986 showed [Ad Ks] and won ($0.30) with three of a kind, Kings
Seat 7: rpatenau91 folded before Flop (didn't bet)
Seat 9: andreika35 (button) folded before Flop (didn't bet)



PokerStars Hand #232393805907:  Hold'em No Limit ($0.01/$0.02 USD) - 2021/12/20 22:36:44 PT [2021/12/21 1:36:44 ET]
Table 'Amelia III' 9-max Seat #1 is the button
Seat 1: Dorex2007 ($2 in chips) 
Seat 2: pinbotani ($2 in chips) 
Seat 3: umka186 ($2 in chips) 
Seat 4: mooresie28 ($2.91 in chips) 
Seat 6: nandomar1986 ($3.28 in chips) 
Seat 7: rpatenau91 ($1.20 in chips) 
pinbotani: posts small blind $0.01
umka186: posts big blind $0.02
gn4444: sits out 
*** HOLE CARDS ***
Dealt to Dorex2007 [3s 4c]
mooresie28: folds 
nandomar1986: calls $0.02
rpatenau91: raises $0.04 to $0.06
Dorex2007: folds 
pinbotani: folds 
umka186: folds 
nandomar1986: calls $0.04
*** FLOP *** [9d Qh 4d]
nandomar1986: checks 
rpatenau91: checks 
*** TURN *** [9d Qh 4d] [As]
nandomar1986: checks 
rpatenau91: bets $0.14
nandomar1986: folds 
Uncalled bet ($0.14) returned to rpatenau91
rpatenau91 collected $0.14 from pot
rpatenau91: doesn't show hand 
*** SUMMARY ***
Total pot $0.15 | Rake $0.01 
Board [9d Qh 4d As]
Seat 1: Dorex2007 (button) folded before Flop (didn't bet)
Seat 2: pinbotani (small blind) folded before Flop
Seat 3: umka186 (big blind) folded before Flop
Seat 4: mooresie28 folded before Flop (didn't bet)
Seat 6: nandomar1986 folded on the Turn
Seat 7: rpatenau91 collected ($0.14)



PokerStars Hand #232393809692:  Hold'em No Limit ($0.01/$0.02 USD) - 2021/12/20 22:37:12 PT [2021/12/21 1:37:12 ET]
Table 'Amelia III' 9-max Seat #2 is the button
Seat 1: Dorex2007 ($2 in chips) 
Seat 2: pinbotani ($2 in chips) 
Seat 3: umka186 ($2 in chips) 
Seat 4: mooresie28 ($2.91 in chips) 
Seat 6: nandomar1986 ($3.22 in chips) 
Seat 7: rpatenau91 ($1.28 in chips) 
umka186: posts small blind $0.01
mooresie28: posts big blind $0.02
gn4444: sits out 
*** HOLE CARDS ***
Dealt to Dorex2007 [Jc Td]
nandomar1986: raises $0.02 to $0.04
rpatenau91: calls $0.04
Dorex2007: folds 
pinbotani: folds 
umka186: folds 
mooresie28: folds 
*** FLOP *** [7d Jd 9c]
nandomar1986: checks 
rpatenau91: checks 
*** TURN *** [7d Jd 9c] [2d]
nandomar1986: checks 
rpatenau91: checks 
*** RIVER *** [7d Jd 9c 2d] [Qc]
nandomar1986: bets $0.13
rpatenau91: folds 
Uncalled bet ($0.13) returned to nandomar1986
nandomar1986 collected $0.11 from pot
nandomar1986: doesn't show hand 
*** SUMMARY ***
Total pot $0.11 | Rake $0 
Board [7d Jd 9c 2d Qc]
Seat 1: Dorex2007 folded before Flop (didn't bet)
Seat 2: pinbotani (button) folded before Flop (didn't bet)
Seat 3: umka186 (small blind) folded before Flop
Seat 4: mooresie28 (big blind) folded before Flop
Seat 6: nandomar1986 collected ($0.11)
Seat 7: rpatenau91 folded on the River



PokerStars Hand #232393816049:  Hold'em No Limit ($0.01/$0.02 USD) - 2021/12/20 22:37:58 PT [2021/12/21 1:37:58 ET]
Table 'Amelia III' 9-max Seat #3 is the button
Seat 1: Dorex2007 ($2 in chips) 
Seat 2: pinbotani ($2 in chips) 
Seat 3: umka186 ($2 in chips) 
Seat 4: mooresie28 ($2.89 in chips) 
Seat 6: nandomar1986 ($3.29 in chips) 
Seat 7: rpatenau91 ($1.24 in chips) 
Seat 9: andreika35 ($1.50 in chips) 
mooresie28: posts small blind $0.01
nandomar1986: posts big blind $0.02
*** HOLE CARDS ***
Dealt to Dorex2007 [7h Ac]
rpatenau91: folds 
andreika35 has timed out
andreika35: folds 
Dorex2007: folds 
pinbotani: folds 
umka186: raises $0.03 to $0.05
mooresie28: folds 
nandomar1986: calls $0.03
*** FLOP *** [5s 9s 4c]
nandomar1986: checks 
umka186: bets $0.06
nandomar1986: folds 
Uncalled bet ($0.06) returned to umka186
umka186 collected $0.11 from pot
*** SUMMARY ***
Total pot $0.11 | Rake $0 
Board [5s 9s 4c]
Seat 1: Dorex2007 folded before Flop (didn't bet)
Seat 2: pinbotani folded before Flop (didn't bet)
Seat 3: umka186 (button) collected ($0.11)
Seat 4: mooresie28 (small blind) folded before Flop
Seat 6: nandomar1986 (big blind) folded on the Flop
Seat 7: rpatenau91 folded before Flop (didn't bet)
Seat 9: andreika35 folded before Flop (didn't bet)



PokerStars Hand #232393823231:  Hold'em No Limit ($0.01/$0.02 USD) - 2021/12/20 22:38:37 PT [2021/12/21 1:38:37 ET]
Table 'Amelia III' 9-max Seat #4 is the button
Seat 1: Dorex2007 ($2 in chips) 
Seat 2: pinbotani ($2 in chips) 
Seat 3: umka186 ($2.06 in chips) 
Seat 4: mooresie28 ($2.88 in chips) 
Seat 6: nandomar1986 ($3.24 in chips) 
Seat 7: rpatenau91 ($1.24 in chips) 
nandomar1986: posts small blind $0.01
rpatenau91: posts big blind $0.02
*** HOLE CARDS ***
Dealt to Dorex2007 [4h Qd]
Dorex2007: folds 
pinbotani: raises $0.04 to $0.06
umka186: folds 
mooresie28: folds 
nandomar1986: calls $0.05
rpatenau91: folds 
*** FLOP *** [9s 3d 6s]
nandomar1986: checks 
pinbotani: checks 
*** TURN *** [9s 3d 6s] [Ts]
nandomar1986: checks 
pinbotani: checks 
*** RIVER *** [9s 3d 6s Ts] [Ks]
nandomar1986: bets $0.14
pinbotani: calls $0.14
*** SHOW DOWN ***
nandomar1986: shows [Jc 3s] (a flush, King high)
pinbotani: shows [Js Kd] (a flush, King high - Jack higher)
pinbotani collected $0.41 from pot
*** SUMMARY ***
Total pot $0.42 | Rake $0.01 
Board [9s 3d 6s Ts Ks]
Seat 1: Dorex2007 folded before Flop (didn't bet)
Seat 2: pinbotani showed [Js Kd] and won ($0.41) with a flush, King high
Seat 3: umka186 folded before Flop (didn't bet)
Seat 4: mooresie28 (button) folded before Flop (didn't bet)
Seat 6: nandomar1986 (small blind) showed [Jc 3s] and lost with a flush, King high
Seat 7: rpatenau91 (big blind) folded before Flop



PokerStars Hand #232393828007:  Hold'em No Limit ($0.01/$0.02 USD) - 2021/12/20 22:39:12 PT [2021/12/21 1:39:12 ET]
Table 'Amelia III' 9-max Seat #6 is the button
Seat 1: Dorex2007 ($2 in chips) 
Seat 2: pinbotani ($2.21 in chips) 
Seat 3: umka186 ($2.06 in chips) 
Seat 4: mooresie28 ($2.88 in chips) 
Seat 6: nandomar1986 ($3.04 in chips) 
Seat 7: rpatenau91 ($1.22 in chips) 
rpatenau91: posts small blind $0.01
Dorex2007: posts big blind $0.02
gn4444: sits out 
*** HOLE CARDS ***
Dealt to Dorex2007 [9d Ac]
pinbotani: folds 
umka186: folds 
mooresie28: folds 
nandomar1986: raises $0.02 to $0.04
rpatenau91: folds 
Dorex2007: folds 
Uncalled bet ($0.02) returned to nandomar1986
nandomar1986 collected $0.05 from pot
nandomar1986: doesn't show hand 
*** SUMMARY ***
Total pot $0.05 | Rake $0 
Seat 1: Dorex2007 (big blind) folded before Flop
Seat 2: pinbotani folded before Flop (didn't bet)
Seat 3: umka186 folded before Flop (didn't bet)
Seat 4: mooresie28 folded before Flop (didn't bet)
Seat 6: nandomar1986 (button) collected ($0.05)
Seat 7: rpatenau91 (small blind) folded before Flop



PokerStars Hand #232393829540:  Hold'em No Limit ($0.01/$0.02 USD) - 2021/12/20 22:39:23 PT [2021/12/21 1:39:23 ET]
Table 'Amelia III' 9-max Seat #7 is the button
Seat 1: Dorex2007 ($2 in chips) 
Seat 2: pinbotani ($2.21 in chips) 
Seat 3: umka186 ($2.06 in chips) 
Seat 4: mooresie28 ($2.88 in chips) 
Seat 6: nandomar1986 ($3.07 in chips) 
Seat 7: rpatenau91 ($1.21 in chips) 
Dorex2007: posts small blind $0.01
pinbotani: posts big blind $0.02
gn4444: sits out 
*** HOLE CARDS ***
Dealt to Dorex2007 [9d 7h]
umka186: folds 
mooresie28: folds 
nandomar1986: calls $0.02
rpatenau91: folds 
Dorex2007: folds 
pinbotani: checks 
*** FLOP *** [3d 6s 3h]
pinbotani: checks 
nandomar1986: checks 
*** TURN *** [3d 6s 3h] [5s]
pinbotani: checks 
nandomar1986: bets $0.05
pinbotani: folds 
Uncalled bet ($0.05) returned to nandomar1986
nandomar1986 collected $0.05 from pot
nandomar1986: doesn't show hand 
*** SUMMARY ***
Total pot $0.05 | Rake $0 
Board [3d 6s 3h 5s]
Seat 1: Dorex2007 (small blind) folded before Flop
Seat 2: pinbotani (big blind) folded on the Turn
Seat 3: umka186 folded before Flop (didn't bet)
Seat 4: mooresie28 folded before Flop (didn't bet)
Seat 6: nandomar1986 collected ($0.05)
Seat 7: rpatenau91 (button) folded before Flop (didn't bet)



PokerStars Hand #232393833415:  Hold'em No Limit ($0.01/$0.02 USD) - 2021/12/20 22:39:52 PT [2021/12/21 1:39:52 ET]
Table 'Amelia III' 9-max Seat #1 is the button
Seat 1: Dorex2007 ($2 in chips) 
Seat 2: pinbotani ($2.19 in chips) 
Seat 3: umka186 ($2.06 in chips) 
Seat 4: mooresie28 ($2.88 in chips) 
Seat 6: nandomar1986 ($3.10 in chips) 
Seat 7: rpatenau91 ($1.21 in chips) 
pinbotani: posts small blind $0.01
umka186: posts big blind $0.02
gn4444: sits out 
*** HOLE CARDS ***
Dealt to Dorex2007 [Tc Kd]
mooresie28: folds 
nandomar1986: folds 
rpatenau91: folds 
Dorex2007: raises $0.04 to $0.06
nandomar1986 leaves the table
pinbotani: folds 
umka186: folds 
Uncalled bet ($0.04) returned to Dorex2007
Dorex2007 collected $0.05 from pot
Dorex2007: doesn't show hand 
*** SUMMARY ***
Total pot $0.05 | Rake $0 
Seat 1: Dorex2007 (button) collected ($0.05)
Seat 2: pinbotani (small blind) folded before Flop
Seat 3: umka186 (big blind) folded before Flop
Seat 4: mooresie28 folded before Flop (didn't bet)
Seat 6: nandomar1986 folded before Flop (didn't bet)
Seat 7: rpatenau91 folded before Flop (didn't bet)



PokerStars Hand #232393835262:  Hold'em No Limit ($0.01/$0.02 USD) - 2021/12/20 22:40:05 PT [2021/12/21 1:40:05 ET]
Table 'Amelia III' 9-max Seat #2 is the button
Seat 1: Dorex2007 ($2.03 in chips) 
Seat 2: pinbotani ($2.18 in chips) 
Seat 3: umka186 ($2.04 in chips) 
Seat 4: mooresie28 ($2.88 in chips) 
Seat 7: rpatenau91 ($1.21 in chips) 
umka186: posts small blind $0.01
mooresie28: posts big blind $0.02
gn4444: sits out 
*** HOLE CARDS ***
Dealt to Dorex2007 [3h 9h]
ShivaShango joins the table at seat #6 
rpatenau91: folds 
Dorex2007: folds 
pinbotani: raises $0.04 to $0.06
umka186: folds 
mooresie28: folds 
Uncalled bet ($0.04) returned to pinbotani
pinbotani collected $0.05 from pot
pinbotani: doesn't show hand 
*** SUMMARY ***
Total pot $0.05 | Rake $0 
Seat 1: Dorex2007 folded before Flop (didn't bet)
Seat 2: pinbotani (button) collected ($0.05)
Seat 3: umka186 (small blind) folded before Flop
Seat 4: mooresie28 (big blind) folded before Flop
Seat 7: rpatenau91 folded before Flop (didn't bet)



PokerStars Hand #232393837379:  Hold'em No Limit ($0.01/$0.02 USD) - 2021/12/20 22:40:20 PT [2021/12/21 1:40:20 ET]
Table 'Amelia III' 9-max Seat #3 is the button
Seat 1: Dorex2007 ($2.03 in chips) 
Seat 2: pinbotani ($2.21 in chips) 
Seat 3: umka186 ($2.03 in chips) 
Seat 4: mooresie28 ($2.86 in chips) 
Seat 5: gn4444 ($2.11 in chips) 
Seat 7: rpatenau91 ($1.21 in chips) 
mooresie28: posts small blind $0.01
gn4444: posts big blind $0.02
ShivaShango: sits out 
*** HOLE CARDS ***
Dealt to Dorex2007 [7h 6s]
rpatenau91: folds 
Dorex2007: folds 
pinbotani: folds 
umka186: folds 
mooresie28: raises $0.02 to $0.04
gn4444: folds 
Uncalled bet ($0.02) returned to mooresie28
mooresie28 collected $0.04 from pot
mooresie28: doesn't show hand 
*** SUMMARY ***
Total pot $0.04 | Rake $0 
Seat 1: Dorex2007 folded before Flop (didn't bet)
Seat 2: pinbotani folded before Flop (didn't bet)
Seat 3: umka186 (button) folded before Flop (didn't bet)
Seat 4: mooresie28 (small blind) collected ($0.04)
Seat 5: gn4444 (big blind) folded before Flop
Seat 7: rpatenau91 folded before Flop (didn't bet)



PokerStars Hand #232393840441:  Hold'em No Limit ($0.01/$0.02 USD) - 2021/12/20 22:40:43 PT [2021/12/21 1:40:43 ET]
Table 'Amelia III' 9-max Seat #4 is the button
Seat 1: Dorex2007 ($2.03 in chips) 
Seat 2: pinbotani ($2.21 in chips) 
Seat 3: umka186 ($2.03 in chips) 
Seat 4: mooresie28 ($2.88 in chips) 
Seat 5: gn4444 ($2.09 in chips) 
Seat 6: ShivaShango ($2.04 in chips) 
Seat 7: rpatenau91 ($1.21 in chips) 
gn4444: posts small blind $0.01
ShivaShango: posts big blind $0.02
*** HOLE CARDS ***
Dealt to Dorex2007 [8s 5d]
rpatenau91 has timed out
rpatenau91: folds 
Dorex2007: folds 
pinbotani: raises $0.04 to $0.06
umka186: folds 
mooresie28: folds 
gn4444: folds 
ShivaShango: calls $0.04
*** FLOP *** [Qc 4c 5s]
ShivaShango: checks 
pinbotani: checks 
*** TURN *** [Qc 4c 5s] [Jd]
ShivaShango: checks 
pinbotani: bets $0.07
ShivaShango: calls $0.07
*** RIVER *** [Qc 4c 5s Jd] [2h]
ShivaShango: checks 
pinbotani: checks 
*** SHOW DOWN ***
ShivaShango: shows [Td 8d] (high card Queen)
pinbotani: shows [Js Kd] (a pair of Jacks)
pinbotani collected $0.26 from pot
*** SUMMARY ***
Total pot $0.27 | Rake $0.01 
Board [Qc 4c 5s Jd 2h]
Seat 1: Dorex2007 folded before Flop (didn't bet)
Seat 2: pinbotani showed [Js Kd] and won ($0.26) with a pair of Jacks
Seat 3: umka186 folded before Flop (didn't bet)
Seat 4: mooresie28 (button) folded before Flop (didn't bet)
Seat 5: gn4444 (small blind) folded before Flop
Seat 6: ShivaShango (big blind) showed [Td 8d] and lost with high card Queen
Seat 7: rpatenau91 folded before Flop (didn't bet)



PokerStars Hand #232393847002:  Hold'em No Limit ($0.01/$0.02 USD) - 2021/12/20 22:41:32 PT [2021/12/21 1:41:32 ET]
Table 'Amelia III' 9-max Seat #5 is the button
Seat 1: Dorex2007 ($2.03 in chips) 
Seat 2: pinbotani ($2.34 in chips) 
Seat 3: umka186 ($2.03 in chips) 
Seat 4: mooresie28 ($2.88 in chips) 
Seat 5: gn4444 ($2.08 in chips) 
Seat 6: ShivaShango ($1.91 in chips) 
Seat 7: rpatenau91 ($1.21 in chips) 
ShivaShango: posts small blind $0.01
rpatenau91: posts big blind $0.02
*** HOLE CARDS ***
Dealt to Dorex2007 [4h 4s]
Dorex2007: raises $0.02 to $0.04
pinbotani: folds 
umka186: folds 
mooresie28: folds 
gn4444: folds 
ShivaShango: raises $0.16 to $0.20
rpatenau91: folds 
Dorex2007: folds 
Uncalled bet ($0.16) returned to ShivaShango
ShivaShango collected $0.10 from pot
ShivaShango: doesn't show hand 
*** SUMMARY ***
Total pot $0.10 | Rake $0 
Seat 1: Dorex2007 folded before Flop
Seat 2: pinbotani folded before Flop (didn't bet)
Seat 3: umka186 folded before Flop (didn't bet)
Seat 4: mooresie28 folded before Flop (didn't bet)
Seat 5: gn4444 (button) folded before Flop (didn't bet)
Seat 6: ShivaShango (small blind) collected ($0.10)
Seat 7: rpatenau91 (big blind) folded before Flop



PokerStars Hand #232393849514:  Hold'em No Limit ($0.01/$0.02 USD) - 2021/12/20 22:41:50 PT [2021/12/21 1:41:50 ET]
Table 'Amelia III' 9-max Seat #6 is the button
Seat 1: Dorex2007 ($2 in chips) 
Seat 2: pinbotani ($2.34 in chips) 
Seat 3: umka186 ($2.03 in chips) 
Seat 4: mooresie28 ($2.88 in chips) 
Seat 5: gn4444 ($2.08 in chips) 
Seat 6: ShivaShango ($1.97 in chips) 
Seat 7: rpatenau91 ($1.19 in chips) 
rpatenau91: posts small blind $0.01
Dorex2007: posts big blind $0.02
*** HOLE CARDS ***
Dealt to Dorex2007 [8h 9s]
pinbotani: folds 
umka186: folds 
mooresie28: folds 
gn4444: folds 
ShivaShango: folds 
rpatenau91: folds 
Uncalled bet ($0.01) returned to Dorex2007
Dorex2007 collected $0.02 from pot
bogaaach leaves the table
Dorex2007: doesn't show hand 
*** SUMMARY ***
Total pot $0.02 | Rake $0 
Seat 1: Dorex2007 (big blind) collected ($0.02)
Seat 2: pinbotani folded before Flop (didn't bet)
Seat 3: umka186 folded before Flop (didn't bet)
Seat 4: mooresie28 folded before Flop (didn't bet)
Seat 5: gn4444 folded before Flop (didn't bet)
Seat 6: ShivaShango (button) folded before Flop (didn't bet)
Seat 7: rpatenau91 (small blind) folded before Flop



PokerStars Hand #232393850981:  Hold'em No Limit ($0.01/$0.02 USD) - 2021/12/20 22:42:01 PT [2021/12/21 1:42:01 ET]
Table 'Amelia III' 9-max Seat #7 is the button
Seat 1: Dorex2007 ($2.01 in chips) 
Seat 2: pinbotani ($2.34 in chips) 
Seat 3: umka186 ($2.03 in chips) 
Seat 4: mooresie28 ($2.88 in chips) 
Seat 5: gn4444 ($2.08 in chips) 
Seat 6: ShivaShango ($1.97 in chips) 
Seat 7: rpatenau91 ($1.18 in chips) 
Dorex2007: posts small blind $0.01
pinbotani: posts big blind $0.02
*** HOLE CARDS ***
Dealt to Dorex2007 [3h Ah]
umka186: folds 
mooresie28: folds 
gn4444: folds 
ShivaShango: raises $0.04 to $0.06
rpatenau91: calls $0.06
Dorex2007: folds 
pinbotani: folds 
*** FLOP *** [Qd 5h Ks]
ShivaShango: checks 
rpatenau91: checks 
*** TURN *** [Qd 5h Ks] [6d]
ShivaShango: checks 
rpatenau91: checks 
*** RIVER *** [Qd 5h Ks 6d] [2s]
ShivaShango: checks 
rpatenau91: checks 
*** SHOW DOWN ***
ShivaShango: shows [9s Jc] (high card King)
rpatenau91: shows [Js 9c] (high card King)
ShivaShango collected $0.07 from pot
rpatenau91 collected $0.07 from pot
*** SUMMARY ***
Total pot $0.15 | Rake $0.01 
Board [Qd 5h Ks 6d 2s]
Seat 1: Dorex2007 (small blind) folded before Flop
Seat 2: pinbotani (big blind) folded before Flop
Seat 3: umka186 folded before Flop (didn't bet)
Seat 4: mooresie28 folded before Flop (didn't bet)
Seat 5: gn4444 folded before Flop (didn't bet)
Seat 6: ShivaShango showed [9s Jc] and won ($0.07) with high card King
Seat 7: rpatenau91 (button) showed [Js 9c] and won ($0.07) with high card King



PokerStars Hand #232393856147:  Hold'em No Limit ($0.01/$0.02 USD) - 2021/12/20 22:42:39 PT [2021/12/21 1:42:39 ET]
Table 'Amelia III' 9-max Seat #1 is the button
Seat 1: Dorex2007 ($2 in chips) 
Seat 2: pinbotani ($2.32 in chips) 
Seat 3: umka186 ($2.03 in chips) 
Seat 4: mooresie28 ($2.88 in chips) 
Seat 5: gn4444 ($2.08 in chips) 
Seat 6: ShivaShango ($1.98 in chips) 
Seat 7: rpatenau91 ($1.19 in chips) 
pinbotani: posts small blind $0.01
umka186: posts big blind $0.02
*** HOLE CARDS ***
Dealt to Dorex2007 [6d 8c]
mooresie28: folds 
gn4444: raises $0.04 to $0.06
ShivaShango: folds 
rpatenau91: calls $0.06
Dorex2007: folds 
pinbotani: folds 
umka186: calls $0.04
*** FLOP *** [2c 5d 4s]
umka186: checks 
gn4444: checks 
rpatenau91: checks 
*** TURN *** [2c 5d 4s] [6c]
umka186: bets $0.06
gn4444: folds 
rpatenau91: folds 
Uncalled bet ($0.06) returned to umka186
umka186 collected $0.18 from pot
*** SUMMARY ***
Total pot $0.19 | Rake $0.01 
Board [2c 5d 4s 6c]
Seat 1: Dorex2007 (button) folded before Flop (didn't bet)
Seat 2: pinbotani (small blind) folded before Flop
Seat 3: umka186 (big blind) collected ($0.18)
Seat 4: mooresie28 folded before Flop (didn't bet)
Seat 5: gn4444 folded on the Turn
Seat 6: ShivaShango folded before Flop (didn't bet)
Seat 7: rpatenau91 folded on the Turn



PokerStars Hand #232393863107:  Hold'em No Limit ($0.01/$0.02 USD) - 2021/12/20 22:43:31 PT [2021/12/21 1:43:31 ET]
Table 'Amelia III' 9-max Seat #2 is the button
Seat 1: Dorex2007 ($2 in chips) 
Seat 2: pinbotani ($2.31 in chips) 
Seat 3: umka186 ($2.15 in chips) 
Seat 4: mooresie28 ($2.88 in chips) 
Seat 5: gn4444 ($2.02 in chips) 
Seat 6: ShivaShango ($1.98 in chips) 
Seat 7: rpatenau91 ($1.13 in chips) 
umka186: posts small blind $0.01
mooresie28: posts big blind $0.02
*** HOLE CARDS ***
Dealt to Dorex2007 [Qc 6s]
gn4444: folds 
ShivaShango: folds 
rpatenau91: calls $0.02
Dorex2007: folds 
pinbotani: folds 
umka186: calls $0.01
mooresie28: checks 
*** FLOP *** [Js 3c Jh]
umka186: checks 
erlis82 joins the table at seat #8 
mooresie28: checks 
rpatenau91: checks 
*** TURN *** [Js 3c Jh] [Kh]
umka186: checks 
mooresie28: checks 
rpatenau91: bets $0.06
umka186: folds 
mooresie28: folds 
Uncalled bet ($0.06) returned to rpatenau91
rpatenau91 collected $0.06 from pot
rpatenau91: doesn't show hand 
*** SUMMARY ***
Total pot $0.06 | Rake $0 
Board [Js 3c Jh Kh]
Seat 1: Dorex2007 folded before Flop (didn't bet)
Seat 2: pinbotani (button) folded before Flop (didn't bet)
Seat 3: umka186 (small blind) folded on the Turn
Seat 4: mooresie28 (big blind) folded on the Turn
Seat 5: gn4444 folded before Flop (didn't bet)
Seat 6: ShivaShango folded before Flop (didn't bet)
Seat 7: rpatenau91 collected ($0.06)



PokerStars Hand #232393869524:  Hold'em No Limit ($0.01/$0.02 USD) - 2021/12/20 22:44:19 PT [2021/12/21 1:44:19 ET]
Table 'Amelia III' 9-max Seat #3 is the button
Seat 1: Dorex2007 ($2 in chips) 
Seat 2: pinbotani ($2.31 in chips) 
Seat 3: umka186 ($2.13 in chips) 
Seat 4: mooresie28 ($2.86 in chips) 
Seat 6: ShivaShango ($1.98 in chips) 
Seat 7: rpatenau91 ($1.17 in chips) 
Seat 8: erlis82 ($2 in chips) 
mooresie28: posts small blind $0.01
gn4444: is sitting out 
ShivaShango: posts big blind $0.02
erlis82: posts big blind $0.02
*** HOLE CARDS ***
Dealt to Dorex2007 [Kc 5d]
rpatenau91: folds 
erlis82: checks 
Dorex2007: folds 
pinbotani: folds 
umka186: folds 
mooresie28: calls $0.01
ShivaShango: checks 
*** FLOP *** [Jd 3s 2h]
mooresie28: checks 
ShivaShango: checks 
erlis82: checks 
*** TURN *** [Jd 3s 2h] [4d]
mooresie28: bets $0.04
ShivaShango: folds 
erlis82: calls $0.04
*** RIVER *** [Jd 3s 2h 4d] [Qs]
mooresie28: bets $0.06
erlis82: raises $0.06 to $0.12
mooresie28: calls $0.06
*** SHOW DOWN ***
erlis82: shows [2d 4h] (two pair, Fours and Deuces)
mooresie28: mucks hand 
erlis82 collected $0.37 from pot
*** SUMMARY ***
Total pot $0.38 | Rake $0.01 
Board [Jd 3s 2h 4d Qs]
Seat 1: Dorex2007 folded before Flop (didn't bet)
Seat 2: pinbotani folded before Flop (didn't bet)
Seat 3: umka186 (button) folded before Flop (didn't bet)
Seat 4: mooresie28 (small blind) mucked [Qd Ac]
Seat 6: ShivaShango (big blind) folded on the Turn
Seat 7: rpatenau91 folded before Flop (didn't bet)
Seat 8: erlis82 showed [2d 4h] and won ($0.37) with two pair, Fours and Deuces



PokerStars Hand #232393876031:  Hold'em No Limit ($0.01/$0.02 USD) - 2021/12/20 22:45:08 PT [2021/12/21 1:45:08 ET]
Table 'Amelia III' 9-max Seat #4 is the button
Seat 1: Dorex2007 ($2 in chips) 
Seat 2: pinbotani ($2.31 in chips) 
Seat 3: umka186 ($2.13 in chips) 
Seat 4: mooresie28 ($2.68 in chips) 
Seat 6: ShivaShango ($1.96 in chips) 
Seat 7: rpatenau91 ($1.17 in chips) 
Seat 8: erlis82 ($2.19 in chips) 
ShivaShango: posts small blind $0.01
rpatenau91: posts big blind $0.02
*** HOLE CARDS ***
Dealt to Dorex2007 [2h Ts]
erlis82: folds 
Dorex2007: folds 
pinbotani: folds 
umka186: folds 
mooresie28: folds 
ShivaShango: folds 
Uncalled bet ($0.01) returned to rpatenau91
rpatenau91 collected $0.02 from pot
rpatenau91: doesn't show hand 
*** SUMMARY ***
Total pot $0.02 | Rake $0 
Seat 1: Dorex2007 folded before Flop (didn't bet)
Seat 2: pinbotani folded before Flop (didn't bet)
Seat 3: umka186 folded before Flop (didn't bet)
Seat 4: mooresie28 (button) folded before Flop (didn't bet)
Seat 6: ShivaShango (small blind) folded before Flop
Seat 7: rpatenau91 (big blind) collected ($0.02)
Seat 8: erlis82 folded before Flop (didn't bet)



PokerStars Hand #232393877768:  Hold'em No Limit ($0.01/$0.02 USD) - 2021/12/20 22:45:21 PT [2021/12/21 1:45:21 ET]
Table 'Amelia III' 9-max Seat #6 is the button
Seat 1: Dorex2007 ($2 in chips) 
Seat 2: pinbotani ($2.31 in chips) 
Seat 3: umka186 ($2.13 in chips) 
Seat 4: mooresie28 ($2.68 in chips) 
Seat 6: ShivaShango ($1.95 in chips) 
Seat 7: rpatenau91 ($1.18 in chips) 
Seat 8: erlis82 ($2.19 in chips) 
rpatenau91: posts small blind $0.01
erlis82: posts big blind $0.02
*** HOLE CARDS ***
Dealt to Dorex2007 [Td Jd]
Dorex2007: raises $0.04 to $0.06
pinbotani: folds 
umka186: folds 
mooresie28: folds 
ShivaShango: folds 
rpatenau91: folds 
erlis82: folds 
Uncalled bet ($0.04) returned to Dorex2007
Dorex2007 collected $0.05 from pot
Dorex2007: doesn't show hand 
*** SUMMARY ***
Total pot $0.05 | Rake $0 
Seat 1: Dorex2007 collected ($0.05)
Seat 2: pinbotani folded before Flop (didn't bet)
Seat 3: umka186 folded before Flop (didn't bet)
Seat 4: mooresie28 folded before Flop (didn't bet)
Seat 6: ShivaShango (button) folded before Flop (didn't bet)
Seat 7: rpatenau91 (small blind) folded before Flop
Seat 8: erlis82 (big blind) folded before Flop



PokerStars Hand #232393879617:  Hold'em No Limit ($0.01/$0.02 USD) - 2021/12/20 22:45:34 PT [2021/12/21 1:45:34 ET]
Table 'Amelia III' 9-max Seat #7 is the button
Seat 1: Dorex2007 ($2.03 in chips) 
Seat 2: pinbotani ($2.31 in chips) 
Seat 3: umka186 ($2.13 in chips) 
Seat 4: mooresie28 ($2.68 in chips) 
Seat 6: ShivaShango ($1.95 in chips) 
Seat 7: rpatenau91 ($1.17 in chips) 
Seat 8: erlis82 ($2.17 in chips) 
erlis82: posts small blind $0.01
Dorex2007: posts big blind $0.02
*** HOLE CARDS ***
Dealt to Dorex2007 [Kh 5c]
pinbotani: folds 
umka186: folds 
mooresie28: folds 
ShivaShango: raises $0.04 to $0.06
rpatenau91: folds 
erlis82: folds 
Dorex2007: folds 
Uncalled bet ($0.04) returned to ShivaShango
ShivaShango collected $0.05 from pot
ShivaShango: doesn't show hand 
*** SUMMARY ***
Total pot $0.05 | Rake $0 
Seat 1: Dorex2007 (big blind) folded before Flop
Seat 2: pinbotani folded before Flop (didn't bet)
Seat 3: umka186 folded before Flop (didn't bet)
Seat 4: mooresie28 folded before Flop (didn't bet)
Seat 6: ShivaShango collected ($0.05)
Seat 7: rpatenau91 (button) folded before Flop (didn't bet)
Seat 8: erlis82 (small blind) folded before Flop



PokerStars Hand #232393881763:  Hold'em No Limit ($0.01/$0.02 USD) - 2021/12/20 22:45:50 PT [2021/12/21 1:45:50 ET]
Table 'Amelia III' 9-max Seat #8 is the button
Seat 1: Dorex2007 ($2.01 in chips) 
Seat 2: pinbotani ($2.31 in chips) 
Seat 3: umka186 ($2.13 in chips) 
Seat 4: mooresie28 ($2.68 in chips) 
Seat 6: ShivaShango ($1.98 in chips) 
Seat 7: rpatenau91 ($1.17 in chips) 
Seat 8: erlis82 ($2.16 in chips) 
Dorex2007: posts small blind $0.01
pinbotani: posts big blind $0.02
*** HOLE CARDS ***
Dealt to Dorex2007 [7d 5d]
umka186: folds 
mooresie28: raises $0.02 to $0.04
ShivaShango: folds 
rpatenau91: folds 
erlis82: calls $0.04
Dorex2007: folds 
pinbotani: folds 
*** FLOP *** [9h 7h 8h]
mooresie28: bets $0.05
erlis82: folds 
Uncalled bet ($0.05) returned to mooresie28
mooresie28 collected $0.11 from pot
mooresie28: doesn't show hand 
*** SUMMARY ***
Total pot $0.11 | Rake $0 
Board [9h 7h 8h]
Seat 1: Dorex2007 (small blind) folded before Flop
Seat 2: pinbotani (big blind) folded before Flop
Seat 3: umka186 folded before Flop (didn't bet)
Seat 4: mooresie28 collected ($0.11)
Seat 6: ShivaShango folded before Flop (didn't bet)
Seat 7: rpatenau91 folded before Flop (didn't bet)
Seat 8: erlis82 (button) folded on the Flop



PokerStars Hand #232393885634:  Hold'em No Limit ($0.01/$0.02 USD) - 2021/12/20 22:46:18 PT [2021/12/21 1:46:18 ET]
Table 'Amelia III' 9-max Seat #1 is the button
Seat 1: Dorex2007 ($2 in chips) 
Seat 2: pinbotani ($2.29 in chips) 
Seat 3: umka186 ($2.13 in chips) 
Seat 4: mooresie28 ($2.75 in chips) 
Seat 6: ShivaShango ($1.98 in chips) 
Seat 7: rpatenau91 ($1.17 in chips) 
Seat 8: erlis82 ($2.12 in chips) 
pinbotani: posts small blind $0.01
umka186: posts big blind $0.02
gn4444: sits out 
*** HOLE CARDS ***
Dealt to Dorex2007 [7s 2c]
mooresie28: folds 
mooresie28 leaves the table
ShivaShango: raises $0.04 to $0.06
rpatenau91: calls $0.06
erlis82: calls $0.06
Dorex2007: folds 
pinbotani: calls $0.05
umka186: folds 
*** FLOP *** [6h 4h 5d]
pinbotani: checks 
Janne_Tulkki joins the table at seat #4 
ShivaShango: checks 
andreika35 is disconnected 
rpatenau91: checks 
erlis82: bets $0.02
pinbotani: folds 
ShivaShango: calls $0.02
rpatenau91: calls $0.02
*** TURN *** [6h 4h 5d] [4d]
ShivaShango: checks 
rpatenau91: checks 
erlis82: bets $0.04
ShivaShango: calls $0.04
rpatenau91: folds 
*** RIVER *** [6h 4h 5d 4d] [Kh]
ShivaShango: checks 
erlis82: bets $0.04
ShivaShango: calls $0.04
*** SHOW DOWN ***
erlis82: shows [6c 7c] (two pair, Sixes and Fours)
ShivaShango: mucks hand 
erlis82 collected $0.46 from pot
*** SUMMARY ***
Total pot $0.48 | Rake $0.02 
Board [6h 4h 5d 4d Kh]
Seat 1: Dorex2007 (button) folded before Flop (didn't bet)
Seat 2: pinbotani (small blind) folded on the Flop
Seat 3: umka186 (big blind) folded before Flop
Seat 4: mooresie28 folded before Flop (didn't bet)
Seat 6: ShivaShango mucked [3s 3d]
Seat 7: rpatenau91 folded on the Turn
Seat 8: erlis82 showed [6c 7c] and won ($0.46) with two pair, Sixes and Fours



PokerStars Hand #232393902028:  Hold'em No Limit ($0.01/$0.02 USD) - 2021/12/20 22:47:38 PT [2021/12/21 1:47:38 ET]
Table 'Amelia III' 9-max Seat #2 is the button
Seat 1: Dorex2007 ($2 in chips) 
Seat 2: pinbotani ($2.23 in chips) 
Seat 3: umka186 ($2.11 in chips) 
Seat 4: Janne_Tulkki ($1.60 in chips) 
Seat 6: ShivaShango ($1.82 in chips) 
Seat 7: rpatenau91 ($1.09 in chips) 
Seat 8: erlis82 ($2.42 in chips) 
umka186: posts small blind $0.01
Janne_Tulkki: posts big blind $0.02
*** HOLE CARDS ***
Dealt to Dorex2007 [2s 9c]
ShivaShango: folds 
rpatenau91: folds 
erlis82: calls $0.02
Dorex2007: folds 
pinbotani: folds 
umka186: folds 
Janne_Tulkki has timed out
Janne_Tulkki: checks 
*** FLOP *** [8d Jh 2c]
ShivaShango leaves the table
Janne_Tulkki is disconnected 
Janne_Tulkki has timed out while disconnected
Janne_Tulkki: checks 
erlis82: checks 
*** TURN *** [8d Jh 2c] [Qc]
Janne_Tulkki has timed out while disconnected
Janne_Tulkki: checks 
Rami Santoro joins the table at seat #6 
erlis82: bets $0.02
Janne_Tulkki is connected 
Janne_Tulkki: calls $0.02
*** RIVER *** [8d Jh 2c Qc] [4h]
Janne_Tulkki: checks 
Rami Santoro leaves the table
erlis82: checks 
*** SHOW DOWN ***
Janne_Tulkki: shows [4d 9d] (a pair of Fours)
erlis82: mucks hand 
Janne_Tulkki collected $0.09 from pot
*** SUMMARY ***
Total pot $0.09 | Rake $0 
Board [8d Jh 2c Qc 4h]
Seat 1: Dorex2007 folded before Flop (didn't bet)
Seat 2: pinbotani (button) folded before Flop (didn't bet)
Seat 3: umka186 (small blind) folded before Flop
Seat 4: Janne_Tulkki (big blind) showed [4d 9d] and won ($0.09) with a pair of Fours
Seat 6: ShivaShango folded before Flop (didn't bet)
Seat 7: rpatenau91 folded before Flop (didn't bet)
Seat 8: erlis82 mucked [Th Ac]



PokerStars Hand #232393917435:  Hold'em No Limit ($0.01/$0.02 USD) - 2021/12/20 22:49:30 PT [2021/12/21 1:49:30 ET]
Table 'Amelia III' 9-max Seat #3 is the button
Seat 1: Dorex2007 ($2 in chips) 
Seat 2: pinbotani ($2.23 in chips) 
Seat 3: umka186 ($2.10 in chips) 
Seat 4: Janne_Tulkki ($1.65 in chips) 
Seat 7: rpatenau91 ($1.09 in chips) 
Seat 8: erlis82 ($2.38 in chips) 
Janne_Tulkki: posts small blind $0.01
rpatenau91: posts big blind $0.02
*** HOLE CARDS ***
Dealt to Dorex2007 [Ad 5s]
erlis82: folds 
Dorex2007: folds 
pinbotani: folds 
umka186: raises $0.03 to $0.05
Janne_Tulkki: calls $0.04
rpatenau91: folds 
*** FLOP *** [8h 3c 7c]
Janne_Tulkki: bets $0.02
umka186: raises $0.06 to $0.08
Janne_Tulkki: calls $0.06
*** TURN *** [8h 3c 7c] [Qc]
Janne_Tulkki: checks 
umka186: checks 
*** RIVER *** [8h 3c 7c Qc] [8d]
Aristarh0 joins the table at seat #6 
Janne_Tulkki: checks 
umka186: bets $0.09
Janne_Tulkki: folds 
Uncalled bet ($0.09) returned to umka186
umka186 collected $0.27 from pot
*** SUMMARY ***
Total pot $0.28 | Rake $0.01 
Board [8h 3c 7c Qc 8d]
Seat 1: Dorex2007 folded before Flop (didn't bet)
Seat 2: pinbotani folded before Flop (didn't bet)
Seat 3: umka186 (button) collected ($0.27)
Seat 4: Janne_Tulkki (small blind) folded on the River
Seat 7: rpatenau91 (big blind) folded before Flop
Seat 8: erlis82 folded before Flop (didn't bet)



PokerStars Hand #232393921939:  Hold'em No Limit ($0.01/$0.02 USD) - 2021/12/20 22:50:03 PT [2021/12/21 1:50:03 ET]
Table 'Amelia III' 9-max Seat #4 is the button
Seat 1: Dorex2007 ($2 in chips) 
Seat 2: pinbotani ($2.23 in chips) 
Seat 3: umka186 ($2.24 in chips) 
Seat 4: Janne_Tulkki ($1.52 in chips) 
Seat 7: rpatenau91 ($1.07 in chips) 
Seat 8: erlis82 ($2.38 in chips) 
rpatenau91: posts small blind $0.01
erlis82: posts big blind $0.02
*** HOLE CARDS ***
Dealt to Dorex2007 [7d Td]
Dorex2007: folds 
pinbotani: folds 
umka186: folds 
Janne_Tulkki: folds 
rpatenau91: folds 
Uncalled bet ($0.01) returned to erlis82
erlis82 collected $0.02 from pot
erlis82: doesn't show hand 
*** SUMMARY ***
Total pot $0.02 | Rake $0 
Seat 1: Dorex2007 folded before Flop (didn't bet)
Seat 2: pinbotani folded before Flop (didn't bet)
Seat 3: umka186 folded before Flop (didn't bet)
Seat 4: Janne_Tulkki (button) folded before Flop (didn't bet)
Seat 7: rpatenau91 (small blind) folded before Flop
Seat 8: erlis82 (big blind) collected ($0.02)



PokerStars Hand #232393923377:  Hold'em No Limit ($0.01/$0.02 USD) - 2021/12/20 22:50:14 PT [2021/12/21 1:50:14 ET]
Table 'Amelia III' 9-max Seat #7 is the button
Seat 1: Dorex2007 ($2 in chips) 
Seat 2: pinbotani ($2.23 in chips) 
Seat 3: umka186 ($2.24 in chips) 
Seat 4: Janne_Tulkki ($1.52 in chips) 
Seat 7: rpatenau91 ($1.06 in chips) 
Seat 8: erlis82 ($2.39 in chips) 
erlis82: posts small blind $0.01
Dorex2007: posts big blind $0.02
Aristarh0: sits out 
*** HOLE CARDS ***
Dealt to Dorex2007 [3d 4h]
pinbotani: folds 
umka186: folds 
Janne_Tulkki: calls $0.02
rpatenau91: calls $0.02
erlis82: calls $0.01
Dorex2007: checks 
*** FLOP *** [5s 2d 2h]
erlis82: checks 
Dorex2007: checks 
Janne_Tulkki: bets $0.04
rpatenau91: calls $0.04
erlis82: folds 
Dorex2007: calls $0.04
*** TURN *** [5s 2d 2h] [Qs]
Dorex2007: checks 
Janne_Tulkki: bets $0.02
rpatenau91: calls $0.02
Dorex2007: folds 
*** RIVER *** [5s 2d 2h Qs] [Td]
Janne_Tulkki: checks 
rpatenau91: checks 
*** SHOW DOWN ***
Janne_Tulkki: shows [7h Jh] (a pair of Deuces)
rpatenau91: shows [8d 8s] (two pair, Eights and Deuces)
rpatenau91 collected $0.23 from pot
andreika35 leaves the table
*** SUMMARY ***
Total pot $0.24 | Rake $0.01 
Board [5s 2d 2h Qs Td]
Seat 1: Dorex2007 (big blind) folded on the Turn
Seat 2: pinbotani folded before Flop (didn't bet)
Seat 3: umka186 folded before Flop (didn't bet)
Seat 4: Janne_Tulkki showed [7h Jh] and lost with a pair of Deuces
Seat 7: rpatenau91 (button) showed [8d 8s] and won ($0.23) with two pair, Eights and Deuces
Seat 8: erlis82 (small blind) folded on the Flop



PokerStars Hand #232393931128:  Hold'em No Limit ($0.01/$0.02 USD) - 2021/12/20 22:51:11 PT [2021/12/21 1:51:11 ET]
Table 'Amelia III' 9-max Seat #8 is the button
Seat 1: Dorex2007 ($2 in chips) 
Seat 2: pinbotani ($2.23 in chips) 
Seat 3: umka186 ($2.24 in chips) 
Seat 4: Janne_Tulkki ($1.44 in chips) 
Seat 7: rpatenau91 ($1.21 in chips) 
Seat 8: erlis82 ($2.37 in chips) 
Dorex2007: posts small blind $0.01
pinbotani: posts big blind $0.02
gn4444: sits out 
Aristarh0: sits out 
*** HOLE CARDS ***
Dealt to Dorex2007 [Qd 7h]
umka186: folds 
Janne_Tulkki: calls $0.02
rpatenau91: folds 
erlis82: calls $0.02
Dorex2007: folds 
pinbotani: checks 
*** FLOP *** [8c 5c 9s]
pinbotani: checks 
Janne_Tulkki: bets $0.04
erlis82: folds 
pinbotani: folds 
Uncalled bet ($0.04) returned to Janne_Tulkki
Janne_Tulkki collected $0.07 from pot
Janne_Tulkki: doesn't show hand 
*** SUMMARY ***
Total pot $0.07 | Rake $0 
Board [8c 5c 9s]
Seat 1: Dorex2007 (small blind) folded before Flop
Seat 2: pinbotani (big blind) folded on the Flop
Seat 3: umka186 folded before Flop (didn't bet)
Seat 4: Janne_Tulkki collected ($0.07)
Seat 7: rpatenau91 folded before Flop (didn't bet)
Seat 8: erlis82 (button) folded on the Flop



PokerStars Hand #232393935910:  Hold'em No Limit ($0.01/$0.02 USD) - 2021/12/20 22:51:47 PT [2021/12/21 1:51:47 ET]
Table 'Amelia III' 9-max Seat #1 is the button
Seat 1: Dorex2007 ($2 in chips) 
Seat 2: pinbotani ($2.21 in chips) 
Seat 3: umka186 ($2.24 in chips) 
Seat 4: Janne_Tulkki ($1.49 in chips) 
Seat 7: rpatenau91 ($1.21 in chips) 
Seat 8: erlis82 ($2.35 in chips) 
pinbotani: posts small blind $0.01
umka186: posts big blind $0.02
Aristarh0: sits out 
*** HOLE CARDS ***
Dealt to Dorex2007 [2c Ts]
Janne_Tulkki: raises $0.02 to $0.04
rpatenau91: folds 
erlis82: folds 
Dorex2007: folds 
pinbotani: folds 
Aristarh0 leaves the table
umka186: calls $0.02
*** FLOP *** [Qs Ad 9c]
umka186: checks 
Janne_Tulkki: bets $0.02
umka186: folds 
Uncalled bet ($0.02) returned to Janne_Tulkki
Janne_Tulkki collected $0.09 from pot
Janne_Tulkki: doesn't show hand 
*** SUMMARY ***
Total pot $0.09 | Rake $0 
Board [Qs Ad 9c]
Seat 1: Dorex2007 (button) folded before Flop (didn't bet)
Seat 2: pinbotani (small blind) folded before Flop
Seat 3: umka186 (big blind) folded on the Flop
Seat 4: Janne_Tulkki collected ($0.09)
Seat 7: rpatenau91 folded before Flop (didn't bet)
Seat 8: erlis82 folded before Flop (didn't bet)



PokerStars Hand #232393940061:  Hold'em No Limit ($0.01/$0.02 USD) - 2021/12/20 22:52:17 PT [2021/12/21 1:52:17 ET]
Table 'Amelia III' 9-max Seat #2 is the button
Seat 1: Dorex2007 ($2 in chips) 
Seat 2: pinbotani ($2.20 in chips) 
Seat 3: umka186 ($2.20 in chips) 
Seat 4: Janne_Tulkki ($1.54 in chips) 
Seat 7: rpatenau91 ($1.21 in chips) 
Seat 8: erlis82 ($2.35 in chips) 
umka186: posts small blind $0.01
Janne_Tulkki: posts big blind $0.02
*** HOLE CARDS ***
Dealt to Dorex2007 [8s 3d]
rpatenau91: folds 
erlis82: folds 
Dorex2007: folds 
pinbotani: folds 
umka186: folds 
Uncalled bet ($0.01) returned to Janne_Tulkki
Janne_Tulkki collected $0.02 from pot
Janne_Tulkki: doesn't show hand 
*** SUMMARY ***
Total pot $0.02 | Rake $0 
Seat 1: Dorex2007 folded before Flop (didn't bet)
Seat 2: pinbotani (button) folded before Flop (didn't bet)
Seat 3: umka186 (small blind) folded before Flop
Seat 4: Janne_Tulkki (big blind) collected ($0.02)
Seat 7: rpatenau91 folded before Flop (didn't bet)
Seat 8: erlis82 folded before Flop (didn't bet)



PokerStars Hand #232393942427:  Hold'em No Limit ($0.01/$0.02 USD) - 2021/12/20 22:52:35 PT [2021/12/21 1:52:35 ET]
Table 'Amelia III' 9-max Seat #3 is the button
Seat 1: Dorex2007 ($2 in chips) 
Seat 2: pinbotani ($2.20 in chips) 
Seat 3: umka186 ($2.19 in chips) 
Seat 4: Janne_Tulkki ($1.55 in chips) 
Seat 7: rpatenau91 ($1.21 in chips) 
Seat 8: erlis82 ($2.35 in chips) 
Janne_Tulkki: posts small blind $0.01
rpatenau91: posts big blind $0.02
*** HOLE CARDS ***
Dealt to Dorex2007 [Jd Qc]
erlis82: folds 
Dorex2007: calls $0.02
pinbotani: folds 
umka186: folds 
Janne_Tulkki has timed out
Janne_Tulkki: folds 
rpatenau91: checks 
*** FLOP *** [Jh 4h 7d]
rpatenau91: checks 
Dorex2007: bets $0.05
gn4444 leaves the table
rpatenau91: folds 
Uncalled bet ($0.05) returned to Dorex2007
Dorex2007 collected $0.05 from pot
Dorex2007: doesn't show hand 
*** SUMMARY ***
Total pot $0.05 | Rake $0 
Board [Jh 4h 7d]
Seat 1: Dorex2007 collected ($0.05)
Seat 2: pinbotani folded before Flop (didn't bet)
Seat 3: umka186 (button) folded before Flop (didn't bet)
Seat 4: Janne_Tulkki (small blind) folded before Flop
Seat 7: rpatenau91 (big blind) folded on the Flop
Seat 8: erlis82 folded before Flop (didn't bet)



PokerStars Hand #232393953202:  Hold'em No Limit ($0.01/$0.02 USD) - 2021/12/20 22:53:19 PT [2021/12/21 1:53:19 ET]
Table 'Amelia III' 9-max Seat #4 is the button
Seat 1: Dorex2007 ($2.03 in chips) 
Seat 2: pinbotani ($2.20 in chips) 
Seat 3: umka186 ($2.19 in chips) 
Seat 4: Janne_Tulkki ($1.54 in chips) 
Seat 7: rpatenau91 ($1.19 in chips) 
Seat 8: erlis82 ($2.35 in chips) 
rpatenau91: posts small blind $0.01
erlis82: posts big blind $0.02
*** HOLE CARDS ***
Dealt to Dorex2007 [4d Qh]
Janne_Tulkki is disconnected 
Dorex2007: folds 
pinbotani: raises $0.04 to $0.06
umka186: folds 
Janne_Tulkki has timed out while disconnected
Janne_Tulkki: folds 
rpatenau91: folds 
erlis82: folds 
Uncalled bet ($0.04) returned to pinbotani
umka186 leaves the table
pinbotani collected $0.05 from pot
pinbotani: doesn't show hand 
*** SUMMARY ***
Total pot $0.05 | Rake $0 
Seat 1: Dorex2007 folded before Flop (didn't bet)
Seat 2: pinbotani collected ($0.05)
Seat 3: umka186 folded before Flop (didn't bet)
Seat 4: Janne_Tulkki (button) folded before Flop (didn't bet)
Seat 7: rpatenau91 (small blind) folded before Flop
Seat 8: erlis82 (big blind) folded before Flop



PokerStars Hand #232393957263:  Hold'em No Limit ($0.01/$0.02 USD) - 2021/12/20 22:53:49 PT [2021/12/21 1:53:49 ET]
Table 'Amelia III' 9-max Seat #7 is the button
Seat 1: Dorex2007 ($2.03 in chips) 
Seat 2: pinbotani ($2.23 in chips) 
Seat 7: rpatenau91 ($1.18 in chips) 
Seat 8: erlis82 ($2.33 in chips) 
erlis82: posts small blind $0.01
Dorex2007: posts big blind $0.02
*** HOLE CARDS ***
Dealt to Dorex2007 [5c 2s]
pinbotani: folds 
rpatenau91: folds 
erlis82: folds 
Uncalled bet ($0.01) returned to Dorex2007
Dorex2007 collected $0.02 from pot
Dorex2007: doesn't show hand 
*** SUMMARY ***
Total pot $0.02 | Rake $0 
Seat 1: Dorex2007 (big blind) collected ($0.02)
Seat 2: pinbotani folded before Flop (didn't bet)
Seat 7: rpatenau91 (button) folded before Flop (didn't bet)
Seat 8: erlis82 (small blind) folded before Flop



PokerStars Hand #232393958236:  Hold'em No Limit ($0.01/$0.02 USD) - 2021/12/20 22:53:57 PT [2021/12/21 1:53:57 ET]
Table 'Amelia III' 9-max Seat #8 is the button
Seat 1: Dorex2007 ($2.04 in chips) 
Seat 2: pinbotani ($2.23 in chips) 
Seat 7: rpatenau91 ($1.18 in chips) 
Seat 8: erlis82 ($2.32 in chips) 
Dorex2007: posts small blind $0.01
pinbotani: posts big blind $0.02
*** HOLE CARDS ***
Dealt to Dorex2007 [9d 3c]
rpatenau91: folds 
erlis82: folds 
Dorex2007: folds 
Uncalled bet ($0.01) returned to pinbotani
pinbotani collected $0.02 from pot
pinbotani: doesn't show hand 
*** SUMMARY ***
Total pot $0.02 | Rake $0 
Seat 1: Dorex2007 (small blind) folded before Flop
Seat 2: pinbotani (big blind) collected ($0.02)
Seat 7: rpatenau91 folded before Flop (didn't bet)
Seat 8: erlis82 (button) folded before Flop (didn't bet)



