PokerStars Hand #237523015296:  Hold'em No Limit ($0.02/$0.05 USD) - 2022/07/22 15:37:48 PT [2022/07/22 18:37:48 ET]
Table 'Utopia' 9-max Seat #4 is the button
Seat 1: loldogs ($5.30 in chips) 
Seat 2: surubu45 ($4.24 in chips) 
Seat 3: Dorex2007 ($5 in chips) 
Seat 4: RosemontTony ($4.63 in chips) 
Seat 5: theArtist228 ($4.95 in chips) 
Seat 6: willdadood ($5.26 in chips) 
Seat 7: mullski326 ($12.59 in chips) 
Seat 8: Zzzanderman ($4.88 in chips) 
Seat 9: CasinoReal46 ($2.60 in chips) 
theArtist228: posts small blind $0.02
willdadood: posts big blind $0.05
Dorex2007: posts big blind $0.05
*** HOLE CARDS ***
Dealt to Dorex2007 [6c 4s]
mullski326: folds 
Zzzanderman: calls $0.05
CasinoReal46: folds 
loldogs: folds 
surubu45: folds 
Dorex2007: checks 
RosemontTony: folds 
theArtist228: calls $0.03
willdadood: checks 
*** FLOP *** [4h 9c Jd]
theArtist228: checks 
willdadood: checks 
Zzzanderman: checks 
Dorex2007: checks 
*** TURN *** [4h 9c Jd] [3s]
theArtist228: checks 
willdadood: checks 
Zzzanderman: checks 
Dorex2007: checks 
*** RIVER *** [4h 9c Jd 3s] [Kd]
theArtist228: checks 
willdadood: checks 
Zzzanderman: checks 
Dorex2007: checks 
*** SHOW DOWN ***
theArtist228: shows [7d Ac] (high card Ace)
willdadood: mucks hand 
Zzzanderman: mucks hand 
Dorex2007: shows [6c 4s] (a pair of Fours)
Dorex2007 collected $0.19 from pot
*** SUMMARY ***
Total pot $0.20 | Rake $0.01 
Board [4h 9c Jd 3s Kd]
Seat 1: loldogs folded before Flop (didn't bet)
Seat 2: surubu45 folded before Flop (didn't bet)
Seat 3: Dorex2007 showed [6c 4s] and won ($0.19) with a pair of Fours
Seat 4: RosemontTony (button) folded before Flop (didn't bet)
Seat 5: theArtist228 (small blind) showed [7d Ac] and lost with high card Ace
Seat 6: willdadood (big blind) mucked [Qd 5c]
Seat 7: mullski326 folded before Flop (didn't bet)
Seat 8: Zzzanderman mucked [Ah 2h]
Seat 9: CasinoReal46 folded before Flop (didn't bet)



PokerStars Hand #237523035439:  Hold'em No Limit ($0.02/$0.05 USD) - 2022/07/22 15:38:50 PT [2022/07/22 18:38:50 ET]
Table 'Utopia' 9-max Seat #5 is the button
Seat 1: loldogs ($5.30 in chips) 
Seat 2: surubu45 ($4.24 in chips) 
Seat 3: Dorex2007 ($5.14 in chips) 
Seat 4: RosemontTony ($4.63 in chips) 
Seat 5: theArtist228 ($4.90 in chips) 
Seat 6: willdadood ($5.21 in chips) 
Seat 7: mullski326 ($12.59 in chips) 
Seat 8: Zzzanderman ($4.83 in chips) 
Seat 9: CasinoReal46 ($2.60 in chips) 
willdadood: posts small blind $0.02
mullski326: posts big blind $0.05
*** HOLE CARDS ***
Dealt to Dorex2007 [Qh 3h]
Zzzanderman: folds 
CasinoReal46: folds 
loldogs: folds 
surubu45: raises $0.10 to $0.15
Dorex2007: folds 
RosemontTony: folds 
theArtist228: folds 
willdadood: folds 
mullski326: folds 
Uncalled bet ($0.10) returned to surubu45
surubu45 collected $0.12 from pot
*** SUMMARY ***
Total pot $0.12 | Rake $0 
Seat 1: loldogs folded before Flop (didn't bet)
Seat 2: surubu45 collected ($0.12)
Seat 3: Dorex2007 folded before Flop (didn't bet)
Seat 4: RosemontTony folded before Flop (didn't bet)
Seat 5: theArtist228 (button) folded before Flop (didn't bet)
Seat 6: willdadood (small blind) folded before Flop
Seat 7: mullski326 (big blind) folded before Flop
Seat 8: Zzzanderman folded before Flop (didn't bet)
Seat 9: CasinoReal46 folded before Flop (didn't bet)



PokerStars Hand #237523040447:  Hold'em No Limit ($0.02/$0.05 USD) - 2022/07/22 15:39:06 PT [2022/07/22 18:39:06 ET]
Table 'Utopia' 9-max Seat #6 is the button
Seat 1: loldogs ($5.30 in chips) 
Seat 2: surubu45 ($4.31 in chips) 
Seat 3: Dorex2007 ($5.14 in chips) 
Seat 4: RosemontTony ($4.63 in chips) 
Seat 5: theArtist228 ($4.90 in chips) 
Seat 6: willdadood ($5.19 in chips) 
Seat 7: mullski326 ($12.54 in chips) 
Seat 8: Zzzanderman ($4.83 in chips) 
Seat 9: CasinoReal46 ($2.60 in chips) 
mullski326: posts small blind $0.02
Zzzanderman: posts big blind $0.05
*** HOLE CARDS ***
Dealt to Dorex2007 [4d 2d]
CasinoReal46: folds 
loldogs: folds 
surubu45: raises $0.10 to $0.15
Dorex2007: folds 
RosemontTony: calls $0.15
theArtist228: folds 
willdadood: calls $0.15
mullski326: calls $0.13
Zzzanderman: folds 
*** FLOP *** [Js Ac 2h]
mullski326: checks 
surubu45: checks 
RosemontTony: checks 
willdadood: checks 
*** TURN *** [Js Ac 2h] [Qs]
mullski326: bets $0.31
surubu45: calls $0.31
RosemontTony: folds 
willdadood: folds 
*** RIVER *** [Js Ac 2h Qs] [Th]
mullski326: checks 
surubu45: bets $0.61
mullski326: calls $0.61
*** SHOW DOWN ***
surubu45: shows [Jc Tc] (two pair, Jacks and Tens)
mullski326: shows [Jh Ad] (two pair, Aces and Jacks)
mullski326 collected $2.39 from pot
*** SUMMARY ***
Total pot $2.49 | Rake $0.10 
Board [Js Ac 2h Qs Th]
Seat 1: loldogs folded before Flop (didn't bet)
Seat 2: surubu45 showed [Jc Tc] and lost with two pair, Jacks and Tens
Seat 3: Dorex2007 folded before Flop (didn't bet)
Seat 4: RosemontTony folded on the Turn
Seat 5: theArtist228 folded before Flop (didn't bet)
Seat 6: willdadood (button) folded on the Turn
Seat 7: mullski326 (small blind) showed [Jh Ad] and won ($2.39) with two pair, Aces and Jacks
Seat 8: Zzzanderman (big blind) folded before Flop
Seat 9: CasinoReal46 folded before Flop (didn't bet)



PokerStars Hand #237523071526:  Hold'em No Limit ($0.02/$0.05 USD) - 2022/07/22 15:40:15 PT [2022/07/22 18:40:15 ET]
Table 'Utopia' 9-max Seat #7 is the button
Seat 1: loldogs ($5.30 in chips) 
Seat 2: surubu45 ($3.24 in chips) 
Seat 3: Dorex2007 ($5.14 in chips) 
Seat 5: theArtist228 ($4.90 in chips) 
Seat 6: willdadood ($5.04 in chips) 
Seat 7: mullski326 ($13.86 in chips) 
Seat 8: Zzzanderman ($4.78 in chips) 
Seat 9: CasinoReal46 ($2.60 in chips) 
Zzzanderman: posts small blind $0.02
CasinoReal46: posts big blind $0.05
*** HOLE CARDS ***
Dealt to Dorex2007 [8h Jh]
loldogs: folds 
surubu45: folds 
Dorex2007: calls $0.05
theArtist228: folds 
willdadood: folds 
mullski326: folds 
Zzzanderman: calls $0.03
CasinoReal46: checks 
*** FLOP *** [7s 5c Js]
Zzzanderman: checks 
CasinoReal46: checks 
Dorex2007: bets $0.14
Zzzanderman: calls $0.14
CasinoReal46: folds 
*** TURN *** [7s 5c Js] [Ad]
Zzzanderman: checks 
Dorex2007: bets $0.20
Zzzanderman: folds 
Uncalled bet ($0.20) returned to Dorex2007
Dorex2007 collected $0.41 from pot
*** SUMMARY ***
Total pot $0.43 | Rake $0.02 
Board [7s 5c Js Ad]
Seat 1: loldogs folded before Flop (didn't bet)
Seat 2: surubu45 folded before Flop (didn't bet)
Seat 3: Dorex2007 collected ($0.41)
Seat 5: theArtist228 folded before Flop (didn't bet)
Seat 6: willdadood folded before Flop (didn't bet)
Seat 7: mullski326 (button) folded before Flop (didn't bet)
Seat 8: Zzzanderman (small blind) folded on the Turn
Seat 9: CasinoReal46 (big blind) folded on the Flop



PokerStars Hand #237523088623:  Hold'em No Limit ($0.02/$0.05 USD) - 2022/07/22 15:41:09 PT [2022/07/22 18:41:09 ET]
Table 'Utopia' 9-max Seat #8 is the button
Seat 1: loldogs ($5.30 in chips) 
Seat 2: surubu45 ($3.24 in chips) 
Seat 3: Dorex2007 ($5.36 in chips) 
Seat 5: theArtist228 ($4.90 in chips) 
Seat 6: willdadood ($5.04 in chips) 
Seat 7: mullski326 ($13.86 in chips) 
Seat 8: Zzzanderman ($4.59 in chips) 
Seat 9: CasinoReal46 ($2.55 in chips) 
CasinoReal46: posts small blind $0.02
loldogs: posts big blind $0.05
*** HOLE CARDS ***
Dealt to Dorex2007 [8s 3c]
surubu45: folds 
Dorex2007: folds 
theArtist228: folds 
willdadood: folds 
mullski326: folds 
Zzzanderman: folds 
CasinoReal46: folds 
Uncalled bet ($0.03) returned to loldogs
loldogs collected $0.04 from pot
*** SUMMARY ***
Total pot $0.04 | Rake $0 
Seat 1: loldogs (big blind) collected ($0.04)
Seat 2: surubu45 folded before Flop (didn't bet)
Seat 3: Dorex2007 folded before Flop (didn't bet)
Seat 5: theArtist228 folded before Flop (didn't bet)
Seat 6: willdadood folded before Flop (didn't bet)
Seat 7: mullski326 folded before Flop (didn't bet)
Seat 8: Zzzanderman (button) folded before Flop (didn't bet)
Seat 9: CasinoReal46 (small blind) folded before Flop



PokerStars Hand #237523093094:  Hold'em No Limit ($0.02/$0.05 USD) - 2022/07/22 15:41:23 PT [2022/07/22 18:41:23 ET]
Table 'Utopia' 9-max Seat #9 is the button
Seat 1: loldogs ($5.32 in chips) 
Seat 2: surubu45 ($3.24 in chips) 
Seat 3: Dorex2007 ($5.36 in chips) 
Seat 5: theArtist228 ($4.90 in chips) 
Seat 6: willdadood ($5.04 in chips) 
Seat 7: mullski326 ($13.86 in chips) 
Seat 8: Zzzanderman ($4.59 in chips) 
Seat 9: CasinoReal46 ($2.53 in chips) 
loldogs: posts small blind $0.02
surubu45: posts big blind $0.05
*** HOLE CARDS ***
Dealt to Dorex2007 [9h 7d]
Dorex2007: folds 
theArtist228: folds 
willdadood: folds 
mullski326: folds 
Zzzanderman has timed out
Zzzanderman: folds 
CasinoReal46: folds 
loldogs: folds 
Uncalled bet ($0.03) returned to surubu45
surubu45 collected $0.04 from pot
*** SUMMARY ***
Total pot $0.04 | Rake $0 
Seat 1: loldogs (small blind) folded before Flop
Seat 2: surubu45 (big blind) collected ($0.04)
Seat 3: Dorex2007 folded before Flop (didn't bet)
Seat 5: theArtist228 folded before Flop (didn't bet)
Seat 6: willdadood folded before Flop (didn't bet)
Seat 7: mullski326 folded before Flop (didn't bet)
Seat 8: Zzzanderman folded before Flop (didn't bet)
Seat 9: CasinoReal46 (button) folded before Flop (didn't bet)



PokerStars Hand #237523102191:  Hold'em No Limit ($0.02/$0.05 USD) - 2022/07/22 15:41:51 PT [2022/07/22 18:41:51 ET]
Table 'Utopia' 9-max Seat #1 is the button
Seat 1: loldogs ($5.30 in chips) 
Seat 2: surubu45 ($3.26 in chips) 
Seat 3: Dorex2007 ($5.36 in chips) 
Seat 4: RosemontTony ($4.48 in chips) 
Seat 5: theArtist228 ($4.90 in chips) 
Seat 6: willdadood ($5.04 in chips) 
Seat 7: mullski326 ($13.86 in chips) 
Seat 9: CasinoReal46 ($2.53 in chips) 
surubu45: posts small blind $0.02
Dorex2007: posts big blind $0.05
*** HOLE CARDS ***
Dealt to Dorex2007 [4d Jc]
RosemontTony: folds 
theArtist228: raises $0.07 to $0.12
willdadood: folds 
mullski326: folds 
CasinoReal46: folds 
loldogs: folds 
surubu45: calls $0.10
Dorex2007: folds 
*** FLOP *** [3s Jd Kc]
surubu45: checks 
theArtist228: bets $0.17
surubu45: folds 
Uncalled bet ($0.17) returned to theArtist228
theArtist228 collected $0.28 from pot
*** SUMMARY ***
Total pot $0.29 | Rake $0.01 
Board [3s Jd Kc]
Seat 1: loldogs (button) folded before Flop (didn't bet)
Seat 2: surubu45 (small blind) folded on the Flop
Seat 3: Dorex2007 (big blind) folded before Flop
Seat 4: RosemontTony folded before Flop (didn't bet)
Seat 5: theArtist228 collected ($0.28)
Seat 6: willdadood folded before Flop (didn't bet)
Seat 7: mullski326 folded before Flop (didn't bet)
Seat 9: CasinoReal46 folded before Flop (didn't bet)



PokerStars Hand #237523116500:  Hold'em No Limit ($0.02/$0.05 USD) - 2022/07/22 15:42:36 PT [2022/07/22 18:42:36 ET]
Table 'Utopia' 9-max Seat #2 is the button
Seat 1: loldogs ($5.30 in chips) 
Seat 2: surubu45 ($3.14 in chips) 
Seat 3: Dorex2007 ($5.31 in chips) 
Seat 4: RosemontTony ($4.48 in chips) 
Seat 5: theArtist228 ($5.06 in chips) 
Seat 6: willdadood ($5.04 in chips) 
Seat 7: mullski326 ($13.86 in chips) 
Seat 8: Zzzanderman ($4.59 in chips) 
Seat 9: CasinoReal46 ($2.53 in chips) 
Dorex2007: posts small blind $0.02
RosemontTony: posts big blind $0.05
*** HOLE CARDS ***
Dealt to Dorex2007 [Ks 7s]
theArtist228: folds 
willdadood: folds 
mullski326: folds 
Zzzanderman: folds 
CasinoReal46: folds 
loldogs: folds 
surubu45: calls $0.05
Dorex2007: folds 
RosemontTony: checks 
*** FLOP *** [Qh Td 6s]
RosemontTony: bets $0.12
surubu45: folds 
Uncalled bet ($0.12) returned to RosemontTony
RosemontTony collected $0.12 from pot
*** SUMMARY ***
Total pot $0.12 | Rake $0 
Board [Qh Td 6s]
Seat 1: loldogs folded before Flop (didn't bet)
Seat 2: surubu45 (button) folded on the Flop
Seat 3: Dorex2007 (small blind) folded before Flop
Seat 4: RosemontTony (big blind) collected ($0.12)
Seat 5: theArtist228 folded before Flop (didn't bet)
Seat 6: willdadood folded before Flop (didn't bet)
Seat 7: mullski326 folded before Flop (didn't bet)
Seat 8: Zzzanderman folded before Flop (didn't bet)
Seat 9: CasinoReal46 folded before Flop (didn't bet)



PokerStars Hand #237523126629:  Hold'em No Limit ($0.02/$0.05 USD) - 2022/07/22 15:43:08 PT [2022/07/22 18:43:08 ET]
Table 'Utopia' 9-max Seat #3 is the button
Seat 1: loldogs ($5.30 in chips) 
Seat 2: surubu45 ($3.09 in chips) 
Seat 3: Dorex2007 ($5.29 in chips) 
Seat 4: RosemontTony ($4.55 in chips) 
Seat 5: theArtist228 ($5.06 in chips) 
Seat 6: willdadood ($5.04 in chips) 
Seat 7: mullski326 ($13.86 in chips) 
Seat 8: Zzzanderman ($4.59 in chips) 
Seat 9: CasinoReal46 ($2.53 in chips) 
RosemontTony: posts small blind $0.02
theArtist228: posts big blind $0.05
*** HOLE CARDS ***
Dealt to Dorex2007 [9d Jh]
willdadood: folds 
mullski326: folds 
Zzzanderman: folds 
CasinoReal46: folds 
loldogs: folds 
surubu45: folds 
Dorex2007: folds 
RosemontTony: raises $0.10 to $0.15
theArtist228: calls $0.10
*** FLOP *** [2s 7d Ts]
RosemontTony: bets $0.19
theArtist228: calls $0.19
*** TURN *** [2s 7d Ts] [Qs]
RosemontTony: bets $0.16
theArtist228: folds 
Uncalled bet ($0.16) returned to RosemontTony
RosemontTony collected $0.65 from pot
*** SUMMARY ***
Total pot $0.68 | Rake $0.03 
Board [2s 7d Ts Qs]
Seat 1: loldogs folded before Flop (didn't bet)
Seat 2: surubu45 folded before Flop (didn't bet)
Seat 3: Dorex2007 (button) folded before Flop (didn't bet)
Seat 4: RosemontTony (small blind) collected ($0.65)
Seat 5: theArtist228 (big blind) folded on the Turn
Seat 6: willdadood folded before Flop (didn't bet)
Seat 7: mullski326 folded before Flop (didn't bet)
Seat 8: Zzzanderman folded before Flop (didn't bet)
Seat 9: CasinoReal46 folded before Flop (didn't bet)



PokerStars Hand #237523147129:  Hold'em No Limit ($0.02/$0.05 USD) - 2022/07/22 15:44:12 PT [2022/07/22 18:44:12 ET]
Table 'Utopia' 9-max Seat #4 is the button
Seat 1: loldogs ($5.30 in chips) 
Seat 2: surubu45 ($3.09 in chips) 
Seat 3: Dorex2007 ($5.29 in chips) 
Seat 4: RosemontTony ($4.86 in chips) 
Seat 5: theArtist228 ($4.72 in chips) 
Seat 6: willdadood ($5.04 in chips) 
Seat 7: mullski326 ($13.86 in chips) 
Seat 8: Zzzanderman ($4.59 in chips) 
Seat 9: CasinoReal46 ($2.53 in chips) 
theArtist228: posts small blind $0.02
willdadood: posts big blind $0.05
*** HOLE CARDS ***
Dealt to Dorex2007 [6s 7h]
mullski326: raises $0.10 to $0.15
Zzzanderman: folds 
CasinoReal46: folds 
loldogs: calls $0.15
surubu45: calls $0.15
Dorex2007: folds 
RosemontTony: folds 
theArtist228: folds 
willdadood: folds 
*** FLOP *** [2h 4h 4c]
mullski326: bets $0.25
loldogs: folds 
surubu45: folds 
Uncalled bet ($0.25) returned to mullski326
mullski326 collected $0.50 from pot
*** SUMMARY ***
Total pot $0.52 | Rake $0.02 
Board [2h 4h 4c]
Seat 1: loldogs folded on the Flop
Seat 2: surubu45 folded on the Flop
Seat 3: Dorex2007 folded before Flop (didn't bet)
Seat 4: RosemontTony (button) folded before Flop (didn't bet)
Seat 5: theArtist228 (small blind) folded before Flop
Seat 6: willdadood (big blind) folded before Flop
Seat 7: mullski326 collected ($0.50)
Seat 8: Zzzanderman folded before Flop (didn't bet)
Seat 9: CasinoReal46 folded before Flop (didn't bet)



PokerStars Hand #237523159557:  Hold'em No Limit ($0.02/$0.05 USD) - 2022/07/22 15:44:51 PT [2022/07/22 18:44:51 ET]
Table 'Utopia' 9-max Seat #5 is the button
Seat 1: loldogs ($5.15 in chips) 
Seat 2: surubu45 ($2.94 in chips) 
Seat 3: Dorex2007 ($5.29 in chips) 
Seat 4: RosemontTony ($4.86 in chips) 
Seat 5: theArtist228 ($4.70 in chips) 
Seat 6: willdadood ($4.99 in chips) 
Seat 7: mullski326 ($14.21 in chips) 
Seat 8: Zzzanderman ($4.59 in chips) 
Seat 9: CasinoReal46 ($2.53 in chips) 
willdadood: posts small blind $0.02
mullski326: posts big blind $0.05
*** HOLE CARDS ***
Dealt to Dorex2007 [8d 6d]
Zzzanderman: folds 
CasinoReal46: folds 
loldogs: folds 
surubu45: folds 
Dorex2007: folds 
RosemontTony: raises $0.10 to $0.15
theArtist228: folds 
willdadood: folds 
mullski326: folds 
Uncalled bet ($0.10) returned to RosemontTony
RosemontTony collected $0.12 from pot
*** SUMMARY ***
Total pot $0.12 | Rake $0 
Seat 1: loldogs folded before Flop (didn't bet)
Seat 2: surubu45 folded before Flop (didn't bet)
Seat 3: Dorex2007 folded before Flop (didn't bet)
Seat 4: RosemontTony collected ($0.12)
Seat 5: theArtist228 (button) folded before Flop (didn't bet)
Seat 6: willdadood (small blind) folded before Flop
Seat 7: mullski326 (big blind) folded before Flop
Seat 8: Zzzanderman folded before Flop (didn't bet)
Seat 9: CasinoReal46 folded before Flop (didn't bet)



PokerStars Hand #237523169150:  Hold'em No Limit ($0.02/$0.05 USD) - 2022/07/22 15:45:21 PT [2022/07/22 18:45:21 ET]
Table 'Utopia' 9-max Seat #6 is the button
Seat 1: loldogs ($5.15 in chips) 
Seat 2: surubu45 ($2.94 in chips) 
Seat 3: Dorex2007 ($5.29 in chips) 
Seat 4: RosemontTony ($4.93 in chips) 
Seat 5: theArtist228 ($4.70 in chips) 
Seat 6: willdadood ($5 in chips) 
Seat 7: mullski326 ($14.16 in chips) 
Seat 8: Zzzanderman ($4.59 in chips) 
Seat 9: CasinoReal46 ($2.53 in chips) 
mullski326: posts small blind $0.02
Zzzanderman: posts big blind $0.05
*** HOLE CARDS ***
Dealt to Dorex2007 [2c Qh]
CasinoReal46: folds 
loldogs: folds 
surubu45: folds 
Dorex2007: folds 
RosemontTony has timed out
RosemontTony: folds 
theArtist228: folds 
willdadood: folds 
mullski326: folds 
Uncalled bet ($0.03) returned to Zzzanderman
Zzzanderman collected $0.04 from pot
*** SUMMARY ***
Total pot $0.04 | Rake $0 
Seat 1: loldogs folded before Flop (didn't bet)
Seat 2: surubu45 folded before Flop (didn't bet)
Seat 3: Dorex2007 folded before Flop (didn't bet)
Seat 4: RosemontTony folded before Flop (didn't bet)
Seat 5: theArtist228 folded before Flop (didn't bet)
Seat 6: willdadood (button) folded before Flop (didn't bet)
Seat 7: mullski326 (small blind) folded before Flop
Seat 8: Zzzanderman (big blind) collected ($0.04)
Seat 9: CasinoReal46 folded before Flop (didn't bet)



PokerStars Hand #237523176660:  Hold'em No Limit ($0.02/$0.05 USD) - 2022/07/22 15:45:45 PT [2022/07/22 18:45:45 ET]
Table 'Utopia' 9-max Seat #7 is the button
Seat 1: loldogs ($5.15 in chips) 
Seat 2: surubu45 ($2.94 in chips) 
Seat 3: Dorex2007 ($5.29 in chips) 
Seat 5: theArtist228 ($4.70 in chips) 
Seat 6: willdadood ($5 in chips) 
Seat 7: mullski326 ($14.14 in chips) 
Seat 8: Zzzanderman ($4.61 in chips) 
Seat 9: CasinoReal46 ($2.53 in chips) 
Zzzanderman: posts small blind $0.02
CasinoReal46: posts big blind $0.05
*** HOLE CARDS ***
Dealt to Dorex2007 [Kh 3h]
loldogs: folds 
surubu45: raises $0.10 to $0.15
Dorex2007: folds 
theArtist228: folds 
willdadood: folds 
mullski326: folds 
Zzzanderman: folds 
CasinoReal46: folds 
Uncalled bet ($0.10) returned to surubu45
surubu45 collected $0.12 from pot
*** SUMMARY ***
Total pot $0.12 | Rake $0 
Seat 1: loldogs folded before Flop (didn't bet)
Seat 2: surubu45 collected ($0.12)
Seat 3: Dorex2007 folded before Flop (didn't bet)
Seat 5: theArtist228 folded before Flop (didn't bet)
Seat 6: willdadood folded before Flop (didn't bet)
Seat 7: mullski326 (button) folded before Flop (didn't bet)
Seat 8: Zzzanderman (small blind) folded before Flop
Seat 9: CasinoReal46 (big blind) folded before Flop



PokerStars Hand #237523185552:  Hold'em No Limit ($0.02/$0.05 USD) - 2022/07/22 15:46:13 PT [2022/07/22 18:46:13 ET]
Table 'Utopia' 9-max Seat #8 is the button
Seat 1: loldogs ($5.15 in chips) 
Seat 2: surubu45 ($3.01 in chips) 
Seat 3: Dorex2007 ($5.29 in chips) 
Seat 5: theArtist228 ($4.70 in chips) 
Seat 6: willdadood ($5 in chips) 
Seat 7: mullski326 ($14.14 in chips) 
Seat 8: Zzzanderman ($4.59 in chips) 
Seat 9: CasinoReal46 ($2.48 in chips) 
CasinoReal46: posts small blind $0.02
loldogs: posts big blind $0.05
*** HOLE CARDS ***
Dealt to Dorex2007 [Kc 4c]
surubu45: raises $0.10 to $0.15
Dorex2007: folds 
theArtist228: folds 
willdadood: folds 
mullski326: calls $0.15
Zzzanderman: folds 
CasinoReal46: folds 
loldogs: folds 
*** FLOP *** [5d Th 6c]
surubu45: bets $0.17
mullski326: raises $0.35 to $0.52
surubu45: folds 
Uncalled bet ($0.35) returned to mullski326
mullski326 collected $0.68 from pot
*** SUMMARY ***
Total pot $0.71 | Rake $0.03 
Board [5d Th 6c]
Seat 1: loldogs (big blind) folded before Flop
Seat 2: surubu45 folded on the Flop
Seat 3: Dorex2007 folded before Flop (didn't bet)
Seat 5: theArtist228 folded before Flop (didn't bet)
Seat 6: willdadood folded before Flop (didn't bet)
Seat 7: mullski326 collected ($0.68)
Seat 8: Zzzanderman (button) folded before Flop (didn't bet)
Seat 9: CasinoReal46 (small blind) folded before Flop



PokerStars Hand #237523194897:  Hold'em No Limit ($0.02/$0.05 USD) - 2022/07/22 15:46:42 PT [2022/07/22 18:46:42 ET]
Table 'Utopia' 9-max Seat #9 is the button
Seat 1: loldogs ($5.10 in chips) 
Seat 2: surubu45 ($2.69 in chips) 
Seat 3: Dorex2007 ($5.29 in chips) 
Seat 4: RosemontTony ($4.93 in chips) 
Seat 5: theArtist228 ($4.70 in chips) 
Seat 6: willdadood ($5 in chips) 
Seat 7: mullski326 ($14.50 in chips) 
Seat 8: Zzzanderman ($4.59 in chips) 
Seat 9: CasinoReal46 ($2.46 in chips) 
loldogs: posts small blind $0.02
surubu45: posts big blind $0.05
*** HOLE CARDS ***
Dealt to Dorex2007 [Td Jc]
Dorex2007: folds 
RosemontTony: folds 
theArtist228: folds 
willdadood: raises $0.10 to $0.15
mullski326: folds 
Zzzanderman: folds 
CasinoReal46: folds 
loldogs: folds 
surubu45: calls $0.10
*** FLOP *** [9d Qd 5d]
surubu45: bets $0.15
willdadood: folds 
Uncalled bet ($0.15) returned to surubu45
surubu45 collected $0.31 from pot
*** SUMMARY ***
Total pot $0.32 | Rake $0.01 
Board [9d Qd 5d]
Seat 1: loldogs (small blind) folded before Flop
Seat 2: surubu45 (big blind) collected ($0.31)
Seat 3: Dorex2007 folded before Flop (didn't bet)
Seat 4: RosemontTony folded before Flop (didn't bet)
Seat 5: theArtist228 folded before Flop (didn't bet)
Seat 6: willdadood folded on the Flop
Seat 7: mullski326 folded before Flop (didn't bet)
Seat 8: Zzzanderman folded before Flop (didn't bet)
Seat 9: CasinoReal46 (button) folded before Flop (didn't bet)



PokerStars Hand #237523204841:  Hold'em No Limit ($0.02/$0.05 USD) - 2022/07/22 15:47:13 PT [2022/07/22 18:47:13 ET]
Table 'Utopia' 9-max Seat #1 is the button
Seat 1: loldogs ($5.08 in chips) 
Seat 2: surubu45 ($2.85 in chips) 
Seat 3: Dorex2007 ($5.29 in chips) 
Seat 4: RosemontTony ($4.93 in chips) 
Seat 5: theArtist228 ($4.70 in chips) 
Seat 6: willdadood ($5 in chips) 
Seat 7: mullski326 ($14.50 in chips) 
Seat 8: Zzzanderman ($4.59 in chips) 
Seat 9: CasinoReal46 ($2.46 in chips) 
surubu45: posts small blind $0.02
Dorex2007: posts big blind $0.05
*** HOLE CARDS ***
Dealt to Dorex2007 [2d 8s]
RosemontTony: folds 
theArtist228: folds 
willdadood: raises $0.10 to $0.15
mullski326: folds 
Zzzanderman: folds 
CasinoReal46: folds 
loldogs: folds 
surubu45: folds 
Dorex2007: folds 
Uncalled bet ($0.10) returned to willdadood
willdadood collected $0.12 from pot
*** SUMMARY ***
Total pot $0.12 | Rake $0 
Seat 1: loldogs (button) folded before Flop (didn't bet)
Seat 2: surubu45 (small blind) folded before Flop
Seat 3: Dorex2007 (big blind) folded before Flop
Seat 4: RosemontTony folded before Flop (didn't bet)
Seat 5: theArtist228 folded before Flop (didn't bet)
Seat 6: willdadood collected ($0.12)
Seat 7: mullski326 folded before Flop (didn't bet)
Seat 8: Zzzanderman folded before Flop (didn't bet)
Seat 9: CasinoReal46 folded before Flop (didn't bet)



PokerStars Hand #237523210887:  Hold'em No Limit ($0.02/$0.05 USD) - 2022/07/22 15:47:33 PT [2022/07/22 18:47:33 ET]
Table 'Utopia' 9-max Seat #2 is the button
Seat 1: loldogs ($5.08 in chips) 
Seat 2: surubu45 ($2.83 in chips) 
Seat 3: Dorex2007 ($5.24 in chips) 
Seat 4: RosemontTony ($4.93 in chips) 
Seat 5: theArtist228 ($4.70 in chips) 
Seat 6: willdadood ($5.07 in chips) 
Seat 7: mullski326 ($14.50 in chips) 
Seat 8: Zzzanderman ($4.59 in chips) 
Seat 9: CasinoReal46 ($2.46 in chips) 
Dorex2007: posts small blind $0.02
RosemontTony: posts big blind $0.05
*** HOLE CARDS ***
Dealt to Dorex2007 [Ts 8c]
theArtist228: folds 
willdadood: folds 
mullski326: calls $0.05
Zzzanderman: folds 
CasinoReal46: folds 
loldogs: folds 
surubu45: raises $0.10 to $0.15
Dorex2007: folds 
RosemontTony: calls $0.10
mullski326: calls $0.10
*** FLOP *** [2h 6s Qh]
RosemontTony: bets $0.45
mullski326: folds 
surubu45: folds 
Uncalled bet ($0.45) returned to RosemontTony
RosemontTony collected $0.45 from pot
*** SUMMARY ***
Total pot $0.47 | Rake $0.02 
Board [2h 6s Qh]
Seat 1: loldogs folded before Flop (didn't bet)
Seat 2: surubu45 (button) folded on the Flop
Seat 3: Dorex2007 (small blind) folded before Flop
Seat 4: RosemontTony (big blind) collected ($0.45)
Seat 5: theArtist228 folded before Flop (didn't bet)
Seat 6: willdadood folded before Flop (didn't bet)
Seat 7: mullski326 folded on the Flop
Seat 8: Zzzanderman folded before Flop (didn't bet)
Seat 9: CasinoReal46 folded before Flop (didn't bet)



PokerStars Hand #237523228301:  Hold'em No Limit ($0.02/$0.05 USD) - 2022/07/22 15:48:13 PT [2022/07/22 18:48:13 ET]
Table 'Utopia' 9-max Seat #3 is the button
Seat 1: loldogs ($5.08 in chips) 
Seat 2: surubu45 ($2.68 in chips) 
Seat 3: Dorex2007 ($5.22 in chips) 
Seat 4: RosemontTony ($5.23 in chips) 
Seat 5: theArtist228 ($4.70 in chips) 
Seat 6: willdadood ($5.07 in chips) 
Seat 7: mullski326 ($14.35 in chips) 
Seat 8: Zzzanderman ($4.59 in chips) 
Seat 9: CasinoReal46 ($2.46 in chips) 
RosemontTony: posts small blind $0.02
theArtist228: posts big blind $0.05
*** HOLE CARDS ***
Dealt to Dorex2007 [7d As]
willdadood: folds 
mullski326: raises $0.12 to $0.17
Zzzanderman: folds 
CasinoReal46: folds 
loldogs: raises $0.32 to $0.49
surubu45: calls $0.49
Dorex2007: folds 
RosemontTony: folds 
theArtist228: folds 
mullski326: calls $0.32
*** FLOP *** [Jh 5d 6h]
mullski326: checks 
loldogs: bets $0.94
surubu45: folds 
mullski326: calls $0.94
*** TURN *** [Jh 5d 6h] [8c]
mullski326: checks 
loldogs: bets $3.65 and is all-in
mullski326: calls $3.65
*** RIVER *** [Jh 5d 6h 8c] [8h]
*** SHOW DOWN ***
mullski326: shows [Ah Kh] (a flush, Ace high)
loldogs: shows [Qd Qc] (two pair, Queens and Eights)
mullski326 collected $10.28 from pot
loldogs cashed out the hand for $6.70 | Cash Out Fee $0.07
*** SUMMARY ***
Total pot $10.72 | Rake $0.44 
Board [Jh 5d 6h 8c 8h]
Seat 1: loldogs showed [Qd Qc] and lost with two pair, Queens and Eights (cashed out).
Seat 2: surubu45 folded on the Flop
Seat 3: Dorex2007 (button) folded before Flop (didn't bet)
Seat 4: RosemontTony (small blind) folded before Flop
Seat 5: theArtist228 (big blind) folded before Flop
Seat 6: willdadood folded before Flop (didn't bet)
Seat 7: mullski326 showed [Ah Kh] and won ($10.28) with a flush, Ace high
Seat 8: Zzzanderman folded before Flop (didn't bet)
Seat 9: CasinoReal46 folded before Flop (didn't bet)



PokerStars Hand #237523253950:  Hold'em No Limit ($0.02/$0.05 USD) - 2022/07/22 15:49:35 PT [2022/07/22 18:49:35 ET]
Table 'Utopia' 9-max Seat #4 is the button
Seat 1: loldogs ($6.70 in chips) 
Seat 2: surubu45 ($2.19 in chips) 
Seat 3: Dorex2007 ($5.22 in chips) 
Seat 4: RosemontTony ($5.21 in chips) 
Seat 5: theArtist228 ($4.65 in chips) 
Seat 6: willdadood ($5.07 in chips) 
Seat 7: mullski326 ($19.55 in chips) 
Seat 8: Zzzanderman ($4.59 in chips) 
Seat 9: CasinoReal46 ($2.46 in chips) 
theArtist228: posts small blind $0.02
willdadood: posts big blind $0.05
*** HOLE CARDS ***
Dealt to Dorex2007 [Ts 3h]
mullski326: calls $0.05
Zzzanderman: folds 
CasinoReal46: folds 
loldogs: folds 
surubu45: raises $0.05 to $0.10
Dorex2007: folds 
RosemontTony: folds 
theArtist228: folds 
willdadood: folds 
mullski326: calls $0.05
*** FLOP *** [Qs 5h 3d]
mullski326: checks 
surubu45: checks 
*** TURN *** [Qs 5h 3d] [7h]
mullski326: checks 
surubu45: bets $0.13
mullski326: folds 
Uncalled bet ($0.13) returned to surubu45
surubu45 collected $0.26 from pot
*** SUMMARY ***
Total pot $0.27 | Rake $0.01 
Board [Qs 5h 3d 7h]
Seat 1: loldogs folded before Flop (didn't bet)
Seat 2: surubu45 collected ($0.26)
Seat 3: Dorex2007 folded before Flop (didn't bet)
Seat 4: RosemontTony (button) folded before Flop (didn't bet)
Seat 5: theArtist228 (small blind) folded before Flop
Seat 6: willdadood (big blind) folded before Flop
Seat 7: mullski326 folded on the Turn
Seat 8: Zzzanderman folded before Flop (didn't bet)
Seat 9: CasinoReal46 folded before Flop (didn't bet)



PokerStars Hand #237523265711:  Hold'em No Limit ($0.02/$0.05 USD) - 2022/07/22 15:50:13 PT [2022/07/22 18:50:13 ET]
Table 'Utopia' 9-max Seat #5 is the button
Seat 1: loldogs ($6.70 in chips) 
Seat 2: surubu45 ($2.35 in chips) 
Seat 3: Dorex2007 ($5.22 in chips) 
Seat 4: RosemontTony ($5.21 in chips) 
Seat 5: theArtist228 ($4.63 in chips) 
Seat 6: willdadood ($5.02 in chips) 
Seat 7: mullski326 ($19.45 in chips) 
Seat 8: Zzzanderman ($4.59 in chips) 
Seat 9: CasinoReal46 ($2.46 in chips) 
willdadood: posts small blind $0.02
mullski326: posts big blind $0.05
*** HOLE CARDS ***
Dealt to Dorex2007 [Ks 6s]
Zzzanderman: folds 
CasinoReal46: folds 
loldogs: folds 
surubu45: raises $0.10 to $0.15
Dorex2007: folds 
RosemontTony: folds 
theArtist228: folds 
willdadood: folds 
mullski326: calls $0.10
*** FLOP *** [5h 2d Qs]
mullski326: checks 
surubu45: bets $0.15
mullski326: calls $0.15
*** TURN *** [5h 2d Qs] [6d]
mullski326: checks 
surubu45: checks 
*** RIVER *** [5h 2d Qs 6d] [Qh]
mullski326: bets $19.15 and is all-in
surubu45: folds 
Uncalled bet ($19.15) returned to mullski326
mullski326 collected $0.59 from pot
*** SUMMARY ***
Total pot $0.62 | Rake $0.03 
Board [5h 2d Qs 6d Qh]
Seat 1: loldogs folded before Flop (didn't bet)
Seat 2: surubu45 folded on the River
Seat 3: Dorex2007 folded before Flop (didn't bet)
Seat 4: RosemontTony folded before Flop (didn't bet)
Seat 5: theArtist228 (button) folded before Flop (didn't bet)
Seat 6: willdadood (small blind) folded before Flop
Seat 7: mullski326 (big blind) collected ($0.59)
Seat 8: Zzzanderman folded before Flop (didn't bet)
Seat 9: CasinoReal46 folded before Flop (didn't bet)



PokerStars Hand #237523277671:  Hold'em No Limit ($0.02/$0.05 USD) - 2022/07/22 15:50:51 PT [2022/07/22 18:50:51 ET]
Table 'Utopia' 9-max Seat #6 is the button
Seat 1: loldogs ($6.70 in chips) 
Seat 2: surubu45 ($2.05 in chips) 
Seat 3: Dorex2007 ($5.22 in chips) 
Seat 4: RosemontTony ($5.21 in chips) 
Seat 5: theArtist228 ($4.63 in chips) 
Seat 6: willdadood ($5 in chips) 
Seat 7: mullski326 ($19.74 in chips) 
Seat 8: Zzzanderman ($4.59 in chips) 
Seat 9: CasinoReal46 ($2.46 in chips) 
mullski326: posts small blind $0.02
Zzzanderman: posts big blind $0.05
*** HOLE CARDS ***
Dealt to Dorex2007 [Jc 9c]
CasinoReal46: folds 
loldogs: folds 
surubu45: folds 
Dorex2007: folds 
RosemontTony: folds 
theArtist228: raises $0.10 to $0.15
willdadood: raises $0.25 to $0.40
mullski326: folds 
Zzzanderman: folds 
theArtist228: folds 
Uncalled bet ($0.25) returned to willdadood
willdadood collected $0.37 from pot
*** SUMMARY ***
Total pot $0.37 | Rake $0 
Seat 1: loldogs folded before Flop (didn't bet)
Seat 2: surubu45 folded before Flop (didn't bet)
Seat 3: Dorex2007 folded before Flop (didn't bet)
Seat 4: RosemontTony folded before Flop (didn't bet)
Seat 5: theArtist228 folded before Flop
Seat 6: willdadood (button) collected ($0.37)
Seat 7: mullski326 (small blind) folded before Flop
Seat 8: Zzzanderman (big blind) folded before Flop
Seat 9: CasinoReal46 folded before Flop (didn't bet)



PokerStars Hand #237523288456:  Hold'em No Limit ($0.02/$0.05 USD) - 2022/07/22 15:51:25 PT [2022/07/22 18:51:25 ET]
Table 'Utopia' 9-max Seat #7 is the button
Seat 1: loldogs ($6.70 in chips) 
Seat 2: surubu45 ($2.05 in chips) 
Seat 3: Dorex2007 ($5.22 in chips) 
Seat 4: RosemontTony ($5.21 in chips) 
Seat 5: theArtist228 ($4.48 in chips) 
Seat 6: willdadood ($5.22 in chips) 
Seat 7: mullski326 ($19.72 in chips) 
Seat 8: Zzzanderman ($4.54 in chips) 
Seat 9: CasinoReal46 ($2.46 in chips) 
Zzzanderman: posts small blind $0.02
CasinoReal46: posts big blind $0.05
*** HOLE CARDS ***
Dealt to Dorex2007 [8d 6c]
loldogs: folds 
surubu45: raises $0.10 to $0.15
Dorex2007: folds 
RosemontTony: folds 
theArtist228: folds 
willdadood: folds 
mullski326: folds 
Zzzanderman: folds 
CasinoReal46: folds 
Uncalled bet ($0.10) returned to surubu45
surubu45 collected $0.12 from pot
*** SUMMARY ***
Total pot $0.12 | Rake $0 
Seat 1: loldogs folded before Flop (didn't bet)
Seat 2: surubu45 collected ($0.12)
Seat 3: Dorex2007 folded before Flop (didn't bet)
Seat 4: RosemontTony folded before Flop (didn't bet)
Seat 5: theArtist228 folded before Flop (didn't bet)
Seat 6: willdadood folded before Flop (didn't bet)
Seat 7: mullski326 (button) folded before Flop (didn't bet)
Seat 8: Zzzanderman (small blind) folded before Flop
Seat 9: CasinoReal46 (big blind) folded before Flop



PokerStars Hand #237523293712:  Hold'em No Limit ($0.02/$0.05 USD) - 2022/07/22 15:51:42 PT [2022/07/22 18:51:42 ET]
Table 'Utopia' 9-max Seat #8 is the button
Seat 1: loldogs ($6.70 in chips) 
Seat 2: surubu45 ($2.12 in chips) 
Seat 3: Dorex2007 ($5.22 in chips) 
Seat 4: RosemontTony ($5.21 in chips) 
Seat 5: theArtist228 ($4.48 in chips) 
Seat 6: willdadood ($5.22 in chips) 
Seat 7: mullski326 ($19.72 in chips) 
Seat 8: Zzzanderman ($4.52 in chips) 
Seat 9: CasinoReal46 ($2.41 in chips) 
CasinoReal46: posts small blind $0.02
loldogs: posts big blind $0.05
*** HOLE CARDS ***
Dealt to Dorex2007 [Kc 2c]
surubu45: folds 
Dorex2007: folds 
RosemontTony: folds 
theArtist228: folds 
willdadood: folds 
mullski326: folds 
Zzzanderman: raises $0.10 to $0.15
CasinoReal46: folds 
loldogs: calls $0.10
*** FLOP *** [8c 9h 7d]
loldogs: checks 
Zzzanderman: bets $0.15
loldogs: calls $0.15
*** TURN *** [8c 9h 7d] [Kd]
loldogs: checks 
Zzzanderman: bets $0.59
loldogs: folds 
Uncalled bet ($0.59) returned to Zzzanderman
Zzzanderman collected $0.59 from pot
*** SUMMARY ***
Total pot $0.62 | Rake $0.03 
Board [8c 9h 7d Kd]
Seat 1: loldogs (big blind) folded on the Turn
Seat 2: surubu45 folded before Flop (didn't bet)
Seat 3: Dorex2007 folded before Flop (didn't bet)
Seat 4: RosemontTony folded before Flop (didn't bet)
Seat 5: theArtist228 folded before Flop (didn't bet)
Seat 6: willdadood folded before Flop (didn't bet)
Seat 7: mullski326 folded before Flop (didn't bet)
Seat 8: Zzzanderman (button) collected ($0.59)
Seat 9: CasinoReal46 (small blind) folded before Flop



PokerStars Hand #237523309474:  Hold'em No Limit ($0.02/$0.05 USD) - 2022/07/22 15:52:33 PT [2022/07/22 18:52:33 ET]
Table 'Utopia' 9-max Seat #9 is the button
Seat 1: loldogs ($6.40 in chips) 
Seat 2: surubu45 ($2.12 in chips) 
Seat 3: Dorex2007 ($5.22 in chips) 
Seat 4: RosemontTony ($5.21 in chips) 
Seat 5: theArtist228 ($4.48 in chips) 
Seat 6: willdadood ($5.22 in chips) 
Seat 7: mullski326 ($19.72 in chips) 
Seat 8: Zzzanderman ($4.81 in chips) 
Seat 9: CasinoReal46 ($2.39 in chips) 
loldogs: posts small blind $0.02
surubu45: posts big blind $0.05
*** HOLE CARDS ***
Dealt to Dorex2007 [4d 9c]
Dorex2007: folds 
RosemontTony: folds 
theArtist228: folds 
willdadood: folds 
mullski326: raises $0.12 to $0.17
Zzzanderman: folds 
CasinoReal46: folds 
loldogs: folds 
surubu45: calls $0.12
*** FLOP *** [3h 6h Ad]
surubu45: checks 
mullski326: bets $0.35
surubu45: folds 
Uncalled bet ($0.35) returned to mullski326
mullski326 collected $0.35 from pot
*** SUMMARY ***
Total pot $0.36 | Rake $0.01 
Board [3h 6h Ad]
Seat 1: loldogs (small blind) folded before Flop
Seat 2: surubu45 (big blind) folded on the Flop
Seat 3: Dorex2007 folded before Flop (didn't bet)
Seat 4: RosemontTony folded before Flop (didn't bet)
Seat 5: theArtist228 folded before Flop (didn't bet)
Seat 6: willdadood folded before Flop (didn't bet)
Seat 7: mullski326 collected ($0.35)
Seat 8: Zzzanderman folded before Flop (didn't bet)
Seat 9: CasinoReal46 (button) folded before Flop (didn't bet)



PokerStars Hand #237523321398:  Hold'em No Limit ($0.02/$0.05 USD) - 2022/07/22 15:53:12 PT [2022/07/22 18:53:12 ET]
Table 'Utopia' 9-max Seat #1 is the button
Seat 1: loldogs ($6.38 in chips) 
Seat 2: surubu45 ($1.95 in chips) 
Seat 3: Dorex2007 ($5.22 in chips) 
Seat 4: RosemontTony ($5.21 in chips) 
Seat 5: theArtist228 ($4.48 in chips) 
Seat 6: willdadood ($5.22 in chips) 
Seat 7: mullski326 ($19.90 in chips) 
Seat 8: Zzzanderman ($4.81 in chips) 
Seat 9: CasinoReal46 ($2.39 in chips) 
surubu45: posts small blind $0.02
Dorex2007: posts big blind $0.05
*** HOLE CARDS ***
Dealt to Dorex2007 [7h 3d]
RosemontTony: folds 
theArtist228: folds 
willdadood: folds 
mullski326: folds 
Zzzanderman: folds 
CasinoReal46: folds 
loldogs: raises $0.10 to $0.15
surubu45: calls $0.13
Dorex2007: folds 
*** FLOP *** [5c Tc 7c]
surubu45: checks 
loldogs: bets $0.20
surubu45: folds 
Uncalled bet ($0.20) returned to loldogs
loldogs collected $0.34 from pot
*** SUMMARY ***
Total pot $0.35 | Rake $0.01 
Board [5c Tc 7c]
Seat 1: loldogs (button) collected ($0.34)
Seat 2: surubu45 (small blind) folded on the Flop
Seat 3: Dorex2007 (big blind) folded before Flop
Seat 4: RosemontTony folded before Flop (didn't bet)
Seat 5: theArtist228 folded before Flop (didn't bet)
Seat 6: willdadood folded before Flop (didn't bet)
Seat 7: mullski326 folded before Flop (didn't bet)
Seat 8: Zzzanderman folded before Flop (didn't bet)
Seat 9: CasinoReal46 folded before Flop (didn't bet)



PokerStars Hand #237523330805:  Hold'em No Limit ($0.02/$0.05 USD) - 2022/07/22 15:53:42 PT [2022/07/22 18:53:42 ET]
Table 'Utopia' 9-max Seat #2 is the button
Seat 1: loldogs ($6.57 in chips) 
Seat 2: surubu45 ($1.80 in chips) 
Seat 3: Dorex2007 ($5.17 in chips) 
Seat 4: RosemontTony ($5.21 in chips) 
Seat 5: theArtist228 ($4.48 in chips) 
Seat 6: willdadood ($5.22 in chips) 
Seat 7: mullski326 ($19.90 in chips) 
Seat 8: Zzzanderman ($4.81 in chips) 
Seat 9: CasinoReal46 ($2.39 in chips) 
Dorex2007: posts small blind $0.02
RosemontTony: posts big blind $0.05
*** HOLE CARDS ***
Dealt to Dorex2007 [5c Qs]
theArtist228: folds 
theArtist228 leaves the table
willdadood: raises $0.10 to $0.15
mullski326: calls $0.15
Zzzanderman: folds 
CasinoReal46: folds 
loldogs: folds 
surubu45: folds 
Dorex2007: folds 
RosemontTony: folds 
*** FLOP *** [4d 9h 2d]
willdadood: bets $0.20
mullski326: calls $0.20
*** TURN *** [4d 9h 2d] [Ah]
willdadood: bets $0.50
mullski326: folds 
Uncalled bet ($0.50) returned to willdadood
willdadood collected $0.74 from pot
*** SUMMARY ***
Total pot $0.77 | Rake $0.03 
Board [4d 9h 2d Ah]
Seat 1: loldogs folded before Flop (didn't bet)
Seat 2: surubu45 (button) folded before Flop (didn't bet)
Seat 3: Dorex2007 (small blind) folded before Flop
Seat 4: RosemontTony (big blind) folded before Flop
Seat 5: theArtist228 folded before Flop (didn't bet)
Seat 6: willdadood collected ($0.74)
Seat 7: mullski326 folded on the Turn
Seat 8: Zzzanderman folded before Flop (didn't bet)
Seat 9: CasinoReal46 folded before Flop (didn't bet)



PokerStars Hand #237523351835:  Hold'em No Limit ($0.02/$0.05 USD) - 2022/07/22 15:54:49 PT [2022/07/22 18:54:49 ET]
Table 'Utopia' 9-max Seat #3 is the button
Seat 1: loldogs ($6.57 in chips) 
Seat 2: surubu45 ($1.80 in chips) 
Seat 3: Dorex2007 ($5.15 in chips) 
Seat 4: RosemontTony ($5.16 in chips) 
Seat 6: willdadood ($5.61 in chips) 
Seat 7: mullski326 ($19.55 in chips) 
Seat 8: Zzzanderman ($4.81 in chips) 
Seat 9: CasinoReal46 ($2.39 in chips) 
RosemontTony: posts small blind $0.02
willdadood: posts big blind $0.05
*** HOLE CARDS ***
Dealt to Dorex2007 [5h 2s]
mullski326: folds 
Zzzanderman: calls $0.05
CasinoReal46: folds 
loldogs: folds 
surubu45: calls $0.05
Dorex2007: folds 
RosemontTony: folds 
willdadood: checks 
*** FLOP *** [7h Qs Td]
nvhnam joins the table at seat #5 
willdadood: checks 
Zzzanderman: checks 
surubu45: checks 
*** TURN *** [7h Qs Td] [Jh]
willdadood: bets $0.20
Zzzanderman: folds 
surubu45: folds 
Uncalled bet ($0.20) returned to willdadood
willdadood collected $0.16 from pot
*** SUMMARY ***
Total pot $0.17 | Rake $0.01 
Board [7h Qs Td Jh]
Seat 1: loldogs folded before Flop (didn't bet)
Seat 2: surubu45 folded on the Turn
Seat 3: Dorex2007 (button) folded before Flop (didn't bet)
Seat 4: RosemontTony (small blind) folded before Flop
Seat 6: willdadood (big blind) collected ($0.16)
Seat 7: mullski326 folded before Flop (didn't bet)
Seat 8: Zzzanderman folded on the Turn
Seat 9: CasinoReal46 folded before Flop (didn't bet)



PokerStars Hand #237523363247:  Hold'em No Limit ($0.02/$0.05 USD) - 2022/07/22 15:55:28 PT [2022/07/22 18:55:28 ET]
Table 'Utopia' 9-max Seat #4 is the button
Seat 1: loldogs ($6.57 in chips) 
Seat 2: surubu45 ($1.75 in chips) 
Seat 3: Dorex2007 ($5.15 in chips) 
Seat 4: RosemontTony ($5.14 in chips) 
Seat 6: willdadood ($5.72 in chips) 
Seat 7: mullski326 ($19.55 in chips) 
Seat 8: Zzzanderman ($4.76 in chips) 
Seat 9: CasinoReal46 ($2.39 in chips) 
willdadood: posts small blind $0.02
mullski326: posts big blind $0.05
*** HOLE CARDS ***
Dealt to Dorex2007 [4s Ts]
Zzzanderman: calls $0.05
CasinoReal46: folds 
loldogs: folds 
surubu45: folds 
Dorex2007 has timed out
Dorex2007: folds 
RosemontTony: folds 
willdadood: folds 
mullski326: checks 
*** FLOP *** [Jd As 6d]
mullski326: bets $0.12
Zzzanderman: folds 
Uncalled bet ($0.12) returned to mullski326
mullski326 collected $0.12 from pot
*** SUMMARY ***
Total pot $0.12 | Rake $0 
Board [Jd As 6d]
Seat 1: loldogs folded before Flop (didn't bet)
Seat 2: surubu45 folded before Flop (didn't bet)
Seat 3: Dorex2007 folded before Flop (didn't bet)
Seat 4: RosemontTony (button) folded before Flop (didn't bet)
Seat 6: willdadood (small blind) folded before Flop
Seat 7: mullski326 (big blind) collected ($0.12)
Seat 8: Zzzanderman folded on the Flop
Seat 9: CasinoReal46 folded before Flop (didn't bet)



PokerStars Hand #237523381991:  Hold'em No Limit ($0.02/$0.05 USD) - 2022/07/22 15:56:43 PT [2022/07/22 18:56:43 ET]
Table 'Utopia' 9-max Seat #8 is the button
Seat 1: loldogs ($6.69 in chips) 
Seat 2: surubu45 ($1.75 in chips) 
Seat 3: Dorex2007 ($5.15 in chips) 
Seat 4: RosemontTony ($5.14 in chips) 
Seat 5: nvhnam ($5 in chips) 
Seat 6: willdadood ($5.70 in chips) 
Seat 7: mullski326 ($19.60 in chips) 
Seat 8: Zzzanderman ($4.64 in chips) 
Seat 9: CasinoReal46 ($2.41 in chips) 
CasinoReal46: posts small blind $0.02
loldogs: posts big blind $0.05
*** HOLE CARDS ***
Dealt to Dorex2007 [4d Ac]
surubu45: folds 
Dorex2007: folds 
RosemontTony has timed out
RosemontTony: folds 
nvhnam: folds 
willdadood: folds 
mullski326: folds 
Zzzanderman: folds 
CasinoReal46: folds 
Uncalled bet ($0.03) returned to loldogs
loldogs collected $0.04 from pot
*** SUMMARY ***
Total pot $0.04 | Rake $0 
Seat 1: loldogs (big blind) collected ($0.04)
Seat 2: surubu45 folded before Flop (didn't bet)
Seat 3: Dorex2007 folded before Flop (didn't bet)
Seat 4: RosemontTony folded before Flop (didn't bet)
Seat 5: nvhnam folded before Flop (didn't bet)
Seat 6: willdadood folded before Flop (didn't bet)
Seat 7: mullski326 folded before Flop (didn't bet)
Seat 8: Zzzanderman (button) folded before Flop (didn't bet)
Seat 9: CasinoReal46 (small blind) folded before Flop



PokerStars Hand #237523387468:  Hold'em No Limit ($0.02/$0.05 USD) - 2022/07/22 15:57:04 PT [2022/07/22 18:57:04 ET]
Table 'Utopia' 9-max Seat #9 is the button
Seat 1: loldogs ($6.71 in chips) 
Seat 2: surubu45 ($1.75 in chips) 
Seat 3: Dorex2007 ($5.15 in chips) 
Seat 5: nvhnam ($5 in chips) 
Seat 6: willdadood ($5.70 in chips) 
Seat 7: mullski326 ($19.60 in chips) 
Seat 8: Zzzanderman ($4.64 in chips) 
Seat 9: CasinoReal46 ($2.39 in chips) 
loldogs: posts small blind $0.02
surubu45: posts big blind $0.05
*** HOLE CARDS ***
Dealt to Dorex2007 [9d 6d]
Dorex2007: folds 
nvhnam: raises $0.10 to $0.15
willdadood: folds 
mullski326: folds 
Zzzanderman: folds 
CasinoReal46: folds 
loldogs: folds 
surubu45: folds 
Uncalled bet ($0.10) returned to nvhnam
nvhnam collected $0.12 from pot
*** SUMMARY ***
Total pot $0.12 | Rake $0 
Seat 1: loldogs (small blind) folded before Flop
Seat 2: surubu45 (big blind) folded before Flop
Seat 3: Dorex2007 folded before Flop (didn't bet)
Seat 5: nvhnam collected ($0.12)
Seat 6: willdadood folded before Flop (didn't bet)
Seat 7: mullski326 folded before Flop (didn't bet)
Seat 8: Zzzanderman folded before Flop (didn't bet)
Seat 9: CasinoReal46 (button) folded before Flop (didn't bet)



PokerStars Hand #237523394044:  Hold'em No Limit ($0.02/$0.05 USD) - 2022/07/22 15:57:30 PT [2022/07/22 18:57:30 ET]
Table 'Utopia' 9-max Seat #1 is the button
Seat 1: loldogs ($6.69 in chips) 
Seat 2: surubu45 ($1.70 in chips) 
Seat 3: Dorex2007 ($5.15 in chips) 
Seat 4: RosemontTony ($5.14 in chips) 
Seat 5: nvhnam ($5.07 in chips) 
Seat 6: willdadood ($5.70 in chips) 
Seat 7: mullski326 ($19.60 in chips) 
Seat 8: Zzzanderman ($4.64 in chips) 
Seat 9: CasinoReal46 ($2.39 in chips) 
surubu45: posts small blind $0.02
Dorex2007: posts big blind $0.05
*** HOLE CARDS ***
Dealt to Dorex2007 [2c 9h]
RosemontTony: folds 
nvhnam: folds 
willdadood: folds 
mullski326: folds 
Zzzanderman: folds 
CasinoReal46: folds 
loldogs: raises $0.10 to $0.15
surubu45: calls $0.13
Dorex2007: folds 
*** FLOP *** [9d 8s 6h]
surubu45: checks 
loldogs: bets $0.15
surubu45: folds 
Uncalled bet ($0.15) returned to loldogs
loldogs collected $0.34 from pot
*** SUMMARY ***
Total pot $0.35 | Rake $0.01 
Board [9d 8s 6h]
Seat 1: loldogs (button) collected ($0.34)
Seat 2: surubu45 (small blind) folded on the Flop
Seat 3: Dorex2007 (big blind) folded before Flop
Seat 4: RosemontTony folded before Flop (didn't bet)
Seat 5: nvhnam folded before Flop (didn't bet)
Seat 6: willdadood folded before Flop (didn't bet)
Seat 7: mullski326 folded before Flop (didn't bet)
Seat 8: Zzzanderman folded before Flop (didn't bet)
Seat 9: CasinoReal46 folded before Flop (didn't bet)



PokerStars Hand #237523400278:  Hold'em No Limit ($0.02/$0.05 USD) - 2022/07/22 15:57:55 PT [2022/07/22 18:57:55 ET]
Table 'Utopia' 9-max Seat #3 is the button
Seat 1: loldogs ($6.88 in chips) 
Seat 3: Dorex2007 ($5.10 in chips) 
Seat 4: RosemontTony ($5.14 in chips) 
Seat 5: nvhnam ($5.07 in chips) 
Seat 6: willdadood ($5.70 in chips) 
Seat 7: mullski326 ($19.60 in chips) 
Seat 8: Zzzanderman ($4.64 in chips) 
Seat 9: CasinoReal46 ($2.39 in chips) 
RosemontTony: posts small blind $0.02
nvhnam: posts big blind $0.05
*** HOLE CARDS ***
Dealt to Dorex2007 [Jd Jc]
surubu45 leaves the table
willdadood: folds 
mullski326: folds 
Zzzanderman: folds 
CasinoReal46: folds 
Girasol 2015 joins the table at seat #2 
loldogs: raises $0.10 to $0.15
Dorex2007: raises $0.30 to $0.45
RosemontTony: folds 
nvhnam: folds 
loldogs: folds 
Uncalled bet ($0.30) returned to Dorex2007
Dorex2007 collected $0.37 from pot
*** SUMMARY ***
Total pot $0.37 | Rake $0 
Seat 1: loldogs folded before Flop
Seat 3: Dorex2007 (button) collected ($0.37)
Seat 4: RosemontTony (small blind) folded before Flop
Seat 5: nvhnam (big blind) folded before Flop
Seat 6: willdadood folded before Flop (didn't bet)
Seat 7: mullski326 folded before Flop (didn't bet)
Seat 8: Zzzanderman folded before Flop (didn't bet)
Seat 9: CasinoReal46 folded before Flop (didn't bet)



PokerStars Hand #237523406285:  Hold'em No Limit ($0.02/$0.05 USD) - 2022/07/22 15:58:19 PT [2022/07/22 18:58:19 ET]
Table 'Utopia' 9-max Seat #4 is the button
Seat 1: loldogs ($6.73 in chips) 
Seat 3: Dorex2007 ($5.32 in chips) 
Seat 4: RosemontTony ($5.12 in chips) 
Seat 5: nvhnam ($5.02 in chips) 
Seat 6: willdadood ($5.70 in chips) 
Seat 7: mullski326 ($19.60 in chips) 
Seat 8: Zzzanderman ($4.64 in chips) 
Seat 9: CasinoReal46 ($2.39 in chips) 
nvhnam: posts small blind $0.02
willdadood: posts big blind $0.05
Girasol 2015: sits out 
*** HOLE CARDS ***
Dealt to Dorex2007 [8h Ts]
mullski326: folds 
Zzzanderman: folds 
CasinoReal46: raises $0.05 to $0.10
loldogs: folds 
Dorex2007: folds 
RosemontTony: folds 
nvhnam: folds 
willdadood: folds 
Uncalled bet ($0.05) returned to CasinoReal46
CasinoReal46 collected $0.12 from pot
*** SUMMARY ***
Total pot $0.12 | Rake $0 
Seat 1: loldogs folded before Flop (didn't bet)
Seat 3: Dorex2007 folded before Flop (didn't bet)
Seat 4: RosemontTony (button) folded before Flop (didn't bet)
Seat 5: nvhnam (small blind) folded before Flop
Seat 6: willdadood (big blind) folded before Flop
Seat 7: mullski326 folded before Flop (didn't bet)
Seat 8: Zzzanderman folded before Flop (didn't bet)
Seat 9: CasinoReal46 collected ($0.12)



PokerStars Hand #237523411658:  Hold'em No Limit ($0.02/$0.05 USD) - 2022/07/22 15:58:40 PT [2022/07/22 18:58:40 ET]
Table 'Utopia' 9-max Seat #5 is the button
Seat 1: loldogs ($6.73 in chips) 
Seat 3: Dorex2007 ($5.32 in chips) 
Seat 4: RosemontTony ($5.12 in chips) 
Seat 5: nvhnam ($5 in chips) 
Seat 6: willdadood ($5.65 in chips) 
Seat 7: mullski326 ($19.60 in chips) 
Seat 8: Zzzanderman ($4.64 in chips) 
Seat 9: CasinoReal46 ($2.46 in chips) 
willdadood: posts small blind $0.02
mullski326: posts big blind $0.05
Girasol 2015: sits out 
*** HOLE CARDS ***
Dealt to Dorex2007 [9h Jh]
Zzzanderman: folds 
CasinoReal46: folds 
loldogs: raises $0.10 to $0.15
Dorex2007: folds 
RosemontTony: folds 
nvhnam: folds 
willdadood: folds 
mullski326: folds 
Uncalled bet ($0.10) returned to loldogs
loldogs collected $0.12 from pot
*** SUMMARY ***
Total pot $0.12 | Rake $0 
Seat 1: loldogs collected ($0.12)
Seat 3: Dorex2007 folded before Flop (didn't bet)
Seat 4: RosemontTony folded before Flop (didn't bet)
Seat 5: nvhnam (button) folded before Flop (didn't bet)
Seat 6: willdadood (small blind) folded before Flop
Seat 7: mullski326 (big blind) folded before Flop
Seat 8: Zzzanderman folded before Flop (didn't bet)
Seat 9: CasinoReal46 folded before Flop (didn't bet)



PokerStars Hand #237523417393:  Hold'em No Limit ($0.02/$0.05 USD) - 2022/07/22 15:59:03 PT [2022/07/22 18:59:03 ET]
Table 'Utopia' 9-max Seat #6 is the button
Seat 1: loldogs ($6.80 in chips) 
Seat 3: Dorex2007 ($5.32 in chips) 
Seat 4: RosemontTony ($5.12 in chips) 
Seat 5: nvhnam ($5 in chips) 
Seat 6: willdadood ($5.63 in chips) 
Seat 7: mullski326 ($19.55 in chips) 
Seat 8: Zzzanderman ($4.64 in chips) 
Seat 9: CasinoReal46 ($2.46 in chips) 
mullski326: posts small blind $0.02
Zzzanderman: posts big blind $0.05
Girasol 2015: sits out 
*** HOLE CARDS ***
Dealt to Dorex2007 [4d 2s]
CasinoReal46: folds 
loldogs: raises $0.10 to $0.15
Dorex2007: folds 
RosemontTony: folds 
nvhnam: calls $0.15
willdadood: folds 
mullski326: calls $0.13
Zzzanderman: calls $0.10
*** FLOP *** [5c 9d Qh]
mullski326: checks 
Zzzanderman: checks 
loldogs: checks 
nvhnam: bets $0.40
mullski326: folds 
Zzzanderman: folds 
loldogs: folds 
Uncalled bet ($0.40) returned to nvhnam
nvhnam collected $0.58 from pot
*** SUMMARY ***
Total pot $0.60 | Rake $0.02 
Board [5c 9d Qh]
Seat 1: loldogs folded on the Flop
Seat 3: Dorex2007 folded before Flop (didn't bet)
Seat 4: RosemontTony folded before Flop (didn't bet)
Seat 5: nvhnam collected ($0.58)
Seat 6: willdadood (button) folded before Flop (didn't bet)
Seat 7: mullski326 (small blind) folded on the Flop
Seat 8: Zzzanderman (big blind) folded on the Flop
Seat 9: CasinoReal46 folded before Flop (didn't bet)



PokerStars Hand #237523425122:  Hold'em No Limit ($0.02/$0.05 USD) - 2022/07/22 15:59:34 PT [2022/07/22 18:59:34 ET]
Table 'Utopia' 9-max Seat #7 is the button
Seat 1: loldogs ($6.65 in chips) 
Seat 3: Dorex2007 ($5.32 in chips) 
Seat 4: RosemontTony ($5.12 in chips) 
Seat 5: nvhnam ($5.43 in chips) 
Seat 6: willdadood ($5.63 in chips) 
Seat 7: mullski326 ($19.40 in chips) 
Seat 8: Zzzanderman ($4.49 in chips) 
Seat 9: CasinoReal46 ($2.46 in chips) 
Zzzanderman: posts small blind $0.02
CasinoReal46: posts big blind $0.05
Girasol 2015: sits out 
*** HOLE CARDS ***
Dealt to Dorex2007 [8d Kd]
loldogs: raises $0.10 to $0.15
Dorex2007: folds 
RosemontTony: folds 
nvhnam: folds 
willdadood: calls $0.15
mullski326: calls $0.15
Zzzanderman: folds 
CasinoReal46: folds 
*** FLOP *** [6c Ac 6s]
Zzzanderman leaves the table
loldogs: bets $0.30
willdadood: folds 
mullski326: calls $0.30
*** TURN *** [6c Ac 6s] [9c]
loldogs: checks 
mullski326: bets $0.53
loldogs: folds 
Uncalled bet ($0.53) returned to mullski326
mullski326 collected $1.07 from pot
*** SUMMARY ***
Total pot $1.12 | Rake $0.05 
Board [6c Ac 6s 9c]
Seat 1: loldogs folded on the Turn
Seat 3: Dorex2007 folded before Flop (didn't bet)
Seat 4: RosemontTony folded before Flop (didn't bet)
Seat 5: nvhnam folded before Flop (didn't bet)
Seat 6: willdadood folded on the Flop
Seat 7: mullski326 (button) collected ($1.07)
Seat 8: Zzzanderman (small blind) folded before Flop
Seat 9: CasinoReal46 (big blind) folded before Flop



PokerStars Hand #237523439948:  Hold'em No Limit ($0.02/$0.05 USD) - 2022/07/22 16:00:32 PT [2022/07/22 19:00:32 ET]
Table 'Utopia' 9-max Seat #9 is the button
Seat 1: loldogs ($6.20 in chips) 
Seat 2: Girasol 2015 ($4 in chips) 
Seat 3: Dorex2007 ($5.32 in chips) 
Seat 4: RosemontTony ($5.12 in chips) 
Seat 5: nvhnam ($5.43 in chips) 
Seat 6: willdadood ($5.48 in chips) 
Seat 7: mullski326 ($20.02 in chips) 
Seat 9: CasinoReal46 ($2.41 in chips) 
loldogs: posts small blind $0.02
Girasol 2015: posts big blind $0.05
*** HOLE CARDS ***
Dealt to Dorex2007 [8c 8s]
Dorex2007: calls $0.05
RosemontTony: calls $0.05
nvhnam: folds 
willdadood: folds 
mullski326: folds 
CasinoReal46: folds 
loldogs: calls $0.03
Girasol 2015: checks 
*** FLOP *** [6s 7s Kd]
loldogs: checks 
Girasol 2015: bets $0.10
Dorex2007: calls $0.10
RosemontTony: folds 
loldogs: calls $0.10
*** TURN *** [6s 7s Kd] [Qs]
loldogs: checks 
Girasol 2015: bets $0.19
Dorex2007: folds 
loldogs: raises $0.44 to $0.63
Girasol 2015: folds 
Uncalled bet ($0.44) returned to loldogs
loldogs collected $0.84 from pot
*** SUMMARY ***
Total pot $0.88 | Rake $0.04 
Board [6s 7s Kd Qs]
Seat 1: loldogs (small blind) collected ($0.84)
Seat 2: Girasol 2015 (big blind) folded on the Turn
Seat 3: Dorex2007 folded on the Turn
Seat 4: RosemontTony folded on the Flop
Seat 5: nvhnam folded before Flop (didn't bet)
Seat 6: willdadood folded before Flop (didn't bet)
Seat 7: mullski326 folded before Flop (didn't bet)
Seat 9: CasinoReal46 (button) folded before Flop (didn't bet)



PokerStars Hand #237523456406:  Hold'em No Limit ($0.02/$0.05 USD) - 2022/07/22 16:01:30 PT [2022/07/22 19:01:30 ET]
Table 'Utopia' 9-max Seat #1 is the button
Seat 1: loldogs ($6.70 in chips) 
Seat 2: Girasol 2015 ($3.66 in chips) 
Seat 3: Dorex2007 ($5.17 in chips) 
Seat 4: RosemontTony ($5.07 in chips) 
Seat 5: nvhnam ($5.43 in chips) 
Seat 6: willdadood ($5.48 in chips) 
Seat 7: mullski326 ($20.02 in chips) 
Seat 9: CasinoReal46 ($2.41 in chips) 
Girasol 2015: posts small blind $0.02
Dorex2007: posts big blind $0.05
*** HOLE CARDS ***
Dealt to Dorex2007 [3c 8s]
RosemontTony: raises $0.10 to $0.15
nvhnam: folds 
willdadood: folds 
mullski326: folds 
CasinoReal46: folds 
loldogs: folds 
Girasol 2015: calls $0.13
Dorex2007: folds 
*** FLOP *** [2c 9s 7d]
Girasol 2015: checks 
RosemontTony: bets $0.58
Girasol 2015: folds 
Uncalled bet ($0.58) returned to RosemontTony
RosemontTony collected $0.34 from pot
*** SUMMARY ***
Total pot $0.35 | Rake $0.01 
Board [2c 9s 7d]
Seat 1: loldogs (button) folded before Flop (didn't bet)
Seat 2: Girasol 2015 (small blind) folded on the Flop
Seat 3: Dorex2007 (big blind) folded before Flop
Seat 4: RosemontTony collected ($0.34)
Seat 5: nvhnam folded before Flop (didn't bet)
Seat 6: willdadood folded before Flop (didn't bet)
Seat 7: mullski326 folded before Flop (didn't bet)
Seat 9: CasinoReal46 folded before Flop (didn't bet)



PokerStars Hand #237523467386:  Hold'em No Limit ($0.02/$0.05 USD) - 2022/07/22 16:02:07 PT [2022/07/22 19:02:07 ET]
Table 'Utopia' 9-max Seat #2 is the button
Seat 1: loldogs ($6.70 in chips) 
Seat 2: Girasol 2015 ($3.51 in chips) 
Seat 3: Dorex2007 ($5.12 in chips) 
Seat 4: RosemontTony ($5.26 in chips) 
Seat 5: nvhnam ($5.43 in chips) 
Seat 6: willdadood ($5.48 in chips) 
Seat 7: mullski326 ($20.02 in chips) 
Seat 9: CasinoReal46 ($2.41 in chips) 
Dorex2007: posts small blind $0.02
RosemontTony: posts big blind $0.05
*** HOLE CARDS ***
Dealt to Dorex2007 [Qh 9c]
nvhnam: raises $0.10 to $0.15
shtshot250 joins the table at seat #8 
willdadood: folds 
mullski326: folds 
CasinoReal46: folds 
loldogs: folds 
Girasol 2015: calls $0.15
Dorex2007: folds 
RosemontTony: folds 
*** FLOP *** [4s 6h Ts]
nvhnam: checks 
Girasol 2015: checks 
*** TURN *** [4s 6h Ts] [Qd]
nvhnam: bets $0.15
Girasol 2015: calls $0.15
*** RIVER *** [4s 6h Ts Qd] [Qs]
nvhnam: bets $0.45
Girasol 2015: folds 
Uncalled bet ($0.45) returned to nvhnam
nvhnam collected $0.64 from pot
*** SUMMARY ***
Total pot $0.67 | Rake $0.03 
Board [4s 6h Ts Qd Qs]
Seat 1: loldogs folded before Flop (didn't bet)
Seat 2: Girasol 2015 (button) folded on the River
Seat 3: Dorex2007 (small blind) folded before Flop
Seat 4: RosemontTony (big blind) folded before Flop
Seat 5: nvhnam collected ($0.64)
Seat 6: willdadood folded before Flop (didn't bet)
Seat 7: mullski326 folded before Flop (didn't bet)
Seat 9: CasinoReal46 folded before Flop (didn't bet)



PokerStars Hand #237523478021:  Hold'em No Limit ($0.02/$0.05 USD) - 2022/07/22 16:02:42 PT [2022/07/22 19:02:42 ET]
Table 'Utopia' 9-max Seat #3 is the button
Seat 1: loldogs ($6.70 in chips) 
Seat 2: Girasol 2015 ($3.21 in chips) 
Seat 3: Dorex2007 ($5.10 in chips) 
Seat 4: RosemontTony ($5.21 in chips) 
Seat 5: nvhnam ($5.77 in chips) 
Seat 6: willdadood ($5.48 in chips) 
Seat 7: mullski326 ($20.02 in chips) 
Seat 9: CasinoReal46 ($2.41 in chips) 
RosemontTony: posts small blind $0.02
nvhnam: posts big blind $0.05
shtshot250: sits out 
*** HOLE CARDS ***
Dealt to Dorex2007 [5s 6s]
willdadood: folds 
mullski326: calls $0.05
CasinoReal46: folds 
loldogs: folds 
Girasol 2015: folds 
Dorex2007: calls $0.05
RosemontTony: calls $0.03
nvhnam: raises $0.20 to $0.25
mullski326: calls $0.20
Dorex2007: folds 
RosemontTony: folds 
*** FLOP *** [8h 4s Jh]
nvhnam: bets $0.40
mullski326: calls $0.40
*** TURN *** [8h 4s Jh] [Qh]
nvhnam: bets $1
mullski326: folds 
Uncalled bet ($1) returned to nvhnam
nvhnam collected $1.34 from pot
*** SUMMARY ***
Total pot $1.40 | Rake $0.06 
Board [8h 4s Jh Qh]
Seat 1: loldogs folded before Flop (didn't bet)
Seat 2: Girasol 2015 folded before Flop (didn't bet)
Seat 3: Dorex2007 (button) folded before Flop
Seat 4: RosemontTony (small blind) folded before Flop
Seat 5: nvhnam (big blind) collected ($1.34)
Seat 6: willdadood folded before Flop (didn't bet)
Seat 7: mullski326 folded on the Turn
Seat 9: CasinoReal46 folded before Flop (didn't bet)



PokerStars Hand #237523494320:  Hold'em No Limit ($0.02/$0.05 USD) - 2022/07/22 16:03:36 PT [2022/07/22 19:03:36 ET]
Table 'Utopia' 9-max Seat #4 is the button
Seat 1: loldogs ($6.70 in chips) 
Seat 2: Girasol 2015 ($3.21 in chips) 
Seat 3: Dorex2007 ($5.05 in chips) 
Seat 4: RosemontTony ($5.16 in chips) 
Seat 5: nvhnam ($6.46 in chips) 
Seat 6: willdadood ($5.48 in chips) 
Seat 7: mullski326 ($19.37 in chips) 
Seat 9: CasinoReal46 ($2.41 in chips) 
nvhnam: posts small blind $0.02
willdadood: posts big blind $0.05
shtshot250: sits out 
*** HOLE CARDS ***
Dealt to Dorex2007 [6c Td]
mullski326: folds 
CasinoReal46: folds 
loldogs: folds 
Girasol 2015: folds 
Dorex2007: folds 
RosemontTony has timed out
RosemontTony: folds 
nvhnam: folds 
Uncalled bet ($0.03) returned to willdadood
willdadood collected $0.04 from pot
*** SUMMARY ***
Total pot $0.04 | Rake $0 
Seat 1: loldogs folded before Flop (didn't bet)
Seat 2: Girasol 2015 folded before Flop (didn't bet)
Seat 3: Dorex2007 folded before Flop (didn't bet)
Seat 4: RosemontTony (button) folded before Flop (didn't bet)
Seat 5: nvhnam (small blind) folded before Flop
Seat 6: willdadood (big blind) collected ($0.04)
Seat 7: mullski326 folded before Flop (didn't bet)
Seat 9: CasinoReal46 folded before Flop (didn't bet)



PokerStars Hand #237523501386:  Hold'em No Limit ($0.02/$0.05 USD) - 2022/07/22 16:03:59 PT [2022/07/22 19:03:59 ET]
Table 'Utopia' 9-max Seat #5 is the button
Seat 1: loldogs ($6.70 in chips) 
Seat 2: Girasol 2015 ($3.21 in chips) 
Seat 3: Dorex2007 ($5.05 in chips) 
Seat 5: nvhnam ($6.44 in chips) 
Seat 6: willdadood ($5.50 in chips) 
Seat 7: mullski326 ($19.37 in chips) 
Seat 9: CasinoReal46 ($2.41 in chips) 
willdadood: posts small blind $0.02
mullski326: posts big blind $0.05
shtshot250: sits out 
*** HOLE CARDS ***
Dealt to Dorex2007 [8d 6h]
CasinoReal46: folds 
loldogs: raises $0.10 to $0.15
Girasol 2015: folds 
Dorex2007: folds 
nvhnam: calls $0.15
willdadood: raises $0.29 to $0.44
mullski326: calls $0.39
loldogs: calls $0.29
nvhnam: calls $0.29
*** FLOP *** [Kh 8s 6d]
willdadood: checks 
mullski326: checks 
loldogs: checks 
nvhnam: checks 
*** TURN *** [Kh 8s 6d] [As]
willdadood: bets $0.70
mullski326: calls $0.70
loldogs: calls $0.70
nvhnam: folds 
*** RIVER *** [Kh 8s 6d As] [3d]
willdadood: checks 
mullski326: checks 
loldogs: checks 
*** SHOW DOWN ***
willdadood: shows [Qd Ad] (a pair of Aces)
mullski326: mucks hand 
loldogs: mucks hand 
willdadood collected $3.70 from pot
*** SUMMARY ***
Total pot $3.86 | Rake $0.16 
Board [Kh 8s 6d As 3d]
Seat 1: loldogs mucked [Ks Qc]
Seat 2: Girasol 2015 folded before Flop (didn't bet)
Seat 3: Dorex2007 folded before Flop (didn't bet)
Seat 5: nvhnam (button) folded on the Turn
Seat 6: willdadood (small blind) showed [Qd Ad] and won ($3.70) with a pair of Aces
Seat 7: mullski326 (big blind) mucked [Td Kd]
Seat 9: CasinoReal46 folded before Flop (didn't bet)



PokerStars Hand #237523526371:  Hold'em No Limit ($0.02/$0.05 USD) - 2022/07/22 16:05:22 PT [2022/07/22 19:05:22 ET]
Table 'Utopia' 9-max Seat #6 is the button
Seat 1: loldogs ($5.56 in chips) 
Seat 2: Girasol 2015 ($3.21 in chips) 
Seat 3: Dorex2007 ($5.05 in chips) 
Seat 4: RosemontTony ($5.16 in chips) 
Seat 5: nvhnam ($6 in chips) 
Seat 6: willdadood ($8.06 in chips) 
Seat 7: mullski326 ($18.23 in chips) 
Seat 8: shtshot250 ($4 in chips) 
Seat 9: CasinoReal46 ($2.41 in chips) 
mullski326: posts small blind $0.02
shtshot250: posts big blind $0.05
*** HOLE CARDS ***
Dealt to Dorex2007 [3h 3s]
CasinoReal46: folds 
loldogs: folds 
Girasol 2015: folds 
Dorex2007: calls $0.05
RosemontTony: folds 
nvhnam: folds 
willdadood: folds 
mullski326: calls $0.03
shtshot250: checks 
*** FLOP *** [Qd 7s Kc]
mullski326: bets $0.05
shtshot250: folds 
Dorex2007: folds 
Uncalled bet ($0.05) returned to mullski326
mullski326 collected $0.14 from pot
*** SUMMARY ***
Total pot $0.15 | Rake $0.01 
Board [Qd 7s Kc]
Seat 1: loldogs folded before Flop (didn't bet)
Seat 2: Girasol 2015 folded before Flop (didn't bet)
Seat 3: Dorex2007 folded on the Flop
Seat 4: RosemontTony folded before Flop (didn't bet)
Seat 5: nvhnam folded before Flop (didn't bet)
Seat 6: willdadood (button) folded before Flop (didn't bet)
Seat 7: mullski326 (small blind) collected ($0.14)
Seat 8: shtshot250 (big blind) folded on the Flop
Seat 9: CasinoReal46 folded before Flop (didn't bet)



PokerStars Hand #237523535057:  Hold'em No Limit ($0.02/$0.05 USD) - 2022/07/22 16:05:51 PT [2022/07/22 19:05:51 ET]
Table 'Utopia' 9-max Seat #7 is the button
Seat 1: loldogs ($5.56 in chips) 
Seat 2: Girasol 2015 ($3.21 in chips) 
Seat 3: Dorex2007 ($5 in chips) 
Seat 4: RosemontTony ($5.16 in chips) 
Seat 5: nvhnam ($6 in chips) 
Seat 6: willdadood ($8.06 in chips) 
Seat 7: mullski326 ($18.32 in chips) 
Seat 8: shtshot250 ($3.95 in chips) 
Seat 9: CasinoReal46 ($2.41 in chips) 
shtshot250: posts small blind $0.02
CasinoReal46: posts big blind $0.05
*** HOLE CARDS ***
Dealt to Dorex2007 [9d 9s]
loldogs: folds 
Girasol 2015: folds 
Dorex2007: raises $0.10 to $0.15
RosemontTony: folds 
nvhnam: folds 
willdadood: folds 
mullski326: folds 
shtshot250: calls $0.13
CasinoReal46: folds 
*** FLOP *** [7d 6h 6d]
shtshot250: checks 
Dorex2007: bets $0.34
shtshot250: calls $0.34
*** TURN *** [7d 6h 6d] [Ts]
shtshot250: checks 
Dorex2007: bets $0.99
shtshot250: folds 
Uncalled bet ($0.99) returned to Dorex2007
Dorex2007 collected $0.99 from pot
*** SUMMARY ***
Total pot $1.03 | Rake $0.04 
Board [7d 6h 6d Ts]
Seat 1: loldogs folded before Flop (didn't bet)
Seat 2: Girasol 2015 folded before Flop (didn't bet)
Seat 3: Dorex2007 collected ($0.99)
Seat 4: RosemontTony folded before Flop (didn't bet)
Seat 5: nvhnam folded before Flop (didn't bet)
Seat 6: willdadood folded before Flop (didn't bet)
Seat 7: mullski326 (button) folded before Flop (didn't bet)
Seat 8: shtshot250 (small blind) folded on the Turn
Seat 9: CasinoReal46 (big blind) folded before Flop



PokerStars Hand #237523547555:  Hold'em No Limit ($0.02/$0.05 USD) - 2022/07/22 16:06:33 PT [2022/07/22 19:06:33 ET]
Table 'Utopia' 9-max Seat #8 is the button
Seat 1: loldogs ($5.56 in chips) 
Seat 2: Girasol 2015 ($3.21 in chips) 
Seat 3: Dorex2007 ($5.50 in chips) 
Seat 4: RosemontTony ($5.16 in chips) 
Seat 5: nvhnam ($6 in chips) 
Seat 6: willdadood ($8.06 in chips) 
Seat 7: mullski326 ($18.32 in chips) 
Seat 8: shtshot250 ($3.46 in chips) 
Seat 9: CasinoReal46 ($2.36 in chips) 
CasinoReal46: posts small blind $0.02
loldogs: posts big blind $0.05
*** HOLE CARDS ***
Dealt to Dorex2007 [Qd Tc]
Girasol 2015: raises $0.05 to $0.10
Dorex2007: folds 
RosemontTony: folds 
nvhnam: folds 
willdadood: folds 
mullski326: folds 
shtshot250: calls $0.10
CasinoReal46: folds 
loldogs: calls $0.05
*** FLOP *** [3h 8h 8s]
loldogs: checks 
Girasol 2015: bets $0.10
shtshot250: folds 
loldogs: folds 
Uncalled bet ($0.10) returned to Girasol 2015
Girasol 2015 collected $0.31 from pot
*** SUMMARY ***
Total pot $0.32 | Rake $0.01 
Board [3h 8h 8s]
Seat 1: loldogs (big blind) folded on the Flop
Seat 2: Girasol 2015 collected ($0.31)
Seat 3: Dorex2007 folded before Flop (didn't bet)
Seat 4: RosemontTony folded before Flop (didn't bet)
Seat 5: nvhnam folded before Flop (didn't bet)
Seat 6: willdadood folded before Flop (didn't bet)
Seat 7: mullski326 folded before Flop (didn't bet)
Seat 8: shtshot250 (button) folded on the Flop
Seat 9: CasinoReal46 (small blind) folded before Flop



PokerStars Hand #237523555264:  Hold'em No Limit ($0.02/$0.05 USD) - 2022/07/22 16:06:58 PT [2022/07/22 19:06:58 ET]
Table 'Utopia' 9-max Seat #9 is the button
Seat 1: loldogs ($5.46 in chips) 
Seat 2: Girasol 2015 ($3.42 in chips) 
Seat 3: Dorex2007 ($5.50 in chips) 
Seat 4: RosemontTony ($5.16 in chips) 
Seat 5: nvhnam ($6 in chips) 
Seat 6: willdadood ($8.06 in chips) 
Seat 7: mullski326 ($18.32 in chips) 
Seat 8: shtshot250 ($3.36 in chips) 
Seat 9: CasinoReal46 ($2.34 in chips) 
loldogs: posts small blind $0.02
Girasol 2015: posts big blind $0.05
*** HOLE CARDS ***
Dealt to Dorex2007 [2s 7d]
Dorex2007: folds 
RosemontTony: raises $0.10 to $0.15
nvhnam: folds 
willdadood: folds 
mullski326: folds 
shtshot250: folds 
CasinoReal46: folds 
loldogs: calls $0.13
Girasol 2015: calls $0.10
*** FLOP *** [3s 5d 2c]
loldogs: checks 
Girasol 2015: checks 
RosemontTony: bets $0.29
loldogs: folds 
Girasol 2015: folds 
Uncalled bet ($0.29) returned to RosemontTony
RosemontTony collected $0.43 from pot
*** SUMMARY ***
Total pot $0.45 | Rake $0.02 
Board [3s 5d 2c]
Seat 1: loldogs (small blind) folded on the Flop
Seat 2: Girasol 2015 (big blind) folded on the Flop
Seat 3: Dorex2007 folded before Flop (didn't bet)
Seat 4: RosemontTony collected ($0.43)
Seat 5: nvhnam folded before Flop (didn't bet)
Seat 6: willdadood folded before Flop (didn't bet)
Seat 7: mullski326 folded before Flop (didn't bet)
Seat 8: shtshot250 folded before Flop (didn't bet)
Seat 9: CasinoReal46 (button) folded before Flop (didn't bet)



PokerStars Hand #237523567431:  Hold'em No Limit ($0.02/$0.05 USD) - 2022/07/22 16:07:39 PT [2022/07/22 19:07:39 ET]
Table 'Utopia' 9-max Seat #1 is the button
Seat 1: loldogs ($5.31 in chips) 
Seat 2: Girasol 2015 ($3.27 in chips) 
Seat 3: Dorex2007 ($5.50 in chips) 
Seat 4: RosemontTony ($5.44 in chips) 
Seat 5: nvhnam ($6 in chips) 
Seat 6: willdadood ($8.06 in chips) 
Seat 7: mullski326 ($18.32 in chips) 
Seat 8: shtshot250 ($3.36 in chips) 
Seat 9: CasinoReal46 ($2.34 in chips) 
Girasol 2015: posts small blind $0.02
Dorex2007: posts big blind $0.05
*** HOLE CARDS ***
Dealt to Dorex2007 [Jd Tc]
RosemontTony: folds 
nvhnam: raises $0.10 to $0.15
willdadood: folds 
mullski326: folds 
shtshot250: folds 
CasinoReal46: calls $0.15
loldogs: folds 
Girasol 2015: folds 
Dorex2007: folds 
*** FLOP *** [9c 4h 3s]
nvhnam: checks 
CasinoReal46: checks 
*** TURN *** [9c 4h 3s] [3h]
nvhnam: bets $0.15
CasinoReal46: folds 
Uncalled bet ($0.15) returned to nvhnam
nvhnam collected $0.35 from pot
*** SUMMARY ***
Total pot $0.37 | Rake $0.02 
Board [9c 4h 3s 3h]
Seat 1: loldogs (button) folded before Flop (didn't bet)
Seat 2: Girasol 2015 (small blind) folded before Flop
Seat 3: Dorex2007 (big blind) folded before Flop
Seat 4: RosemontTony folded before Flop (didn't bet)
Seat 5: nvhnam collected ($0.35)
Seat 6: willdadood folded before Flop (didn't bet)
Seat 7: mullski326 folded before Flop (didn't bet)
Seat 8: shtshot250 folded before Flop (didn't bet)
Seat 9: CasinoReal46 folded on the Turn



PokerStars Hand #237523575782:  Hold'em No Limit ($0.02/$0.05 USD) - 2022/07/22 16:08:07 PT [2022/07/22 19:08:07 ET]
Table 'Utopia' 9-max Seat #2 is the button
Seat 1: loldogs ($5.31 in chips) 
Seat 2: Girasol 2015 ($3.25 in chips) 
Seat 3: Dorex2007 ($5.45 in chips) 
Seat 4: RosemontTony ($5.44 in chips) 
Seat 5: nvhnam ($6.20 in chips) 
Seat 6: willdadood ($8.06 in chips) 
Seat 7: mullski326 ($18.32 in chips) 
Seat 8: shtshot250 ($3.36 in chips) 
Seat 9: CasinoReal46 ($2.19 in chips) 
Dorex2007: posts small blind $0.02
RosemontTony: posts big blind $0.05
*** HOLE CARDS ***
Dealt to Dorex2007 [6h 8s]
nvhnam: raises $0.10 to $0.15
willdadood: folds 
mullski326: folds 
shtshot250: folds 
CasinoReal46: folds 
loldogs: folds 
Girasol 2015: folds 
Dorex2007: folds 
RosemontTony: calls $0.10
*** FLOP *** [2d 9c 5h]
RosemontTony: checks 
nvhnam: checks 
*** TURN *** [2d 9c 5h] [3s]
RosemontTony: bets $0.08
nvhnam: calls $0.08
*** RIVER *** [2d 9c 5h 3s] [6c]
RosemontTony: bets $0.46
nvhnam: calls $0.46
*** SHOW DOWN ***
RosemontTony: shows [As 4d] (a straight, Deuce to Six)
nvhnam: mucks hand 
RosemontTony collected $1.34 from pot
*** SUMMARY ***
Total pot $1.40 | Rake $0.06 
Board [2d 9c 5h 3s 6c]
Seat 1: loldogs folded before Flop (didn't bet)
Seat 2: Girasol 2015 (button) folded before Flop (didn't bet)
Seat 3: Dorex2007 (small blind) folded before Flop
Seat 4: RosemontTony (big blind) showed [As 4d] and won ($1.34) with a straight, Deuce to Six
Seat 5: nvhnam mucked [Tc Ac]
Seat 6: willdadood folded before Flop (didn't bet)
Seat 7: mullski326 folded before Flop (didn't bet)
Seat 8: shtshot250 folded before Flop (didn't bet)
Seat 9: CasinoReal46 folded before Flop (didn't bet)



PokerStars Hand #237523591923:  Hold'em No Limit ($0.02/$0.05 USD) - 2022/07/22 16:09:00 PT [2022/07/22 19:09:00 ET]
Table 'Utopia' 9-max Seat #3 is the button
Seat 1: loldogs ($5.31 in chips) 
Seat 2: Girasol 2015 ($3.25 in chips) 
Seat 3: Dorex2007 ($5.43 in chips) 
Seat 4: RosemontTony ($6.09 in chips) 
Seat 5: nvhnam ($5.51 in chips) 
Seat 6: willdadood ($8.06 in chips) 
Seat 7: mullski326 ($18.32 in chips) 
Seat 8: shtshot250 ($3.36 in chips) 
Seat 9: CasinoReal46 ($2.19 in chips) 
RosemontTony: posts small blind $0.02
nvhnam: posts big blind $0.05
*** HOLE CARDS ***
Dealt to Dorex2007 [Ah Tc]
willdadood: folds 
mullski326: folds 
shtshot250: folds 
CasinoReal46: folds 
loldogs: raises $0.10 to $0.15
Girasol 2015: calls $0.15
Dorex2007: folds 
RosemontTony: folds 
nvhnam: folds 
*** FLOP *** [8s 8d Ac]
loldogs: bets $0.20
Girasol 2015: folds 
Uncalled bet ($0.20) returned to loldogs
loldogs collected $0.35 from pot
*** SUMMARY ***
Total pot $0.37 | Rake $0.02 
Board [8s 8d Ac]
Seat 1: loldogs collected ($0.35)
Seat 2: Girasol 2015 folded on the Flop
Seat 3: Dorex2007 (button) folded before Flop (didn't bet)
Seat 4: RosemontTony (small blind) folded before Flop
Seat 5: nvhnam (big blind) folded before Flop
Seat 6: willdadood folded before Flop (didn't bet)
Seat 7: mullski326 folded before Flop (didn't bet)
Seat 8: shtshot250 folded before Flop (didn't bet)
Seat 9: CasinoReal46 folded before Flop (didn't bet)



PokerStars Hand #237523602166:  Hold'em No Limit ($0.02/$0.05 USD) - 2022/07/22 16:09:34 PT [2022/07/22 19:09:34 ET]
Table 'Utopia' 9-max Seat #4 is the button
Seat 1: loldogs ($5.51 in chips) 
Seat 2: Girasol 2015 ($3.10 in chips) 
Seat 3: Dorex2007 ($5.43 in chips) 
Seat 4: RosemontTony ($6.07 in chips) 
Seat 5: nvhnam ($5.46 in chips) 
Seat 6: willdadood ($8.06 in chips) 
Seat 7: mullski326 ($18.32 in chips) 
Seat 8: shtshot250 ($3.36 in chips) 
Seat 9: CasinoReal46 ($2.19 in chips) 
nvhnam: posts small blind $0.02
willdadood: posts big blind $0.05
*** HOLE CARDS ***
Dealt to Dorex2007 [6h 5c]
mullski326: folds 
shtshot250: raises $0.12 to $0.17
CasinoReal46: folds 
loldogs: folds 
Girasol 2015: calls $0.17
Dorex2007: folds 
RosemontTony: folds 
nvhnam: folds 
willdadood: folds 
*** FLOP *** [Ks Td 9s]
shtshot250: bets $0.39
Girasol 2015: calls $0.39
*** TURN *** [Ks Td 9s] [3s]
shtshot250: checks 
Girasol 2015: checks 
*** RIVER *** [Ks Td 9s 3s] [8c]
shtshot250: checks 
Girasol 2015: checks 
*** SHOW DOWN ***
shtshot250: shows [Qh Ac] (high card Ace)
Girasol 2015: mucks hand 
shtshot250 collected $1.14 from pot
*** SUMMARY ***
Total pot $1.19 | Rake $0.05 
Board [Ks Td 9s 3s 8c]
Seat 1: loldogs folded before Flop (didn't bet)
Seat 2: Girasol 2015 mucked [Ad Jd]
Seat 3: Dorex2007 folded before Flop (didn't bet)
Seat 4: RosemontTony (button) folded before Flop (didn't bet)
Seat 5: nvhnam (small blind) folded before Flop
Seat 6: willdadood (big blind) folded before Flop
Seat 7: mullski326 folded before Flop (didn't bet)
Seat 8: shtshot250 showed [Qh Ac] and won ($1.14) with high card Ace
Seat 9: CasinoReal46 folded before Flop (didn't bet)



PokerStars Hand #237523615480:  Hold'em No Limit ($0.02/$0.05 USD) - 2022/07/22 16:10:19 PT [2022/07/22 19:10:19 ET]
Table 'Utopia' 9-max Seat #5 is the button
Seat 1: loldogs ($5.51 in chips) 
Seat 2: Girasol 2015 ($2.54 in chips) 
Seat 3: Dorex2007 ($5.43 in chips) 
Seat 4: RosemontTony ($6.07 in chips) 
Seat 5: nvhnam ($5.44 in chips) 
Seat 6: willdadood ($8.01 in chips) 
Seat 7: mullski326 ($18.32 in chips) 
Seat 8: shtshot250 ($3.94 in chips) 
Seat 9: CasinoReal46 ($2.19 in chips) 
willdadood: posts small blind $0.02
mullski326: posts big blind $0.05
*** HOLE CARDS ***
Dealt to Dorex2007 [Th Qh]
shtshot250: calls $0.05
CasinoReal46: folds 
loldogs: folds 
Girasol 2015: folds 
Dorex2007: raises $0.20 to $0.25
RosemontTony: folds 
nvhnam: folds 
willdadood: folds 
mullski326: folds 
shtshot250: calls $0.20
*** FLOP *** [Tc Kc 5c]
shtshot250: checks 
Dorex2007: bets $0.55
shtshot250: folds 
Uncalled bet ($0.55) returned to Dorex2007
Dorex2007 collected $0.55 from pot
*** SUMMARY ***
Total pot $0.57 | Rake $0.02 
Board [Tc Kc 5c]
Seat 1: loldogs folded before Flop (didn't bet)
Seat 2: Girasol 2015 folded before Flop (didn't bet)
Seat 3: Dorex2007 collected ($0.55)
Seat 4: RosemontTony folded before Flop (didn't bet)
Seat 5: nvhnam (button) folded before Flop (didn't bet)
Seat 6: willdadood (small blind) folded before Flop
Seat 7: mullski326 (big blind) folded before Flop
Seat 8: shtshot250 folded on the Flop
Seat 9: CasinoReal46 folded before Flop (didn't bet)



PokerStars Hand #237523625754:  Hold'em No Limit ($0.02/$0.05 USD) - 2022/07/22 16:10:54 PT [2022/07/22 19:10:54 ET]
Table 'Utopia' 9-max Seat #6 is the button
Seat 1: loldogs ($5.51 in chips) 
Seat 2: Girasol 2015 ($2.54 in chips) 
Seat 3: Dorex2007 ($5.73 in chips) 
Seat 4: RosemontTony ($6.07 in chips) 
Seat 5: nvhnam ($5.44 in chips) 
Seat 6: willdadood ($7.99 in chips) 
Seat 7: mullski326 ($18.27 in chips) 
Seat 8: shtshot250 ($3.69 in chips) 
Seat 9: CasinoReal46 ($2.19 in chips) 
mullski326: posts small blind $0.02
shtshot250: posts big blind $0.05
*** HOLE CARDS ***
Dealt to Dorex2007 [Tc 9d]
CasinoReal46: folds 
loldogs: folds 
Girasol 2015: raises $0.10 to $0.15
Dorex2007: folds 
RosemontTony: folds 
nvhnam: folds 
willdadood: folds 
CasinoReal46 leaves the table
mullski326: folds 
shtshot250: raises $0.32 to $0.47
Girasol 2015: calls $0.32
*** FLOP *** [6h Kh As]
shtshot250: checks 
Girasol 2015: checks 
*** TURN *** [6h Kh As] [2h]
shtshot250: checks 
Girasol 2015: bets $0.41
shtshot250: calls $0.41
*** RIVER *** [6h Kh As 2h] [6c]
shtshot250: checks 
Girasol 2015: checks 
*** SHOW DOWN ***
shtshot250: shows [Js Jc] (two pair, Jacks and Sixes)
Girasol 2015: mucks hand 
shtshot250 collected $1.71 from pot
*** SUMMARY ***
Total pot $1.78 | Rake $0.07 
Board [6h Kh As 2h 6c]
Seat 1: loldogs folded before Flop (didn't bet)
Seat 2: Girasol 2015 mucked [7c 9c]
Seat 3: Dorex2007 folded before Flop (didn't bet)
Seat 4: RosemontTony folded before Flop (didn't bet)
Seat 5: nvhnam folded before Flop (didn't bet)
Seat 6: willdadood (button) folded before Flop (didn't bet)
Seat 7: mullski326 (small blind) folded before Flop
Seat 8: shtshot250 (big blind) showed [Js Jc] and won ($1.71) with two pair, Jacks and Sixes
Seat 9: CasinoReal46 folded before Flop (didn't bet)



PokerStars Hand #237523641394:  Hold'em No Limit ($0.02/$0.05 USD) - 2022/07/22 16:11:47 PT [2022/07/22 19:11:47 ET]
Table 'Utopia' 9-max Seat #7 is the button
Seat 1: loldogs ($5.51 in chips) 
Seat 2: Girasol 2015 ($1.66 in chips) 
Seat 3: Dorex2007 ($5.73 in chips) 
Seat 4: RosemontTony ($6.07 in chips) 
Seat 5: nvhnam ($5.44 in chips) 
Seat 6: willdadood ($7.99 in chips) 
Seat 7: mullski326 ($18.25 in chips) 
Seat 8: shtshot250 ($4.52 in chips) 
shtshot250: posts small blind $0.02
loldogs: posts big blind $0.05
*** HOLE CARDS ***
Dealt to Dorex2007 [Ah 7h]
Girasol 2015: folds 
Dorex2007: calls $0.05
RosemontTony: folds 
nvhnam: folds 
willdadood: folds 
mullski326: calls $0.05
shtshot250: folds 
loldogs: checks 
*** FLOP *** [Ks 7d 4c]
loldogs: checks 
Dorex2007: bets $0.11
mullski326: folds 
loldogs: folds 
Uncalled bet ($0.11) returned to Dorex2007
Dorex2007 collected $0.16 from pot
*** SUMMARY ***
Total pot $0.17 | Rake $0.01 
Board [Ks 7d 4c]
Seat 1: loldogs (big blind) folded on the Flop
Seat 2: Girasol 2015 folded before Flop (didn't bet)
Seat 3: Dorex2007 collected ($0.16)
Seat 4: RosemontTony folded before Flop (didn't bet)
Seat 5: nvhnam folded before Flop (didn't bet)
Seat 6: willdadood folded before Flop (didn't bet)
Seat 7: mullski326 (button) folded on the Flop
Seat 8: shtshot250 (small blind) folded before Flop



PokerStars Hand #237523650960:  Hold'em No Limit ($0.02/$0.05 USD) - 2022/07/22 16:12:19 PT [2022/07/22 19:12:19 ET]
Table 'Utopia' 9-max Seat #8 is the button
Seat 1: loldogs ($5.46 in chips) 
Seat 2: Girasol 2015 ($1.66 in chips) 
Seat 3: Dorex2007 ($5.84 in chips) 
Seat 4: RosemontTony ($6.07 in chips) 
Seat 5: nvhnam ($5.44 in chips) 
Seat 6: willdadood ($7.99 in chips) 
Seat 7: mullski326 ($18.20 in chips) 
Seat 8: shtshot250 ($4.50 in chips) 
loldogs: posts small blind $0.02
Girasol 2015: posts big blind $0.05
*** HOLE CARDS ***
Dealt to Dorex2007 [6d 9s]
Dorex2007: folds 
RosemontTony: folds 
nvhnam: folds 
willdadood: raises $0.10 to $0.15
mullski326: folds 
shtshot250: calls $0.15
loldogs: folds 
Girasol 2015: calls $0.10
*** FLOP *** [Th 6c As]
Girasol 2015: checks 
willdadood: bets $0.20
shtshot250: calls $0.20
Girasol 2015: calls $0.20
*** TURN *** [Th 6c As] [2s]
Girasol 2015: checks 
willdadood: bets $0.64
shtshot250: calls $0.64
Girasol 2015: folds 
*** RIVER *** [Th 6c As 2s] [Kd]
willdadood: bets $7 and is all-in
shtshot250: folds 
Uncalled bet ($7) returned to willdadood
willdadood collected $2.25 from pot
*** SUMMARY ***
Total pot $2.35 | Rake $0.10 
Board [Th 6c As 2s Kd]
Seat 1: loldogs (small blind) folded before Flop
Seat 2: Girasol 2015 (big blind) folded on the Turn
Seat 3: Dorex2007 folded before Flop (didn't bet)
Seat 4: RosemontTony folded before Flop (didn't bet)
Seat 5: nvhnam folded before Flop (didn't bet)
Seat 6: willdadood collected ($2.25)
Seat 7: mullski326 folded before Flop (didn't bet)
Seat 8: shtshot250 (button) folded on the River



PokerStars Hand #237523670242:  Hold'em No Limit ($0.02/$0.05 USD) - 2022/07/22 16:13:18 PT [2022/07/22 19:13:18 ET]
Table 'Utopia' 9-max Seat #1 is the button
Seat 1: loldogs ($5.44 in chips) 
Seat 2: Girasol 2015 ($1.31 in chips) 
Seat 3: Dorex2007 ($5.84 in chips) 
Seat 4: RosemontTony ($6.07 in chips) 
Seat 5: nvhnam ($5.44 in chips) 
Seat 6: willdadood ($9.25 in chips) 
Seat 7: mullski326 ($18.20 in chips) 
Seat 8: shtshot250 ($3.51 in chips) 
Girasol 2015: posts small blind $0.02
Dorex2007: posts big blind $0.05
*** HOLE CARDS ***
Dealt to Dorex2007 [6h 9s]
RosemontTony: folds 
nvhnam: folds 
willdadood: folds 
mullski326: folds 
shtshot250: folds 
loldogs: raises $0.10 to $0.15
Girasol 2015: folds 
Dorex2007: folds 
Uncalled bet ($0.10) returned to loldogs
loldogs collected $0.12 from pot
*** SUMMARY ***
Total pot $0.12 | Rake $0 
Seat 1: loldogs (button) collected ($0.12)
Seat 2: Girasol 2015 (small blind) folded before Flop
Seat 3: Dorex2007 (big blind) folded before Flop
Seat 4: RosemontTony folded before Flop (didn't bet)
Seat 5: nvhnam folded before Flop (didn't bet)
Seat 6: willdadood folded before Flop (didn't bet)
Seat 7: mullski326 folded before Flop (didn't bet)
Seat 8: shtshot250 folded before Flop (didn't bet)



PokerStars Hand #237523674823:  Hold'em No Limit ($0.02/$0.05 USD) - 2022/07/22 16:13:33 PT [2022/07/22 19:13:33 ET]
Table 'Utopia' 9-max Seat #2 is the button
Seat 1: loldogs ($5.51 in chips) 
Seat 2: Girasol 2015 ($1.29 in chips) 
Seat 3: Dorex2007 ($5.79 in chips) 
Seat 4: RosemontTony ($6.07 in chips) 
Seat 5: nvhnam ($5.44 in chips) 
Seat 6: willdadood ($9.25 in chips) 
Seat 7: mullski326 ($18.20 in chips) 
Seat 8: shtshot250 ($3.51 in chips) 
Dorex2007: posts small blind $0.02
RosemontTony: posts big blind $0.05
*** HOLE CARDS ***
Dealt to Dorex2007 [Td 8d]
nvhnam: folds 
willdadood: folds 
mullski326: folds 
shtshot250: calls $0.05
loldogs: folds 
Girasol 2015: calls $0.05
Dorex2007: folds 
RosemontTony: checks 
*** FLOP *** [Qd Tc 8s]
RosemontTony: bets $0.16
shtshot250: calls $0.16
Girasol 2015: folds 
*** TURN *** [Qd Tc 8s] [5c]
RosemontTony: checks 
shtshot250: bets $0.47
RosemontTony: folds 
Uncalled bet ($0.47) returned to shtshot250
shtshot250 collected $0.47 from pot
*** SUMMARY ***
Total pot $0.49 | Rake $0.02 
Board [Qd Tc 8s 5c]
Seat 1: loldogs folded before Flop (didn't bet)
Seat 2: Girasol 2015 (button) folded on the Flop
Seat 3: Dorex2007 (small blind) folded before Flop
Seat 4: RosemontTony (big blind) folded on the Turn
Seat 5: nvhnam folded before Flop (didn't bet)
Seat 6: willdadood folded before Flop (didn't bet)
Seat 7: mullski326 folded before Flop (didn't bet)
Seat 8: shtshot250 collected ($0.47)



PokerStars Hand #237523689526:  Hold'em No Limit ($0.02/$0.05 USD) - 2022/07/22 16:14:23 PT [2022/07/22 19:14:23 ET]
Table 'Utopia' 9-max Seat #3 is the button
Seat 1: loldogs ($5.51 in chips) 
Seat 2: Girasol 2015 ($1.24 in chips) 
Seat 3: Dorex2007 ($5.77 in chips) 
Seat 4: RosemontTony ($5.86 in chips) 
Seat 5: nvhnam ($5.44 in chips) 
Seat 6: willdadood ($9.25 in chips) 
Seat 7: mullski326 ($18.20 in chips) 
Seat 8: shtshot250 ($3.77 in chips) 
RosemontTony: posts small blind $0.02
nvhnam: posts big blind $0.05
*** HOLE CARDS ***
Dealt to Dorex2007 [Kd Qs]
willdadood: raises $0.10 to $0.15
mullski326: folds 
shtshot250: folds 
loldogs: folds 
fernandol2x joins the table at seat #9 
Girasol 2015: calls $0.15
Dorex2007: calls $0.15
RosemontTony: folds 
nvhnam: folds 
*** FLOP *** [8c 9c 4d]
willdadood: checks 
Girasol 2015: bets $0.20
Dorex2007: folds 
willdadood: calls $0.20
*** TURN *** [8c 9c 4d] [2d]
willdadood: checks 
Girasol 2015: bets $0.89 and is all-in
willdadood: folds 
Uncalled bet ($0.89) returned to Girasol 2015
Girasol 2015 collected $0.88 from pot
*** SUMMARY ***
Total pot $0.92 | Rake $0.04 
Board [8c 9c 4d 2d]
Seat 1: loldogs folded before Flop (didn't bet)
Seat 2: Girasol 2015 collected ($0.88)
Seat 3: Dorex2007 (button) folded on the Flop
Seat 4: RosemontTony (small blind) folded before Flop
Seat 5: nvhnam (big blind) folded before Flop
Seat 6: willdadood folded on the Turn
Seat 7: mullski326 folded before Flop (didn't bet)
Seat 8: shtshot250 folded before Flop (didn't bet)



PokerStars Hand #237523705346:  Hold'em No Limit ($0.02/$0.05 USD) - 2022/07/22 16:15:11 PT [2022/07/22 19:15:11 ET]
Table 'Utopia' 9-max Seat #4 is the button
Seat 1: loldogs ($5.51 in chips) 
Seat 2: Girasol 2015 ($1.77 in chips) 
Seat 3: Dorex2007 ($5.62 in chips) 
Seat 4: RosemontTony ($5.84 in chips) 
Seat 5: nvhnam ($5.39 in chips) 
Seat 6: willdadood ($8.90 in chips) 
Seat 7: mullski326 ($18.20 in chips) 
Seat 8: shtshot250 ($3.77 in chips) 
nvhnam: posts small blind $0.02
willdadood: posts big blind $0.05
fernandol2x has timed out
fernandol2x: is sitting out 
*** HOLE CARDS ***
Dealt to Dorex2007 [Qs 2d]
mullski326: raises $0.10 to $0.15
shtshot250: folds 
loldogs: folds 
Girasol 2015: folds 
Dorex2007: folds 
RosemontTony: folds 
nvhnam: folds 
willdadood: folds 
Uncalled bet ($0.10) returned to mullski326
mullski326 collected $0.12 from pot
*** SUMMARY ***
Total pot $0.12 | Rake $0 
Seat 1: loldogs folded before Flop (didn't bet)
Seat 2: Girasol 2015 folded before Flop (didn't bet)
Seat 3: Dorex2007 folded before Flop (didn't bet)
Seat 4: RosemontTony (button) folded before Flop (didn't bet)
Seat 5: nvhnam (small blind) folded before Flop
Seat 6: willdadood (big blind) folded before Flop
Seat 7: mullski326 collected ($0.12)
Seat 8: shtshot250 folded before Flop (didn't bet)



PokerStars Hand #237523718920:  Hold'em No Limit ($0.02/$0.05 USD) - 2022/07/22 16:15:58 PT [2022/07/22 19:15:58 ET]
Table 'Utopia' 9-max Seat #5 is the button
Seat 1: loldogs ($5.51 in chips) 
Seat 2: Girasol 2015 ($1.77 in chips) 
Seat 3: Dorex2007 ($5.62 in chips) 
Seat 4: RosemontTony ($5.84 in chips) 
Seat 5: nvhnam ($5.37 in chips) 
Seat 6: willdadood ($8.85 in chips) 
Seat 7: mullski326 ($18.27 in chips) 
Seat 8: shtshot250 ($3.77 in chips) 
willdadood: posts small blind $0.02
mullski326: posts big blind $0.05
*** HOLE CARDS ***
Dealt to Dorex2007 [4d 7s]
shtshot250: raises $0.12 to $0.17
loldogs: raises $0.27 to $0.44
Girasol 2015: folds 
Dorex2007: folds 
RosemontTony: folds 
nvhnam: folds 
willdadood: folds 
mullski326: folds 
shtshot250: calls $0.27
*** FLOP *** [2d Jc 5h]
shtshot250: checks 
loldogs: bets $0.60
shtshot250: calls $0.60
*** TURN *** [2d Jc 5h] [6h]
shtshot250: checks 
loldogs: bets $1.13
shtshot250: folds 
Uncalled bet ($1.13) returned to loldogs
loldogs collected $2.06 from pot
*** SUMMARY ***
Total pot $2.15 | Rake $0.09 
Board [2d Jc 5h 6h]
Seat 1: loldogs collected ($2.06)
Seat 2: Girasol 2015 folded before Flop (didn't bet)
Seat 3: Dorex2007 folded before Flop (didn't bet)
Seat 4: RosemontTony folded before Flop (didn't bet)
Seat 5: nvhnam (button) folded before Flop (didn't bet)
Seat 6: willdadood (small blind) folded before Flop
Seat 7: mullski326 (big blind) folded before Flop
Seat 8: shtshot250 folded on the Turn



PokerStars Hand #237523733002:  Hold'em No Limit ($0.02/$0.05 USD) - 2022/07/22 16:16:46 PT [2022/07/22 19:16:46 ET]
Table 'Utopia' 9-max Seat #6 is the button
Seat 1: loldogs ($6.53 in chips) 
Seat 2: Girasol 2015 ($1.77 in chips) 
Seat 3: Dorex2007 ($5.62 in chips) 
Seat 4: RosemontTony ($5.84 in chips) 
Seat 5: nvhnam ($5.37 in chips) 
Seat 6: willdadood ($8.83 in chips) 
Seat 7: mullski326 ($18.22 in chips) 
Seat 8: shtshot250 ($2.73 in chips) 
mullski326: posts small blind $0.02
shtshot250: posts big blind $0.05
fernandol2x: sits out 
*** HOLE CARDS ***
Dealt to Dorex2007 [Js 2s]
loldogs: folds 
Girasol 2015: folds 
Dorex2007: folds 
RosemontTony: folds 
nvhnam: raises $0.10 to $0.15
willdadood: raises $0.25 to $0.40
mullski326: folds 
shtshot250: folds 
nvhnam: calls $0.25
*** FLOP *** [5c 4s 4c]
nvhnam: checks 
willdadood: bets $0.38
nvhnam: calls $0.38
*** TURN *** [5c 4s 4c] [Jd]
nvhnam: checks 
willdadood: checks 
*** RIVER *** [5c 4s 4c Jd] [9d]
nvhnam: bets $1.15
willdadood: folds 
Uncalled bet ($1.15) returned to nvhnam
nvhnam collected $1.56 from pot
*** SUMMARY ***
Total pot $1.63 | Rake $0.07 
Board [5c 4s 4c Jd 9d]
Seat 1: loldogs folded before Flop (didn't bet)
Seat 2: Girasol 2015 folded before Flop (didn't bet)
Seat 3: Dorex2007 folded before Flop (didn't bet)
Seat 4: RosemontTony folded before Flop (didn't bet)
Seat 5: nvhnam collected ($1.56)
Seat 6: willdadood (button) folded on the River
Seat 7: mullski326 (small blind) folded before Flop
Seat 8: shtshot250 (big blind) folded before Flop



PokerStars Hand #237523753578:  Hold'em No Limit ($0.02/$0.05 USD) - 2022/07/22 16:17:57 PT [2022/07/22 19:17:57 ET]
Table 'Utopia' 9-max Seat #7 is the button
Seat 1: loldogs ($6.53 in chips) 
Seat 2: Girasol 2015 ($1.77 in chips) 
Seat 3: Dorex2007 ($5.62 in chips) 
Seat 4: RosemontTony ($5.84 in chips) 
Seat 5: nvhnam ($6.15 in chips) 
Seat 6: willdadood ($8.05 in chips) 
Seat 7: mullski326 ($18.20 in chips) 
Seat 8: shtshot250 ($2.68 in chips) 
Seat 9: fernandol2x ($5 in chips) 
shtshot250: posts small blind $0.02
fernandol2x: posts big blind $0.05
*** HOLE CARDS ***
Dealt to Dorex2007 [Qh Kd]
loldogs: folds 
Girasol 2015: folds 
Dorex2007: raises $0.10 to $0.15
RosemontTony: folds 
nvhnam: folds 
willdadood: folds 
mullski326: calls $0.15
shtshot250: calls $0.13
fernandol2x: calls $0.10
*** FLOP *** [Ks 2h 9s]
shtshot250: bets $0.58
fernandol2x: folds 
Dorex2007: folds 
mullski326: folds 
Uncalled bet ($0.58) returned to shtshot250
shtshot250 collected $0.58 from pot
*** SUMMARY ***
Total pot $0.60 | Rake $0.02 
Board [Ks 2h 9s]
Seat 1: loldogs folded before Flop (didn't bet)
Seat 2: Girasol 2015 folded before Flop (didn't bet)
Seat 3: Dorex2007 folded on the Flop
Seat 4: RosemontTony folded before Flop (didn't bet)
Seat 5: nvhnam folded before Flop (didn't bet)
Seat 6: willdadood folded before Flop (didn't bet)
Seat 7: mullski326 (button) folded on the Flop
Seat 8: shtshot250 (small blind) collected ($0.58)
Seat 9: fernandol2x (big blind) folded on the Flop



PokerStars Hand #237523772171:  Hold'em No Limit ($0.02/$0.05 USD) - 2022/07/22 16:19:01 PT [2022/07/22 19:19:01 ET]
Table 'Utopia' 9-max Seat #8 is the button
Seat 1: loldogs ($6.53 in chips) 
Seat 2: Girasol 2015 ($1.77 in chips) 
Seat 3: Dorex2007 ($5.47 in chips) 
Seat 4: RosemontTony ($5.84 in chips) 
Seat 5: nvhnam ($6.15 in chips) 
Seat 6: willdadood ($8.05 in chips) 
Seat 7: mullski326 ($18.05 in chips) 
Seat 8: shtshot250 ($3.11 in chips) 
Seat 9: fernandol2x ($5 in chips) 
fernandol2x: posts small blind $0.02
loldogs: posts big blind $0.05
*** HOLE CARDS ***
Dealt to Dorex2007 [As Ah]
Girasol 2015: folds 
Dorex2007: raises $0.05 to $0.10
RosemontTony: folds 
nvhnam: calls $0.10
willdadood: folds 
mullski326: folds 
shtshot250: calls $0.10
fernandol2x: calls $0.08
loldogs: calls $0.05
*** FLOP *** [9d Tc 9s]
fernandol2x: checks 
loldogs: checks 
Dorex2007: bets $0.48
nvhnam: folds 
shtshot250: folds 
fernandol2x: folds 
loldogs: calls $0.48
*** TURN *** [9d Tc 9s] [2c]
loldogs: checks 
Dorex2007: bets $1.40
loldogs: folds 
Uncalled bet ($1.40) returned to Dorex2007
Dorex2007 collected $1.40 from pot
*** SUMMARY ***
Total pot $1.46 | Rake $0.06 
Board [9d Tc 9s 2c]
Seat 1: loldogs (big blind) folded on the Turn
Seat 2: Girasol 2015 folded before Flop (didn't bet)
Seat 3: Dorex2007 collected ($1.40)
Seat 4: RosemontTony folded before Flop (didn't bet)
Seat 5: nvhnam folded on the Flop
Seat 6: willdadood folded before Flop (didn't bet)
Seat 7: mullski326 folded before Flop (didn't bet)
Seat 8: shtshot250 (button) folded on the Flop
Seat 9: fernandol2x (small blind) folded on the Flop



PokerStars Hand #237523788428:  Hold'em No Limit ($0.02/$0.05 USD) - 2022/07/22 16:19:55 PT [2022/07/22 19:19:55 ET]
Table 'Utopia' 9-max Seat #9 is the button
Seat 1: loldogs ($5.95 in chips) 
Seat 2: Girasol 2015 ($1.77 in chips) 
Seat 3: Dorex2007 ($6.29 in chips) 
Seat 4: RosemontTony ($5.84 in chips) 
Seat 5: nvhnam ($6.05 in chips) 
Seat 6: willdadood ($8.05 in chips) 
Seat 7: mullski326 ($18.05 in chips) 
Seat 8: shtshot250 ($3.01 in chips) 
Seat 9: fernandol2x ($5 in chips) 
loldogs: posts small blind $0.02
Girasol 2015: posts big blind $0.05
*** HOLE CARDS ***
Dealt to Dorex2007 [Kd 9h]
Dorex2007: folds 
RosemontTony: folds 
nvhnam: folds 
willdadood: folds 
mullski326: folds 
shtshot250: calls $0.05
fernandol2x: folds 
loldogs: raises $0.20 to $0.25
Girasol 2015: folds 
shtshot250: calls $0.20
*** FLOP *** [8h 5d 7s]
loldogs: checks 
shtshot250: bets $0.53
loldogs: folds 
Uncalled bet ($0.53) returned to shtshot250
shtshot250 collected $0.53 from pot
*** SUMMARY ***
Total pot $0.55 | Rake $0.02 
Board [8h 5d 7s]
Seat 1: loldogs (small blind) folded on the Flop
Seat 2: Girasol 2015 (big blind) folded before Flop
Seat 3: Dorex2007 folded before Flop (didn't bet)
Seat 4: RosemontTony folded before Flop (didn't bet)
Seat 5: nvhnam folded before Flop (didn't bet)
Seat 6: willdadood folded before Flop (didn't bet)
Seat 7: mullski326 folded before Flop (didn't bet)
Seat 8: shtshot250 collected ($0.53)
Seat 9: fernandol2x (button) folded before Flop (didn't bet)



PokerStars Hand #237523802771:  Hold'em No Limit ($0.02/$0.05 USD) - 2022/07/22 16:20:45 PT [2022/07/22 19:20:45 ET]
Table 'Utopia' 9-max Seat #1 is the button
Seat 1: loldogs ($5.70 in chips) 
Seat 2: Girasol 2015 ($1.72 in chips) 
Seat 3: Dorex2007 ($6.29 in chips) 
Seat 4: RosemontTony ($5.84 in chips) 
Seat 5: nvhnam ($6.05 in chips) 
Seat 6: willdadood ($8.05 in chips) 
Seat 7: mullski326 ($18.05 in chips) 
Seat 8: shtshot250 ($3.29 in chips) 
Seat 9: fernandol2x ($5 in chips) 
Girasol 2015: posts small blind $0.02
Dorex2007: posts big blind $0.05
*** HOLE CARDS ***
Dealt to Dorex2007 [Kc 5s]
RosemontTony: folds 
nvhnam: folds 
willdadood: folds 
mullski326: folds 
shtshot250: folds 
fernandol2x: folds 
loldogs: raises $0.10 to $0.15
Girasol 2015: calls $0.13
Dorex2007: folds 
*** FLOP *** [Kd 3h 2c]
Girasol 2015: checks 
loldogs: bets $0.20
Girasol 2015: folds 
Uncalled bet ($0.20) returned to loldogs
loldogs collected $0.34 from pot
*** SUMMARY ***
Total pot $0.35 | Rake $0.01 
Board [Kd 3h 2c]
Seat 1: loldogs (button) collected ($0.34)
Seat 2: Girasol 2015 (small blind) folded on the Flop
Seat 3: Dorex2007 (big blind) folded before Flop
Seat 4: RosemontTony folded before Flop (didn't bet)
Seat 5: nvhnam folded before Flop (didn't bet)
Seat 6: willdadood folded before Flop (didn't bet)
Seat 7: mullski326 folded before Flop (didn't bet)
Seat 8: shtshot250 folded before Flop (didn't bet)
Seat 9: fernandol2x folded before Flop (didn't bet)



PokerStars Hand #237523813004:  Hold'em No Limit ($0.02/$0.05 USD) - 2022/07/22 16:21:20 PT [2022/07/22 19:21:20 ET]
Table 'Utopia' 9-max Seat #2 is the button
Seat 1: loldogs ($5.89 in chips) 
Seat 2: Girasol 2015 ($1.57 in chips) 
Seat 3: Dorex2007 ($6.24 in chips) 
Seat 4: RosemontTony ($5.84 in chips) 
Seat 5: nvhnam ($6.05 in chips) 
Seat 6: willdadood ($8.05 in chips) 
Seat 7: mullski326 ($18.05 in chips) 
Seat 8: shtshot250 ($3.29 in chips) 
Seat 9: fernandol2x ($5 in chips) 
Dorex2007: posts small blind $0.02
RosemontTony: posts big blind $0.05
*** HOLE CARDS ***
Dealt to Dorex2007 [5h 3h]
nvhnam: raises $0.10 to $0.15
willdadood: folds 
mullski326: folds 
shtshot250: calls $0.15
fernandol2x: folds 
loldogs: folds 
Girasol 2015: folds 
Dorex2007: folds 
RosemontTony: folds 
*** FLOP *** [Tc 9h 7s]
nvhnam: bets $0.25
shtshot250: calls $0.25
*** TURN *** [Tc 9h 7s] [Kc]
nvhnam: checks 
shtshot250: checks 
*** RIVER *** [Tc 9h 7s Kc] [4c]
nvhnam: checks 
shtshot250: bets $0.83
nvhnam: folds 
Uncalled bet ($0.83) returned to shtshot250
shtshot250 collected $0.83 from pot
*** SUMMARY ***
Total pot $0.87 | Rake $0.04 
Board [Tc 9h 7s Kc 4c]
Seat 1: loldogs folded before Flop (didn't bet)
Seat 2: Girasol 2015 (button) folded before Flop (didn't bet)
Seat 3: Dorex2007 (small blind) folded before Flop
Seat 4: RosemontTony (big blind) folded before Flop
Seat 5: nvhnam folded on the River
Seat 6: willdadood folded before Flop (didn't bet)
Seat 7: mullski326 folded before Flop (didn't bet)
Seat 8: shtshot250 collected ($0.83)
Seat 9: fernandol2x folded before Flop (didn't bet)



PokerStars Hand #237523827208:  Hold'em No Limit ($0.02/$0.05 USD) - 2022/07/22 16:22:10 PT [2022/07/22 19:22:10 ET]
Table 'Utopia' 9-max Seat #3 is the button
Seat 1: loldogs ($5.89 in chips) 
Seat 2: Girasol 2015 ($1.57 in chips) 
Seat 3: Dorex2007 ($6.22 in chips) 
Seat 4: RosemontTony ($5.79 in chips) 
Seat 5: nvhnam ($5.65 in chips) 
Seat 6: willdadood ($8.05 in chips) 
Seat 7: mullski326 ($18.05 in chips) 
Seat 8: shtshot250 ($3.72 in chips) 
Seat 9: fernandol2x ($5 in chips) 
RosemontTony: posts small blind $0.02
nvhnam: posts big blind $0.05
*** HOLE CARDS ***
Dealt to Dorex2007 [Ah 8h]
willdadood: folds 
mullski326: folds 
shtshot250: folds 
fernandol2x: folds 
loldogs: folds 
Girasol 2015: raises $0.10 to $0.15
Dorex2007: calls $0.15
RosemontTony: calls $0.13
nvhnam: calls $0.10
*** FLOP *** [Td Tc Kc]
RosemontTony: checks 
nvhnam: checks 
Girasol 2015: bets $0.29
Dorex2007: folds 
RosemontTony: folds 
nvhnam: calls $0.29
*** TURN *** [Td Tc Kc] [Qs]
nvhnam: checks 
Girasol 2015: bets $1.13 and is all-in
nvhnam: calls $1.13
*** RIVER *** [Td Tc Kc Qs] [3s]
*** SHOW DOWN ***
nvhnam: shows [Th 9c] (three of a kind, Tens)
Girasol 2015: shows [Ks Ac] (two pair, Kings and Tens)
nvhnam collected $3.30 from pot
*** SUMMARY ***
Total pot $3.44 | Rake $0.14 
Board [Td Tc Kc Qs 3s]
Seat 1: loldogs folded before Flop (didn't bet)
Seat 2: Girasol 2015 showed [Ks Ac] and lost with two pair, Kings and Tens
Seat 3: Dorex2007 (button) folded on the Flop
Seat 4: RosemontTony (small blind) folded on the Flop
Seat 5: nvhnam (big blind) showed [Th 9c] and won ($3.30) with three of a kind, Tens
Seat 6: willdadood folded before Flop (didn't bet)
Seat 7: mullski326 folded before Flop (didn't bet)
Seat 8: shtshot250 folded before Flop (didn't bet)
Seat 9: fernandol2x folded before Flop (didn't bet)



PokerStars Hand #237523854915:  Hold'em No Limit ($0.02/$0.05 USD) - 2022/07/22 16:23:25 PT [2022/07/22 19:23:25 ET]
Table 'Utopia' 9-max Seat #4 is the button
Seat 1: loldogs ($5.89 in chips) 
Seat 3: Dorex2007 ($6.07 in chips) 
Seat 4: RosemontTony ($5.64 in chips) 
Seat 5: nvhnam ($7.38 in chips) 
Seat 6: willdadood ($8.05 in chips) 
Seat 7: mullski326 ($18.05 in chips) 
Seat 8: shtshot250 ($3.72 in chips) 
Seat 9: fernandol2x ($5 in chips) 
nvhnam: posts small blind $0.02
willdadood: posts big blind $0.05
*** HOLE CARDS ***
Dealt to Dorex2007 [Js Ks]
mullski326: folds 
shtshot250: raises $0.12 to $0.17
fernandol2x: folds 
loldogs: folds 
Girasol 2015 leaves the table
Dorex2007: calls $0.17
RosemontTony: folds 
nvhnam: folds 
willdadood: folds 
*** FLOP *** [Kh Td 9d]
PauloCesarH joins the table at seat #2 
shtshot250: checks 
Dorex2007: bets $0.39
shtshot250: calls $0.39
*** TURN *** [Kh Td 9d] [2c]
shtshot250: checks 
Dorex2007: bets $5.51 and is all-in
shtshot250: folds 
Uncalled bet ($5.51) returned to Dorex2007
Dorex2007 collected $1.14 from pot
*** SUMMARY ***
Total pot $1.19 | Rake $0.05 
Board [Kh Td 9d 2c]
Seat 1: loldogs folded before Flop (didn't bet)
Seat 3: Dorex2007 collected ($1.14)
Seat 4: RosemontTony (button) folded before Flop (didn't bet)
Seat 5: nvhnam (small blind) folded before Flop
Seat 6: willdadood (big blind) folded before Flop
Seat 7: mullski326 folded before Flop (didn't bet)
Seat 8: shtshot250 folded on the Turn
Seat 9: fernandol2x folded before Flop (didn't bet)



PokerStars Hand #237523870258:  Hold'em No Limit ($0.02/$0.05 USD) - 2022/07/22 16:24:20 PT [2022/07/22 19:24:20 ET]
Table 'Utopia' 9-max Seat #5 is the button
Seat 1: loldogs ($5.89 in chips) 
Seat 3: Dorex2007 ($6.65 in chips) 
Seat 4: RosemontTony ($5.64 in chips) 
Seat 5: nvhnam ($7.36 in chips) 
Seat 6: willdadood ($8 in chips) 
Seat 7: mullski326 ($18.05 in chips) 
Seat 8: shtshot250 ($3.16 in chips) 
Seat 9: fernandol2x ($5 in chips) 
willdadood: posts small blind $0.02
mullski326: posts big blind $0.05
PauloCesarH: sits out 
*** HOLE CARDS ***
Dealt to Dorex2007 [4h 9d]
shtshot250: calls $0.05
fernandol2x: raises $0.15 to $0.20
loldogs: folds 
Dorex2007: folds 
RosemontTony: folds 
nvhnam: folds 
willdadood: folds 
mullski326: folds 
shtshot250: calls $0.15
*** FLOP *** [7h 6h Qs]
shtshot250: checks 
fernandol2x: bets $0.23
shtshot250: calls $0.23
*** TURN *** [7h 6h Qs] [Qh]
shtshot250: checks 
fernandol2x: bets $0.67
shtshot250: folds 
Uncalled bet ($0.67) returned to fernandol2x
fernandol2x collected $0.89 from pot
*** SUMMARY ***
Total pot $0.93 | Rake $0.04 
Board [7h 6h Qs Qh]
Seat 1: loldogs folded before Flop (didn't bet)
Seat 3: Dorex2007 folded before Flop (didn't bet)
Seat 4: RosemontTony folded before Flop (didn't bet)
Seat 5: nvhnam (button) folded before Flop (didn't bet)
Seat 6: willdadood (small blind) folded before Flop
Seat 7: mullski326 (big blind) folded before Flop
Seat 8: shtshot250 folded on the Turn
Seat 9: fernandol2x collected ($0.89)



PokerStars Hand #237523892066:  Hold'em No Limit ($0.02/$0.05 USD) - 2022/07/22 16:25:04 PT [2022/07/22 19:25:04 ET]
Table 'Utopia' 9-max Seat #6 is the button
Seat 1: loldogs ($5.89 in chips) 
Seat 3: Dorex2007 ($6.65 in chips) 
Seat 4: RosemontTony ($5.64 in chips) 
Seat 5: nvhnam ($7.36 in chips) 
Seat 6: willdadood ($7.98 in chips) 
Seat 7: mullski326 ($18 in chips) 
Seat 8: shtshot250 ($2.73 in chips) 
Seat 9: fernandol2x ($5.46 in chips) 
mullski326: posts small blind $0.02
shtshot250: posts big blind $0.05
PauloCesarH: sits out 
*** HOLE CARDS ***
Dealt to Dorex2007 [Kd Th]
fernandol2x: folds 
loldogs: folds 
Dorex2007: raises $0.10 to $0.15
RosemontTony: folds 
nvhnam: calls $0.15
willdadood: folds 
mullski326: folds 
shtshot250: calls $0.10
*** FLOP *** [Qc 4s Ad]
shtshot250: checks 
Dorex2007: bets $0.22
nvhnam: calls $0.22
shtshot250: calls $0.22
*** TURN *** [Qc 4s Ad] [8c]
shtshot250: checks 
Dorex2007: checks 
nvhnam: checks 
*** RIVER *** [Qc 4s Ad 8c] [5d]
shtshot250: checks 
Dorex2007: bets $0.25
nvhnam: folds 
shtshot250: folds 
Uncalled bet ($0.25) returned to Dorex2007
Dorex2007 collected $1.08 from pot
*** SUMMARY ***
Total pot $1.13 | Rake $0.05 
Board [Qc 4s Ad 8c 5d]
Seat 1: loldogs folded before Flop (didn't bet)
Seat 3: Dorex2007 collected ($1.08)
Seat 4: RosemontTony folded before Flop (didn't bet)
Seat 5: nvhnam folded on the River
Seat 6: willdadood (button) folded before Flop (didn't bet)
Seat 7: mullski326 (small blind) folded before Flop
Seat 8: shtshot250 (big blind) folded on the River
Seat 9: fernandol2x folded before Flop (didn't bet)



PokerStars Hand #237523908895:  Hold'em No Limit ($0.02/$0.05 USD) - 2022/07/22 16:26:03 PT [2022/07/22 19:26:03 ET]
Table 'Utopia' 9-max Seat #7 is the button
Seat 1: loldogs ($5.89 in chips) 
Seat 3: Dorex2007 ($7.36 in chips) 
Seat 4: RosemontTony ($5.64 in chips) 
Seat 5: nvhnam ($6.99 in chips) 
Seat 6: willdadood ($7.98 in chips) 
Seat 7: mullski326 ($17.98 in chips) 
Seat 8: shtshot250 ($2.36 in chips) 
Seat 9: fernandol2x ($5.46 in chips) 
shtshot250: posts small blind $0.02
fernandol2x: posts big blind $0.05
PauloCesarH: sits out 
*** HOLE CARDS ***
Dealt to Dorex2007 [Th 2c]
loldogs: raises $0.10 to $0.15
Dorex2007: folds 
RosemontTony: folds 
nvhnam: calls $0.15
willdadood: folds 
mullski326: folds 
shtshot250: calls $0.13
fernandol2x: folds 
*** FLOP *** [4c 9s 4h]
shtshot250: checks 
loldogs: checks 
nvhnam: checks 
*** TURN *** [4c 9s 4h] [3d]
shtshot250: checks 
loldogs: checks 
nvhnam: checks 
*** RIVER *** [4c 9s 4h 3d] [Jd]
shtshot250: checks 
loldogs: bets $0.25
nvhnam: calls $0.25
shtshot250: folds 
*** SHOW DOWN ***
loldogs: shows [Jh Ks] (two pair, Jacks and Fours)
nvhnam: mucks hand 
loldogs collected $0.96 from pot
*** SUMMARY ***
Total pot $1 | Rake $0.04 
Board [4c 9s 4h 3d Jd]
Seat 1: loldogs showed [Jh Ks] and won ($0.96) with two pair, Jacks and Fours
Seat 3: Dorex2007 folded before Flop (didn't bet)
Seat 4: RosemontTony folded before Flop (didn't bet)
Seat 5: nvhnam mucked [Qh Ac]
Seat 6: willdadood folded before Flop (didn't bet)
Seat 7: mullski326 (button) folded before Flop (didn't bet)
Seat 8: shtshot250 (small blind) folded on the River
Seat 9: fernandol2x (big blind) folded before Flop



PokerStars Hand #237523923323:  Hold'em No Limit ($0.02/$0.05 USD) - 2022/07/22 16:26:55 PT [2022/07/22 19:26:55 ET]
Table 'Utopia' 9-max Seat #8 is the button
Seat 2: PauloCesarH ($5 in chips) 
Seat 3: Dorex2007 ($7.36 in chips) 
Seat 4: RosemontTony ($5.64 in chips) 
Seat 5: nvhnam ($6.59 in chips) 
Seat 6: willdadood ($7.98 in chips) 
Seat 7: mullski326 ($17.98 in chips) 
Seat 8: shtshot250 ($2.21 in chips) 
Seat 9: fernandol2x ($5.41 in chips) 
fernandol2x: posts small blind $0.02
loldogs: is sitting out 
PauloCesarH: posts big blind $0.05
*** HOLE CARDS ***
Dealt to Dorex2007 [8h 4h]
Dorex2007: folds 
RosemontTony: folds 
nvhnam: folds 
willdadood: folds 
mullski326: folds 
shtshot250: folds 
loldogs leaves the table
fernandol2x: raises $0.10 to $0.15
PauloCesarH: calls $0.10
*** FLOP *** [9c 8s 9s]
fernandol2x: checks 
PauloCesarH: checks 
*** TURN *** [9c 8s 9s] [3s]
fernandol2x: bets $0.22
PauloCesarH: folds 
Uncalled bet ($0.22) returned to fernandol2x
fernandol2x collected $0.29 from pot
*** SUMMARY ***
Total pot $0.30 | Rake $0.01 
Board [9c 8s 9s 3s]
Seat 2: PauloCesarH (big blind) folded on the Turn
Seat 3: Dorex2007 folded before Flop (didn't bet)
Seat 4: RosemontTony folded before Flop (didn't bet)
Seat 5: nvhnam folded before Flop (didn't bet)
Seat 6: willdadood folded before Flop (didn't bet)
Seat 7: mullski326 folded before Flop (didn't bet)
Seat 8: shtshot250 (button) folded before Flop (didn't bet)
Seat 9: fernandol2x (small blind) collected ($0.29)



PokerStars Hand #237523932080:  Hold'em No Limit ($0.02/$0.05 USD) - 2022/07/22 16:27:27 PT [2022/07/22 19:27:27 ET]
Table 'Utopia' 9-max Seat #9 is the button
Seat 2: PauloCesarH ($4.85 in chips) 
Seat 3: Dorex2007 ($7.36 in chips) 
Seat 4: RosemontTony ($5.64 in chips) 
Seat 5: nvhnam ($6.59 in chips) 
Seat 6: willdadood ($7.98 in chips) 
Seat 7: mullski326 ($17.98 in chips) 
Seat 8: shtshot250 ($2.21 in chips) 
Seat 9: fernandol2x ($5.55 in chips) 
PauloCesarH: posts small blind $0.02
Dorex2007: posts big blind $0.05
*** HOLE CARDS ***
Dealt to Dorex2007 [7d 3h]
RosemontTony: folds 
nvhnam: folds 
willdadood: folds 
mullski326: calls $0.05
shtshot250: raises $0.17 to $0.22
fernandol2x: folds 
PauloCesarH: folds 
Dorex2007: folds 
mullski326: calls $0.17
*** FLOP *** [5s As 8h]
mullski326: checks 
shtshot250: checks 
*** TURN *** [5s As 8h] [Js]
mullski326: bets $0.05
shtshot250: calls $0.05
*** RIVER *** [5s As 8h Js] [6c]
mullski326: bets $0.29
shtshot250: folds 
Uncalled bet ($0.29) returned to mullski326
mullski326 collected $0.58 from pot
*** SUMMARY ***
Total pot $0.61 | Rake $0.03 
Board [5s As 8h Js 6c]
Seat 2: PauloCesarH (small blind) folded before Flop
Seat 3: Dorex2007 (big blind) folded before Flop
Seat 4: RosemontTony folded before Flop (didn't bet)
Seat 5: nvhnam folded before Flop (didn't bet)
Seat 6: willdadood folded before Flop (didn't bet)
Seat 7: mullski326 collected ($0.58)
Seat 8: shtshot250 folded on the River
Seat 9: fernandol2x (button) folded before Flop (didn't bet)



PokerStars Hand #237523946189:  Hold'em No Limit ($0.02/$0.05 USD) - 2022/07/22 16:28:17 PT [2022/07/22 19:28:17 ET]
Table 'Utopia' 9-max Seat #2 is the button
Seat 2: PauloCesarH ($4.83 in chips) 
Seat 3: Dorex2007 ($7.31 in chips) 
Seat 4: RosemontTony ($5.64 in chips) 
Seat 5: nvhnam ($6.59 in chips) 
Seat 6: willdadood ($7.98 in chips) 
Seat 7: mullski326 ($18.29 in chips) 
Seat 8: shtshot250 ($1.94 in chips) 
Seat 9: fernandol2x ($5.55 in chips) 
Dorex2007: posts small blind $0.02
RosemontTony: posts big blind $0.05
*** HOLE CARDS ***
Dealt to Dorex2007 [Kh 9h]
nvhnam: folds 
Thomas150175 joins the table at seat #1 
willdadood: raises $0.10 to $0.15
mullski326: folds 
shtshot250: calls $0.15
fernandol2x: folds 
PauloCesarH: folds 
Dorex2007: folds 
RosemontTony: folds 
*** FLOP *** [Qc Tc Jc]
willdadood: checks 
shtshot250: checks 
*** TURN *** [Qc Tc Jc] [Ac]
willdadood: checks 
shtshot250: checks 
*** RIVER *** [Qc Tc Jc Ac] [6c]
willdadood: checks 
shtshot250: checks 
*** SHOW DOWN ***
willdadood: shows [Kd Ks] (a flush, Ace high)
shtshot250: shows [5s 3s] (a flush, Ace high)
willdadood collected $0.18 from pot
shtshot250 collected $0.17 from pot
*** SUMMARY ***
Total pot $0.37 | Rake $0.02 
Board [Qc Tc Jc Ac 6c]
Seat 2: PauloCesarH (button) folded before Flop (didn't bet)
Seat 3: Dorex2007 (small blind) folded before Flop
Seat 4: RosemontTony (big blind) folded before Flop
Seat 5: nvhnam folded before Flop (didn't bet)
Seat 6: willdadood showed [Kd Ks] and won ($0.18) with a flush, Ace high
Seat 7: mullski326 folded before Flop (didn't bet)
Seat 8: shtshot250 showed [5s 3s] and won ($0.17) with a flush, Ace high
Seat 9: fernandol2x folded before Flop (didn't bet)



PokerStars Hand #237523958193:  Hold'em No Limit ($0.02/$0.05 USD) - 2022/07/22 16:29:00 PT [2022/07/22 19:29:00 ET]
Table 'Utopia' 9-max Seat #3 is the button
Seat 3: Dorex2007 ($7.29 in chips) 
Seat 4: RosemontTony ($5.59 in chips) 
Seat 5: nvhnam ($6.59 in chips) 
Seat 6: willdadood ($8.01 in chips) 
Seat 7: mullski326 ($18.29 in chips) 
Seat 8: shtshot250 ($1.96 in chips) 
Seat 9: fernandol2x ($5.55 in chips) 
RosemontTony: posts small blind $0.02
nvhnam: posts big blind $0.05
Thomas150175: sits out 
*** HOLE CARDS ***
Dealt to Dorex2007 [8c 3d]
willdadood: raises $0.10 to $0.15
mullski326: folds 
shtshot250: folds 
fernandol2x: folds 
Dorex2007: folds 
RosemontTony: folds 
nvhnam: calls $0.10
*** FLOP *** [2h 7s 8s]
Thomas150175 leaves the table
nvhnam: checks 
willdadood: bets $0.20
nvhnam: calls $0.20
*** TURN *** [2h 7s 8s] [Ts]
nvhnam: checks 
willdadood: checks 
*** RIVER *** [2h 7s 8s Ts] [Ac]
nvhnam: checks 
willdadood: checks 
*** SHOW DOWN ***
nvhnam: shows [Ah 7h] (two pair, Aces and Sevens)
willdadood: mucks hand 
nvhnam collected $0.69 from pot
*** SUMMARY ***
Total pot $0.72 | Rake $0.03 
Board [2h 7s 8s Ts Ac]
Seat 3: Dorex2007 (button) folded before Flop (didn't bet)
Seat 4: RosemontTony (small blind) folded before Flop
Seat 5: nvhnam (big blind) showed [Ah 7h] and won ($0.69) with two pair, Aces and Sevens
Seat 6: willdadood mucked [9d 9c]
Seat 7: mullski326 folded before Flop (didn't bet)
Seat 8: shtshot250 folded before Flop (didn't bet)
Seat 9: fernandol2x folded before Flop (didn't bet)



PokerStars Hand #237523968603:  Hold'em No Limit ($0.02/$0.05 USD) - 2022/07/22 16:29:38 PT [2022/07/22 19:29:38 ET]
Table 'Utopia' 9-max Seat #4 is the button
Seat 2: PauloCesarH ($4.83 in chips) 
Seat 3: Dorex2007 ($7.29 in chips) 
Seat 4: RosemontTony ($5.57 in chips) 
Seat 5: nvhnam ($6.93 in chips) 
Seat 6: willdadood ($7.66 in chips) 
Seat 7: mullski326 ($18.29 in chips) 
Seat 9: fernandol2x ($5.55 in chips) 
nvhnam: posts small blind $0.02
willdadood: posts big blind $0.05
*** HOLE CARDS ***
Dealt to Dorex2007 [Qd 4s]
mullski326: calls $0.05
fernandol2x: folds 
PauloCesarH: folds 
Dorex2007: folds 
RosemontTony: folds 
nvhnam: folds 
willdadood: checks 
*** FLOP *** [6s 4c 7c]
willdadood: checks 
mullski326: bets $0.12
willdadood: folds 
Uncalled bet ($0.12) returned to mullski326
mullski326 collected $0.12 from pot
*** SUMMARY ***
Total pot $0.12 | Rake $0 
Board [6s 4c 7c]
Seat 2: PauloCesarH folded before Flop (didn't bet)
Seat 3: Dorex2007 folded before Flop (didn't bet)
Seat 4: RosemontTony (button) folded before Flop (didn't bet)
Seat 5: nvhnam (small blind) folded before Flop
Seat 6: willdadood (big blind) folded on the Flop
Seat 7: mullski326 collected ($0.12)
Seat 9: fernandol2x folded before Flop (didn't bet)



PokerStars Hand #237523976180:  Hold'em No Limit ($0.02/$0.05 USD) - 2022/07/22 16:30:06 PT [2022/07/22 19:30:06 ET]
Table 'Utopia' 9-max Seat #5 is the button
Seat 2: PauloCesarH ($4.83 in chips) 
Seat 3: Dorex2007 ($7.29 in chips) 
Seat 4: RosemontTony ($5.57 in chips) 
Seat 5: nvhnam ($6.91 in chips) 
Seat 6: willdadood ($7.61 in chips) 
Seat 7: mullski326 ($18.36 in chips) 
Seat 9: fernandol2x ($5.55 in chips) 
willdadood: posts small blind $0.02
mullski326: posts big blind $0.05
*** HOLE CARDS ***
Dealt to Dorex2007 [Ks Ts]
fernandol2x: folds 
PauloCesarH: folds 
Dorex2007: raises $0.15 to $0.20
RosemontTony: folds 
nvhnam: folds 
willdadood: folds 
DOUCHCANO373 joins the table at seat #1 
mullski326: folds 
Uncalled bet ($0.15) returned to Dorex2007
Dorex2007 collected $0.12 from pot
*** SUMMARY ***
Total pot $0.12 | Rake $0 
Seat 2: PauloCesarH folded before Flop (didn't bet)
Seat 3: Dorex2007 collected ($0.12)
Seat 4: RosemontTony folded before Flop (didn't bet)
Seat 5: nvhnam (button) folded before Flop (didn't bet)
Seat 6: willdadood (small blind) folded before Flop
Seat 7: mullski326 (big blind) folded before Flop
Seat 9: fernandol2x folded before Flop (didn't bet)



PokerStars Hand #237523988803:  Hold'em No Limit ($0.02/$0.05 USD) - 2022/07/22 16:30:50 PT [2022/07/22 19:30:50 ET]
Table 'Utopia' 9-max Seat #6 is the button
Seat 2: PauloCesarH ($4.83 in chips) 
Seat 3: Dorex2007 ($7.36 in chips) 
Seat 4: RosemontTony ($5.57 in chips) 
Seat 5: nvhnam ($6.91 in chips) 
Seat 6: willdadood ($7.59 in chips) 
Seat 7: mullski326 ($18.31 in chips) 
Seat 9: fernandol2x ($5.55 in chips) 
mullski326: posts small blind $0.02
fernandol2x: posts big blind $0.05
DOUCHCANO373: sits out 
*** HOLE CARDS ***
Dealt to Dorex2007 [6c 2s]
PauloCesarH: raises $0.10 to $0.15
Dorex2007: folds 
RosemontTony: folds 
nvhnam: folds 
willdadood: folds 
mullski326: folds 
fernandol2x: folds 
Uncalled bet ($0.10) returned to PauloCesarH
PauloCesarH collected $0.12 from pot
*** SUMMARY ***
Total pot $0.12 | Rake $0 
Seat 2: PauloCesarH collected ($0.12)
Seat 3: Dorex2007 folded before Flop (didn't bet)
Seat 4: RosemontTony folded before Flop (didn't bet)
Seat 5: nvhnam folded before Flop (didn't bet)
Seat 6: willdadood (button) folded before Flop (didn't bet)
Seat 7: mullski326 (small blind) folded before Flop
Seat 9: fernandol2x (big blind) folded before Flop



PokerStars Hand #237523994027:  Hold'em No Limit ($0.02/$0.05 USD) - 2022/07/22 16:31:09 PT [2022/07/22 19:31:09 ET]
Table 'Utopia' 9-max Seat #7 is the button
Seat 1: DOUCHCANO373 ($5 in chips) 
Seat 2: PauloCesarH ($4.90 in chips) 
Seat 3: Dorex2007 ($7.36 in chips) 
Seat 4: RosemontTony ($5.57 in chips) 
Seat 5: nvhnam ($6.91 in chips) 
Seat 6: willdadood ($7.59 in chips) 
Seat 7: mullski326 ($18.29 in chips) 
Seat 9: fernandol2x ($5.50 in chips) 
fernandol2x: posts small blind $0.02
DOUCHCANO373: posts big blind $0.05
*** HOLE CARDS ***
Dealt to Dorex2007 [5c Jc]
PauloCesarH: folds 
Dorex2007: folds 
RosemontTony: folds 
nvhnam: folds 
willdadood: folds 
mullski326: folds 
fernandol2x: raises $0.10 to $0.15
DOUCHCANO373: calls $0.10
*** FLOP *** [3s 9s 5d]
fernandol2x: checks 
DOUCHCANO373: checks 
*** TURN *** [3s 9s 5d] [9c]
fernandol2x: bets $0.22
DOUCHCANO373: folds 
Uncalled bet ($0.22) returned to fernandol2x
fernandol2x collected $0.29 from pot
*** SUMMARY ***
Total pot $0.30 | Rake $0.01 
Board [3s 9s 5d 9c]
Seat 1: DOUCHCANO373 (big blind) folded on the Turn
Seat 2: PauloCesarH folded before Flop (didn't bet)
Seat 3: Dorex2007 folded before Flop (didn't bet)
Seat 4: RosemontTony folded before Flop (didn't bet)
Seat 5: nvhnam folded before Flop (didn't bet)
Seat 6: willdadood folded before Flop (didn't bet)
Seat 7: mullski326 (button) folded before Flop (didn't bet)
Seat 9: fernandol2x (small blind) collected ($0.29)



PokerStars Hand #237524007649:  Hold'em No Limit ($0.02/$0.05 USD) - 2022/07/22 16:31:58 PT [2022/07/22 19:31:58 ET]
Table 'Utopia' 9-max Seat #9 is the button
Seat 1: DOUCHCANO373 ($4.85 in chips) 
Seat 2: PauloCesarH ($4.90 in chips) 
Seat 3: Dorex2007 ($7.36 in chips) 
Seat 4: RosemontTony ($5.57 in chips) 
Seat 5: nvhnam ($6.91 in chips) 
Seat 6: willdadood ($7.59 in chips) 
Seat 7: mullski326 ($18.29 in chips) 
Seat 9: fernandol2x ($5.64 in chips) 
DOUCHCANO373: posts small blind $0.02
PauloCesarH: posts big blind $0.05
*** HOLE CARDS ***
Dealt to Dorex2007 [3d 5s]
Dorex2007: folds 
RosemontTony: folds 
nvhnam: folds 
willdadood: folds 
mullski326: folds 
fernandol2x: folds 
DOUCHCANO373: calls $0.03
PauloCesarH: checks 
*** FLOP *** [Qd Jd 8d]
DOUCHCANO373: checks 
PauloCesarH: checks 
*** TURN *** [Qd Jd 8d] [Td]
DOUCHCANO373: bets $0.05
PauloCesarH: folds 
Uncalled bet ($0.05) returned to DOUCHCANO373
DOUCHCANO373 collected $0.10 from pot
*** SUMMARY ***
Total pot $0.10 | Rake $0 
Board [Qd Jd 8d Td]
Seat 1: DOUCHCANO373 (small blind) collected ($0.10)
Seat 2: PauloCesarH (big blind) folded on the Turn
Seat 3: Dorex2007 folded before Flop (didn't bet)
Seat 4: RosemontTony folded before Flop (didn't bet)
Seat 5: nvhnam folded before Flop (didn't bet)
Seat 6: willdadood folded before Flop (didn't bet)
Seat 7: mullski326 folded before Flop (didn't bet)
Seat 9: fernandol2x (button) folded before Flop (didn't bet)



PokerStars Hand #237524020020:  Hold'em No Limit ($0.02/$0.05 USD) - 2022/07/22 16:32:43 PT [2022/07/22 19:32:43 ET]
Table 'Utopia' 9-max Seat #1 is the button
Seat 1: DOUCHCANO373 ($4.90 in chips) 
Seat 2: PauloCesarH ($4.85 in chips) 
Seat 3: Dorex2007 ($7.36 in chips) 
Seat 4: RosemontTony ($5.57 in chips) 
Seat 5: nvhnam ($6.91 in chips) 
Seat 6: willdadood ($7.59 in chips) 
Seat 7: mullski326 ($18.29 in chips) 
Seat 9: fernandol2x ($5.64 in chips) 
PauloCesarH: posts small blind $0.02
Dorex2007: posts big blind $0.05
*** HOLE CARDS ***
Dealt to Dorex2007 [Kc 6d]
RosemontTony: raises $0.10 to $0.15
nvhnam: folds 
willdadood: folds 
mullski326: calls $0.15
fernandol2x: folds 
DOUCHCANO373: raises $0.10 to $0.25
PauloCesarH: folds 
Dorex2007: folds 
RosemontTony: calls $0.10
mullski326: calls $0.10
*** FLOP *** [4d Qd 8s]
RosemontTony: bets $0.79
mullski326: folds 
DOUCHCANO373: calls $0.79
*** TURN *** [4d Qd 8s] [Ah]
RosemontTony: bets $2.30
DOUCHCANO373: calls $2.30
*** RIVER *** [4d Qd 8s Ah] [6h]
RosemontTony: bets $2.23 and is all-in
DOUCHCANO373: calls $1.56 and is all-in
Uncalled bet ($0.67) returned to RosemontTony
*** SHOW DOWN ***
RosemontTony: shows [Qs Ac] (two pair, Aces and Queens)
DOUCHCANO373: shows [Kh Qh] (a pair of Queens)
RosemontTony collected $9.70 from pot
*** SUMMARY ***
Total pot $10.12 | Rake $0.42 
Board [4d Qd 8s Ah 6h]
Seat 1: DOUCHCANO373 (button) showed [Kh Qh] and lost with a pair of Queens
Seat 2: PauloCesarH (small blind) folded before Flop
Seat 3: Dorex2007 (big blind) folded before Flop
Seat 4: RosemontTony showed [Qs Ac] and won ($9.70) with two pair, Aces and Queens
Seat 5: nvhnam folded before Flop (didn't bet)
Seat 6: willdadood folded before Flop (didn't bet)
Seat 7: mullski326 folded on the Flop
Seat 9: fernandol2x folded before Flop (didn't bet)



PokerStars Hand #237524051966:  Hold'em No Limit ($0.02/$0.05 USD) - 2022/07/22 16:34:07 PT [2022/07/22 19:34:07 ET]
Table 'Utopia' 9-max Seat #2 is the button
Seat 2: PauloCesarH ($4.83 in chips) 
Seat 3: Dorex2007 ($7.31 in chips) 
Seat 4: RosemontTony ($10.37 in chips) 
Seat 5: nvhnam ($6.91 in chips) 
Seat 6: willdadood ($7.59 in chips) 
Seat 7: mullski326 ($18.04 in chips) 
Seat 9: fernandol2x ($5.64 in chips) 
Dorex2007: posts small blind $0.02
RosemontTony: posts big blind $0.05
*** HOLE CARDS ***
Dealt to Dorex2007 [Kc 3s]
nvhnam: raises $0.10 to $0.15
DOUCHCANO373 leaves the table
willdadood: folds 
mullski326: folds 
fernandol2x: calls $0.15
PauloCesarH: calls $0.15
Dorex2007: folds 
RosemontTony: calls $0.10
*** FLOP *** [7h 5h Jd]
RosemontTony: checks 
nvhnam: checks 
fernandol2x: checks 
PauloCesarH: checks 
*** TURN *** [7h 5h Jd] [9d]
RosemontTony: bets $0.15
nvhnam: folds 
fernandol2x: calls $0.15
PauloCesarH: folds 
*** RIVER *** [7h 5h Jd 9d] [Ah]
RosemontTony: checks 
fernandol2x: checks 
*** SHOW DOWN ***
RosemontTony: shows [2h 2s] (a pair of Deuces)
fernandol2x: shows [Td Th] (a pair of Tens)
fernandol2x collected $0.88 from pot
*** SUMMARY ***
Total pot $0.92 | Rake $0.04 
Board [7h 5h Jd 9d Ah]
Seat 2: PauloCesarH (button) folded on the Turn
Seat 3: Dorex2007 (small blind) folded before Flop
Seat 4: RosemontTony (big blind) showed [2h 2s] and lost with a pair of Deuces
Seat 5: nvhnam folded on the Turn
Seat 6: willdadood folded before Flop (didn't bet)
Seat 7: mullski326 folded before Flop (didn't bet)
Seat 9: fernandol2x showed [Td Th] and won ($0.88) with a pair of Tens



PokerStars Hand #237524075128:  Hold'em No Limit ($0.02/$0.05 USD) - 2022/07/22 16:35:32 PT [2022/07/22 19:35:32 ET]
Table 'Utopia' 9-max Seat #3 is the button
Seat 2: PauloCesarH ($4.68 in chips) 
Seat 3: Dorex2007 ($7.29 in chips) 
Seat 4: RosemontTony ($10.07 in chips) 
Seat 5: nvhnam ($6.76 in chips) 
Seat 6: willdadood ($7.59 in chips) 
Seat 7: mullski326 ($18.04 in chips) 
Seat 9: fernandol2x ($6.22 in chips) 
RosemontTony: posts small blind $0.02
nvhnam: posts big blind $0.05
shtshot250: sits out 
*** HOLE CARDS ***
Dealt to Dorex2007 [Th 3d]
willdadood: folds 
mullski326: folds 
fernandol2x: folds 
PauloCesarH: folds 
Dorex2007: folds 
RosemontTony: folds 
Uncalled bet ($0.03) returned to nvhnam
nvhnam collected $0.04 from pot
*** SUMMARY ***
Total pot $0.04 | Rake $0 
Seat 2: PauloCesarH folded before Flop (didn't bet)
Seat 3: Dorex2007 (button) folded before Flop (didn't bet)
Seat 4: RosemontTony (small blind) folded before Flop
Seat 5: nvhnam (big blind) collected ($0.04)
Seat 6: willdadood folded before Flop (didn't bet)
Seat 7: mullski326 folded before Flop (didn't bet)
Seat 9: fernandol2x folded before Flop (didn't bet)



PokerStars Hand #237524080657:  Hold'em No Limit ($0.02/$0.05 USD) - 2022/07/22 16:35:52 PT [2022/07/22 19:35:52 ET]
Table 'Utopia' 9-max Seat #4 is the button
Seat 2: PauloCesarH ($4.68 in chips) 
Seat 3: Dorex2007 ($7.29 in chips) 
Seat 4: RosemontTony ($10.05 in chips) 
Seat 5: nvhnam ($6.78 in chips) 
Seat 6: willdadood ($7.59 in chips) 
Seat 7: mullski326 ($18.04 in chips) 
Seat 9: fernandol2x ($6.22 in chips) 
nvhnam: posts small blind $0.02
willdadood: posts big blind $0.05
shtshot250: sits out 
*** HOLE CARDS ***
Dealt to Dorex2007 [4h 6h]
mullski326: folds 
fernandol2x: folds 
PauloCesarH: raises $0.10 to $0.15
Dorex2007: folds 
RosemontTony: folds 
nvhnam: folds 
willdadood: folds 
Uncalled bet ($0.10) returned to PauloCesarH
PauloCesarH collected $0.12 from pot
*** SUMMARY ***
Total pot $0.12 | Rake $0 
Seat 2: PauloCesarH collected ($0.12)
Seat 3: Dorex2007 folded before Flop (didn't bet)
Seat 4: RosemontTony (button) folded before Flop (didn't bet)
Seat 5: nvhnam (small blind) folded before Flop
Seat 6: willdadood (big blind) folded before Flop
Seat 7: mullski326 folded before Flop (didn't bet)
Seat 9: fernandol2x folded before Flop (didn't bet)



PokerStars Hand #237524086560:  Hold'em No Limit ($0.02/$0.05 USD) - 2022/07/22 16:36:14 PT [2022/07/22 19:36:14 ET]
Table 'Utopia' 9-max Seat #5 is the button
Seat 2: PauloCesarH ($4.75 in chips) 
Seat 3: Dorex2007 ($7.29 in chips) 
Seat 4: RosemontTony ($10.05 in chips) 
Seat 5: nvhnam ($6.76 in chips) 
Seat 6: willdadood ($7.54 in chips) 
Seat 7: mullski326 ($18.04 in chips) 
Seat 9: fernandol2x ($6.22 in chips) 
willdadood: posts small blind $0.02
mullski326: posts big blind $0.05
shtshot250: sits out 
*** HOLE CARDS ***
Dealt to Dorex2007 [7h 4h]
fernandol2x: folds 
PauloCesarH: folds 
PauloCesarH leaves the table
Dorex2007: folds 
RosemontTony: folds 
nvhnam: folds 
willdadood: raises $0.10 to $0.15
mullski326: raises $0.30 to $0.45
willdadood: folds 
Uncalled bet ($0.30) returned to mullski326
mullski326 collected $0.30 from pot
*** SUMMARY ***
Total pot $0.30 | Rake $0 
Seat 2: PauloCesarH folded before Flop (didn't bet)
Seat 3: Dorex2007 folded before Flop (didn't bet)
Seat 4: RosemontTony folded before Flop (didn't bet)
Seat 5: nvhnam (button) folded before Flop (didn't bet)
Seat 6: willdadood (small blind) folded before Flop
Seat 7: mullski326 (big blind) collected ($0.30)
Seat 9: fernandol2x folded before Flop (didn't bet)



PokerStars Hand #237524095657:  Hold'em No Limit ($0.02/$0.05 USD) - 2022/07/22 16:36:47 PT [2022/07/22 19:36:47 ET]
Table 'Utopia' 9-max Seat #6 is the button
Seat 3: Dorex2007 ($7.29 in chips) 
Seat 4: RosemontTony ($10.05 in chips) 
Seat 5: nvhnam ($6.76 in chips) 
Seat 6: willdadood ($7.39 in chips) 
Seat 7: mullski326 ($18.19 in chips) 
Seat 8: shtshot250 ($1.96 in chips) 
Seat 9: fernandol2x ($6.22 in chips) 
mullski326: posts small blind $0.02
shtshot250: posts big blind $0.05
*** HOLE CARDS ***
Dealt to Dorex2007 [As Jh]
fernandol2x: folds 
Robinbp777 joins the table at seat #2 
Dorex2007: raises $0.05 to $0.10
RosemontTony: folds 
nvhnam: folds 
willdadood: folds 
fernandol2x leaves the table
mullski326: calls $0.08
shtshot250: folds 
*** FLOP *** [Kh Ts 8s]
mullski326: checks 
C00LstoryBR0 joins the table at seat #9 
Dorex2007: checks 
*** TURN *** [Kh Ts 8s] [7s]
mullski326: checks 
Dorex2007: bets $0.12
mullski326: folds 
Uncalled bet ($0.12) returned to Dorex2007
Dorex2007 collected $0.24 from pot
*** SUMMARY ***
Total pot $0.25 | Rake $0.01 
Board [Kh Ts 8s 7s]
Seat 3: Dorex2007 collected ($0.24)
Seat 4: RosemontTony folded before Flop (didn't bet)
Seat 5: nvhnam folded before Flop (didn't bet)
Seat 6: willdadood (button) folded before Flop (didn't bet)
Seat 7: mullski326 (small blind) folded on the Turn
Seat 8: shtshot250 (big blind) folded before Flop
Seat 9: fernandol2x folded before Flop (didn't bet)



PokerStars Hand #237524109804:  Hold'em No Limit ($0.02/$0.05 USD) - 2022/07/22 16:37:40 PT [2022/07/22 19:37:40 ET]
Table 'Utopia' 9-max Seat #7 is the button
Seat 3: Dorex2007 ($7.43 in chips) 
Seat 4: RosemontTony ($10.05 in chips) 
Seat 5: nvhnam ($6.76 in chips) 
Seat 6: willdadood ($7.39 in chips) 
Seat 7: mullski326 ($18.09 in chips) 
Seat 8: shtshot250 ($1.91 in chips) 
Seat 9: C00LstoryBR0 ($5 in chips) 
shtshot250: posts small blind $0.02
C00LstoryBR0: posts big blind $0.05
Robinbp777: sits out 
*** HOLE CARDS ***
Dealt to Dorex2007 [5s 5h]
Dorex2007: folds 
RosemontTony: folds 
nvhnam: raises $0.10 to $0.15
willdadood: folds 
mullski326: raises $0.37 to $0.52
shtshot250: folds 
C00LstoryBR0: folds 
nvhnam: calls $0.37
*** FLOP *** [Tc 3d 6c]
nvhnam: checks 
mullski326: bets $0.53
nvhnam: calls $0.53
*** TURN *** [Tc 3d 6c] [7h]
nvhnam: checks 
mullski326: bets $17.04 and is all-in
nvhnam: calls $5.71 and is all-in
Uncalled bet ($11.33) returned to mullski326
*** RIVER *** [Tc 3d 6c 7h] [Jh]
*** SHOW DOWN ***
nvhnam: shows [Ac Ah] (a pair of Aces)
mullski326: shows [Qs Qc] (a pair of Queens)
nvhnam collected $13.03 from pot
*** SUMMARY ***
Total pot $13.59 | Rake $0.56 
Board [Tc 3d 6c 7h Jh]
Seat 3: Dorex2007 folded before Flop (didn't bet)
Seat 4: RosemontTony folded before Flop (didn't bet)
Seat 5: nvhnam showed [Ac Ah] and won ($13.03) with a pair of Aces
Seat 6: willdadood folded before Flop (didn't bet)
Seat 7: mullski326 (button) showed [Qs Qc] and lost with a pair of Queens
Seat 8: shtshot250 (small blind) folded before Flop
Seat 9: C00LstoryBR0 (big blind) folded before Flop



PokerStars Hand #237524125092:  Hold'em No Limit ($0.02/$0.05 USD) - 2022/07/22 16:38:37 PT [2022/07/22 19:38:37 ET]
Table 'Utopia' 9-max Seat #9 is the button
Seat 3: Dorex2007 ($7.43 in chips) 
Seat 4: RosemontTony ($10.05 in chips) 
Seat 5: nvhnam ($13.03 in chips) 
Seat 6: willdadood ($7.39 in chips) 
Seat 7: mullski326 ($11.33 in chips) 
Seat 9: C00LstoryBR0 ($4.95 in chips) 
Dorex2007: posts small blind $0.02
RosemontTony: posts big blind $0.05
*** HOLE CARDS ***
Dealt to Dorex2007 [8c 2h]
nvhnam: folds 
willdadood: folds 
willdadood leaves the table
mullski326: folds 
C00LstoryBR0: folds 
Dorex2007: folds 
Uncalled bet ($0.03) returned to RosemontTony
RosemontTony collected $0.04 from pot
*** SUMMARY ***
Total pot $0.04 | Rake $0 
Seat 3: Dorex2007 (small blind) folded before Flop
Seat 4: RosemontTony (big blind) collected ($0.04)
Seat 5: nvhnam folded before Flop (didn't bet)
Seat 6: willdadood folded before Flop (didn't bet)
Seat 7: mullski326 folded before Flop (didn't bet)
Seat 9: C00LstoryBR0 (button) folded before Flop (didn't bet)



PokerStars Hand #237524128440:  Hold'em No Limit ($0.02/$0.05 USD) - 2022/07/22 16:38:49 PT [2022/07/22 19:38:49 ET]
Table 'Utopia' 9-max Seat #3 is the button
Seat 3: Dorex2007 ($7.41 in chips) 
Seat 4: RosemontTony ($10.07 in chips) 
Seat 5: nvhnam ($13.03 in chips) 
Seat 7: mullski326 ($11.33 in chips) 
Seat 9: C00LstoryBR0 ($4.95 in chips) 
RosemontTony: posts small blind $0.02
nvhnam: posts big blind $0.05
Robinbp777: sits out 
*** HOLE CARDS ***
Dealt to Dorex2007 [8s Ac]
mullski326: folds 
C00LstoryBR0: folds 
Dorex2007: folds 
RosemontTony: folds 
Uncalled bet ($0.03) returned to nvhnam
nvhnam collected $0.04 from pot
*** SUMMARY ***
Total pot $0.04 | Rake $0 
Seat 3: Dorex2007 (button) folded before Flop (didn't bet)
Seat 4: RosemontTony (small blind) folded before Flop
Seat 5: nvhnam (big blind) collected ($0.04)
Seat 7: mullski326 folded before Flop (didn't bet)
Seat 9: C00LstoryBR0 folded before Flop (didn't bet)



PokerStars Hand #237524133034:  Hold'em No Limit ($0.02/$0.05 USD) - 2022/07/22 16:39:06 PT [2022/07/22 19:39:06 ET]
Table 'Utopia' 9-max Seat #4 is the button
Seat 3: Dorex2007 ($7.41 in chips) 
Seat 4: RosemontTony ($10.05 in chips) 
Seat 5: nvhnam ($13.05 in chips) 
Seat 7: mullski326 ($11.33 in chips) 
Seat 9: C00LstoryBR0 ($4.95 in chips) 
nvhnam: posts small blind $0.02
mullski326: posts big blind $0.05
Robinbp777: sits out 
*** HOLE CARDS ***
Dealt to Dorex2007 [3h Js]
C00LstoryBR0: raises $0.10 to $0.15
Dorex2007: folds 
RosemontTony: folds 
nvhnam: folds 
mullski326: folds 
Uncalled bet ($0.10) returned to C00LstoryBR0
C00LstoryBR0 collected $0.12 from pot
*** SUMMARY ***
Total pot $0.12 | Rake $0 
Seat 3: Dorex2007 folded before Flop (didn't bet)
Seat 4: RosemontTony (button) folded before Flop (didn't bet)
Seat 5: nvhnam (small blind) folded before Flop
Seat 7: mullski326 (big blind) folded before Flop
Seat 9: C00LstoryBR0 collected ($0.12)



PokerStars Hand #237524138190:  Hold'em No Limit ($0.02/$0.05 USD) - 2022/07/22 16:39:25 PT [2022/07/22 19:39:25 ET]
Table 'Utopia' 9-max Seat #5 is the button
Seat 3: Dorex2007 ($7.41 in chips) 
Seat 4: RosemontTony ($10.05 in chips) 
Seat 5: nvhnam ($13.03 in chips) 
Seat 7: mullski326 ($11.28 in chips) 
Seat 9: C00LstoryBR0 ($5.02 in chips) 
mullski326: posts small blind $0.02
C00LstoryBR0: posts big blind $0.05
Robinbp777: sits out 
*** HOLE CARDS ***
Dealt to Dorex2007 [6c Qd]
Dorex2007: folds 
RosemontTony: folds 
nvhnam: folds 
mullski326: calls $0.03
C00LstoryBR0: checks 
*** FLOP *** [As Qc Qh]
mullski326: checks 
C00LstoryBR0: checks 
*** TURN *** [As Qc Qh] [9c]
mullski326: bets $0.05
C00LstoryBR0: folds 
Uncalled bet ($0.05) returned to mullski326
mullski326 collected $0.10 from pot
*** SUMMARY ***
Total pot $0.10 | Rake $0 
Board [As Qc Qh 9c]
Seat 3: Dorex2007 folded before Flop (didn't bet)
Seat 4: RosemontTony folded before Flop (didn't bet)
Seat 5: nvhnam (button) folded before Flop (didn't bet)
Seat 7: mullski326 (small blind) collected ($0.10)
Seat 9: C00LstoryBR0 (big blind) folded on the Turn



PokerStars Hand #237524145341:  Hold'em No Limit ($0.02/$0.05 USD) - 2022/07/22 16:39:52 PT [2022/07/22 19:39:52 ET]
Table 'Utopia' 9-max Seat #7 is the button
Seat 2: Robinbp777 ($2 in chips) 
Seat 3: Dorex2007 ($7.41 in chips) 
Seat 4: RosemontTony ($10.05 in chips) 
Seat 5: nvhnam ($13.03 in chips) 
Seat 7: mullski326 ($11.33 in chips) 
Seat 9: C00LstoryBR0 ($4.97 in chips) 
C00LstoryBR0: posts small blind $0.02
Robinbp777: posts big blind $0.05
*** HOLE CARDS ***
Dealt to Dorex2007 [4d 3c]
Dorex2007: folds 
RosemontTony: folds 
nvhnam: folds 
mullski326: folds 
C00LstoryBR0: folds 
Uncalled bet ($0.03) returned to Robinbp777
Robinbp777 collected $0.04 from pot
*** SUMMARY ***
Total pot $0.04 | Rake $0 
Seat 2: Robinbp777 (big blind) collected ($0.04)
Seat 3: Dorex2007 folded before Flop (didn't bet)
Seat 4: RosemontTony folded before Flop (didn't bet)
Seat 5: nvhnam folded before Flop (didn't bet)
Seat 7: mullski326 (button) folded before Flop (didn't bet)
Seat 9: C00LstoryBR0 (small blind) folded before Flop



