PokerStars Hand #223630561629:  Hold'em No Limit ($0.01/$0.02 USD) - 2021/02/09 16:55:05 PT [2021/02/09 19:55:05 ET]
Table 'Camilla V' 9-max Seat #1 is the button
Seat 1: TeeSe9 ($2.26 in chips) 
Seat 2: Nitrous1337 ($2 in chips) 
Seat 3: Dorex2007 ($1.50 in chips) 
Seat 4: flacoboris ($2.28 in chips) 
Seat 5: MS45MS ($1.65 in chips) 
Seat 6: Laric007 ($2.29 in chips) 
Seat 7: mailomailo81 ($1.16 in chips) 
Seat 8: Darlo9 ($2.21 in chips) 
Seat 9: TrzymamKolo ($2.05 in chips) 
Nitrous1337: posts small blind $0.01
Dorex2007: posts big blind $0.02
*** HOLE CARDS ***
Dealt to Dorex2007 [Ac Jc]
flacoboris: folds 
MS45MS: calls $0.02
Laric007: folds 
mailomailo81: folds 
Darlo9: calls $0.02
TrzymamKolo: folds 
TeeSe9: folds 
Nitrous1337: folds 
Dorex2007: checks 
*** FLOP *** [Qh 6h 5c]
Dorex2007: checks 
MS45MS: checks 
Darlo9: checks 
*** TURN *** [Qh 6h 5c] [4s]
Dorex2007: bets $0.07
MS45MS: folds 
Darlo9: folds 
Uncalled bet ($0.07) returned to Dorex2007
Dorex2007 collected $0.07 from pot
Dorex2007: doesn't show hand 
*** SUMMARY ***
Total pot $0.07 | Rake $0 
Board [Qh 6h 5c 4s]
Seat 1: TeeSe9 (button) folded before Flop (didn't bet)
Seat 2: Nitrous1337 (small blind) folded before Flop
Seat 3: Dorex2007 (big blind) collected ($0.07)
Seat 4: flacoboris folded before Flop (didn't bet)
Seat 5: MS45MS folded on the Turn
Seat 6: Laric007 folded before Flop (didn't bet)
Seat 7: mailomailo81 folded before Flop (didn't bet)
Seat 8: Darlo9 folded on the Turn
Seat 9: TrzymamKolo folded before Flop (didn't bet)



PokerStars Hand #223630572553:  Hold'em No Limit ($0.01/$0.02 USD) - 2021/02/09 16:55:41 PT [2021/02/09 19:55:41 ET]
Table 'Camilla V' 9-max Seat #2 is the button
Seat 1: TeeSe9 ($2.26 in chips) 
Seat 2: Nitrous1337 ($1.99 in chips) 
Seat 3: Dorex2007 ($1.55 in chips) 
Seat 4: flacoboris ($2.28 in chips) 
Seat 5: MS45MS ($1.63 in chips) 
Seat 6: Laric007 ($2.29 in chips) 
Seat 7: mailomailo81 ($1.16 in chips) 
Seat 8: Darlo9 ($2.19 in chips) 
Seat 9: TrzymamKolo ($2.05 in chips) 
Dorex2007: posts small blind $0.01
flacoboris: posts big blind $0.02
*** HOLE CARDS ***
Dealt to Dorex2007 [3s 2d]
MS45MS: folds 
Laric007: folds 
mailomailo81: folds 
Darlo9: calls $0.02
TrzymamKolo: raises $0.04 to $0.06
TeeSe9: folds 
Nitrous1337: folds 
Dorex2007: folds 
flacoboris: folds 
Darlo9: calls $0.04
*** FLOP *** [3h Ts Qd]
Darlo9: checks 
TrzymamKolo: bets $0.07
Darlo9: calls $0.07
*** TURN *** [3h Ts Qd] [9s]
Darlo9: checks 
TrzymamKolo: checks 
*** RIVER *** [3h Ts Qd 9s] [Ah]
Darlo9: bets $0.14
TrzymamKolo: calls $0.14
*** SHOW DOWN ***
Darlo9: shows [Td Qh] (two pair, Queens and Tens)
TrzymamKolo: mucks hand 
Darlo9 collected $0.55 from pot
*** SUMMARY ***
Total pot $0.57 | Rake $0.02 
Board [3h Ts Qd 9s Ah]
Seat 1: TeeSe9 folded before Flop (didn't bet)
Seat 2: Nitrous1337 (button) folded before Flop (didn't bet)
Seat 3: Dorex2007 (small blind) folded before Flop
Seat 4: flacoboris (big blind) folded before Flop
Seat 5: MS45MS folded before Flop (didn't bet)
Seat 6: Laric007 folded before Flop (didn't bet)
Seat 7: mailomailo81 folded before Flop (didn't bet)
Seat 8: Darlo9 showed [Td Qh] and won ($0.55) with two pair, Queens and Tens
Seat 9: TrzymamKolo mucked [Kd Qs]



PokerStars Hand #223630590014:  Hold'em No Limit ($0.01/$0.02 USD) - 2021/02/09 16:56:37 PT [2021/02/09 19:56:37 ET]
Table 'Camilla V' 9-max Seat #3 is the button
Seat 1: TeeSe9 ($2.26 in chips) 
Seat 2: Nitrous1337 ($1.99 in chips) 
Seat 3: Dorex2007 ($1.54 in chips) 
Seat 4: flacoboris ($2.26 in chips) 
Seat 7: mailomailo81 ($1.16 in chips) 
Seat 8: Darlo9 ($2.47 in chips) 
Seat 9: TrzymamKolo ($2 in chips) 
flacoboris: posts small blind $0.01
Laric007: is sitting out 
mailomailo81: posts big blind $0.02
*** HOLE CARDS ***
Dealt to Dorex2007 [7d 3h]
Darlo9: folds 
TrzymamKolo: folds 
TeeSe9: folds 
Nitrous1337: raises $0.05 to $0.07
Dorex2007: folds 
Laric007 leaves the table
flacoboris: folds 
mailomailo81: folds 
Uncalled bet ($0.05) returned to Nitrous1337
Nitrous1337 collected $0.05 from pot
Nitrous1337: doesn't show hand 
*** SUMMARY ***
Total pot $0.05 | Rake $0 
Seat 1: TeeSe9 folded before Flop (didn't bet)
Seat 2: Nitrous1337 collected ($0.05)
Seat 3: Dorex2007 (button) folded before Flop (didn't bet)
Seat 4: flacoboris (small blind) folded before Flop
Seat 7: mailomailo81 (big blind) folded before Flop
Seat 8: Darlo9 folded before Flop (didn't bet)
Seat 9: TrzymamKolo folded before Flop (didn't bet)



PokerStars Hand #223630595826:  Hold'em No Limit ($0.01/$0.02 USD) - 2021/02/09 16:56:56 PT [2021/02/09 19:56:56 ET]
Table 'Camilla V' 9-max Seat #4 is the button
Seat 1: TeeSe9 ($2.26 in chips) 
Seat 2: Nitrous1337 ($2.02 in chips) 
Seat 3: Dorex2007 ($1.54 in chips) 
Seat 4: flacoboris ($2.25 in chips) 
Seat 7: mailomailo81 ($1.14 in chips) 
Seat 8: Darlo9 ($2.47 in chips) 
Seat 9: TrzymamKolo ($2 in chips) 
mailomailo81: posts small blind $0.01
Darlo9: posts big blind $0.02
*** HOLE CARDS ***
Dealt to Dorex2007 [8c 8d]
TrzymamKolo: raises $0.04 to $0.06
TeeSe9: folds 
Nitrous1337: folds 
Dorex2007: calls $0.06
flacoboris: folds 
mailomailo81: folds 
Darlo9: folds 
*** FLOP *** [3s 9d 3d]
TrzymamKolo: checks 
Dorex2007: checks 
*** TURN *** [3s 9d 3d] [3h]
TrzymamKolo: checks 
Dorex2007: bets $0.07
tincho-cba45 joins the table at seat #6 
TrzymamKolo: folds 
Uncalled bet ($0.07) returned to Dorex2007
Dorex2007 collected $0.14 from pot
Dorex2007: doesn't show hand 
*** SUMMARY ***
Total pot $0.15 | Rake $0.01 
Board [3s 9d 3d 3h]
Seat 1: TeeSe9 folded before Flop (didn't bet)
Seat 2: Nitrous1337 folded before Flop (didn't bet)
Seat 3: Dorex2007 collected ($0.14)
Seat 4: flacoboris (button) folded before Flop (didn't bet)
Seat 7: mailomailo81 (small blind) folded before Flop
Seat 8: Darlo9 (big blind) folded before Flop
Seat 9: TrzymamKolo folded on the Turn



PokerStars Hand #223630611605:  Hold'em No Limit ($0.01/$0.02 USD) - 2021/02/09 16:57:46 PT [2021/02/09 19:57:46 ET]
Table 'Camilla V' 9-max Seat #7 is the button
Seat 1: TeeSe9 ($2.26 in chips) 
Seat 2: Nitrous1337 ($2.02 in chips) 
Seat 3: Dorex2007 ($1.62 in chips) 
Seat 4: flacoboris ($2.25 in chips) 
Seat 7: mailomailo81 ($1.13 in chips) 
Seat 8: Darlo9 ($2.45 in chips) 
Seat 9: TrzymamKolo ($2 in chips) 
Darlo9: posts small blind $0.01
TrzymamKolo: posts big blind $0.02
tincho-cba45: sits out 
*** HOLE CARDS ***
Dealt to Dorex2007 [6s 5s]
TeeSe9: folds 
Nitrous1337: calls $0.02
Dorex2007: calls $0.02
flacoboris: folds 
mailomailo81: raises $0.04 to $0.06
Darlo9: folds 
TrzymamKolo: folds 
Nitrous1337: calls $0.04
Dorex2007: folds 
*** FLOP *** [7c 8c Th]
Nitrous1337: checks 
mailomailo81: checks 
*** TURN *** [7c 8c Th] [3s]
Nitrous1337: checks 
mailomailo81: checks 
*** RIVER *** [7c 8c Th 3s] [4c]
Nitrous1337: checks 
mailomailo81: checks 
*** SHOW DOWN ***
Nitrous1337: shows [Td Qh] (a pair of Tens)
mailomailo81: mucks hand 
Nitrous1337 collected $0.16 from pot
tincho-cba45 is disconnected 
*** SUMMARY ***
Total pot $0.17 | Rake $0.01 
Board [7c 8c Th 3s 4c]
Seat 1: TeeSe9 folded before Flop (didn't bet)
Seat 2: Nitrous1337 showed [Td Qh] and won ($0.16) with a pair of Tens
Seat 3: Dorex2007 folded before Flop
Seat 4: flacoboris folded before Flop (didn't bet)
Seat 7: mailomailo81 (button) mucked [Jh Kh]
Seat 8: Darlo9 (small blind) folded before Flop
Seat 9: TrzymamKolo (big blind) folded before Flop



PokerStars Hand #223630623861:  Hold'em No Limit ($0.01/$0.02 USD) - 2021/02/09 16:58:26 PT [2021/02/09 19:58:26 ET]
Table 'Camilla V' 9-max Seat #8 is the button
Seat 1: TeeSe9 ($2.26 in chips) 
Seat 2: Nitrous1337 ($2.12 in chips) 
Seat 3: Dorex2007 ($1.60 in chips) 
Seat 4: flacoboris ($2.25 in chips) 
Seat 7: mailomailo81 ($1.07 in chips) 
Seat 8: Darlo9 ($2.44 in chips) 
Seat 9: TrzymamKolo ($2 in chips) 
TrzymamKolo: posts small blind $0.01
TeeSe9: posts big blind $0.02
tincho-cba45 has timed out while disconnected
tincho-cba45: is sitting out 
*** HOLE CARDS ***
Dealt to Dorex2007 [2s Ah]
Nitrous1337: calls $0.02
Dorex2007: folds 
flacoboris: folds 
mailomailo81: calls $0.02
Darlo9: calls $0.02
TrzymamKolo: folds 
TeeSe9: checks 
*** FLOP *** [3h 5d Th]
TeeSe9: checks 
Nitrous1337: bets $0.04
mailomailo81: calls $0.04
Darlo9: calls $0.04
TeeSe9: calls $0.04
*** TURN *** [3h 5d Th] [Ac]
TeeSe9: checks 
Nitrous1337: checks 
mailomailo81: bets $0.04
Darlo9: calls $0.04
TeeSe9: raises $0.27 to $0.31
Nitrous1337: folds 
mailomailo81: folds 
Darlo9: calls $0.27
*** RIVER *** [3h 5d Th Ac] [6s]
mailomailo81 leaves the table
TeeSe9: bets $0.66
Darlo9: calls $0.66
*** SHOW DOWN ***
TeeSe9: shows [4c 2h] (a straight, Deuce to Six)
Darlo9: mucks hand 
TeeSe9 collected $2.15 from pot
*** SUMMARY ***
Total pot $2.23 | Rake $0.08 
Board [3h 5d Th Ac 6s]
Seat 1: TeeSe9 (big blind) showed [4c 2h] and won ($2.15) with a straight, Deuce to Six
Seat 2: Nitrous1337 folded on the Turn
Seat 3: Dorex2007 folded before Flop (didn't bet)
Seat 4: flacoboris folded before Flop (didn't bet)
Seat 7: mailomailo81 folded on the Turn
Seat 8: Darlo9 (button) mucked [Td Ad]
Seat 9: TrzymamKolo (small blind) folded before Flop



PokerStars Hand #223630651046:  Hold'em No Limit ($0.01/$0.02 USD) - 2021/02/09 16:59:53 PT [2021/02/09 19:59:53 ET]
Table 'Camilla V' 9-max Seat #9 is the button
Seat 1: TeeSe9 ($3.38 in chips) 
Seat 2: Nitrous1337 ($2.06 in chips) 
Seat 3: Dorex2007 ($1.60 in chips) 
Seat 4: flacoboris ($2.25 in chips) 
Seat 8: Darlo9 ($1.41 in chips) 
Seat 9: TrzymamKolo ($2 in chips) 
TeeSe9: posts small blind $0.01
Nitrous1337: posts big blind $0.02
tincho-cba45: sits out 
*** HOLE CARDS ***
Dealt to Dorex2007 [8c Kc]
Dorex2007: calls $0.02
Kidmono joins the table at seat #7 
flacoboris: folds 
Darlo9: calls $0.02
TrzymamKolo: folds 
TeeSe9: calls $0.01
Nitrous1337: checks 
*** FLOP *** [Jc Jd Qh]
TeeSe9: checks 
Nitrous1337: checks 
Dorex2007: checks 
Darlo9: checks 
*** TURN *** [Jc Jd Qh] [3s]
TeeSe9: checks 
Nitrous1337: checks 
Dorex2007: checks 
Darlo9: checks 
*** RIVER *** [Jc Jd Qh 3s] [As]
Dorex2007 said, "lol"
TeeSe9: checks 
Nitrous1337: checks 
Dorex2007: checks 
Darlo9: checks 
*** SHOW DOWN ***
TeeSe9: shows [Ah 4h] (two pair, Aces and Jacks)
Nitrous1337: mucks hand 
Dorex2007: mucks hand 
Darlo9: mucks hand 
TeeSe9 collected $0.08 from pot
*** SUMMARY ***
Total pot $0.08 | Rake $0 
Board [Jc Jd Qh 3s As]
Seat 1: TeeSe9 (small blind) showed [Ah 4h] and won ($0.08) with two pair, Aces and Jacks
Seat 2: Nitrous1337 (big blind) mucked [5c 2h]
Seat 3: Dorex2007 mucked [8c Kc]
Seat 4: flacoboris folded before Flop (didn't bet)
Seat 8: Darlo9 mucked [5s Ts]
Seat 9: TrzymamKolo (button) folded before Flop (didn't bet)



PokerStars Hand #223630689936:  Hold'em No Limit ($0.01/$0.02 USD) - 2021/02/09 17:01:07 PT [2021/02/09 20:01:07 ET]
Table 'Camilla V' 9-max Seat #1 is the button
Seat 1: TeeSe9 ($3.44 in chips) 
Seat 2: Nitrous1337 ($2.04 in chips) 
Seat 3: Dorex2007 ($1.58 in chips) 
Seat 4: flacoboris ($2.25 in chips) 
Seat 7: Kidmono ($1.60 in chips) 
Seat 8: Darlo9 ($1.39 in chips) 
Seat 9: TrzymamKolo ($2 in chips) 
Nitrous1337: posts small blind $0.01
Dorex2007: posts big blind $0.02
tincho-cba45: sits out 
Kidmono: posts big blind $0.02
*** HOLE CARDS ***
Dealt to Dorex2007 [Qc Qs]
flacoboris: folds 
Kidmono: checks 
Darlo9: folds 
TrzymamKolo: folds 
TeeSe9: folds 
Nitrous1337: calls $0.01
Darlo9 leaves the table
Dorex2007: raises $0.06 to $0.08
Kidmono: folds 
Nitrous1337: folds 
Uncalled bet ($0.06) returned to Dorex2007
Dorex2007 collected $0.06 from pot
Dorex2007: doesn't show hand 
*** SUMMARY ***
Total pot $0.06 | Rake $0 
Seat 1: TeeSe9 (button) folded before Flop (didn't bet)
Seat 2: Nitrous1337 (small blind) folded before Flop
Seat 3: Dorex2007 (big blind) collected ($0.06)
Seat 4: flacoboris folded before Flop (didn't bet)
Seat 7: Kidmono folded before Flop (didn't bet)
Seat 8: Darlo9 folded before Flop (didn't bet)
Seat 9: TrzymamKolo folded before Flop (didn't bet)



PokerStars Hand #223630701687:  Hold'em No Limit ($0.01/$0.02 USD) - 2021/02/09 17:01:39 PT [2021/02/09 20:01:39 ET]
Table 'Camilla V' 9-max Seat #2 is the button
Seat 1: TeeSe9 ($3.44 in chips) 
Seat 2: Nitrous1337 ($2.02 in chips) 
Seat 3: Dorex2007 ($1.62 in chips) 
Seat 4: flacoboris ($2.25 in chips) 
Seat 7: Kidmono ($1.58 in chips) 
Seat 9: TrzymamKolo ($2 in chips) 
Dorex2007: posts small blind $0.01
flacoboris: posts big blind $0.02
tincho-cba45: sits out 
*** HOLE CARDS ***
Dealt to Dorex2007 [7s 8h]
Kidmono: folds 
TrzymamKolo: folds 
TeeSe9: folds 
Nitrous1337: folds 
Dorex2007: folds 
Uncalled bet ($0.01) returned to flacoboris
flacoboris collected $0.02 from pot
flacoboris: doesn't show hand 
*** SUMMARY ***
Total pot $0.02 | Rake $0 
Seat 1: TeeSe9 folded before Flop (didn't bet)
Seat 2: Nitrous1337 (button) folded before Flop (didn't bet)
Seat 3: Dorex2007 (small blind) folded before Flop
Seat 4: flacoboris (big blind) collected ($0.02)
Seat 7: Kidmono folded before Flop (didn't bet)
Seat 9: TrzymamKolo folded before Flop (didn't bet)



PokerStars Hand #223630707087:  Hold'em No Limit ($0.01/$0.02 USD) - 2021/02/09 17:01:54 PT [2021/02/09 20:01:54 ET]
Table 'Camilla V' 9-max Seat #3 is the button
Seat 1: TeeSe9 ($3.44 in chips) 
Seat 2: Nitrous1337 ($2.02 in chips) 
Seat 3: Dorex2007 ($1.61 in chips) 
Seat 4: flacoboris ($2.26 in chips) 
Seat 6: tincho-cba45 ($0.80 in chips) 
Seat 7: Kidmono ($1.58 in chips) 
Seat 9: TrzymamKolo ($2 in chips) 
cazura2 joins the table at seat #8 
flacoboris: posts small blind $0.01
tincho-cba45: posts big blind $0.02
*** HOLE CARDS ***
Dealt to Dorex2007 [Ks 9s]
Kidmono: calls $0.02
TrzymamKolo: folds 
TeeSe9: raises $0.04 to $0.06
Nitrous1337: folds 
Dorex2007: folds 
flacoboris: folds 
tincho-cba45: calls $0.04
Kidmono: calls $0.04
*** FLOP *** [Qc Js 6h]
tincho-cba45: checks 
Kidmono: checks 
cazura2 is disconnected 
TeeSe9: bets $0.09
tincho-cba45: folds 
Kidmono: calls $0.09
*** TURN *** [Qc Js 6h] [7s]
Kidmono: checks 
TeeSe9: bets $0.16
Kidmono: raises $0.16 to $0.32
TeeSe9: calls $0.16
*** RIVER *** [Qc Js 6h 7s] [3d]
Kidmono: bets $0.50
TeeSe9: calls $0.50
*** SHOW DOWN ***
Kidmono: shows [6d 6c] (three of a kind, Sixes)
TeeSe9: mucks hand 
Kidmono collected $1.94 from pot
*** SUMMARY ***
Total pot $2.01 | Rake $0.07 
Board [Qc Js 6h 7s 3d]
Seat 1: TeeSe9 mucked [Th Qh]
Seat 2: Nitrous1337 folded before Flop (didn't bet)
Seat 3: Dorex2007 (button) folded before Flop (didn't bet)
Seat 4: flacoboris (small blind) folded before Flop
Seat 6: tincho-cba45 (big blind) folded on the Flop
Seat 7: Kidmono showed [6d 6c] and won ($1.94) with three of a kind, Sixes
Seat 9: TrzymamKolo folded before Flop (didn't bet)



PokerStars Hand #223630740770:  Hold'em No Limit ($0.01/$0.02 USD) - 2021/02/09 17:03:25 PT [2021/02/09 20:03:25 ET]
Table 'Camilla V' 9-max Seat #4 is the button
Seat 1: TeeSe9 ($2.47 in chips) 
Seat 2: Nitrous1337 ($2.02 in chips) 
Seat 3: Dorex2007 ($1.61 in chips) 
Seat 4: flacoboris ($2.25 in chips) 
Seat 6: tincho-cba45 ($0.74 in chips) 
Seat 7: Kidmono ($2.55 in chips) 
Seat 9: TrzymamKolo ($2 in chips) 
tincho-cba45: posts small blind $0.01
Kidmono: posts big blind $0.02
cazura2 has timed out while disconnected
cazura2: is sitting out 
*** HOLE CARDS ***
Dealt to Dorex2007 [3c Kh]
TrzymamKolo: folds 
TeeSe9: folds 
Nitrous1337: calls $0.02
Dorex2007: folds 
flacoboris: calls $0.02
tincho-cba45: calls $0.01
Kidmono: checks 
*** FLOP *** [Qc Td 5c]
tincho-cba45: checks 
Kidmono: bets $0.08
Nitrous1337: folds 
flacoboris: folds 
tincho-cba45: calls $0.08
*** TURN *** [Qc Td 5c] [Ad]
tincho-cba45: bets $0.12
Kidmono: calls $0.12
*** RIVER *** [Qc Td 5c Ad] [5d]
tincho-cba45: bets $0.52 and is all-in
Kidmono: folds 
Uncalled bet ($0.52) returned to tincho-cba45
tincho-cba45 collected $0.46 from pot
tincho-cba45: doesn't show hand 
*** SUMMARY ***
Total pot $0.48 | Rake $0.02 
Board [Qc Td 5c Ad 5d]
Seat 1: TeeSe9 folded before Flop (didn't bet)
Seat 2: Nitrous1337 folded on the Flop
Seat 3: Dorex2007 folded before Flop (didn't bet)
Seat 4: flacoboris (button) folded on the Flop
Seat 6: tincho-cba45 (small blind) collected ($0.46)
Seat 7: Kidmono (big blind) folded on the River
Seat 9: TrzymamKolo folded before Flop (didn't bet)



PokerStars Hand #223630771182:  Hold'em No Limit ($0.01/$0.02 USD) - 2021/02/09 17:04:46 PT [2021/02/09 20:04:46 ET]
Table 'Camilla V' 9-max Seat #6 is the button
Seat 1: TeeSe9 ($2.47 in chips) 
Seat 2: Nitrous1337 ($2 in chips) 
Seat 3: Dorex2007 ($1.61 in chips) 
Seat 4: flacoboris ($2.23 in chips) 
Seat 5: MS45MS ($1.63 in chips) 
Seat 6: tincho-cba45 ($0.98 in chips) 
Seat 7: Kidmono ($2.33 in chips) 
Seat 9: TrzymamKolo ($2 in chips) 
Kidmono: posts small blind $0.01
TrzymamKolo: posts big blind $0.02
MS45MS: posts small & big blinds $0.03
*** HOLE CARDS ***
Dealt to Dorex2007 [Kh Tc]
TeeSe9: folds 
Nitrous1337: folds 
Dorex2007: calls $0.02
flacoboris: folds 
MS45MS: checks 
tincho-cba45: calls $0.02
Kidmono: calls $0.01
TrzymamKolo: checks 
*** FLOP *** [Js 4d Ad]
Kidmono: checks 
TrzymamKolo: bets $0.06
Dorex2007: folds 
MS45MS: folds 
tincho-cba45: folds 
Kidmono: folds 
Uncalled bet ($0.06) returned to TrzymamKolo
TrzymamKolo collected $0.11 from pot
TrzymamKolo: doesn't show hand 
*** SUMMARY ***
Total pot $0.11 | Rake $0 
Board [Js 4d Ad]
Seat 1: TeeSe9 folded before Flop (didn't bet)
Seat 2: Nitrous1337 folded before Flop (didn't bet)
Seat 3: Dorex2007 folded on the Flop
Seat 4: flacoboris folded before Flop (didn't bet)
Seat 5: MS45MS folded on the Flop (didn't bet)
Seat 6: tincho-cba45 (button) folded on the Flop
Seat 7: Kidmono (small blind) folded on the Flop
Seat 9: TrzymamKolo (big blind) collected ($0.11)



PokerStars Hand #223630790194:  Hold'em No Limit ($0.01/$0.02 USD) - 2021/02/09 17:05:37 PT [2021/02/09 20:05:37 ET]
Table 'Camilla V' 9-max Seat #7 is the button
Seat 1: TeeSe9 ($2.47 in chips) 
Seat 2: Nitrous1337 ($2 in chips) 
Seat 3: Dorex2007 ($1.59 in chips) 
Seat 4: flacoboris ($2.23 in chips) 
Seat 5: MS45MS ($1.60 in chips) 
Seat 6: tincho-cba45 ($0.96 in chips) 
Seat 7: Kidmono ($2.31 in chips) 
TeeSe9: posts small blind $0.01
Nitrous1337: posts big blind $0.02
*** HOLE CARDS ***
Dealt to Dorex2007 [6d 4s]
Dorex2007: folds 
flacoboris: folds 
MS45MS: folds 
tincho-cba45: calls $0.02
Kidmono: folds 
TeeSe9: calls $0.01
Nitrous1337: checks 
*** FLOP *** [9c Kh 2s]
TeeSe9: checks 
zeiko joins the table at seat #9 
Nitrous1337: checks 
tincho-cba45: bets $0.06
TeeSe9: raises $0.14 to $0.20
Nitrous1337: folds 
tincho-cba45: folds 
Uncalled bet ($0.14) returned to TeeSe9
TeeSe9 collected $0.17 from pot
TeeSe9: doesn't show hand 
*** SUMMARY ***
Total pot $0.18 | Rake $0.01 
Board [9c Kh 2s]
Seat 1: TeeSe9 (small blind) collected ($0.17)
Seat 2: Nitrous1337 (big blind) folded on the Flop
Seat 3: Dorex2007 folded before Flop (didn't bet)
Seat 4: flacoboris folded before Flop (didn't bet)
Seat 5: MS45MS folded before Flop (didn't bet)
Seat 6: tincho-cba45 folded on the Flop
Seat 7: Kidmono (button) folded before Flop (didn't bet)



PokerStars Hand #223630804202:  Hold'em No Limit ($0.01/$0.02 USD) - 2021/02/09 17:06:15 PT [2021/02/09 20:06:15 ET]
Table 'Camilla V' 9-max Seat #1 is the button
Seat 1: TeeSe9 ($2.56 in chips) 
Seat 2: Nitrous1337 ($1.98 in chips) 
Seat 3: Dorex2007 ($1.59 in chips) 
Seat 4: flacoboris ($2.23 in chips) 
Seat 5: MS45MS ($1.60 in chips) 
Seat 6: tincho-cba45 ($0.88 in chips) 
Seat 7: Kidmono ($2.31 in chips) 
Seat 9: zeiko ($2 in chips) 
Nitrous1337: posts small blind $0.01
Dorex2007: posts big blind $0.02
zeiko: posts big blind $0.02
*** HOLE CARDS ***
Dealt to Dorex2007 [8d Kd]
flacoboris: folds 
MS45MS: folds 
tincho-cba45: folds 
Kidmono: folds 
zeiko: checks 
TeeSe9: folds 
Nitrous1337: raises $0.04 to $0.06
Dorex2007: folds 
zeiko: folds 
Uncalled bet ($0.04) returned to Nitrous1337
Nitrous1337 collected $0.06 from pot
Nitrous1337: doesn't show hand 
*** SUMMARY ***
Total pot $0.06 | Rake $0 
Seat 1: TeeSe9 (button) folded before Flop (didn't bet)
Seat 2: Nitrous1337 (small blind) collected ($0.06)
Seat 3: Dorex2007 (big blind) folded before Flop
Seat 4: flacoboris folded before Flop (didn't bet)
Seat 5: MS45MS folded before Flop (didn't bet)
Seat 6: tincho-cba45 folded before Flop (didn't bet)
Seat 7: Kidmono folded before Flop (didn't bet)
Seat 9: zeiko folded before Flop (didn't bet)



PokerStars Hand #223630812512:  Hold'em No Limit ($0.01/$0.02 USD) - 2021/02/09 17:06:37 PT [2021/02/09 20:06:37 ET]
Table 'Camilla V' 9-max Seat #2 is the button
Seat 1: TeeSe9 ($2.56 in chips) 
Seat 2: Nitrous1337 ($2.02 in chips) 
Seat 3: Dorex2007 ($1.57 in chips) 
Seat 4: flacoboris ($2.23 in chips) 
Seat 5: MS45MS ($1.60 in chips) 
Seat 6: tincho-cba45 ($0.88 in chips) 
Seat 7: Kidmono ($2.31 in chips) 
Seat 9: zeiko ($2 in chips) 
Dorex2007: posts small blind $0.01
flacoboris: posts big blind $0.02
*** HOLE CARDS ***
Dealt to Dorex2007 [3d 4c]
MS45MS: folds 
tincho-cba45: folds 
Kidmono: calls $0.02
zeiko: folds 
TeeSe9: folds 
Nitrous1337: calls $0.02
Dorex2007: folds 
flacoboris: checks 
*** FLOP *** [Ad 6c 9h]
flacoboris: checks 
Kidmono: bets $0.04
Nitrous1337: calls $0.04
flacoboris: folds 
*** TURN *** [Ad 6c 9h] [Qd]
Kidmono: bets $0.08
Nitrous1337: calls $0.08
*** RIVER *** [Ad 6c 9h Qd] [8d]
Kidmono: bets $0.08
Nitrous1337: raises $0.08 to $0.16
Kidmono: calls $0.08
*** SHOW DOWN ***
Nitrous1337: shows [Ac 8c] (two pair, Aces and Eights)
Kidmono: mucks hand 
Nitrous1337 collected $0.61 from pot
*** SUMMARY ***
Total pot $0.63 | Rake $0.02 
Board [Ad 6c 9h Qd 8d]
Seat 1: TeeSe9 folded before Flop (didn't bet)
Seat 2: Nitrous1337 (button) showed [Ac 8c] and won ($0.61) with two pair, Aces and Eights
Seat 3: Dorex2007 (small blind) folded before Flop
Seat 4: flacoboris (big blind) folded on the Flop
Seat 5: MS45MS folded before Flop (didn't bet)
Seat 6: tincho-cba45 folded before Flop (didn't bet)
Seat 7: Kidmono mucked [Ah 5c]
Seat 9: zeiko folded before Flop (didn't bet)



PokerStars Hand #223630839760:  Hold'em No Limit ($0.01/$0.02 USD) - 2021/02/09 17:07:50 PT [2021/02/09 20:07:50 ET]
Table 'Camilla V' 9-max Seat #3 is the button
Seat 1: TeeSe9 ($2.56 in chips) 
Seat 2: Nitrous1337 ($2.33 in chips) 
Seat 3: Dorex2007 ($1.56 in chips) 
Seat 4: flacoboris ($2.21 in chips) 
Seat 5: MS45MS ($1.60 in chips) 
Seat 6: tincho-cba45 ($0.88 in chips) 
Seat 7: Kidmono ($2.01 in chips) 
Seat 9: zeiko ($2 in chips) 
flacoboris: posts small blind $0.01
MS45MS: posts big blind $0.02
*** HOLE CARDS ***
Dealt to Dorex2007 [Jh 7d]
tincho-cba45 has timed out
tincho-cba45: folds 
Kidmono: folds 
zeiko: raises $0.02 to $0.04
TeeSe9: calls $0.04
Nitrous1337: folds 
Dorex2007: folds 
flacoboris: folds 
MS45MS: folds 
*** FLOP *** [Qs 6c 6d]
zeiko: checks 
TeeSe9: bets $0.02
zeiko: folds 
Uncalled bet ($0.02) returned to TeeSe9
TeeSe9 collected $0.11 from pot
TeeSe9: doesn't show hand 
*** SUMMARY ***
Total pot $0.11 | Rake $0 
Board [Qs 6c 6d]
Seat 1: TeeSe9 collected ($0.11)
Seat 2: Nitrous1337 folded before Flop (didn't bet)
Seat 3: Dorex2007 (button) folded before Flop (didn't bet)
Seat 4: flacoboris (small blind) folded before Flop
Seat 5: MS45MS (big blind) folded before Flop
Seat 6: tincho-cba45 folded before Flop (didn't bet)
Seat 7: Kidmono folded before Flop (didn't bet)
Seat 9: zeiko folded on the Flop



PokerStars Hand #223630853773:  Hold'em No Limit ($0.01/$0.02 USD) - 2021/02/09 17:08:27 PT [2021/02/09 20:08:27 ET]
Table 'Camilla V' 9-max Seat #4 is the button
Seat 1: TeeSe9 ($2.63 in chips) 
Seat 2: Nitrous1337 ($2.33 in chips) 
Seat 3: Dorex2007 ($1.56 in chips) 
Seat 4: flacoboris ($2.20 in chips) 
Seat 5: MS45MS ($1.58 in chips) 
Seat 6: tincho-cba45 ($0.88 in chips) 
Seat 7: Kidmono ($2.01 in chips) 
Seat 9: zeiko ($2 in chips) 
MS45MS: posts small blind $0.01
tincho-cba45: posts big blind $0.02
*** HOLE CARDS ***
Dealt to Dorex2007 [6c 5d]
Kidmono: folds 
zeiko: folds 
TeeSe9: folds 
Nitrous1337: calls $0.02
Dorex2007: folds 
flacoboris: folds 
MS45MS: calls $0.01
tincho-cba45: checks 
*** FLOP *** [Qc 6d Td]
MS45MS: bets $0.04
tincho-cba45: folds 
Nitrous1337: folds 
Uncalled bet ($0.04) returned to MS45MS
MS45MS collected $0.06 from pot
MS45MS: doesn't show hand 
*** SUMMARY ***
Total pot $0.06 | Rake $0 
Board [Qc 6d Td]
Seat 1: TeeSe9 folded before Flop (didn't bet)
Seat 2: Nitrous1337 folded on the Flop
Seat 3: Dorex2007 folded before Flop (didn't bet)
Seat 4: flacoboris (button) folded before Flop (didn't bet)
Seat 5: MS45MS (small blind) collected ($0.06)
Seat 6: tincho-cba45 (big blind) folded on the Flop
Seat 7: Kidmono folded before Flop (didn't bet)
Seat 9: zeiko folded before Flop (didn't bet)



PokerStars Hand #223630866280:  Hold'em No Limit ($0.01/$0.02 USD) - 2021/02/09 17:09:01 PT [2021/02/09 20:09:01 ET]
Table 'Camilla V' 9-max Seat #5 is the button
Seat 1: TeeSe9 ($2.63 in chips) 
Seat 2: Nitrous1337 ($2.31 in chips) 
Seat 3: Dorex2007 ($1.56 in chips) 
Seat 4: flacoboris ($2.20 in chips) 
Seat 5: MS45MS ($1.62 in chips) 
Seat 6: tincho-cba45 ($0.86 in chips) 
Seat 7: Kidmono ($2.01 in chips) 
Seat 9: zeiko ($2 in chips) 
tincho-cba45: posts small blind $0.01
Kidmono: posts big blind $0.02
*** HOLE CARDS ***
Dealt to Dorex2007 [Ac 2h]
zeiko: raises $0.02 to $0.04
TeeSe9: folds 
Nitrous1337: folds 
Dorex2007: folds 
flacoboris: folds 
MS45MS: folds 
tincho-cba45: calls $0.03
Kidmono: calls $0.02
*** FLOP *** [Ad 2c 9h]
tincho-cba45: checks 
Kidmono: bets $0.10
zeiko: folds 
tincho-cba45: folds 
Uncalled bet ($0.10) returned to Kidmono
Kidmono collected $0.12 from pot
Kidmono: doesn't show hand 
*** SUMMARY ***
Total pot $0.12 | Rake $0 
Board [Ad 2c 9h]
Seat 1: TeeSe9 folded before Flop (didn't bet)
Seat 2: Nitrous1337 folded before Flop (didn't bet)
Seat 3: Dorex2007 folded before Flop (didn't bet)
Seat 4: flacoboris folded before Flop (didn't bet)
Seat 5: MS45MS (button) folded before Flop (didn't bet)
Seat 6: tincho-cba45 (small blind) folded on the Flop
Seat 7: Kidmono (big blind) collected ($0.12)
Seat 9: zeiko folded on the Flop



PokerStars Hand #223630883777:  Hold'em No Limit ($0.01/$0.02 USD) - 2021/02/09 17:09:31 PT [2021/02/09 20:09:31 ET]
Table 'Camilla V' 9-max Seat #6 is the button
Seat 1: TeeSe9 ($2.63 in chips) 
Seat 2: Nitrous1337 ($2.31 in chips) 
Seat 3: Dorex2007 ($1.56 in chips) 
Seat 4: flacoboris ($2.20 in chips) 
Seat 5: MS45MS ($1.62 in chips) 
Seat 6: tincho-cba45 ($0.82 in chips) 
Seat 7: Kidmono ($2.09 in chips) 
Seat 9: zeiko ($2 in chips) 
Kidmono: posts small blind $0.01
zeiko: posts big blind $0.02
*** HOLE CARDS ***
Dealt to Dorex2007 [Kh 9s]
TeeSe9: folds 
Nitrous1337: folds 
Dorex2007: folds 
flacoboris: folds 
MS45MS: folds 
tincho-cba45: raises $0.05 to $0.07
Kidmono: folds 
zeiko: folds 
Uncalled bet ($0.05) returned to tincho-cba45
tincho-cba45 collected $0.05 from pot
tincho-cba45: doesn't show hand 
*** SUMMARY ***
Total pot $0.05 | Rake $0 
Seat 1: TeeSe9 folded before Flop (didn't bet)
Seat 2: Nitrous1337 folded before Flop (didn't bet)
Seat 3: Dorex2007 folded before Flop (didn't bet)
Seat 4: flacoboris folded before Flop (didn't bet)
Seat 5: MS45MS folded before Flop (didn't bet)
Seat 6: tincho-cba45 (button) collected ($0.05)
Seat 7: Kidmono (small blind) folded before Flop
Seat 9: zeiko (big blind) folded before Flop



PokerStars Hand #223630892186:  Hold'em No Limit ($0.01/$0.02 USD) - 2021/02/09 17:09:53 PT [2021/02/09 20:09:53 ET]
Table 'Camilla V' 9-max Seat #7 is the button
Seat 1: TeeSe9 ($2.63 in chips) 
Seat 2: Nitrous1337 ($2.31 in chips) 
Seat 3: Dorex2007 ($1.56 in chips) 
Seat 4: flacoboris ($2.20 in chips) 
Seat 5: MS45MS ($1.62 in chips) 
Seat 6: tincho-cba45 ($0.85 in chips) 
Seat 7: Kidmono ($2.08 in chips) 
Seat 9: zeiko ($2 in chips) 
zeiko: posts small blind $0.01
TeeSe9: posts big blind $0.02
*** HOLE CARDS ***
Dealt to Dorex2007 [Qd Qc]
Nitrous1337: folds 
Dorex2007: raises $0.04 to $0.06
flacoboris: folds 
MS45MS: folds 
tincho-cba45: folds 
Kidmono: folds 
zeiko: folds 
TeeSe9: folds 
Uncalled bet ($0.04) returned to Dorex2007
Dorex2007 collected $0.05 from pot
Dorex2007: doesn't show hand 
*** SUMMARY ***
Total pot $0.05 | Rake $0 
Seat 1: TeeSe9 (big blind) folded before Flop
Seat 2: Nitrous1337 folded before Flop (didn't bet)
Seat 3: Dorex2007 collected ($0.05)
Seat 4: flacoboris folded before Flop (didn't bet)
Seat 5: MS45MS folded before Flop (didn't bet)
Seat 6: tincho-cba45 folded before Flop (didn't bet)
Seat 7: Kidmono (button) folded before Flop (didn't bet)
Seat 9: zeiko (small blind) folded before Flop



PokerStars Hand #223630899427:  Hold'em No Limit ($0.01/$0.02 USD) - 2021/02/09 17:10:13 PT [2021/02/09 20:10:13 ET]
Table 'Camilla V' 9-max Seat #9 is the button
Seat 1: TeeSe9 ($2.61 in chips) 
Seat 2: Nitrous1337 ($2.31 in chips) 
Seat 3: Dorex2007 ($1.59 in chips) 
Seat 4: flacoboris ($2.20 in chips) 
Seat 5: MS45MS ($1.62 in chips) 
Seat 6: tincho-cba45 ($0.85 in chips) 
Seat 7: Kidmono ($2.08 in chips) 
Seat 9: zeiko ($2 in chips) 
TeeSe9: posts small blind $0.01
Nitrous1337: posts big blind $0.02
*** HOLE CARDS ***
Dealt to Dorex2007 [6d Ks]
Dorex2007: folds 
flacoboris: folds 
MS45MS: folds 
tincho-cba45: folds 
Kidmono: folds 
zeiko: raises $0.02 to $0.04
TeeSe9: folds 
Nitrous1337: calls $0.02
*** FLOP *** [5c 7s 3d]
Nitrous1337: checks 
zeiko: checks 
*** TURN *** [5c 7s 3d] [Jh]
Nitrous1337: checks 
zeiko: bets $0.05
Nitrous1337: folds 
Uncalled bet ($0.05) returned to zeiko
zeiko collected $0.09 from pot
zeiko: doesn't show hand 
*** SUMMARY ***
Total pot $0.09 | Rake $0 
Board [5c 7s 3d Jh]
Seat 1: TeeSe9 (small blind) folded before Flop
Seat 2: Nitrous1337 (big blind) folded on the Turn
Seat 3: Dorex2007 folded before Flop (didn't bet)
Seat 4: flacoboris folded before Flop (didn't bet)
Seat 5: MS45MS folded before Flop (didn't bet)
Seat 6: tincho-cba45 folded before Flop (didn't bet)
Seat 7: Kidmono folded before Flop (didn't bet)
Seat 9: zeiko (button) collected ($0.09)



PokerStars Hand #223630913229:  Hold'em No Limit ($0.01/$0.02 USD) - 2021/02/09 17:10:50 PT [2021/02/09 20:10:50 ET]
Table 'Camilla V' 9-max Seat #1 is the button
Seat 1: TeeSe9 ($2.60 in chips) 
Seat 2: Nitrous1337 ($2.27 in chips) 
Seat 3: Dorex2007 ($1.59 in chips) 
Seat 4: flacoboris ($2.20 in chips) 
Seat 5: MS45MS ($1.62 in chips) 
Seat 6: tincho-cba45 ($0.85 in chips) 
Seat 7: Kidmono ($2.08 in chips) 
Seat 9: zeiko ($2.05 in chips) 
Nitrous1337: posts small blind $0.01
Dorex2007: posts big blind $0.02
*** HOLE CARDS ***
Dealt to Dorex2007 [Th 9c]
flacoboris: folds 
MS45MS: folds 
tincho-cba45: raises $0.04 to $0.06
Kidmono: folds 
zeiko: calls $0.06
TeeSe9: folds 
Nitrous1337: folds 
Dorex2007: folds 
*** FLOP *** [Ks 5c Td]
tincho-cba45: bets $0.06
zeiko: folds 
Uncalled bet ($0.06) returned to tincho-cba45
tincho-cba45 collected $0.14 from pot
tincho-cba45: doesn't show hand 
*** SUMMARY ***
Total pot $0.15 | Rake $0.01 
Board [Ks 5c Td]
Seat 1: TeeSe9 (button) folded before Flop (didn't bet)
Seat 2: Nitrous1337 (small blind) folded before Flop
Seat 3: Dorex2007 (big blind) folded before Flop
Seat 4: flacoboris folded before Flop (didn't bet)
Seat 5: MS45MS folded before Flop (didn't bet)
Seat 6: tincho-cba45 collected ($0.14)
Seat 7: Kidmono folded before Flop (didn't bet)
Seat 9: zeiko folded on the Flop



PokerStars Hand #223630926597:  Hold'em No Limit ($0.01/$0.02 USD) - 2021/02/09 17:11:26 PT [2021/02/09 20:11:26 ET]
Table 'Camilla V' 9-max Seat #2 is the button
Seat 1: TeeSe9 ($2.60 in chips) 
Seat 2: Nitrous1337 ($2.26 in chips) 
Seat 3: Dorex2007 ($1.57 in chips) 
Seat 4: flacoboris ($2.20 in chips) 
Seat 5: MS45MS ($1.62 in chips) 
Seat 6: tincho-cba45 ($0.93 in chips) 
Seat 7: Kidmono ($2.08 in chips) 
Seat 9: zeiko ($2 in chips) 
Dorex2007: posts small blind $0.01
flacoboris: posts big blind $0.02
*** HOLE CARDS ***
Dealt to Dorex2007 [As 9c]
MS45MS: folds 
tincho-cba45: raises $0.04 to $0.06
Kidmono: raises $0.12 to $0.18
zeiko: folds 
TeeSe9: calls $0.18
Nitrous1337: folds 
Dorex2007: folds 
flacoboris: folds 
tincho-cba45: calls $0.12
*** FLOP *** [2h Ks 7s]
tincho-cba45: checks 
Kidmono: checks 
TeeSe9: checks 
*** TURN *** [2h Ks 7s] [4c]
tincho-cba45: checks 
Kidmono: checks 
TeeSe9: bets $0.20
tincho-cba45: folds 
Kidmono: calls $0.20
*** RIVER *** [2h Ks 7s 4c] [7c]
Kidmono: checks 
cazura2 was removed from the table for failing to post
cazura2 leaves the table
TeeSe9: checks 
*** SHOW DOWN ***
Kidmono: shows [Jc Jd] (two pair, Jacks and Sevens)
TeeSe9: mucks hand 
Kidmono collected $0.94 from pot
tutanpoker joins the table at seat #8 
*** SUMMARY ***
Total pot $0.97 | Rake $0.03 
Board [2h Ks 7s 4c 7c]
Seat 1: TeeSe9 mucked [Th Ts]
Seat 2: Nitrous1337 (button) folded before Flop (didn't bet)
Seat 3: Dorex2007 (small blind) folded before Flop
Seat 4: flacoboris (big blind) folded before Flop
Seat 5: MS45MS folded before Flop (didn't bet)
Seat 6: tincho-cba45 folded on the Turn
Seat 7: Kidmono showed [Jc Jd] and won ($0.94) with two pair, Jacks and Sevens
Seat 9: zeiko folded before Flop (didn't bet)



PokerStars Hand #223630955188:  Hold'em No Limit ($0.01/$0.02 USD) - 2021/02/09 17:12:43 PT [2021/02/09 20:12:43 ET]
Table 'Camilla V' 9-max Seat #3 is the button
Seat 1: TeeSe9 ($2.22 in chips) 
Seat 2: Nitrous1337 ($2.26 in chips) 
Seat 3: Dorex2007 ($1.56 in chips) 
Seat 4: flacoboris ($2.18 in chips) 
Seat 5: MS45MS ($1.62 in chips) 
Seat 6: tincho-cba45 ($0.75 in chips) 
Seat 7: Kidmono ($2.64 in chips) 
Seat 8: tutanpoker ($2 in chips) 
Seat 9: zeiko ($2 in chips) 
flacoboris: posts small blind $0.01
MS45MS: posts big blind $0.02
tutanpoker is connected 
tutanpoker: posts big blind $0.02
*** HOLE CARDS ***
Dealt to Dorex2007 [Th Jh]
tincho-cba45: calls $0.02
Kidmono: folds 
tutanpoker has timed out
tutanpoker: checks 
zeiko: calls $0.02
TeeSe9: folds 
Nitrous1337: calls $0.02
Dorex2007: calls $0.02
flacoboris: calls $0.01
MS45MS: checks 
*** FLOP *** [4c 2h Tc]
flacoboris: checks 
MS45MS: checks 
tincho-cba45: checks 
tutanpoker: checks 
zeiko: checks 
Nitrous1337: checks 
Dorex2007: bets $0.14
flacoboris: folds 
MS45MS: folds 
tincho-cba45: calls $0.14
tutanpoker: folds 
zeiko: folds 
Nitrous1337: folds 
*** TURN *** [4c 2h Tc] [Ad]
tincho-cba45: checks 
Dorex2007: bets $0.21
tincho-cba45: calls $0.21
*** RIVER *** [4c 2h Tc Ad] [3s]
tincho-cba45: bets $0.38 and is all-in
Dorex2007: folds 
Uncalled bet ($0.38) returned to tincho-cba45
tincho-cba45 collected $0.81 from pot
tincho-cba45: doesn't show hand 
*** SUMMARY ***
Total pot $0.84 | Rake $0.03 
Board [4c 2h Tc Ad 3s]
Seat 1: TeeSe9 folded before Flop (didn't bet)
Seat 2: Nitrous1337 folded on the Flop
Seat 3: Dorex2007 (button) folded on the River
Seat 4: flacoboris (small blind) folded on the Flop
Seat 5: MS45MS (big blind) folded on the Flop
Seat 6: tincho-cba45 collected ($0.81)
Seat 7: Kidmono folded before Flop (didn't bet)
Seat 8: tutanpoker folded on the Flop (didn't bet)
Seat 9: zeiko folded on the Flop



PokerStars Hand #223631003234:  Hold'em No Limit ($0.01/$0.02 USD) - 2021/02/09 17:14:52 PT [2021/02/09 20:14:52 ET]
Table 'Camilla V' 9-max Seat #4 is the button
Seat 1: TeeSe9 ($2.22 in chips) 
Seat 2: Nitrous1337 ($2.24 in chips) 
Seat 3: Dorex2007 ($1.19 in chips) 
Seat 4: flacoboris ($2.16 in chips) 
Seat 5: MS45MS ($1.60 in chips) 
Seat 6: tincho-cba45 ($1.19 in chips) 
Seat 7: Kidmono ($2.64 in chips) 
Seat 8: tutanpoker ($2 in chips) 
Seat 9: zeiko ($2 in chips) 
MS45MS: posts small blind $0.01
tincho-cba45: posts big blind $0.02
*** HOLE CARDS ***
Dealt to Dorex2007 [9h 7s]
Kidmono: folds 
tutanpoker: raises $0.04 to $0.06
zeiko: folds 
TeeSe9: folds 
Nitrous1337: calls $0.06
Dorex2007: folds 
flacoboris: folds 
MS45MS: folds 
tincho-cba45: calls $0.04
*** FLOP *** [Qh Kd 5c]
tincho-cba45: checks 
tutanpoker: checks 
Nitrous1337: bets $0.09
tincho-cba45: calls $0.09
tutanpoker: folds 
*** TURN *** [Qh Kd 5c] [2h]
tincho-cba45: checks 
Nitrous1337: bets $0.08
tincho-cba45: calls $0.08
*** RIVER *** [Qh Kd 5c 2h] [8s]
tincho-cba45: checks 
Nitrous1337: bets $0.14
tincho-cba45: calls $0.14
*** SHOW DOWN ***
Nitrous1337: shows [Jd Ks] (a pair of Kings)
tincho-cba45: mucks hand 
Nitrous1337 collected $0.78 from pot
*** SUMMARY ***
Total pot $0.81 | Rake $0.03 
Board [Qh Kd 5c 2h 8s]
Seat 1: TeeSe9 folded before Flop (didn't bet)
Seat 2: Nitrous1337 showed [Jd Ks] and won ($0.78) with a pair of Kings
Seat 3: Dorex2007 folded before Flop (didn't bet)
Seat 4: flacoboris (button) folded before Flop (didn't bet)
Seat 5: MS45MS (small blind) folded before Flop
Seat 6: tincho-cba45 (big blind) mucked [Qc 4c]
Seat 7: Kidmono folded before Flop (didn't bet)
Seat 8: tutanpoker folded on the Flop
Seat 9: zeiko folded before Flop (didn't bet)



PokerStars Hand #223631029011:  Hold'em No Limit ($0.01/$0.02 USD) - 2021/02/09 17:15:53 PT [2021/02/09 20:15:53 ET]
Table 'Camilla V' 9-max Seat #5 is the button
Seat 1: TeeSe9 ($2.22 in chips) 
Seat 2: Nitrous1337 ($2.65 in chips) 
Seat 3: Dorex2007 ($1.19 in chips) 
Seat 4: flacoboris ($2.16 in chips) 
Seat 5: MS45MS ($1.59 in chips) 
Seat 6: tincho-cba45 ($0.82 in chips) 
Seat 7: Kidmono ($2.64 in chips) 
Seat 8: tutanpoker ($2 in chips) 
Seat 9: zeiko ($2 in chips) 
tincho-cba45: posts small blind $0.01
Kidmono: posts big blind $0.02
*** HOLE CARDS ***
Dealt to Dorex2007 [As Jh]
tutanpoker has timed out
tutanpoker: folds 
zeiko: folds 
TeeSe9: folds 
Nitrous1337: folds 
Dorex2007: raises $0.04 to $0.06
flacoboris: folds 
MS45MS: folds 
tincho-cba45: folds 
Kidmono: calls $0.04
*** FLOP *** [2c 3s 4d]
Kidmono: checks 
Dorex2007: bets $0.13
Kidmono: folds 
Uncalled bet ($0.13) returned to Dorex2007
Dorex2007 collected $0.13 from pot
Dorex2007: doesn't show hand 
*** SUMMARY ***
Total pot $0.13 | Rake $0 
Board [2c 3s 4d]
Seat 1: TeeSe9 folded before Flop (didn't bet)
Seat 2: Nitrous1337 folded before Flop (didn't bet)
Seat 3: Dorex2007 collected ($0.13)
Seat 4: flacoboris folded before Flop (didn't bet)
Seat 5: MS45MS (button) folded before Flop (didn't bet)
Seat 6: tincho-cba45 (small blind) folded before Flop
Seat 7: Kidmono (big blind) folded on the Flop
Seat 8: tutanpoker folded before Flop (didn't bet)
Seat 9: zeiko folded before Flop (didn't bet)



PokerStars Hand #223631045515:  Hold'em No Limit ($0.01/$0.02 USD) - 2021/02/09 17:16:38 PT [2021/02/09 20:16:38 ET]
Table 'Camilla V' 9-max Seat #6 is the button
Seat 1: TeeSe9 ($2.22 in chips) 
Seat 2: Nitrous1337 ($2.65 in chips) 
Seat 3: Dorex2007 ($1.26 in chips) 
Seat 4: flacoboris ($2.16 in chips) 
Seat 5: MS45MS ($1.59 in chips) 
Seat 6: tincho-cba45 ($0.81 in chips) 
Seat 7: Kidmono ($2.58 in chips) 
Seat 8: tutanpoker ($2 in chips) 
Seat 9: zeiko ($2 in chips) 
Kidmono: posts small blind $0.01
tutanpoker: posts big blind $0.02
*** HOLE CARDS ***
Dealt to Dorex2007 [6s Jc]
zeiko: folds 
TeeSe9: folds 
zeiko leaves the table
Nitrous1337: calls $0.02
Dorex2007: folds 
flacoboris: folds 
MS45MS: folds 
tincho-cba45: raises $0.07 to $0.09
Kidmono: folds 
tutanpoker has timed out
tutanpoker: folds 
Nitrous1337: folds 
Uncalled bet ($0.07) returned to tincho-cba45
tincho-cba45 collected $0.07 from pot
tincho-cba45: doesn't show hand 
*** SUMMARY ***
Total pot $0.07 | Rake $0 
Seat 1: TeeSe9 folded before Flop (didn't bet)
Seat 2: Nitrous1337 folded before Flop
Seat 3: Dorex2007 folded before Flop (didn't bet)
Seat 4: flacoboris folded before Flop (didn't bet)
Seat 5: MS45MS folded before Flop (didn't bet)
Seat 6: tincho-cba45 (button) collected ($0.07)
Seat 7: Kidmono (small blind) folded before Flop
Seat 8: tutanpoker (big blind) folded before Flop
Seat 9: zeiko folded before Flop (didn't bet)



PokerStars Hand #223631061788:  Hold'em No Limit ($0.01/$0.02 USD) - 2021/02/09 17:17:23 PT [2021/02/09 20:17:23 ET]
Table 'Camilla V' 9-max Seat #7 is the button
Seat 1: TeeSe9 ($2.22 in chips) 
Seat 2: Nitrous1337 ($2.63 in chips) 
Seat 3: Dorex2007 ($1.26 in chips) 
Seat 4: flacoboris ($2.16 in chips) 
Seat 5: MS45MS ($1.59 in chips) 
Seat 6: tincho-cba45 ($0.86 in chips) 
Seat 7: Kidmono ($2.57 in chips) 
TeeSe9: posts small blind $0.01
Nitrous1337: posts big blind $0.02
*** HOLE CARDS ***
Dealt to Dorex2007 [Jh 9c]
Dorex2007: folds 
flacoboris: folds 
MS45MS: folds 
kostych575 joins the table at seat #9 
tincho-cba45: raises $0.02 to $0.04
Kidmono: folds 
TeeSe9: folds 
Nitrous1337: calls $0.02
*** FLOP *** [Ks Jd 7h]
Nitrous1337: checks 
tincho-cba45: checks 
*** TURN *** [Ks Jd 7h] [Jc]
Nitrous1337: checks 
tincho-cba45: checks 
*** RIVER *** [Ks Jd 7h Jc] [Ah]
Nitrous1337: checks 
tincho-cba45: checks 
*** SHOW DOWN ***
Nitrous1337: shows [5c 7c] (two pair, Jacks and Sevens)
tincho-cba45: shows [Ad 7s] (two pair, Aces and Jacks)
tincho-cba45 collected $0.09 from pot
*** SUMMARY ***
Total pot $0.09 | Rake $0 
Board [Ks Jd 7h Jc Ah]
Seat 1: TeeSe9 (small blind) folded before Flop
Seat 2: Nitrous1337 (big blind) showed [5c 7c] and lost with two pair, Jacks and Sevens
Seat 3: Dorex2007 folded before Flop (didn't bet)
Seat 4: flacoboris folded before Flop (didn't bet)
Seat 5: MS45MS folded before Flop (didn't bet)
Seat 6: tincho-cba45 showed [Ad 7s] and won ($0.09) with two pair, Aces and Jacks
Seat 7: Kidmono (button) folded before Flop (didn't bet)



PokerStars Hand #223631076861:  Hold'em No Limit ($0.01/$0.02 USD) - 2021/02/09 17:18:04 PT [2021/02/09 20:18:04 ET]
Table 'Camilla V' 9-max Seat #1 is the button
Seat 1: TeeSe9 ($2.21 in chips) 
Seat 2: Nitrous1337 ($2.59 in chips) 
Seat 3: Dorex2007 ($1.26 in chips) 
Seat 4: flacoboris ($2.16 in chips) 
Seat 5: MS45MS ($1.59 in chips) 
Seat 6: tincho-cba45 ($0.91 in chips) 
Seat 7: Kidmono ($2.57 in chips) 
Nitrous1337: posts small blind $0.01
Dorex2007: posts big blind $0.02
kostych575: sits out 
*** HOLE CARDS ***
Dealt to Dorex2007 [8c 2d]
flacoboris: folds 
MS45MS: folds 
tincho-cba45: calls $0.02
Kidmono: folds 
TeeSe9 has timed out
TeeSe9: folds 
Nitrous1337: folds 
Dorex2007: checks 
*** FLOP *** [4d 8d 2s]
Dorex2007: checks 
tincho-cba45: checks 
*** TURN *** [4d 8d 2s] [Qs]
Dorex2007: bets $0.05
tincho-cba45: calls $0.05
*** RIVER *** [4d 8d 2s Qs] [Ah]
Dorex2007: bets $0.14
tincho-cba45: calls $0.14
*** SHOW DOWN ***
Dorex2007: shows [8c 2d] (two pair, Eights and Deuces)
tincho-cba45: mucks hand 
Dorex2007 collected $0.41 from pot
*** SUMMARY ***
Total pot $0.43 | Rake $0.02 
Board [4d 8d 2s Qs Ah]
Seat 1: TeeSe9 (button) folded before Flop (didn't bet)
Seat 2: Nitrous1337 (small blind) folded before Flop
Seat 3: Dorex2007 (big blind) showed [8c 2d] and won ($0.41) with two pair, Eights and Deuces
Seat 4: flacoboris folded before Flop (didn't bet)
Seat 5: MS45MS folded before Flop (didn't bet)
Seat 6: tincho-cba45 mucked [Ac 6h]
Seat 7: Kidmono folded before Flop (didn't bet)



PokerStars Hand #223631097645:  Hold'em No Limit ($0.01/$0.02 USD) - 2021/02/09 17:19:01 PT [2021/02/09 20:19:01 ET]
Table 'Camilla V' 9-max Seat #2 is the button
Seat 1: TeeSe9 ($2.21 in chips) 
Seat 2: Nitrous1337 ($2.58 in chips) 
Seat 3: Dorex2007 ($1.46 in chips) 
Seat 4: flacoboris ($2.16 in chips) 
Seat 5: MS45MS ($1.59 in chips) 
Seat 6: tincho-cba45 ($0.70 in chips) 
Seat 7: Kidmono ($2.57 in chips) 
Seat 9: kostych575 ($1.80 in chips) 
Dorex2007: posts small blind $0.01
flacoboris: posts big blind $0.02
tutanpoker: sits out 
kostych575: posts big blind $0.02
*** HOLE CARDS ***
Dealt to Dorex2007 [4d Ah]
MS45MS: folds 
tincho-cba45: raises $0.07 to $0.09
Kidmono: folds 
kostych575: folds 
TeeSe9: folds 
Nitrous1337: folds 
Dorex2007: folds 
flacoboris: folds 
Uncalled bet ($0.07) returned to tincho-cba45
tincho-cba45 collected $0.07 from pot
tincho-cba45: doesn't show hand 
*** SUMMARY ***
Total pot $0.07 | Rake $0 
Seat 1: TeeSe9 folded before Flop (didn't bet)
Seat 2: Nitrous1337 (button) folded before Flop (didn't bet)
Seat 3: Dorex2007 (small blind) folded before Flop
Seat 4: flacoboris (big blind) folded before Flop
Seat 5: MS45MS folded before Flop (didn't bet)
Seat 6: tincho-cba45 collected ($0.07)
Seat 7: Kidmono folded before Flop (didn't bet)
Seat 9: kostych575 folded before Flop (didn't bet)



PokerStars Hand #223631107037:  Hold'em No Limit ($0.01/$0.02 USD) - 2021/02/09 17:19:27 PT [2021/02/09 20:19:27 ET]
Table 'Camilla V' 9-max Seat #3 is the button
Seat 1: TeeSe9 ($2.21 in chips) 
Seat 2: Nitrous1337 ($2.58 in chips) 
Seat 3: Dorex2007 ($1.45 in chips) 
Seat 4: flacoboris ($2.14 in chips) 
Seat 5: MS45MS ($1.59 in chips) 
Seat 6: tincho-cba45 ($0.75 in chips) 
Seat 7: Kidmono ($2.57 in chips) 
Seat 9: kostych575 ($1.78 in chips) 
flacoboris: posts small blind $0.01
MS45MS: posts big blind $0.02
tutanpoker: sits out 
*** HOLE CARDS ***
Dealt to Dorex2007 [7h 8s]
tincho-cba45: folds 
Kidmono: folds 
kostych575: folds 
TeeSe9: folds 
Nitrous1337: raises $0.05 to $0.07
Dorex2007: folds 
flacoboris: folds 
MS45MS: folds 
Uncalled bet ($0.05) returned to Nitrous1337
Nitrous1337 collected $0.05 from pot
Nitrous1337: doesn't show hand 
*** SUMMARY ***
Total pot $0.05 | Rake $0 
Seat 1: TeeSe9 folded before Flop (didn't bet)
Seat 2: Nitrous1337 collected ($0.05)
Seat 3: Dorex2007 (button) folded before Flop (didn't bet)
Seat 4: flacoboris (small blind) folded before Flop
Seat 5: MS45MS (big blind) folded before Flop
Seat 6: tincho-cba45 folded before Flop (didn't bet)
Seat 7: Kidmono folded before Flop (didn't bet)
Seat 9: kostych575 folded before Flop (didn't bet)



PokerStars Hand #223631113062:  Hold'em No Limit ($0.01/$0.02 USD) - 2021/02/09 17:19:43 PT [2021/02/09 20:19:43 ET]
Table 'Camilla V' 9-max Seat #4 is the button
Seat 1: TeeSe9 ($2.21 in chips) 
Seat 2: Nitrous1337 ($2.61 in chips) 
Seat 3: Dorex2007 ($1.45 in chips) 
Seat 4: flacoboris ($2.13 in chips) 
Seat 5: MS45MS ($1.57 in chips) 
Seat 6: tincho-cba45 ($0.75 in chips) 
Seat 7: Kidmono ($2.57 in chips) 
Seat 9: kostych575 ($1.78 in chips) 
MS45MS: posts small blind $0.01
tincho-cba45: posts big blind $0.02
tutanpoker: sits out 
*** HOLE CARDS ***
Dealt to Dorex2007 [4c 8d]
Kidmono: folds 
kostych575: folds 
TeeSe9: folds 
Nitrous1337: folds 
Dorex2007: folds 
flacoboris: folds 
MS45MS: folds 
Uncalled bet ($0.01) returned to tincho-cba45
tincho-cba45 collected $0.02 from pot
tincho-cba45: doesn't show hand 
*** SUMMARY ***
Total pot $0.02 | Rake $0 
Seat 1: TeeSe9 folded before Flop (didn't bet)
Seat 2: Nitrous1337 folded before Flop (didn't bet)
Seat 3: Dorex2007 folded before Flop (didn't bet)
Seat 4: flacoboris (button) folded before Flop (didn't bet)
Seat 5: MS45MS (small blind) folded before Flop
Seat 6: tincho-cba45 (big blind) collected ($0.02)
Seat 7: Kidmono folded before Flop (didn't bet)
Seat 9: kostych575 folded before Flop (didn't bet)



PokerStars Hand #223631119550:  Hold'em No Limit ($0.01/$0.02 USD) - 2021/02/09 17:20:01 PT [2021/02/09 20:20:01 ET]
Table 'Camilla V' 9-max Seat #5 is the button
Seat 1: TeeSe9 ($2.21 in chips) 
Seat 2: Nitrous1337 ($2.61 in chips) 
Seat 3: Dorex2007 ($1.45 in chips) 
Seat 4: flacoboris ($2.13 in chips) 
Seat 5: MS45MS ($1.56 in chips) 
Seat 6: tincho-cba45 ($0.76 in chips) 
Seat 7: Kidmono ($2.57 in chips) 
Seat 9: kostych575 ($1.78 in chips) 
tincho-cba45: posts small blind $0.01
Kidmono: posts big blind $0.02
tutanpoker: sits out 
*** HOLE CARDS ***
Dealt to Dorex2007 [Qc 8s]
kostych575: raises $0.02 to $0.04
TeeSe9: folds 
Nitrous1337: calls $0.04
Dorex2007: folds 
flacoboris: folds 
MS45MS: folds 
tincho-cba45: calls $0.03
Kidmono: calls $0.02
*** FLOP *** [3c 7h 4h]
tincho-cba45: checks 
Kidmono: checks 
kostych575: bets $0.06
Nitrous1337: calls $0.06
tincho-cba45: calls $0.06
Kidmono: calls $0.06
*** TURN *** [3c 7h 4h] [Kd]
tincho-cba45: checks 
Kidmono: checks 
kostych575: checks 
Nitrous1337: checks 
*** RIVER *** [3c 7h 4h Kd] [5s]
tincho-cba45: checks 
Kidmono: checks 
kostych575: checks 
Nitrous1337: checks 
*** SHOW DOWN ***
tincho-cba45: shows [8c 9d] (high card King)
Kidmono: shows [3s 6s] (a straight, Three to Seven)
kostych575: mucks hand 
Nitrous1337: mucks hand 
Kidmono collected $0.39 from pot
*** SUMMARY ***
Total pot $0.40 | Rake $0.01 
Board [3c 7h 4h Kd 5s]
Seat 1: TeeSe9 folded before Flop (didn't bet)
Seat 2: Nitrous1337 mucked [Kc Js]
Seat 3: Dorex2007 folded before Flop (didn't bet)
Seat 4: flacoboris folded before Flop (didn't bet)
Seat 5: MS45MS (button) folded before Flop (didn't bet)
Seat 6: tincho-cba45 (small blind) showed [8c 9d] and lost with high card King
Seat 7: Kidmono (big blind) showed [3s 6s] and won ($0.39) with a straight, Three to Seven
Seat 9: kostych575 mucked [Jd Jh]



PokerStars Hand #223631160895:  Hold'em No Limit ($0.01/$0.02 USD) - 2021/02/09 17:21:27 PT [2021/02/09 20:21:27 ET]
Table 'Camilla V' 9-max Seat #6 is the button
Seat 1: TeeSe9 ($2.21 in chips) 
Seat 2: Nitrous1337 ($2.51 in chips) 
Seat 3: Dorex2007 ($1.45 in chips) 
Seat 4: flacoboris ($2.13 in chips) 
Seat 5: MS45MS ($1.56 in chips) 
Seat 6: tincho-cba45 ($0.66 in chips) 
Seat 7: Kidmono ($2.86 in chips) 
Seat 8: tutanpoker ($2 in chips) 
Seat 9: kostych575 ($1.68 in chips) 
Kidmono: posts small blind $0.01
tutanpoker: posts big blind $0.02
*** HOLE CARDS ***
Dealt to Dorex2007 [6c Qh]
kostych575: folds 
TeeSe9: folds 
Nitrous1337: folds 
Dorex2007: folds 
flacoboris: folds 
MS45MS: folds 
tincho-cba45: raises $0.05 to $0.07
Kidmono: folds 
tutanpoker: folds 
Uncalled bet ($0.05) returned to tincho-cba45
tincho-cba45 collected $0.05 from pot
tincho-cba45: doesn't show hand 
*** SUMMARY ***
Total pot $0.05 | Rake $0 
Seat 1: TeeSe9 folded before Flop (didn't bet)
Seat 2: Nitrous1337 folded before Flop (didn't bet)
Seat 3: Dorex2007 folded before Flop (didn't bet)
Seat 4: flacoboris folded before Flop (didn't bet)
Seat 5: MS45MS folded before Flop (didn't bet)
Seat 6: tincho-cba45 (button) collected ($0.05)
Seat 7: Kidmono (small blind) folded before Flop
Seat 8: tutanpoker (big blind) folded before Flop
Seat 9: kostych575 folded before Flop (didn't bet)



PokerStars Hand #223631175737:  Hold'em No Limit ($0.01/$0.02 USD) - 2021/02/09 17:22:07 PT [2021/02/09 20:22:07 ET]
Table 'Camilla V' 9-max Seat #7 is the button
Seat 1: TeeSe9 ($2.21 in chips) 
Seat 2: Nitrous1337 ($2.51 in chips) 
Seat 3: Dorex2007 ($1.45 in chips) 
Seat 4: flacoboris ($2.13 in chips) 
Seat 5: MS45MS ($1.56 in chips) 
Seat 6: tincho-cba45 ($0.69 in chips) 
Seat 7: Kidmono ($2.85 in chips) 
Seat 8: tutanpoker ($2 in chips) 
Seat 9: kostych575 ($1.68 in chips) 
tutanpoker: posts small blind $0.01
kostych575: posts big blind $0.02
*** HOLE CARDS ***
Dealt to Dorex2007 [9c Kc]
TeeSe9: folds 
Nitrous1337: folds 
Dorex2007: folds 
flacoboris: folds 
MS45MS: folds 
tincho-cba45: raises $0.02 to $0.04
Kidmono: calls $0.04
tutanpoker: calls $0.03
kostych575: folds 
*** FLOP *** [8s Ks Js]
tutanpoker: checks 
tincho-cba45: checks 
Kidmono: checks 
*** TURN *** [8s Ks Js] [Qs]
tutanpoker: checks 
tincho-cba45: checks 
Kidmono: checks 
*** RIVER *** [8s Ks Js Qs] [Kh]
tutanpoker: checks 
tincho-cba45: checks 
Kidmono: checks 
*** SHOW DOWN ***
tutanpoker: shows [2d 5d] (a pair of Kings)
tincho-cba45: shows [6d 2s] (a flush, King high)
Kidmono: mucks hand 
tincho-cba45 collected $0.14 from pot
*** SUMMARY ***
Total pot $0.14 | Rake $0 
Board [8s Ks Js Qs Kh]
Seat 1: TeeSe9 folded before Flop (didn't bet)
Seat 2: Nitrous1337 folded before Flop (didn't bet)
Seat 3: Dorex2007 folded before Flop (didn't bet)
Seat 4: flacoboris folded before Flop (didn't bet)
Seat 5: MS45MS folded before Flop (didn't bet)
Seat 6: tincho-cba45 showed [6d 2s] and won ($0.14) with a flush, King high
Seat 7: Kidmono (button) mucked [4d Ac]
Seat 8: tutanpoker (small blind) showed [2d 5d] and lost with a pair of Kings
Seat 9: kostych575 (big blind) folded before Flop



PokerStars Hand #223631271750:  Hold'em No Limit ($0.01/$0.02 USD) - 2021/02/09 17:26:11 PT [2021/02/09 20:26:11 ET]
Table 'Camilla V' 9-max Seat #4 is the button
Seat 1: TeeSe9 ($2.18 in chips) 
Seat 2: Nitrous1337 ($2.62 in chips) 
Seat 3: Dorex2007 ($1.45 in chips) 
Seat 4: flacoboris ($2.10 in chips) 
Seat 5: MS45MS ($1.54 in chips) 
Seat 6: tincho-cba45 ($0.92 in chips) 
Seat 7: Kidmono ($2.84 in chips) 
Seat 8: tutanpoker ($2 in chips) 
Seat 9: kostych575 ($1.65 in chips) 
MS45MS: posts small blind $0.01
tincho-cba45: posts big blind $0.02
Dorex2007: posts small & big blinds $0.03
*** HOLE CARDS ***
Dealt to Dorex2007 [4c 2c]
Kidmono: folds 
tutanpoker: raises $0.04 to $0.06
kostych575: folds 
TeeSe9: folds 
Nitrous1337: folds 
Dorex2007: folds 
flacoboris: folds 
MS45MS: folds 
tincho-cba45: calls $0.04
*** FLOP *** [Ah Js Jh]
tincho-cba45: checks 
tutanpoker: checks 
*** TURN *** [Ah Js Jh] [Ac]
tincho-cba45: checks 
tutanpoker: checks 
*** RIVER *** [Ah Js Jh Ac] [Jc]
tincho-cba45: checks 
tutanpoker: checks 
*** SHOW DOWN ***
tincho-cba45: shows [8c 5s] (a full house, Jacks full of Aces)
tutanpoker: shows [Tc 7c] (a full house, Jacks full of Aces)
tincho-cba45 collected $0.08 from pot
tutanpoker collected $0.07 from pot
*** SUMMARY ***
Total pot $0.16 | Rake $0.01 
Board [Ah Js Jh Ac Jc]
Seat 1: TeeSe9 folded before Flop (didn't bet)
Seat 2: Nitrous1337 folded before Flop (didn't bet)
Seat 3: Dorex2007 folded before Flop (didn't bet)
Seat 4: flacoboris (button) folded before Flop (didn't bet)
Seat 5: MS45MS (small blind) folded before Flop
Seat 6: tincho-cba45 (big blind) showed [8c 5s] and won ($0.08) with a full house, Jacks full of Aces
Seat 7: Kidmono folded before Flop (didn't bet)
Seat 8: tutanpoker showed [Tc 7c] and won ($0.07) with a full house, Jacks full of Aces
Seat 9: kostych575 folded before Flop (didn't bet)



PokerStars Hand #223631293313:  Hold'em No Limit ($0.01/$0.02 USD) - 2021/02/09 17:27:11 PT [2021/02/09 20:27:11 ET]
Table 'Camilla V' 9-max Seat #5 is the button
Seat 1: TeeSe9 ($2.18 in chips) 
Seat 2: Nitrous1337 ($2.62 in chips) 
Seat 3: Dorex2007 ($1.42 in chips) 
Seat 4: flacoboris ($2.10 in chips) 
Seat 5: MS45MS ($1.53 in chips) 
Seat 6: tincho-cba45 ($0.94 in chips) 
Seat 7: Kidmono ($2.84 in chips) 
Seat 8: tutanpoker ($2.01 in chips) 
Seat 9: kostych575 ($1.65 in chips) 
tincho-cba45: posts small blind $0.01
Kidmono: posts big blind $0.02
*** HOLE CARDS ***
Dealt to Dorex2007 [5c Qh]
tutanpoker has timed out
tutanpoker: folds 
kostych575: folds 
TeeSe9: folds 
Nitrous1337: folds 
Dorex2007: folds 
flacoboris: folds 
MS45MS: calls $0.02
tincho-cba45: calls $0.01
Kidmono: checks 
*** FLOP *** [Jd 4s Qc]
tincho-cba45: checks 
Kidmono: bets $0.06
MS45MS: folds 
tincho-cba45: calls $0.06
*** TURN *** [Jd 4s Qc] [4d]
tincho-cba45: checks 
Kidmono: checks 
*** RIVER *** [Jd 4s Qc 4d] [8c]
tincho-cba45: bets $0.16
Kidmono: folds 
Uncalled bet ($0.16) returned to tincho-cba45
tincho-cba45 collected $0.17 from pot
tincho-cba45: doesn't show hand 
*** SUMMARY ***
Total pot $0.18 | Rake $0.01 
Board [Jd 4s Qc 4d 8c]
Seat 1: TeeSe9 folded before Flop (didn't bet)
Seat 2: Nitrous1337 folded before Flop (didn't bet)
Seat 3: Dorex2007 folded before Flop (didn't bet)
Seat 4: flacoboris folded before Flop (didn't bet)
Seat 5: MS45MS (button) folded on the Flop
Seat 6: tincho-cba45 (small blind) collected ($0.17)
Seat 7: Kidmono (big blind) folded on the River
Seat 8: tutanpoker folded before Flop (didn't bet)
Seat 9: kostych575 folded before Flop (didn't bet)



PokerStars Hand #223631313485:  Hold'em No Limit ($0.01/$0.02 USD) - 2021/02/09 17:28:08 PT [2021/02/09 20:28:08 ET]
Table 'Camilla V' 9-max Seat #6 is the button
Seat 1: TeeSe9 ($2.18 in chips) 
Seat 2: Nitrous1337 ($2.62 in chips) 
Seat 3: Dorex2007 ($1.42 in chips) 
Seat 4: flacoboris ($2.10 in chips) 
Seat 5: MS45MS ($1.51 in chips) 
Seat 6: tincho-cba45 ($1.03 in chips) 
Seat 7: Kidmono ($2.76 in chips) 
Seat 9: kostych575 ($1.65 in chips) 
Kidmono: posts small blind $0.01
kostych575: posts big blind $0.02
*** HOLE CARDS ***
Dealt to Dorex2007 [Kc 8h]
TeeSe9: folds 
Nitrous1337: folds 
Dorex2007: folds 
flacoboris: folds 
MS45MS: folds 
tincho-cba45: folds 
Kidmono: folds 
Uncalled bet ($0.01) returned to kostych575
kostych575 collected $0.02 from pot
kostych575: doesn't show hand 
*** SUMMARY ***
Total pot $0.02 | Rake $0 
Seat 1: TeeSe9 folded before Flop (didn't bet)
Seat 2: Nitrous1337 folded before Flop (didn't bet)
Seat 3: Dorex2007 folded before Flop (didn't bet)
Seat 4: flacoboris folded before Flop (didn't bet)
Seat 5: MS45MS folded before Flop (didn't bet)
Seat 6: tincho-cba45 (button) folded before Flop (didn't bet)
Seat 7: Kidmono (small blind) folded before Flop
Seat 9: kostych575 (big blind) collected ($0.02)



PokerStars Hand #223631325466:  Hold'em No Limit ($0.01/$0.02 USD) - 2021/02/09 17:28:41 PT [2021/02/09 20:28:41 ET]
Table 'Camilla V' 9-max Seat #7 is the button
Seat 1: TeeSe9 ($2.18 in chips) 
Seat 2: Nitrous1337 ($2.62 in chips) 
Seat 3: Dorex2007 ($1.42 in chips) 
Seat 4: flacoboris ($2.10 in chips) 
Seat 5: MS45MS ($1.51 in chips) 
Seat 6: tincho-cba45 ($1.03 in chips) 
Seat 7: Kidmono ($2.75 in chips) 
Seat 9: kostych575 ($1.66 in chips) 
kostych575: posts small blind $0.01
TeeSe9: posts big blind $0.02
*** HOLE CARDS ***
Dealt to Dorex2007 [Ad 7d]
Nitrous1337: calls $0.02
Dorex2007: folds 
flacoboris: folds 
MS45MS: folds 
tincho-cba45: folds 
Kidmono: raises $0.12 to $0.14
kostych575: calls $0.13
TeeSe9: folds 
Nitrous1337: folds 
*** FLOP *** [3d Qh Kc]
kostych575: checks 
Kidmono: bets $0.16
kostych575: folds 
Uncalled bet ($0.16) returned to Kidmono
Kidmono collected $0.31 from pot
Kidmono: doesn't show hand 
*** SUMMARY ***
Total pot $0.32 | Rake $0.01 
Board [3d Qh Kc]
Seat 1: TeeSe9 (big blind) folded before Flop
Seat 2: Nitrous1337 folded before Flop
Seat 3: Dorex2007 folded before Flop (didn't bet)
Seat 4: flacoboris folded before Flop (didn't bet)
Seat 5: MS45MS folded before Flop (didn't bet)
Seat 6: tincho-cba45 folded before Flop (didn't bet)
Seat 7: Kidmono (button) collected ($0.31)
Seat 9: kostych575 (small blind) folded on the Flop



PokerStars Hand #223631348414:  Hold'em No Limit ($0.01/$0.02 USD) - 2021/02/09 17:29:45 PT [2021/02/09 20:29:45 ET]
Table 'Camilla V' 9-max Seat #9 is the button
Seat 1: TeeSe9 ($2.16 in chips) 
Seat 2: Nitrous1337 ($2.60 in chips) 
Seat 3: Dorex2007 ($1.42 in chips) 
Seat 4: flacoboris ($2.10 in chips) 
Seat 5: MS45MS ($1.51 in chips) 
Seat 6: tincho-cba45 ($1.03 in chips) 
Seat 7: Kidmono ($2.92 in chips) 
Seat 9: kostych575 ($1.52 in chips) 
TeeSe9: posts small blind $0.01
Nitrous1337: posts big blind $0.02
*** HOLE CARDS ***
Dealt to Dorex2007 [Kd As]
Dorex2007: raises $0.04 to $0.06
flacoboris: folds 
MS45MS: folds 
tincho-cba45: folds 
Kidmono: folds 
kostych575: folds 
TeeSe9: folds 
Nitrous1337: folds 
Uncalled bet ($0.04) returned to Dorex2007
Dorex2007 collected $0.05 from pot
Dorex2007: doesn't show hand 
*** SUMMARY ***
Total pot $0.05 | Rake $0 
Seat 1: TeeSe9 (small blind) folded before Flop
Seat 2: Nitrous1337 (big blind) folded before Flop
Seat 3: Dorex2007 collected ($0.05)
Seat 4: flacoboris folded before Flop (didn't bet)
Seat 5: MS45MS folded before Flop (didn't bet)
Seat 6: tincho-cba45 folded before Flop (didn't bet)
Seat 7: Kidmono folded before Flop (didn't bet)
Seat 9: kostych575 (button) folded before Flop (didn't bet)



PokerStars Hand #223631360254:  Hold'em No Limit ($0.01/$0.02 USD) - 2021/02/09 17:30:18 PT [2021/02/09 20:30:18 ET]
Table 'Camilla V' 9-max Seat #1 is the button
Seat 1: TeeSe9 ($2.15 in chips) 
Seat 2: Nitrous1337 ($2.58 in chips) 
Seat 3: Dorex2007 ($1.45 in chips) 
Seat 4: flacoboris ($2.10 in chips) 
Seat 5: MS45MS ($1.51 in chips) 
Seat 6: tincho-cba45 ($1.03 in chips) 
Seat 7: Kidmono ($2.92 in chips) 
Seat 9: kostych575 ($1.52 in chips) 
Nitrous1337: posts small blind $0.01
Dorex2007: posts big blind $0.02
*** HOLE CARDS ***
Dealt to Dorex2007 [Jh 8s]
flacoboris: folds 
MS45MS: folds 
tincho-cba45 has timed out
tincho-cba45: folds 
Kidmono: folds 
kostych575: folds 
TeeSe9: raises $0.04 to $0.06
Nitrous1337: folds 
Dorex2007: folds 
Uncalled bet ($0.04) returned to TeeSe9
TeeSe9 collected $0.05 from pot
TeeSe9: doesn't show hand 
*** SUMMARY ***
Total pot $0.05 | Rake $0 
Seat 1: TeeSe9 (button) collected ($0.05)
Seat 2: Nitrous1337 (small blind) folded before Flop
Seat 3: Dorex2007 (big blind) folded before Flop
Seat 4: flacoboris folded before Flop (didn't bet)
Seat 5: MS45MS folded before Flop (didn't bet)
Seat 6: tincho-cba45 folded before Flop (didn't bet)
Seat 7: Kidmono folded before Flop (didn't bet)
Seat 9: kostych575 folded before Flop (didn't bet)



PokerStars Hand #223631368850:  Hold'em No Limit ($0.01/$0.02 USD) - 2021/02/09 17:30:42 PT [2021/02/09 20:30:42 ET]
Table 'Camilla V' 9-max Seat #2 is the button
Seat 1: TeeSe9 ($2.18 in chips) 
Seat 2: Nitrous1337 ($2.57 in chips) 
Seat 3: Dorex2007 ($1.43 in chips) 
Seat 4: flacoboris ($2.10 in chips) 
Seat 5: MS45MS ($1.51 in chips) 
Seat 6: tincho-cba45 ($1.03 in chips) 
Seat 7: Kidmono ($2.92 in chips) 
Seat 8: tutanpoker ($2.01 in chips) 
Seat 9: kostych575 ($1.52 in chips) 
Dorex2007: posts small blind $0.01
flacoboris: posts big blind $0.02
tutanpoker: posts small & big blinds $0.03
*** HOLE CARDS ***
Dealt to Dorex2007 [2c Td]
MS45MS: folds 
tincho-cba45: calls $0.02
Kidmono has timed out
Kidmono: folds 
tutanpoker: checks 
kostych575: folds 
TeeSe9: folds 
Nitrous1337: calls $0.02
Dorex2007: folds 
flacoboris: raises $0.03 to $0.05
tincho-cba45: raises $0.16 to $0.21
tutanpoker: folds 
Nitrous1337: folds 
flacoboris: folds 
Uncalled bet ($0.16) returned to tincho-cba45
tincho-cba45 collected $0.16 from pot
tincho-cba45: doesn't show hand 
*** SUMMARY ***
Total pot $0.16 | Rake $0 
Seat 1: TeeSe9 folded before Flop (didn't bet)
Seat 2: Nitrous1337 (button) folded before Flop
Seat 3: Dorex2007 (small blind) folded before Flop
Seat 4: flacoboris (big blind) folded before Flop
Seat 5: MS45MS folded before Flop (didn't bet)
Seat 6: tincho-cba45 collected ($0.16)
Seat 7: Kidmono folded before Flop (didn't bet)
Seat 8: tutanpoker folded before Flop (didn't bet)
Seat 9: kostych575 folded before Flop (didn't bet)



PokerStars Hand #223631383178:  Hold'em No Limit ($0.01/$0.02 USD) - 2021/02/09 17:31:21 PT [2021/02/09 20:31:21 ET]
Table 'Camilla V' 9-max Seat #3 is the button
Seat 1: TeeSe9 ($2.18 in chips) 
Seat 2: Nitrous1337 ($2.55 in chips) 
Seat 3: Dorex2007 ($1.42 in chips) 
Seat 4: flacoboris ($2.05 in chips) 
Seat 5: MS45MS ($1.51 in chips) 
Seat 6: tincho-cba45 ($1.14 in chips) 
Seat 7: Kidmono ($2.92 in chips) 
Seat 8: tutanpoker ($2 in chips) 
Seat 9: kostych575 ($1.52 in chips) 
flacoboris: posts small blind $0.01
MS45MS: posts big blind $0.02
*** HOLE CARDS ***
Dealt to Dorex2007 [Qd 6s]
tincho-cba45: folds 
Kidmono: folds 
tutanpoker: folds 
kostych575: folds 
TeeSe9: folds 
Nitrous1337: calls $0.02
Dorex2007: folds 
flacoboris: folds 
MS45MS: raises $0.04 to $0.06
Nitrous1337: calls $0.04
*** FLOP *** [Kh Tc 5h]
MS45MS: bets $0.08
Nitrous1337: calls $0.08
*** TURN *** [Kh Tc 5h] [6h]
MS45MS: bets $0.08
Nitrous1337: calls $0.08
*** RIVER *** [Kh Tc 5h 6h] [5s]
MS45MS: bets $0.43
Nitrous1337: folds 
Uncalled bet ($0.43) returned to MS45MS
MS45MS collected $0.43 from pot
MS45MS: doesn't show hand 
*** SUMMARY ***
Total pot $0.45 | Rake $0.02 
Board [Kh Tc 5h 6h 5s]
Seat 1: TeeSe9 folded before Flop (didn't bet)
Seat 2: Nitrous1337 folded on the River
Seat 3: Dorex2007 (button) folded before Flop (didn't bet)
Seat 4: flacoboris (small blind) folded before Flop
Seat 5: MS45MS (big blind) collected ($0.43)
Seat 6: tincho-cba45 folded before Flop (didn't bet)
Seat 7: Kidmono folded before Flop (didn't bet)
Seat 8: tutanpoker folded before Flop (didn't bet)
Seat 9: kostych575 folded before Flop (didn't bet)



PokerStars Hand #223631401435:  Hold'em No Limit ($0.01/$0.02 USD) - 2021/02/09 17:32:12 PT [2021/02/09 20:32:12 ET]
Table 'Camilla V' 9-max Seat #4 is the button
Seat 1: TeeSe9 ($2.18 in chips) 
Seat 2: Nitrous1337 ($2.33 in chips) 
Seat 3: Dorex2007 ($1.42 in chips) 
Seat 4: flacoboris ($2.04 in chips) 
Seat 5: MS45MS ($1.72 in chips) 
Seat 6: tincho-cba45 ($1.14 in chips) 
Seat 7: Kidmono ($2.92 in chips) 
Seat 8: tutanpoker ($2 in chips) 
Seat 9: kostych575 ($1.52 in chips) 
MS45MS: posts small blind $0.01
tincho-cba45: posts big blind $0.02
*** HOLE CARDS ***
Dealt to Dorex2007 [4d 8c]
Kidmono has timed out
Kidmono: folds 
tutanpoker: folds 
kostych575: folds 
TeeSe9: folds 
Nitrous1337: folds 
Dorex2007: folds 
flacoboris: folds 
MS45MS: raises $0.04 to $0.06
tincho-cba45: calls $0.04
*** FLOP *** [Th 5h Td]
MS45MS: bets $0.06
tincho-cba45: folds 
Uncalled bet ($0.06) returned to MS45MS
MS45MS collected $0.12 from pot
MS45MS: doesn't show hand 
*** SUMMARY ***
Total pot $0.12 | Rake $0 
Board [Th 5h Td]
Seat 1: TeeSe9 folded before Flop (didn't bet)
Seat 2: Nitrous1337 folded before Flop (didn't bet)
Seat 3: Dorex2007 folded before Flop (didn't bet)
Seat 4: flacoboris (button) folded before Flop (didn't bet)
Seat 5: MS45MS (small blind) collected ($0.12)
Seat 6: tincho-cba45 (big blind) folded on the Flop
Seat 7: Kidmono folded before Flop (didn't bet)
Seat 8: tutanpoker folded before Flop (didn't bet)
Seat 9: kostych575 folded before Flop (didn't bet)



PokerStars Hand #223631413897:  Hold'em No Limit ($0.01/$0.02 USD) - 2021/02/09 17:32:47 PT [2021/02/09 20:32:47 ET]
Table 'Camilla V' 9-max Seat #5 is the button
Seat 1: TeeSe9 ($2.18 in chips) 
Seat 2: Nitrous1337 ($2.33 in chips) 
Seat 3: Dorex2007 ($1.42 in chips) 
Seat 4: flacoboris ($2.04 in chips) 
Seat 5: MS45MS ($1.78 in chips) 
Seat 6: tincho-cba45 ($1.08 in chips) 
Seat 7: Kidmono ($2.92 in chips) 
Seat 8: tutanpoker ($2 in chips) 
Seat 9: kostych575 ($1.52 in chips) 
tincho-cba45: posts small blind $0.01
Kidmono: posts big blind $0.02
*** HOLE CARDS ***
Dealt to Dorex2007 [Tc 3s]
tutanpoker: raises $0.04 to $0.06
kostych575: folds 
TeeSe9: calls $0.06
Nitrous1337: folds 
Dorex2007: folds 
flacoboris: folds 
MS45MS: folds 
tincho-cba45: calls $0.05
Kidmono: folds 
*** FLOP *** [9c 8s 9h]
tincho-cba45: checks 
tutanpoker: checks 
TeeSe9: bets $0.06
tincho-cba45: calls $0.06
tutanpoker has timed out
tutanpoker: folds 
*** TURN *** [9c 8s 9h] [Kc]
tincho-cba45: checks 
TeeSe9: checks 
*** RIVER *** [9c 8s 9h Kc] [5h]
tincho-cba45: bets $0.18
TeeSe9: folds 
Uncalled bet ($0.18) returned to tincho-cba45
tincho-cba45 collected $0.31 from pot
tincho-cba45: doesn't show hand 
*** SUMMARY ***
Total pot $0.32 | Rake $0.01 
Board [9c 8s 9h Kc 5h]
Seat 1: TeeSe9 folded on the River
Seat 2: Nitrous1337 folded before Flop (didn't bet)
Seat 3: Dorex2007 folded before Flop (didn't bet)
Seat 4: flacoboris folded before Flop (didn't bet)
Seat 5: MS45MS (button) folded before Flop (didn't bet)
Seat 6: tincho-cba45 (small blind) collected ($0.31)
Seat 7: Kidmono (big blind) folded before Flop
Seat 8: tutanpoker folded on the Flop
Seat 9: kostych575 folded before Flop (didn't bet)



PokerStars Hand #223631452875:  Hold'em No Limit ($0.01/$0.02 USD) - 2021/02/09 17:34:36 PT [2021/02/09 20:34:36 ET]
Table 'Camilla V' 9-max Seat #6 is the button
Seat 1: TeeSe9 ($2.06 in chips) 
Seat 2: Nitrous1337 ($2.33 in chips) 
Seat 3: Dorex2007 ($1.42 in chips) 
Seat 4: flacoboris ($2.04 in chips) 
Seat 5: MS45MS ($1.78 in chips) 
Seat 6: tincho-cba45 ($1.27 in chips) 
Seat 7: Kidmono ($2.90 in chips) 
Seat 9: kostych575 ($1.52 in chips) 
Kidmono: posts small blind $0.01
kostych575: posts big blind $0.02
*** HOLE CARDS ***
Dealt to Dorex2007 [3c 9d]
TeeSe9: folds 
Nitrous1337: calls $0.02
Dorex2007: folds 
flacoboris: raises $0.03 to $0.05
MS45MS: folds 
tincho-cba45: folds 
Kidmono: folds 
kostych575: folds 
Nitrous1337: calls $0.03
*** FLOP *** [5c 9c 2h]
Nitrous1337: checks 
flacoboris: bets $0.06
Nitrous1337: calls $0.06
*** TURN *** [5c 9c 2h] [7d]
Nitrous1337: checks 
flacoboris: checks 
*** RIVER *** [5c 9c 2h 7d] [Kd]
Nitrous1337: checks 
flacoboris: checks 
*** SHOW DOWN ***
Nitrous1337: shows [8h 9s] (a pair of Nines)
flacoboris: mucks hand 
Nitrous1337 collected $0.24 from pot
*** SUMMARY ***
Total pot $0.25 | Rake $0.01 
Board [5c 9c 2h 7d Kd]
Seat 1: TeeSe9 folded before Flop (didn't bet)
Seat 2: Nitrous1337 showed [8h 9s] and won ($0.24) with a pair of Nines
Seat 3: Dorex2007 folded before Flop (didn't bet)
Seat 4: flacoboris mucked [Qd As]
Seat 5: MS45MS folded before Flop (didn't bet)
Seat 6: tincho-cba45 (button) folded before Flop (didn't bet)
Seat 7: Kidmono (small blind) folded before Flop
Seat 9: kostych575 (big blind) folded before Flop



PokerStars Hand #223631468063:  Hold'em No Limit ($0.01/$0.02 USD) - 2021/02/09 17:35:19 PT [2021/02/09 20:35:19 ET]
Table 'Camilla V' 9-max Seat #7 is the button
Seat 1: TeeSe9 ($2.06 in chips) 
Seat 2: Nitrous1337 ($2.46 in chips) 
Seat 3: Dorex2007 ($1.42 in chips) 
Seat 4: flacoboris ($2 in chips) 
Seat 5: MS45MS ($1.78 in chips) 
Seat 6: tincho-cba45 ($1.27 in chips) 
Seat 7: Kidmono ($2.89 in chips) 
Seat 9: kostych575 ($1.50 in chips) 
kostych575: posts small blind $0.01
TeeSe9: posts big blind $0.02
*** HOLE CARDS ***
Dealt to Dorex2007 [7c 7h]
Nitrous1337: raises $0.05 to $0.07
Dorex2007: calls $0.07
flacoboris: folds 
MS45MS: folds 
tincho-cba45: folds 
Kidmono: folds 
kostych575: folds 
TeeSe9: folds 
*** FLOP *** [Js 6s Tc]
Nitrous1337: bets $0.08
Dorex2007: calls $0.08
*** TURN *** [Js 6s Tc] [4h]
Nitrous1337: bets $0.12
Dorex2007: folds 
Uncalled bet ($0.12) returned to Nitrous1337
Nitrous1337 collected $0.32 from pot
Nitrous1337: doesn't show hand 
*** SUMMARY ***
Total pot $0.33 | Rake $0.01 
Board [Js 6s Tc 4h]
Seat 1: TeeSe9 (big blind) folded before Flop
Seat 2: Nitrous1337 collected ($0.32)
Seat 3: Dorex2007 folded on the Turn
Seat 4: flacoboris folded before Flop (didn't bet)
Seat 5: MS45MS folded before Flop (didn't bet)
Seat 6: tincho-cba45 folded before Flop (didn't bet)
Seat 7: Kidmono (button) folded before Flop (didn't bet)
Seat 9: kostych575 (small blind) folded before Flop



PokerStars Hand #223631503362:  Hold'em No Limit ($0.01/$0.02 USD) - 2021/02/09 17:36:12 PT [2021/02/09 20:36:12 ET]
Table 'Camilla V' 9-max Seat #9 is the button
Seat 1: TeeSe9 ($2.04 in chips) 
Seat 2: Nitrous1337 ($2.63 in chips) 
Seat 3: Dorex2007 ($1.27 in chips) 
Seat 4: flacoboris ($2 in chips) 
Seat 5: MS45MS ($1.78 in chips) 
Seat 6: tincho-cba45 ($1.27 in chips) 
Seat 7: Kidmono ($2.89 in chips) 
Seat 8: tutanpoker ($2 in chips) 
Seat 9: kostych575 ($1.49 in chips) 
TeeSe9: posts small blind $0.01
Nitrous1337: posts big blind $0.02
tutanpoker: posts small & big blinds $0.03
*** HOLE CARDS ***
Dealt to Dorex2007 [4s Qd]
Dorex2007: folds 
flacoboris: folds 
MS45MS: folds 
tincho-cba45: calls $0.02
Kidmono: calls $0.02
tutanpoker: checks 
kostych575: folds 
TeeSe9: folds 
Nitrous1337: checks 
*** FLOP *** [7h Qs 2h]
Nitrous1337: checks 
tincho-cba45: checks 
Kidmono: checks 
tutanpoker: checks 
*** TURN *** [7h Qs 2h] [6c]
Nitrous1337: checks 
tincho-cba45: checks 
Kidmono: checks 
tutanpoker: checks 
*** RIVER *** [7h Qs 2h 6c] [4d]
Nitrous1337: checks 
tincho-cba45: checks 
Kidmono: checks 
tutanpoker: checks 
*** SHOW DOWN ***
Nitrous1337: shows [Ad 2s] (a pair of Deuces)
tincho-cba45: mucks hand 
Kidmono: mucks hand 
tutanpoker: mucks hand 
Nitrous1337 collected $0.10 from pot
*** SUMMARY ***
Total pot $0.10 | Rake $0 
Board [7h Qs 2h 6c 4d]
Seat 1: TeeSe9 (small blind) folded before Flop
Seat 2: Nitrous1337 (big blind) showed [Ad 2s] and won ($0.10) with a pair of Deuces
Seat 3: Dorex2007 folded before Flop (didn't bet)
Seat 4: flacoboris folded before Flop (didn't bet)
Seat 5: MS45MS folded before Flop (didn't bet)
Seat 6: tincho-cba45 mucked [As 3s]
Seat 7: Kidmono mucked [Kh Th]
Seat 8: tutanpoker mucked [5d Kc]
Seat 9: kostych575 (button) folded before Flop (didn't bet)



PokerStars Hand #223631527386:  Hold'em No Limit ($0.01/$0.02 USD) - 2021/02/09 17:37:20 PT [2021/02/09 20:37:20 ET]
Table 'Camilla V' 9-max Seat #1 is the button
Seat 1: TeeSe9 ($2.03 in chips) 
Seat 2: Nitrous1337 ($2.71 in chips) 
Seat 3: Dorex2007 ($1.27 in chips) 
Seat 4: flacoboris ($2 in chips) 
Seat 5: MS45MS ($1.78 in chips) 
Seat 6: tincho-cba45 ($1.25 in chips) 
Seat 7: Kidmono ($2.87 in chips) 
Seat 8: tutanpoker ($2 in chips) 
Seat 9: kostych575 ($1.49 in chips) 
Nitrous1337: posts small blind $0.01
Dorex2007: posts big blind $0.02
*** HOLE CARDS ***
Dealt to Dorex2007 [7s Ks]
flacoboris: folds 
MS45MS: folds 
tincho-cba45: folds 
Kidmono: folds 
tutanpoker: folds 
kostych575: raises $0.02 to $0.04
TeeSe9: folds 
Nitrous1337: calls $0.03
Dorex2007: calls $0.02
*** FLOP *** [9c 8h 3c]
Nitrous1337: checks 
Dorex2007: checks 
kostych575: bets $0.04
Nitrous1337: folds 
Dorex2007: folds 
Uncalled bet ($0.04) returned to kostych575
kostych575 collected $0.12 from pot
kostych575: doesn't show hand 
*** SUMMARY ***
Total pot $0.12 | Rake $0 
Board [9c 8h 3c]
Seat 1: TeeSe9 (button) folded before Flop (didn't bet)
Seat 2: Nitrous1337 (small blind) folded on the Flop
Seat 3: Dorex2007 (big blind) folded on the Flop
Seat 4: flacoboris folded before Flop (didn't bet)
Seat 5: MS45MS folded before Flop (didn't bet)
Seat 6: tincho-cba45 folded before Flop (didn't bet)
Seat 7: Kidmono folded before Flop (didn't bet)
Seat 8: tutanpoker folded before Flop (didn't bet)
Seat 9: kostych575 collected ($0.12)



PokerStars Hand #223631545724:  Hold'em No Limit ($0.01/$0.02 USD) - 2021/02/09 17:38:12 PT [2021/02/09 20:38:12 ET]
Table 'Camilla V' 9-max Seat #2 is the button
Seat 1: TeeSe9 ($2.03 in chips) 
Seat 2: Nitrous1337 ($2.67 in chips) 
Seat 3: Dorex2007 ($1.23 in chips) 
Seat 4: flacoboris ($2 in chips) 
Seat 5: MS45MS ($1.78 in chips) 
Seat 6: tincho-cba45 ($1.25 in chips) 
Seat 7: Kidmono ($2.87 in chips) 
Seat 8: tutanpoker ($2 in chips) 
Seat 9: kostych575 ($1.57 in chips) 
Dorex2007: posts small blind $0.01
flacoboris: posts big blind $0.02
*** HOLE CARDS ***
Dealt to Dorex2007 [7c 5h]
MS45MS: raises $0.04 to $0.06
tincho-cba45: calls $0.06
Kidmono: folds 
tutanpoker: calls $0.06
kostych575: folds 
TeeSe9: folds 
Nitrous1337: folds 
Dorex2007: folds 
flacoboris: calls $0.04
*** FLOP *** [5c Td 2c]
flacoboris: checks 
MS45MS: checks 
tincho-cba45: bets $0.12
tutanpoker: folds 
flacoboris: calls $0.12
MS45MS: folds 
*** TURN *** [5c Td 2c] [Ah]
flacoboris: checks 
tincho-cba45: bets $0.46
flacoboris: folds 
Uncalled bet ($0.46) returned to tincho-cba45
tincho-cba45 collected $0.47 from pot
tincho-cba45: doesn't show hand 
*** SUMMARY ***
Total pot $0.49 | Rake $0.02 
Board [5c Td 2c Ah]
Seat 1: TeeSe9 folded before Flop (didn't bet)
Seat 2: Nitrous1337 (button) folded before Flop (didn't bet)
Seat 3: Dorex2007 (small blind) folded before Flop
Seat 4: flacoboris (big blind) folded on the Turn
Seat 5: MS45MS folded on the Flop
Seat 6: tincho-cba45 collected ($0.47)
Seat 7: Kidmono folded before Flop (didn't bet)
Seat 8: tutanpoker folded on the Flop
Seat 9: kostych575 folded before Flop (didn't bet)



PokerStars Hand #223631572528:  Hold'em No Limit ($0.01/$0.02 USD) - 2021/02/09 17:39:29 PT [2021/02/09 20:39:29 ET]
Table 'Camilla V' 9-max Seat #3 is the button
Seat 1: TeeSe9 ($2.03 in chips) 
Seat 2: Nitrous1337 ($2.67 in chips) 
Seat 3: Dorex2007 ($1.22 in chips) 
Seat 4: flacoboris ($2 in chips) 
Seat 5: MS45MS ($1.72 in chips) 
Seat 6: tincho-cba45 ($1.54 in chips) 
Seat 7: Kidmono ($2.87 in chips) 
Seat 8: tutanpoker ($2 in chips) 
Seat 9: kostych575 ($1.57 in chips) 
flacoboris: posts small blind $0.01
MS45MS: posts big blind $0.02
*** HOLE CARDS ***
Dealt to Dorex2007 [Kc 5d]
tincho-cba45: folds 
Kidmono: folds 
tutanpoker: folds 
kostych575: folds 
TeeSe9: folds 
Nitrous1337 has timed out
Nitrous1337: folds 
Dorex2007: folds 
flacoboris: folds 
Uncalled bet ($0.01) returned to MS45MS
MS45MS collected $0.02 from pot
MS45MS: doesn't show hand 
*** SUMMARY ***
Total pot $0.02 | Rake $0 
Seat 1: TeeSe9 folded before Flop (didn't bet)
Seat 2: Nitrous1337 folded before Flop (didn't bet)
Seat 3: Dorex2007 (button) folded before Flop (didn't bet)
Seat 4: flacoboris (small blind) folded before Flop
Seat 5: MS45MS (big blind) collected ($0.02)
Seat 6: tincho-cba45 folded before Flop (didn't bet)
Seat 7: Kidmono folded before Flop (didn't bet)
Seat 8: tutanpoker folded before Flop (didn't bet)
Seat 9: kostych575 folded before Flop (didn't bet)



PokerStars Hand #223631582238:  Hold'em No Limit ($0.01/$0.02 USD) - 2021/02/09 17:39:57 PT [2021/02/09 20:39:57 ET]
Table 'Camilla V' 9-max Seat #4 is the button
Seat 1: TeeSe9 ($2.03 in chips) 
Seat 2: Nitrous1337 ($2.67 in chips) 
Seat 3: Dorex2007 ($1.22 in chips) 
Seat 4: flacoboris ($2 in chips) 
Seat 5: MS45MS ($1.73 in chips) 
Seat 6: tincho-cba45 ($1.54 in chips) 
Seat 7: Kidmono ($2.87 in chips) 
Seat 8: tutanpoker ($2 in chips) 
Seat 9: kostych575 ($1.57 in chips) 
MS45MS: posts small blind $0.01
tincho-cba45: posts big blind $0.02
*** HOLE CARDS ***
Dealt to Dorex2007 [8h 4c]
Kidmono: folds 
tutanpoker: folds 
kostych575: folds 
TeeSe9: raises $0.04 to $0.06
Nitrous1337: calls $0.06
Dorex2007: folds 
flacoboris: folds 
MS45MS: folds 
tincho-cba45: calls $0.04
*** FLOP *** [5s 2d 6c]
tincho-cba45: checks 
TeeSe9: checks 
Nitrous1337: checks 
*** TURN *** [5s 2d 6c] [Jc]
tincho-cba45: checks 
TeeSe9: checks 
Nitrous1337: checks 
*** RIVER *** [5s 2d 6c Jc] [5h]
tincho-cba45: bets $0.10
TeeSe9: folds 
Nitrous1337: folds 
Uncalled bet ($0.10) returned to tincho-cba45
tincho-cba45 collected $0.18 from pot
tincho-cba45: doesn't show hand 
*** SUMMARY ***
Total pot $0.19 | Rake $0.01 
Board [5s 2d 6c Jc 5h]
Seat 1: TeeSe9 folded on the River
Seat 2: Nitrous1337 folded on the River
Seat 3: Dorex2007 folded before Flop (didn't bet)
Seat 4: flacoboris (button) folded before Flop (didn't bet)
Seat 5: MS45MS (small blind) folded before Flop
Seat 6: tincho-cba45 (big blind) collected ($0.18)
Seat 7: Kidmono folded before Flop (didn't bet)
Seat 8: tutanpoker folded before Flop (didn't bet)
Seat 9: kostych575 folded before Flop (didn't bet)



PokerStars Hand #223631602304:  Hold'em No Limit ($0.01/$0.02 USD) - 2021/02/09 17:40:54 PT [2021/02/09 20:40:54 ET]
Table 'Camilla V' 9-max Seat #5 is the button
Seat 1: TeeSe9 ($2 in chips) 
Seat 2: Nitrous1337 ($2.61 in chips) 
Seat 3: Dorex2007 ($1.22 in chips) 
Seat 4: flacoboris ($2 in chips) 
Seat 5: MS45MS ($1.72 in chips) 
Seat 6: tincho-cba45 ($1.66 in chips) 
Seat 7: Kidmono ($2.87 in chips) 
Seat 8: tutanpoker ($2 in chips) 
Seat 9: kostych575 ($1.57 in chips) 
tincho-cba45: posts small blind $0.01
Kidmono: posts big blind $0.02
*** HOLE CARDS ***
Dealt to Dorex2007 [Qs Jc]
tutanpoker: raises $0.04 to $0.06
kostych575: folds 
TeeSe9: folds 
Nitrous1337: folds 
Dorex2007: folds 
flacoboris: folds 
MS45MS: folds 
tincho-cba45: calls $0.05
Kidmono: folds 
*** FLOP *** [As Qd Ad]
tincho-cba45: checks 
tutanpoker: bets $0.06
tincho-cba45: folds 
Uncalled bet ($0.06) returned to tutanpoker
tutanpoker collected $0.14 from pot
tutanpoker: doesn't show hand 
*** SUMMARY ***
Total pot $0.14 | Rake $0 
Board [As Qd Ad]
Seat 1: TeeSe9 folded before Flop (didn't bet)
Seat 2: Nitrous1337 folded before Flop (didn't bet)
Seat 3: Dorex2007 folded before Flop (didn't bet)
Seat 4: flacoboris folded before Flop (didn't bet)
Seat 5: MS45MS (button) folded before Flop (didn't bet)
Seat 6: tincho-cba45 (small blind) folded on the Flop
Seat 7: Kidmono (big blind) folded before Flop
Seat 8: tutanpoker collected ($0.14)
Seat 9: kostych575 folded before Flop (didn't bet)



PokerStars Hand #223631617828:  Hold'em No Limit ($0.01/$0.02 USD) - 2021/02/09 17:41:39 PT [2021/02/09 20:41:39 ET]
Table 'Camilla V' 9-max Seat #6 is the button
Seat 1: TeeSe9 ($2 in chips) 
Seat 2: Nitrous1337 ($2.61 in chips) 
Seat 3: Dorex2007 ($1.22 in chips) 
Seat 4: flacoboris ($2 in chips) 
Seat 5: MS45MS ($1.72 in chips) 
Seat 6: tincho-cba45 ($1.60 in chips) 
Seat 7: Kidmono ($2.85 in chips) 
Seat 8: tutanpoker ($2.08 in chips) 
Seat 9: kostych575 ($1.57 in chips) 
Kidmono: posts small blind $0.01
tutanpoker: posts big blind $0.02
*** HOLE CARDS ***
Dealt to Dorex2007 [7s 8c]
kostych575: folds 
TeeSe9: folds 
Nitrous1337: folds 
Dorex2007: folds 
flacoboris: raises $0.02 to $0.04
MS45MS: folds 
tincho-cba45: calls $0.04
Kidmono: folds 
tutanpoker: calls $0.02
*** FLOP *** [Td 6h 9s]
tutanpoker: checks 
flacoboris: checks 
tincho-cba45: checks 
*** TURN *** [Td 6h 9s] [6s]
tutanpoker: checks 
flacoboris: checks 
tincho-cba45: bets $0.06
tutanpoker: folds 
flacoboris: calls $0.06
*** RIVER *** [Td 6h 9s 6s] [As]
flacoboris: checks 
tincho-cba45: checks 
*** SHOW DOWN ***
flacoboris: shows [Tc Kh] (two pair, Tens and Sixes)
tincho-cba45: shows [Ah 2h] (two pair, Aces and Sixes)
tincho-cba45 collected $0.24 from pot
*** SUMMARY ***
Total pot $0.25 | Rake $0.01 
Board [Td 6h 9s 6s As]
Seat 1: TeeSe9 folded before Flop (didn't bet)
Seat 2: Nitrous1337 folded before Flop (didn't bet)
Seat 3: Dorex2007 folded before Flop (didn't bet)
Seat 4: flacoboris showed [Tc Kh] and lost with two pair, Tens and Sixes
Seat 5: MS45MS folded before Flop (didn't bet)
Seat 6: tincho-cba45 (button) showed [Ah 2h] and won ($0.24) with two pair, Aces and Sixes
Seat 7: Kidmono (small blind) folded before Flop
Seat 8: tutanpoker (big blind) folded on the Turn
Seat 9: kostych575 folded before Flop (didn't bet)



PokerStars Hand #223631651718:  Hold'em No Limit ($0.01/$0.02 USD) - 2021/02/09 17:42:53 PT [2021/02/09 20:42:53 ET]
Table 'Camilla V' 9-max Seat #7 is the button
Seat 1: TeeSe9 ($2 in chips) 
Seat 2: Nitrous1337 ($2.61 in chips) 
Seat 3: Dorex2007 ($1.22 in chips) 
Seat 4: flacoboris ($2 in chips) 
Seat 5: MS45MS ($1.72 in chips) 
Seat 6: tincho-cba45 ($1.74 in chips) 
Seat 7: Kidmono ($2.84 in chips) 
Seat 8: tutanpoker ($2.04 in chips) 
Seat 9: kostych575 ($1.57 in chips) 
tutanpoker: posts small blind $0.01
kostych575: posts big blind $0.02
*** HOLE CARDS ***
Dealt to Dorex2007 [9d 6s]
TeeSe9: folds 
Nitrous1337: calls $0.02
Dorex2007: folds 
flacoboris: folds 
MS45MS: folds 
tincho-cba45: calls $0.02
Kidmono: calls $0.02
tutanpoker: calls $0.01
kostych575: checks 
*** FLOP *** [7s 2h 4h]
tutanpoker: checks 
kostych575: checks 
Nitrous1337: checks 
tincho-cba45: bets $0.04
Kidmono: folds 
tutanpoker: raises $0.16 to $0.20
kostych575: folds 
Nitrous1337: folds 
tincho-cba45: calls $0.16
*** TURN *** [7s 2h 4h] [8h]
tutanpoker: checks 
tincho-cba45: checks 
*** RIVER *** [7s 2h 4h 8h] [Kd]
tutanpoker: checks 
tincho-cba45: bets $0.26
tutanpoker: calls $0.26
*** SHOW DOWN ***
tincho-cba45: shows [Jh 4c] (a pair of Fours)
tutanpoker: shows [2c 2d] (three of a kind, Deuces)
tutanpoker collected $0.98 from pot
*** SUMMARY ***
Total pot $1.02 | Rake $0.04 
Board [7s 2h 4h 8h Kd]
Seat 1: TeeSe9 folded before Flop (didn't bet)
Seat 2: Nitrous1337 folded on the Flop
Seat 3: Dorex2007 folded before Flop (didn't bet)
Seat 4: flacoboris folded before Flop (didn't bet)
Seat 5: MS45MS folded before Flop (didn't bet)
Seat 6: tincho-cba45 showed [Jh 4c] and lost with a pair of Fours
Seat 7: Kidmono (button) folded on the Flop
Seat 8: tutanpoker (small blind) showed [2c 2d] and won ($0.98) with three of a kind, Deuces
Seat 9: kostych575 (big blind) folded on the Flop



PokerStars Hand #223631689448:  Hold'em No Limit ($0.01/$0.02 USD) - 2021/02/09 17:44:42 PT [2021/02/09 20:44:42 ET]
Table 'Camilla V' 9-max Seat #8 is the button
Seat 1: TeeSe9 ($2 in chips) 
Seat 2: Nitrous1337 ($2.59 in chips) 
Seat 3: Dorex2007 ($1.22 in chips) 
Seat 4: flacoboris ($2 in chips) 
Seat 5: MS45MS ($1.72 in chips) 
Seat 6: tincho-cba45 ($1.26 in chips) 
Seat 7: Kidmono ($2.82 in chips) 
Seat 8: tutanpoker ($2.54 in chips) 
Seat 9: kostych575 ($1.55 in chips) 
kostych575: posts small blind $0.01
TeeSe9: posts big blind $0.02
*** HOLE CARDS ***
Dealt to Dorex2007 [2h 9h]
Nitrous1337: folds 
Dorex2007: folds 
flacoboris: folds 
MS45MS: raises $0.02 to $0.04
tincho-cba45: folds 
Kidmono: folds 
tutanpoker: calls $0.04
kostych575: calls $0.03
TeeSe9: calls $0.02
*** FLOP *** [Qh 8c 7c]
kostych575: checks 
TeeSe9: checks 
MS45MS: checks 
tutanpoker: checks 
*** TURN *** [Qh 8c 7c] [3d]
kostych575: checks 
TeeSe9: checks 
MS45MS: checks 
tutanpoker: checks 
*** RIVER *** [Qh 8c 7c 3d] [6s]
kostych575: checks 
TeeSe9: checks 
MS45MS: bets $0.10
tutanpoker: folds 
kostych575: folds 
TeeSe9: folds 
Uncalled bet ($0.10) returned to MS45MS
MS45MS collected $0.15 from pot
MS45MS: doesn't show hand 
*** SUMMARY ***
Total pot $0.16 | Rake $0.01 
Board [Qh 8c 7c 3d 6s]
Seat 1: TeeSe9 (big blind) folded on the River
Seat 2: Nitrous1337 folded before Flop (didn't bet)
Seat 3: Dorex2007 folded before Flop (didn't bet)
Seat 4: flacoboris folded before Flop (didn't bet)
Seat 5: MS45MS collected ($0.15)
Seat 6: tincho-cba45 folded before Flop (didn't bet)
Seat 7: Kidmono folded before Flop (didn't bet)
Seat 8: tutanpoker (button) folded on the River
Seat 9: kostych575 (small blind) folded on the River



PokerStars Hand #223631723230:  Hold'em No Limit ($0.01/$0.02 USD) - 2021/02/09 17:46:19 PT [2021/02/09 20:46:19 ET]
Table 'Camilla V' 9-max Seat #9 is the button
Seat 1: TeeSe9 ($2 in chips) 
Seat 2: Nitrous1337 ($2.59 in chips) 
Seat 3: Dorex2007 ($1.22 in chips) 
Seat 4: flacoboris ($2 in chips) 
Seat 5: MS45MS ($1.83 in chips) 
Seat 6: tincho-cba45 ($1.26 in chips) 
Seat 7: Kidmono ($2.82 in chips) 
Seat 8: tutanpoker ($2.50 in chips) 
Seat 9: kostych575 ($1.51 in chips) 
TeeSe9: posts small blind $0.01
Nitrous1337: posts big blind $0.02
*** HOLE CARDS ***
Dealt to Dorex2007 [6d 6s]
Dorex2007: calls $0.02
flacoboris: folds 
MS45MS: folds 
tincho-cba45: folds 
Kidmono: raises $0.08 to $0.10
tutanpoker: folds 
kostych575: folds 
TeeSe9: folds 
kostych575 leaves the table
Nitrous1337: calls $0.08
Dorex2007: folds 
*** FLOP *** [7h Th 8d]
Nitrous1337: checks 
Kidmono: bets $0.11
SkilfulAlex joins the table at seat #9 
Nitrous1337: calls $0.11
*** TURN *** [7h Th 8d] [9s]
Nitrous1337: checks 
Kidmono: bets $0.22
Nitrous1337: folds 
Uncalled bet ($0.22) returned to Kidmono
Kidmono collected $0.43 from pot
Kidmono: doesn't show hand 
*** SUMMARY ***
Total pot $0.45 | Rake $0.02 
Board [7h Th 8d 9s]
Seat 1: TeeSe9 (small blind) folded before Flop
Seat 2: Nitrous1337 (big blind) folded on the Turn
Seat 3: Dorex2007 folded before Flop
Seat 4: flacoboris folded before Flop (didn't bet)
Seat 5: MS45MS folded before Flop (didn't bet)
Seat 6: tincho-cba45 folded before Flop (didn't bet)
Seat 7: Kidmono collected ($0.43)
Seat 8: tutanpoker folded before Flop (didn't bet)
Seat 9: kostych575 (button) folded before Flop (didn't bet)



PokerStars Hand #223631740610:  Hold'em No Limit ($0.01/$0.02 USD) - 2021/02/09 17:47:08 PT [2021/02/09 20:47:08 ET]
Table 'Camilla V' 9-max Seat #2 is the button
Seat 2: Nitrous1337 ($2.38 in chips) 
Seat 3: Dorex2007 ($1.20 in chips) 
Seat 4: flacoboris ($2 in chips) 
Seat 5: MS45MS ($1.83 in chips) 
Seat 6: tincho-cba45 ($1.26 in chips) 
Seat 7: Kidmono ($3.04 in chips) 
Seat 8: tutanpoker ($2.50 in chips) 
Dorex2007: posts small blind $0.01
flacoboris: posts big blind $0.02
SkilfulAlex: sits out 
*** HOLE CARDS ***
Dealt to Dorex2007 [Qs 5c]
TeeSe9 leaves the table
MS45MS: folds 
tincho-cba45: raises $0.04 to $0.06
Kidmono: folds 
tutanpoker: folds 
Nitrous1337: folds 
Dorex2007: folds 
flacoboris: folds 
Uncalled bet ($0.04) returned to tincho-cba45
tincho-cba45 collected $0.05 from pot
tincho-cba45: doesn't show hand 
*** SUMMARY ***
Total pot $0.05 | Rake $0 
Seat 2: Nitrous1337 (button) folded before Flop (didn't bet)
Seat 3: Dorex2007 (small blind) folded before Flop
Seat 4: flacoboris (big blind) folded before Flop
Seat 5: MS45MS folded before Flop (didn't bet)
Seat 6: tincho-cba45 collected ($0.05)
Seat 7: Kidmono folded before Flop (didn't bet)
Seat 8: tutanpoker folded before Flop (didn't bet)



PokerStars Hand #223631752485:  Hold'em No Limit ($0.01/$0.02 USD) - 2021/02/09 17:47:29 PT [2021/02/09 20:47:29 ET]
Table 'Camilla V' 9-max Seat #3 is the button
Seat 2: Nitrous1337 ($2.38 in chips) 
Seat 3: Dorex2007 ($1.19 in chips) 
Seat 4: flacoboris ($2 in chips) 
Seat 5: MS45MS ($1.83 in chips) 
Seat 6: tincho-cba45 ($1.29 in chips) 
Seat 7: Kidmono ($3.04 in chips) 
Seat 8: tutanpoker ($2.50 in chips) 
flacoboris: posts small blind $0.01
MS45MS: posts big blind $0.02
SkilfulAlex: sits out 
*** HOLE CARDS ***
Dealt to Dorex2007 [Jh 7d]
tincho-cba45: calls $0.02
Kidmono: folds 
tutanpoker has timed out
tutanpoker: folds 
Nitrous1337: calls $0.02
Dorex2007: folds 
flacoboris: folds 
MS45MS: checks 
*** FLOP *** [4s 9h 8d]
MS45MS: checks 
tincho-cba45: checks 
Nitrous1337: bets $0.03
MS45MS: calls $0.03
tincho-cba45: folds 
*** TURN *** [4s 9h 8d] [Kh]
MS45MS: checks 
Nitrous1337: checks 
*** RIVER *** [4s 9h 8d Kh] [6s]
MS45MS: bets $0.13
Nitrous1337: folds 
Uncalled bet ($0.13) returned to MS45MS
MS45MS collected $0.13 from pot
MS45MS: doesn't show hand 
*** SUMMARY ***
Total pot $0.13 | Rake $0 
Board [4s 9h 8d Kh 6s]
Seat 2: Nitrous1337 folded on the River
Seat 3: Dorex2007 (button) folded before Flop (didn't bet)
Seat 4: flacoboris (small blind) folded before Flop
Seat 5: MS45MS (big blind) collected ($0.13)
Seat 6: tincho-cba45 folded on the Flop
Seat 7: Kidmono folded before Flop (didn't bet)
Seat 8: tutanpoker folded before Flop (didn't bet)



PokerStars Hand #223631772231:  Hold'em No Limit ($0.01/$0.02 USD) - 2021/02/09 17:48:26 PT [2021/02/09 20:48:26 ET]
Table 'Camilla V' 9-max Seat #4 is the button
Seat 2: Nitrous1337 ($2.33 in chips) 
Seat 3: Dorex2007 ($1.19 in chips) 
Seat 4: flacoboris ($2 in chips) 
Seat 5: MS45MS ($1.91 in chips) 
Seat 6: tincho-cba45 ($1.27 in chips) 
Seat 7: Kidmono ($3.04 in chips) 
MS45MS: posts small blind $0.01
tincho-cba45: posts big blind $0.02
*** HOLE CARDS ***
Dealt to Dorex2007 [Kh 8c]
Kidmono: folds 
Nitrous1337: raises $0.05 to $0.07
Dorex2007: folds 
flacoboris: folds 
MS45MS: calls $0.06
tincho-cba45: calls $0.05
*** FLOP *** [Jc As Jd]
MS45MS: checks 
tincho-cba45: checks 
Nitrous1337: checks 
*** TURN *** [Jc As Jd] [5h]
MS45MS: checks 
tincho-cba45: bets $0.10
Nitrous1337: calls $0.10
MS45MS: raises $0.16 to $0.26
tincho-cba45: calls $0.16
Nitrous1337: calls $0.16
*** RIVER *** [Jc As Jd 5h] [7d]
abufirs joins the table at seat #1 
tutanpoker is disconnected 
MS45MS: bets $0.48
tincho-cba45: folds 
Nitrous1337: raises $1.52 to $2 and is all-in
MS45MS: calls $1.10 and is all-in
Uncalled bet ($0.42) returned to Nitrous1337
*** SHOW DOWN ***
Nitrous1337: shows [Jh Ac] (a full house, Jacks full of Aces)
MS45MS: shows [5d 5c] (a full house, Fives full of Jacks)
Nitrous1337 collected $4 from pot
*** SUMMARY ***
Total pot $4.15 | Rake $0.15 
Board [Jc As Jd 5h 7d]
Seat 2: Nitrous1337 showed [Jh Ac] and won ($4) with a full house, Jacks full of Aces
Seat 3: Dorex2007 folded before Flop (didn't bet)
Seat 4: flacoboris (button) folded before Flop (didn't bet)
Seat 5: MS45MS (small blind) showed [5d 5c] and lost with a full house, Fives full of Jacks
Seat 6: tincho-cba45 (big blind) folded on the River
Seat 7: Kidmono folded before Flop (didn't bet)



PokerStars Hand #223631792029:  Hold'em No Limit ($0.01/$0.02 USD) - 2021/02/09 17:49:23 PT [2021/02/09 20:49:23 ET]
Table 'Camilla V' 9-max Seat #6 is the button
Seat 1: abufirs ($2 in chips) 
Seat 2: Nitrous1337 ($4.42 in chips) 
Seat 3: Dorex2007 ($1.19 in chips) 
Seat 4: flacoboris ($2 in chips) 
Seat 6: tincho-cba45 ($0.94 in chips) 
Seat 7: Kidmono ($3.04 in chips) 
Kidmono: posts small blind $0.01
abufirs: posts big blind $0.02
*** HOLE CARDS ***
Dealt to Dorex2007 [6s Ac]
Nitrous1337: calls $0.02
MS45MS leaves the table
Dorex2007: folds 
flacoboris: folds 
tincho-cba45: folds 
tincho-cba45 leaves the table
Kidmono: calls $0.01
abufirs: checks 
*** FLOP *** [3c 2d 3d]
Kidmono: checks 
SkilfulAlex leaves the table
abufirs: checks 
Nitrous1337: checks 
*** TURN *** [3c 2d 3d] [2h]
Kidmono: checks 
abufirs: checks 
Nitrous1337: checks 
*** RIVER *** [3c 2d 3d 2h] [4d]
Kidmono: checks 
abufirs: checks 
Nitrous1337: checks 
*** SHOW DOWN ***
Kidmono: shows [8s 9h] (two pair, Threes and Deuces)
abufirs: shows [6h 9d] (two pair, Threes and Deuces)
Nitrous1337: shows [Qd Ts] (two pair, Threes and Deuces - Queen kicker)
Nitrous1337 collected $0.06 from pot
*** SUMMARY ***
Total pot $0.06 | Rake $0 
Board [3c 2d 3d 2h 4d]
Seat 1: abufirs (big blind) showed [6h 9d] and lost with two pair, Threes and Deuces
Seat 2: Nitrous1337 showed [Qd Ts] and won ($0.06) with two pair, Threes and Deuces
Seat 3: Dorex2007 folded before Flop (didn't bet)
Seat 4: flacoboris folded before Flop (didn't bet)
Seat 6: tincho-cba45 (button) folded before Flop (didn't bet)
Seat 7: Kidmono (small blind) showed [8s 9h] and lost with two pair, Threes and Deuces



