PokerStars Zoom Hand #237836774508:  Hold'em No Limit ($0.02/$0.05) - 2022/08/06 20:36:21 PT [2022/08/06 23:36:21 ET]
Table 'Donati' 6-max Seat #1 is the button
Seat 1: Razvik93 ($5 in chips) 
Seat 2: Alfred0013 ($6.62 in chips) 
Seat 3: Dorex2007 ($5 in chips) 
Seat 4: norfiol ($5.57 in chips) 
Seat 5: renireni621 ($5.02 in chips) 
Seat 6: Godlíke ($5 in chips) 
Alfred0013: posts small blind $0.02
Dorex2007: posts big blind $0.05
*** HOLE CARDS ***
Dealt to Dorex2007 [5s 3c]
norfiol: folds 
norfiol is disconnected 
renireni621: folds 
renireni621 is disconnected 
Godlíke: folds 
Razvik93: folds 
Alfred0013: folds 
Uncalled bet ($0.03) returned to Dorex2007
Dorex2007 collected $0.04 from pot
Dorex2007: doesn't show hand 
Alfred0013 is disconnected 
*** SUMMARY ***
Total pot $0.04 | Rake $0 
Seat 1: Razvik93 (button) folded before Flop (didn't bet)
Seat 2: Alfred0013 (small blind) folded before Flop
Seat 3: Dorex2007 (big blind) collected ($0.04)
Seat 4: norfiol folded before Flop (didn't bet)
Seat 5: renireni621 folded before Flop (didn't bet)
Seat 6: Godlíke folded before Flop (didn't bet)



PokerStars Zoom Hand #237836776031:  Hold'em No Limit ($0.02/$0.05) - 2022/08/06 20:36:31 PT [2022/08/06 23:36:31 ET]
Table 'Donati' 6-max Seat #1 is the button
Seat 1: iko0201 ($5.84 in chips) 
Seat 2: Dorex2007 ($5.02 in chips) 
Seat 3: tyleriampen88 ($4.46 in chips) 
Seat 4: romerito2 ($3.79 in chips) 
Seat 5: xDOCKERS ($5.13 in chips) 
Seat 6: ellpee1995 ($5.07 in chips) 
Dorex2007: posts small blind $0.02
tyleriampen88: posts big blind $0.05
*** HOLE CARDS ***
Dealt to Dorex2007 [Qd Tc]
romerito2: folds 
romerito2 is disconnected 
xDOCKERS: folds 
iko0201 is disconnected 
xDOCKERS is disconnected 
ellpee1995: folds 
iko0201: folds 
ellpee1995 is disconnected 
Dorex2007: raises $0.10 to $0.15
tyleriampen88: calls $0.10
*** FLOP *** [Th Jc 6h]
Dorex2007: bets $0.19
tyleriampen88: folds 
Uncalled bet ($0.19) returned to Dorex2007
Dorex2007 collected $0.29 from pot
Dorex2007: doesn't show hand 
tyleriampen88 is disconnected 
*** SUMMARY ***
Total pot $0.30 | Rake $0.01 
Board [Th Jc 6h]
Seat 1: iko0201 (button) folded before Flop (didn't bet)
Seat 2: Dorex2007 (small blind) collected ($0.29)
Seat 3: tyleriampen88 (big blind) folded on the Flop
Seat 4: romerito2 folded before Flop (didn't bet)
Seat 5: xDOCKERS folded before Flop (didn't bet)
Seat 6: ellpee1995 folded before Flop (didn't bet)



PokerStars Zoom Hand #237836779267:  Hold'em No Limit ($0.02/$0.05) - 2022/08/06 20:36:52 PT [2022/08/06 23:36:52 ET]
Table 'Donati' 6-max Seat #1 is the button
Seat 1: Dorex2007 ($5.16 in chips) 
Seat 2: syuzu08 ($5 in chips) 
Seat 3: norfiol ($5 in chips) 
Seat 4: morningsky29 ($9.81 in chips) 
Seat 5: phnx35 ($8.46 in chips) 
Seat 6: furutachi1012 ($14.30 in chips) 
syuzu08: posts small blind $0.02
norfiol: posts big blind $0.05
*** HOLE CARDS ***
Dealt to Dorex2007 [8h Kc]
furutachi1012 is disconnected 
morningsky29: raises $0.10 to $0.15
phnx35: folds 
furutachi1012: folds 
phnx35 is disconnected 
syuzu08 is disconnected 
norfiol is disconnected 
Dorex2007: folds 
syuzu08: folds 
norfiol: folds 
Uncalled bet ($0.10) returned to morningsky29
Dorex2007 is disconnected 
morningsky29 collected $0.12 from pot
morningsky29: doesn't show hand 
*** SUMMARY ***
Total pot $0.12 | Rake $0 
Seat 1: Dorex2007 (button) folded before Flop (didn't bet)
Seat 2: syuzu08 (small blind) folded before Flop
Seat 3: norfiol (big blind) folded before Flop
Seat 4: morningsky29 collected ($0.12)
Seat 5: phnx35 folded before Flop (didn't bet)
Seat 6: furutachi1012 folded before Flop (didn't bet)



PokerStars Zoom Hand #237836781991:  Hold'em No Limit ($0.02/$0.05) - 2022/08/06 20:37:10 PT [2022/08/06 23:37:10 ET]
Table 'Donati' 6-max Seat #1 is the button
Seat 1: Dorex2007 ($5.16 in chips) 
Seat 2: kUrT1sH ($4.66 in chips) 
Seat 3: xDOCKERS ($5.20 in chips) 
Seat 4: Razvik93 ($5.27 in chips) 
Seat 5: furutachi1012 ($14.30 in chips) 
Seat 6: Godlíke ($5 in chips) 
kUrT1sH: posts small blind $0.02
xDOCKERS: posts big blind $0.05
*** HOLE CARDS ***
Dealt to Dorex2007 [Jh 8c]
kUrT1sH is disconnected 
Razvik93: raises $0.06 to $0.11
xDOCKERS is disconnected 
furutachi1012: folds 
furutachi1012 is disconnected 
Dorex2007 is disconnected 
Godlíke: raises $0.27 to $0.38
Dorex2007: folds 
kUrT1sH: folds 
xDOCKERS: folds 
Razvik93: folds 
Uncalled bet ($0.27) returned to Godlíke
Godlíke collected $0.29 from pot
Godlíke: doesn't show hand 
*** SUMMARY ***
Total pot $0.29 | Rake $0 
Seat 1: Dorex2007 (button) folded before Flop (didn't bet)
Seat 2: kUrT1sH (small blind) folded before Flop
Seat 3: xDOCKERS (big blind) folded before Flop
Seat 4: Razvik93 folded before Flop
Seat 5: furutachi1012 folded before Flop (didn't bet)
Seat 6: Godlíke collected ($0.29)



PokerStars Zoom Hand #237836781249:  Hold'em No Limit ($0.02/$0.05) - 2022/08/06 20:37:05 PT [2022/08/06 23:37:05 ET]
Table 'Donati' 6-max Seat #1 is the button
Seat 1: babiloniaxxx ($12.03 in chips) 
Seat 2: teutonknight ($8.19 in chips) 
Seat 3: Dillan900 ($5 in chips) 
Seat 4: Annbella S ($5.29 in chips) 
Seat 5: PapelonJede ($10.18 in chips) 
Seat 6: Dorex2007 ($5.16 in chips) 
teutonknight: posts small blind $0.02
Dillan900: posts big blind $0.05
*** HOLE CARDS ***
Dealt to Dorex2007 [8d 5h]
Annbella S: folds 
Annbella S is disconnected 
Dorex2007 is disconnected 
PapelonJede: folds 
Dorex2007: folds 
PapelonJede is disconnected 
babiloniaxxx: raises $0.05 to $0.10
teutonknight: raises $0.25 to $0.35
Dillan900: folds 
babiloniaxxx: calls $0.25
*** FLOP *** [2c 5c Kd]
teutonknight: bets $0.72
babiloniaxxx: folds 
Uncalled bet ($0.72) returned to teutonknight
teutonknight collected $0.72 from pot
teutonknight: doesn't show hand 
babiloniaxxx is disconnected 
*** SUMMARY ***
Total pot $0.75 | Rake $0.03 
Board [2c 5c Kd]
Seat 1: babiloniaxxx (button) folded on the Flop
Seat 2: teutonknight (small blind) collected ($0.72)
Seat 3: Dillan900 (big blind) folded before Flop
Seat 4: Annbella S folded before Flop (didn't bet)
Seat 5: PapelonJede folded before Flop (didn't bet)
Seat 6: Dorex2007 folded before Flop (didn't bet)



PokerStars Zoom Hand #237836784741:  Hold'em No Limit ($0.02/$0.05) - 2022/08/06 20:37:28 PT [2022/08/06 23:37:28 ET]
Table 'Donati' 6-max Seat #1 is the button
Seat 1: nantonakusakana ($6.31 in chips) 
Seat 2: Dillan900 ($5 in chips) 
Seat 3: Dorex2007 ($5.16 in chips) 
Seat 4: pekusta ($5.29 in chips) 
Seat 5: Yoshix2 ($4.22 in chips) 
Seat 6: kUrT1sH ($4.59 in chips) 
Dillan900: posts small blind $0.02
Dorex2007: posts big blind $0.05
*** HOLE CARDS ***
Dealt to Dorex2007 [2d 3d]
pekusta: folds 
pekusta is disconnected 
Yoshix2: folds 
nantonakusakana is disconnected 
Yoshix2 is disconnected 
kUrT1sH: raises $0.10 to $0.15
nantonakusakana: folds 
Dillan900: folds 
Dorex2007: folds 
Uncalled bet ($0.10) returned to kUrT1sH
kUrT1sH collected $0.12 from pot
kUrT1sH: doesn't show hand 
Dorex2007 is disconnected 
*** SUMMARY ***
Total pot $0.12 | Rake $0 
Seat 1: nantonakusakana (button) folded before Flop (didn't bet)
Seat 2: Dillan900 (small blind) folded before Flop
Seat 3: Dorex2007 (big blind) folded before Flop
Seat 4: pekusta folded before Flop (didn't bet)
Seat 5: Yoshix2 folded before Flop (didn't bet)
Seat 6: kUrT1sH collected ($0.12)



PokerStars Zoom Hand #237836787082:  Hold'em No Limit ($0.02/$0.05) - 2022/08/06 20:37:43 PT [2022/08/06 23:37:43 ET]
Table 'Donati' 6-max Seat #1 is the button
Seat 1: iko0201 ($5.99 in chips) 
Seat 2: Dorex2007 ($5.11 in chips) 
Seat 3: syuzu08 ($5.14 in chips) 
Seat 4: kUrT1sH ($4.66 in chips) 
Seat 5: Dillan900 ($5 in chips) 
Seat 6: nicegamebr ($9.58 in chips) 
Dorex2007: posts small blind $0.02
syuzu08: posts big blind $0.05
*** HOLE CARDS ***
Dealt to Dorex2007 [4d 5s]
kUrT1sH: raises $0.09 to $0.14
Dillan900: folds 
nicegamebr: folds 
nicegamebr is disconnected 
iko0201: folds 
Dorex2007: folds 
Dorex2007 is disconnected 
iko0201 is disconnected 
syuzu08: folds 
Uncalled bet ($0.09) returned to kUrT1sH
kUrT1sH collected $0.12 from pot
kUrT1sH: doesn't show hand 
syuzu08 is disconnected 
*** SUMMARY ***
Total pot $0.12 | Rake $0 
Seat 1: iko0201 (button) folded before Flop (didn't bet)
Seat 2: Dorex2007 (small blind) folded before Flop
Seat 3: syuzu08 (big blind) folded before Flop
Seat 4: kUrT1sH collected ($0.12)
Seat 5: Dillan900 folded before Flop (didn't bet)
Seat 6: nicegamebr folded before Flop (didn't bet)



PokerStars Zoom Hand #237836783649:  Hold'em No Limit ($0.02/$0.05) - 2022/08/06 20:37:21 PT [2022/08/06 23:37:21 ET]
Table 'Donati' 6-max Seat #1 is the button
Seat 1: norfiol ($5.07 in chips) 
Seat 2: JavierACP ($5.26 in chips) 
Seat 3: George031988 ($5.39 in chips) 
Seat 4: marito1416 ($3.12 in chips) 
Seat 5: Dorex2007 ($5.16 in chips) 
Seat 6: babiloniaxxx ($2.88 in chips) 
JavierACP: posts small blind $0.02
George031988: posts big blind $0.05
*** HOLE CARDS ***
Dealt to Dorex2007 [8d Qd]
norfiol is disconnected 
Dorex2007 is disconnected 
babiloniaxxx is disconnected 
marito1416: folds 
Dorex2007: folds 
babiloniaxxx: folds 
norfiol: folds 
marito1416 is disconnected 
JavierACP: raises $0.10 to $0.15
George031988: calls $0.10
*** FLOP *** [3h 8h Kc]
JavierACP: bets $0.10
George031988: calls $0.10
*** TURN *** [3h 8h Kc] [Qh]
JavierACP: bets $0.25
George031988: folds 
Uncalled bet ($0.25) returned to JavierACP
JavierACP collected $0.48 from pot
JavierACP: doesn't show hand 
*** SUMMARY ***
Total pot $0.50 | Rake $0.02 
Board [3h 8h Kc Qh]
Seat 1: norfiol (button) folded before Flop (didn't bet)
Seat 2: JavierACP (small blind) collected ($0.48)
Seat 3: George031988 (big blind) folded on the Turn
Seat 4: marito1416 folded before Flop (didn't bet)
Seat 5: Dorex2007 folded before Flop (didn't bet)
Seat 6: babiloniaxxx folded before Flop (didn't bet)



PokerStars Zoom Hand #237836792105:  Hold'em No Limit ($0.02/$0.05) - 2022/08/06 20:38:17 PT [2022/08/06 23:38:17 ET]
Table 'Donati' 6-max Seat #1 is the button
Seat 1: da425d1 ($4.50 in chips) 
Seat 2: Alfred0013 ($6.42 in chips) 
Seat 3: teutonknight ($5.16 in chips) 
Seat 4: Dorex2007 ($5.09 in chips) 
Seat 5: nantonakusakana ($6.27 in chips) 
Seat 6: BeginerInPoker ($10.20 in chips) 
Alfred0013: posts small blind $0.02
teutonknight: posts big blind $0.05
*** HOLE CARDS ***
Dealt to Dorex2007 [Ts Js]
Alfred0013 is disconnected 
Dorex2007: raises $0.10 to $0.15
teutonknight is disconnected 
nantonakusakana: folds 
BeginerInPoker: folds 
nantonakusakana is disconnected 
da425d1: folds 
Alfred0013: folds 
teutonknight: folds 
Uncalled bet ($0.10) returned to Dorex2007
da425d1 is disconnected 
Dorex2007 collected $0.12 from pot
Dorex2007: doesn't show hand 
*** SUMMARY ***
Total pot $0.12 | Rake $0 
Seat 1: da425d1 (button) folded before Flop (didn't bet)
Seat 2: Alfred0013 (small blind) folded before Flop
Seat 3: teutonknight (big blind) folded before Flop
Seat 4: Dorex2007 collected ($0.12)
Seat 5: nantonakusakana folded before Flop (didn't bet)
Seat 6: BeginerInPoker folded before Flop (didn't bet)



PokerStars Zoom Hand #237836791335:  Hold'em No Limit ($0.02/$0.05) - 2022/08/06 20:38:12 PT [2022/08/06 23:38:12 ET]
Table 'Donati' 6-max Seat #1 is the button
Seat 1: HERO777907 ($12.84 in chips) 
Seat 2: ellpee1995 ($12.11 in chips) 
Seat 3: babiloniaxxx ($2.81 in chips) 
Seat 4: Dorex2007 ($5.09 in chips) 
Seat 5: Razvik93 ($5.09 in chips) 
Seat 6: yuya0804 ($4.65 in chips) 
ellpee1995: posts small blind $0.02
babiloniaxxx: posts big blind $0.05
*** HOLE CARDS ***
Dealt to Dorex2007 [2c Ad]
Dorex2007: folds 
Razvik93: folds 
yuya0804: folds 
HERO777907: folds 
Dorex2007 is disconnected 
ellpee1995: raises $0.10 to $0.15
babiloniaxxx: calls $0.10
*** FLOP *** [Qd 4s 9s]
ellpee1995: bets $0.10
babiloniaxxx: folds 
Uncalled bet ($0.10) returned to ellpee1995
ellpee1995 collected $0.29 from pot
ellpee1995: doesn't show hand 
babiloniaxxx is disconnected 
*** SUMMARY ***
Total pot $0.30 | Rake $0.01 
Board [Qd 4s 9s]
Seat 1: HERO777907 (button) folded before Flop (didn't bet)
Seat 2: ellpee1995 (small blind) collected ($0.29)
Seat 3: babiloniaxxx (big blind) folded on the Flop
Seat 4: Dorex2007 folded before Flop (didn't bet)
Seat 5: Razvik93 folded before Flop (didn't bet)
Seat 6: yuya0804 folded before Flop (didn't bet)



PokerStars Zoom Hand #237836794584:  Hold'em No Limit ($0.02/$0.05) - 2022/08/06 20:38:33 PT [2022/08/06 23:38:33 ET]
Table 'Donati' 6-max Seat #1 is the button
Seat 1: Gevron ($5 in chips) 
Seat 2: Dorex2007 ($5.16 in chips) 
Seat 3: No.703 ($5 in chips) 
Seat 4: Godlíke ($5.11 in chips) 
Seat 5: mRSagaz ($9.67 in chips) 
Seat 6: HERO777907 ($5.76 in chips) 
Dorex2007: posts small blind $0.02
No.703: posts big blind $0.05
*** HOLE CARDS ***
Dealt to Dorex2007 [2h 9s]
Godlíke: folds 
mRSagaz: folds 
HERO777907: folds 
mRSagaz is disconnected 
Gevron: raises $0.05 to $0.10
Dorex2007: folds 
Dorex2007 is disconnected 
No.703: folds 
Uncalled bet ($0.05) returned to Gevron
Gevron collected $0.12 from pot
Gevron: doesn't show hand 
No.703 is disconnected 
*** SUMMARY ***
Total pot $0.12 | Rake $0 
Seat 1: Gevron (button) collected ($0.12)
Seat 2: Dorex2007 (small blind) folded before Flop
Seat 3: No.703 (big blind) folded before Flop
Seat 4: Godlíke folded before Flop (didn't bet)
Seat 5: mRSagaz folded before Flop (didn't bet)
Seat 6: HERO777907 folded before Flop (didn't bet)



PokerStars Zoom Hand #237836788021:  Hold'em No Limit ($0.02/$0.05) - 2022/08/06 20:37:49 PT [2022/08/06 23:37:49 ET]
Table 'Donati' 6-max Seat #1 is the button
Seat 1: Razvik93 ($5.09 in chips) 
Seat 2: nicegamebr ($9.58 in chips) 
Seat 3: Dillan900 ($5 in chips) 
Seat 4: AGVsmarT ($13.43 in chips) 
Seat 5: xDOCKERS ($5 in chips) 
Seat 6: Dorex2007 ($5.09 in chips) 
nicegamebr: posts small blind $0.02
Dillan900: posts big blind $0.05
*** HOLE CARDS ***
Dealt to Dorex2007 [Th Qc]
xDOCKERS is disconnected 
AGVsmarT: raises $0.12 to $0.17
xDOCKERS: folds 
Dorex2007: folds 
Razvik93: folds 
Dorex2007 is disconnected 
nicegamebr: calls $0.15
Dillan900: folds 
*** FLOP *** [Qs 5s 3c]
nicegamebr: checks 
AGVsmarT: checks 
*** TURN *** [Qs 5s 3c] [As]
nicegamebr: checks 
AGVsmarT: bets $0.37
nicegamebr: folds 
Uncalled bet ($0.37) returned to AGVsmarT
AGVsmarT collected $0.37 from pot
AGVsmarT: doesn't show hand 
nicegamebr is disconnected 
*** SUMMARY ***
Total pot $0.39 | Rake $0.02 
Board [Qs 5s 3c As]
Seat 1: Razvik93 (button) folded before Flop (didn't bet)
Seat 2: nicegamebr (small blind) folded on the Turn
Seat 3: Dillan900 (big blind) folded before Flop
Seat 4: AGVsmarT collected ($0.37)
Seat 5: xDOCKERS folded before Flop (didn't bet)
Seat 6: Dorex2007 folded before Flop (didn't bet)



PokerStars Zoom Hand #237836796906:  Hold'em No Limit ($0.02/$0.05) - 2022/08/06 20:38:48 PT [2022/08/06 23:38:48 ET]
Table 'Donati' 6-max Seat #1 is the button
Seat 1: George031988 ($5 in chips) 
Seat 2: tigerfarm ($9.96 in chips) 
Seat 3: Dorex2007 ($5.14 in chips) 
Seat 4: hsbc23 ($7.01 in chips) 
Seat 5: marito1416 ($3.21 in chips) 
Seat 6: Dillan900 ($5 in chips) 
tigerfarm: posts small blind $0.02
Dorex2007: posts big blind $0.05
*** HOLE CARDS ***
Dealt to Dorex2007 [Kh 2c]
hsbc23: folds 
hsbc23 is disconnected 
marito1416: raises $0.05 to $0.10
Dillan900: folds 
George031988: folds 
tigerfarm: calls $0.08
Dorex2007: calls $0.05
*** FLOP *** [Qh 5c Jc]
tigerfarm: checks 
Dorex2007: checks 
marito1416: checks 
*** TURN *** [Qh 5c Jc] [Kc]
tigerfarm: checks 
Dorex2007: bets $0.29
tigerfarm is disconnected 
marito1416: raises $0.29 to $0.58
tigerfarm: folds 
Dorex2007: folds 
Uncalled bet ($0.29) returned to marito1416
marito1416 collected $0.84 from pot
marito1416: doesn't show hand 
Dorex2007 is disconnected 
*** SUMMARY ***
Total pot $0.88 | Rake $0.04 
Board [Qh 5c Jc Kc]
Seat 1: George031988 (button) folded before Flop (didn't bet)
Seat 2: tigerfarm (small blind) folded on the Turn
Seat 3: Dorex2007 (big blind) folded on the Turn
Seat 4: hsbc23 folded before Flop (didn't bet)
Seat 5: marito1416 collected ($0.84)
Seat 6: Dillan900 folded before Flop (didn't bet)



PokerStars Zoom Hand #237836811621:  Hold'em No Limit ($0.02/$0.05) - 2022/08/06 20:39:40 PT [2022/08/06 23:39:40 ET]
Table 'Donati' 6-max Seat #1 is the button
Seat 1: Dorex2007 ($5 in chips) 
Seat 2: PapelonJede ($9.28 in chips) 
Seat 3: Alfred0013 ($28.25 in chips) 
Seat 4: HERO777907 ($5.57 in chips) 
Seat 5: norfiol ($5.25 in chips) 
Seat 6: marito1416 ($3.66 in chips) 
PapelonJede: posts small blind $0.02
Alfred0013: posts big blind $0.05
*** HOLE CARDS ***
Dealt to Dorex2007 [8h 5c]
HERO777907: folds 
Dorex2007 is disconnected 
norfiol: folds 
norfiol is disconnected 
marito1416: folds 
Dorex2007: folds 
PapelonJede: folds 
Uncalled bet ($0.03) returned to Alfred0013
marito1416 is disconnected 
Alfred0013 collected $0.04 from pot
Alfred0013: doesn't show hand 
PapelonJede is disconnected 
*** SUMMARY ***
Total pot $0.04 | Rake $0 
Seat 1: Dorex2007 (button) folded before Flop (didn't bet)
Seat 2: PapelonJede (small blind) folded before Flop
Seat 3: Alfred0013 (big blind) collected ($0.04)
Seat 4: HERO777907 folded before Flop (didn't bet)
Seat 5: norfiol folded before Flop (didn't bet)
Seat 6: marito1416 folded before Flop (didn't bet)



PokerStars Zoom Hand #237836812369:  Hold'em No Limit ($0.02/$0.05) - 2022/08/06 20:39:45 PT [2022/08/06 23:39:45 ET]
Table 'Donati' 6-max Seat #1 is the button
Seat 1: skrmn ($21.10 in chips) 
Seat 2: George031988 ($5 in chips) 
Seat 3: tigerfarm ($9.86 in chips) 
Seat 4: Razvik93 ($8.90 in chips) 
Seat 5: pequis110598 ($5.70 in chips) 
Seat 6: Dorex2007 ($5 in chips) 
George031988: posts small blind $0.02
tigerfarm: posts big blind $0.05
*** HOLE CARDS ***
Dealt to Dorex2007 [As Ah]
Razvik93: folds 
pequis110598: raises $0.10 to $0.15
skrmn is disconnected 
tigerfarm is disconnected 
Dorex2007: raises $0.15 to $0.30
skrmn: folds 
George031988: folds 
tigerfarm: folds 
pequis110598: calls $0.15
*** FLOP *** [Th Tc 9d]
pequis110598: checks 
Dorex2007: checks 
*** TURN *** [Th Tc 9d] [3c]
pequis110598: bets $0.35
Dorex2007: raises $1.34 to $1.69
pequis110598: folds 
Uncalled bet ($1.34) returned to Dorex2007
Dorex2007 collected $1.31 from pot
Dorex2007: doesn't show hand 
pequis110598 is disconnected 
*** SUMMARY ***
Total pot $1.37 | Rake $0.06 
Board [Th Tc 9d 3c]
Seat 1: skrmn (button) folded before Flop (didn't bet)
Seat 2: George031988 (small blind) folded before Flop
Seat 3: tigerfarm (big blind) folded before Flop
Seat 4: Razvik93 folded before Flop (didn't bet)
Seat 5: pequis110598 folded on the Turn
Seat 6: Dorex2007 collected ($1.31)



PokerStars Zoom Hand #237836819227:  Hold'em No Limit ($0.02/$0.05) - 2022/08/06 20:40:31 PT [2022/08/06 23:40:31 ET]
Table 'Donati' 6-max Seat #1 is the button
Seat 1: keidamepo ($46.74 in chips) 
Seat 2: JavierACP ($14.53 in chips) 
Seat 3: George031988 ($5 in chips) 
Seat 4: Gevron ($5 in chips) 
Seat 5: Dorex2007 ($5.66 in chips) 
Seat 6: nicegamebr ($9.24 in chips) 
JavierACP: posts small blind $0.02
George031988: posts big blind $0.05
*** HOLE CARDS ***
Dealt to Dorex2007 [Ac Ah]
Gevron: folds 
Gevron is disconnected 
keidamepo is disconnected 
nicegamebr is disconnected 
Dorex2007: raises $0.10 to $0.15
nicegamebr: folds 
keidamepo: folds 
JavierACP: folds 
George031988: folds 
Uncalled bet ($0.10) returned to Dorex2007
JavierACP is disconnected 
Dorex2007 collected $0.12 from pot
Dorex2007: doesn't show hand 
*** SUMMARY ***
Total pot $0.12 | Rake $0 
Seat 1: keidamepo (button) folded before Flop (didn't bet)
Seat 2: JavierACP (small blind) folded before Flop
Seat 3: George031988 (big blind) folded before Flop
Seat 4: Gevron folded before Flop (didn't bet)
Seat 5: Dorex2007 collected ($0.12)
Seat 6: nicegamebr folded before Flop (didn't bet)



PokerStars Zoom Hand #237836824608:  Hold'em No Limit ($0.02/$0.05) - 2022/08/06 20:41:07 PT [2022/08/06 23:41:07 ET]
Table 'Donati' 6-max Seat #1 is the button
Seat 1: Godlíke ($5.56 in chips) 
Seat 2: SamLFC_99 ($2.73 in chips) 
Seat 3: Dorex2007 ($5.73 in chips) 
Seat 4: Alfred0013 ($5 in chips) 
Seat 5: Dillan900 ($5.38 in chips) 
Seat 6: skrmn ($6.66 in chips) 
SamLFC_99: posts small blind $0.02
Dorex2007: posts big blind $0.05
*** HOLE CARDS ***
Dealt to Dorex2007 [4c 9c]
SamLFC_99 is disconnected 
Alfred0013: folds 
Dillan900: folds 
skrmn: folds 
Alfred0013 is disconnected 
skrmn is disconnected 
Godlíke: folds 
SamLFC_99: folds 
Uncalled bet ($0.03) returned to Dorex2007
Dorex2007 collected $0.04 from pot
Dorex2007: doesn't show hand 
*** SUMMARY ***
Total pot $0.04 | Rake $0 
Seat 1: Godlíke (button) folded before Flop (didn't bet)
Seat 2: SamLFC_99 (small blind) folded before Flop
Seat 3: Dorex2007 (big blind) collected ($0.04)
Seat 4: Alfred0013 folded before Flop (didn't bet)
Seat 5: Dillan900 folded before Flop (didn't bet)
Seat 6: skrmn folded before Flop (didn't bet)



PokerStars Zoom Hand #237836823868:  Hold'em No Limit ($0.02/$0.05) - 2022/08/06 20:41:02 PT [2022/08/06 23:41:02 ET]
Table 'Donati' 6-max Seat #1 is the button
Seat 1: JavierACP ($10.97 in chips) 
Seat 2: Dillan900 ($5 in chips) 
Seat 3: norfiol ($5.05 in chips) 
Seat 4: Nipper-AA ($4.36 in chips) 
Seat 5: Dorex2007 ($5.73 in chips) 
Seat 6: Yut.K ($5 in chips) 
Dillan900: posts small blind $0.02
norfiol: posts big blind $0.05
*** HOLE CARDS ***
Dealt to Dorex2007 [Kc 2s]
Nipper-AA: folds 
Dorex2007: folds 
Dorex2007 is disconnected 
Nipper-AA is disconnected 
Yut.K: folds 
Yut.K is disconnected 
JavierACP: folds 
JavierACP is disconnected 
Dillan900: raises $0.10 to $0.15
norfiol: folds 
Uncalled bet ($0.10) returned to Dillan900
Dillan900 collected $0.10 from pot
Dillan900: doesn't show hand 
norfiol is disconnected 
*** SUMMARY ***
Total pot $0.10 | Rake $0 
Seat 1: JavierACP (button) folded before Flop (didn't bet)
Seat 2: Dillan900 (small blind) collected ($0.10)
Seat 3: norfiol (big blind) folded before Flop
Seat 4: Nipper-AA folded before Flop (didn't bet)
Seat 5: Dorex2007 folded before Flop (didn't bet)
Seat 6: Yut.K folded before Flop (didn't bet)



PokerStars Zoom Hand #237836826399:  Hold'em No Limit ($0.02/$0.05) - 2022/08/06 20:41:19 PT [2022/08/06 23:41:19 ET]
Table 'Donati' 6-max Seat #1 is the button
Seat 1: iko0201 ($6.25 in chips) 
Seat 2: Gennosukee ($5.31 in chips) 
Seat 3: physics1090 ($7.34 in chips) 
Seat 4: norfiol ($18.92 in chips) 
Seat 5: Alfred0013 ($7.82 in chips) 
Seat 6: Dorex2007 ($5.75 in chips) 
Gennosukee: posts small blind $0.02
physics1090: posts big blind $0.05
*** HOLE CARDS ***
Dealt to Dorex2007 [3c 7d]
Alfred0013 is disconnected 
Dorex2007 is disconnected 
norfiol: folds 
Alfred0013: folds 
Dorex2007: folds 
Gennosukee is disconnected 
norfiol is disconnected 
iko0201: folds 
Gennosukee: folds 
Uncalled bet ($0.03) returned to physics1090
iko0201 is disconnected 
physics1090 collected $0.04 from pot
physics1090: doesn't show hand 
*** SUMMARY ***
Total pot $0.04 | Rake $0 
Seat 1: iko0201 (button) folded before Flop (didn't bet)
Seat 2: Gennosukee (small blind) folded before Flop
Seat 3: physics1090 (big blind) collected ($0.04)
Seat 4: norfiol folded before Flop (didn't bet)
Seat 5: Alfred0013 folded before Flop (didn't bet)
Seat 6: Dorex2007 folded before Flop (didn't bet)



PokerStars Zoom Hand #237836827276:  Hold'em No Limit ($0.02/$0.05) - 2022/08/06 20:41:25 PT [2022/08/06 23:41:25 ET]
Table 'Donati' 6-max Seat #1 is the button
Seat 1: Dorex2007 ($5.75 in chips) 
Seat 2: pasteHRO ($2.83 in chips) 
Seat 3: Godlíke ($5 in chips) 
Seat 4: loboestepa99 ($8.05 in chips) 
Seat 5: Yut.K ($5 in chips) 
Seat 6: Dillan900 ($5 in chips) 
pasteHRO: posts small blind $0.02
Godlíke: posts big blind $0.05
*** HOLE CARDS ***
Dealt to Dorex2007 [5c 5s]
loboestepa99: raises $0.10 to $0.15
Yut.K: folds 
Dillan900: folds 
Yut.K is disconnected 
Dorex2007: calls $0.15
pasteHRO: calls $0.13
Godlíke: folds 
*** FLOP *** [9d 9h Jh]
pasteHRO: checks 
loboestepa99: checks 
Dorex2007: bets $0.48
pasteHRO: folds 
pasteHRO is disconnected 
loboestepa99: calls $0.48
*** TURN *** [9d 9h Jh] [Ad]
loboestepa99: checks 
Dorex2007: checks 
*** RIVER *** [9d 9h Jh Ad] [Qd]
loboestepa99: checks 
Dorex2007: bets $0.70
loboestepa99: folds 
Uncalled bet ($0.70) returned to Dorex2007
Dorex2007 collected $1.40 from pot
Dorex2007: doesn't show hand 
loboestepa99 is disconnected 
*** SUMMARY ***
Total pot $1.46 | Rake $0.06 
Board [9d 9h Jh Ad Qd]
Seat 1: Dorex2007 (button) collected ($1.40)
Seat 2: pasteHRO (small blind) folded on the Flop
Seat 3: Godlíke (big blind) folded before Flop
Seat 4: loboestepa99 folded on the River
Seat 5: Yut.K folded before Flop (didn't bet)
Seat 6: Dillan900 folded before Flop (didn't bet)



PokerStars Zoom Hand #237836840172:  Hold'em No Limit ($0.02/$0.05) - 2022/08/06 20:42:52 PT [2022/08/06 23:42:52 ET]
Table 'Donati' 6-max Seat #1 is the button
Seat 1: Dorex2007 ($6.50 in chips) 
Seat 2: babiloniaxxx ($3.61 in chips) 
Seat 3: JavierACP ($5.57 in chips) 
Seat 4: physics1090 ($7.20 in chips) 
Seat 5: Dillan900 ($5.06 in chips) 
Seat 6: crisjabe ($8.24 in chips) 
babiloniaxxx: posts small blind $0.02
JavierACP: posts big blind $0.05
*** HOLE CARDS ***
Dealt to Dorex2007 [6s 6h]
physics1090: folds 
Dillan900: folds 
physics1090 is disconnected 
crisjabe: folds 
crisjabe is disconnected 
Dorex2007: raises $0.15 to $0.20
babiloniaxxx: folds 
babiloniaxxx is disconnected 
JavierACP: folds 
Uncalled bet ($0.15) returned to Dorex2007
Dorex2007 collected $0.12 from pot
Dorex2007: doesn't show hand 
JavierACP is disconnected 
*** SUMMARY ***
Total pot $0.12 | Rake $0 
Seat 1: Dorex2007 (button) collected ($0.12)
Seat 2: babiloniaxxx (small blind) folded before Flop
Seat 3: JavierACP (big blind) folded before Flop
Seat 4: physics1090 folded before Flop (didn't bet)
Seat 5: Dillan900 folded before Flop (didn't bet)
Seat 6: crisjabe folded before Flop (didn't bet)



PokerStars Zoom Hand #237836835924:  Hold'em No Limit ($0.02/$0.05) - 2022/08/06 20:42:23 PT [2022/08/06 23:42:23 ET]
Table 'Donati' 6-max Seat #1 is the button
Seat 1: Razvik93 ($8.95 in chips) 
Seat 2: Dorex2007 ($6.52 in chips) 
Seat 3: Godlíke ($5 in chips) 
Seat 4: hiro623 ($8.48 in chips) 
Seat 5: skrmn ($20.89 in chips) 
Seat 6: nantonakusakana ($5 in chips) 
Dorex2007: posts small blind $0.02
Godlíke: posts big blind $0.05
*** HOLE CARDS ***
Dealt to Dorex2007 [Ac 2s]
skrmn is disconnected 
nantonakusakana is disconnected 
hiro623: folds 
skrmn: folds 
nantonakusakana: folds 
hiro623 is disconnected 
Razvik93: raises $0.06 to $0.11
Dorex2007: folds 
Dorex2007 is disconnected 
Godlíke: raises $0.33 to $0.44
Razvik93: calls $0.33
*** FLOP *** [Qh Td 4s]
Godlíke: bets $0.28
Razvik93: calls $0.28
*** TURN *** [Qh Td 4s] [3d]
Godlíke: checks 
Razvik93: checks 
*** RIVER *** [Qh Td 4s 3d] [9s]
Godlíke: checks 
Razvik93: checks 
*** SHOW DOWN ***
Godlíke: shows [5h Ah] (high card Ace)
Razvik93: shows [6d 6c] (a pair of Sixes)
Razvik93 collected $1.40 from pot
*** SUMMARY ***
Total pot $1.46 | Rake $0.06 
Board [Qh Td 4s 3d 9s]
Seat 1: Razvik93 (button) showed [6d 6c] and won ($1.40) with a pair of Sixes
Seat 2: Dorex2007 (small blind) folded before Flop
Seat 3: Godlíke (big blind) showed [5h Ah] and lost with high card Ace
Seat 4: hiro623 folded before Flop (didn't bet)
Seat 5: skrmn folded before Flop (didn't bet)
Seat 6: nantonakusakana folded before Flop (didn't bet)



PokerStars Zoom Hand #237836837991:  Hold'em No Limit ($0.02/$0.05) - 2022/08/06 20:42:37 PT [2022/08/06 23:42:37 ET]
Table 'Donati' 6-max Seat #1 is the button
Seat 1: babiloniaxxx ($3.61 in chips) 
Seat 2: AGVsmarT ($4.83 in chips) 
Seat 3: kUrT1sH ($2.50 in chips) 
Seat 4: Dorex2007 ($6.50 in chips) 
Seat 5: physics1090 ($5.37 in chips) 
Seat 6: Crushpad ($4.93 in chips) 
AGVsmarT: posts small blind $0.02
kUrT1sH: posts big blind $0.05
*** HOLE CARDS ***
Dealt to Dorex2007 [4h Jh]
Dorex2007: folds 
physics1090: folds 
physics1090 is disconnected 
Dorex2007 is disconnected 
babiloniaxxx is disconnected 
Crushpad: raises $0.10 to $0.15
babiloniaxxx: folds 
AGVsmarT: folds 
AGVsmarT is disconnected 
kUrT1sH: calls $0.10
*** FLOP *** [Qc Th 9c]
kUrT1sH: bets $0.43
Crushpad: folds 
Uncalled bet ($0.43) returned to kUrT1sH
kUrT1sH collected $0.31 from pot
kUrT1sH: doesn't show hand 
Crushpad is disconnected 
*** SUMMARY ***
Total pot $0.32 | Rake $0.01 
Board [Qc Th 9c]
Seat 1: babiloniaxxx (button) folded before Flop (didn't bet)
Seat 2: AGVsmarT (small blind) folded before Flop
Seat 3: kUrT1sH (big blind) collected ($0.31)
Seat 4: Dorex2007 folded before Flop (didn't bet)
Seat 5: physics1090 folded before Flop (didn't bet)
Seat 6: Crushpad folded on the Flop



PokerStars Zoom Hand #237836850742:  Hold'em No Limit ($0.02/$0.05) - 2022/08/06 20:43:16 PT [2022/08/06 23:43:16 ET]
Table 'Donati' 6-max Seat #1 is the button
Seat 1: Gennosukee ($23.41 in chips) 
Seat 2: my sapphire ($5.35 in chips) 
Seat 3: Aliojin1892 ($5 in chips) 
Seat 4: Dorex2007 ($6.57 in chips) 
Seat 5: Johann_Heinrich ($8.54 in chips) 
Seat 6: AGVsmarT ($14.54 in chips) 
my sapphire: posts small blind $0.02
Aliojin1892: posts big blind $0.05
*** HOLE CARDS ***
Dealt to Dorex2007 [Qs Qc]
Johann_Heinrich is disconnected 
Gennosukee is disconnected 
Dorex2007: raises $0.10 to $0.15
Johann_Heinrich: folds 
AGVsmarT: folds 
Gennosukee: folds 
my sapphire: folds 
AGVsmarT is disconnected 
Aliojin1892: folds 
Uncalled bet ($0.10) returned to Dorex2007
Dorex2007 collected $0.12 from pot
Dorex2007: doesn't show hand 
Aliojin1892 is disconnected 
*** SUMMARY ***
Total pot $0.12 | Rake $0 
Seat 1: Gennosukee (button) folded before Flop (didn't bet)
Seat 2: my sapphire (small blind) folded before Flop
Seat 3: Aliojin1892 (big blind) folded before Flop
Seat 4: Dorex2007 collected ($0.12)
Seat 5: Johann_Heinrich folded before Flop (didn't bet)
Seat 6: AGVsmarT folded before Flop (didn't bet)



PokerStars Zoom Hand #237836838689:  Hold'em No Limit ($0.02/$0.05) - 2022/08/06 20:42:42 PT [2022/08/06 23:42:42 ET]
Table 'Donati' 6-max Seat #1 is the button
Seat 1: nantonakusakana ($5 in chips) 
Seat 2: Godlíke ($5.69 in chips) 
Seat 3: pktrcl ($5 in chips) 
Seat 4: JavierACP ($5.57 in chips) 
Seat 5: Dorex2007 ($6.50 in chips) 
Seat 6: Yut.K ($5.71 in chips) 
Godlíke: posts small blind $0.02
pktrcl: posts big blind $0.05
*** HOLE CARDS ***
Dealt to Dorex2007 [8h Qd]
Dorex2007 is disconnected 
JavierACP: folds 
Dorex2007: folds 
JavierACP is disconnected 
Yut.K: raises $0.06 to $0.11
nantonakusakana: folds 
nantonakusakana is disconnected 
Godlíke: folds 
pktrcl: calls $0.06
*** FLOP *** [2d Js 7d]
pktrcl: checks 
Yut.K: bets $0.13
pktrcl: calls $0.13
*** TURN *** [2d Js 7d] [2s]
pktrcl: checks 
Yut.K: checks 
*** RIVER *** [2d Js 7d 2s] [6s]
pktrcl: checks 
Yut.K: checks 
*** SHOW DOWN ***
pktrcl: shows [7s Td] (two pair, Sevens and Deuces)
Yut.K: mucks hand 
pktrcl collected $0.48 from pot
*** SUMMARY ***
Total pot $0.50 | Rake $0.02 
Board [2d Js 7d 2s 6s]
Seat 1: nantonakusakana (button) folded before Flop (didn't bet)
Seat 2: Godlíke (small blind) folded before Flop
Seat 3: pktrcl (big blind) showed [7s Td] and won ($0.48) with two pair, Sevens and Deuces
Seat 4: JavierACP folded before Flop (didn't bet)
Seat 5: Dorex2007 folded before Flop (didn't bet)
Seat 6: Yut.K mucked [Ad Kd]



PokerStars Zoom Hand #237836842892:  Hold'em No Limit ($0.02/$0.05) - 2022/08/06 20:43:10 PT [2022/08/06 23:43:10 ET]
Table 'Donati' 6-max Seat #1 is the button
Seat 1: morningsky29 ($5.24 in chips) 
Seat 2: physics1090 ($5.32 in chips) 
Seat 3: MR ED30 0209 ($8.11 in chips) 
Seat 4: iLoVeTALAN ($5.09 in chips) 
Seat 5: HUALSTER ($2.23 in chips) 
Seat 6: Dorex2007 ($6.57 in chips) 
physics1090: posts small blind $0.02
MR ED30 0209: posts big blind $0.05
*** HOLE CARDS ***
Dealt to Dorex2007 [9c 7d]
Dorex2007 is disconnected 
iLoVeTALAN: raises $0.05 to $0.10
HUALSTER: folds 
Dorex2007: folds 
HUALSTER is disconnected 
physics1090 is disconnected 
morningsky29: folds 
physics1090: folds 
morningsky29 is disconnected 
MR ED30 0209: calls $0.05
*** FLOP *** [2h 4h 5d]
MR ED30 0209: checks 
iLoVeTALAN: bets $0.10
MR ED30 0209: calls $0.10
*** TURN *** [2h 4h 5d] [Qd]
MR ED30 0209: checks 
iLoVeTALAN: checks 
*** RIVER *** [2h 4h 5d Qd] [Ad]
MR ED30 0209: checks 
iLoVeTALAN: bets $0.40
MR ED30 0209: folds 
Uncalled bet ($0.40) returned to iLoVeTALAN
iLoVeTALAN collected $0.40 from pot
iLoVeTALAN: doesn't show hand 
MR ED30 0209 is disconnected 
*** SUMMARY ***
Total pot $0.42 | Rake $0.02 
Board [2h 4h 5d Qd Ad]
Seat 1: morningsky29 (button) folded before Flop (didn't bet)
Seat 2: physics1090 (small blind) folded before Flop
Seat 3: MR ED30 0209 (big blind) folded on the River
Seat 4: iLoVeTALAN collected ($0.40)
Seat 5: HUALSTER folded before Flop (didn't bet)
Seat 6: Dorex2007 folded before Flop (didn't bet)



PokerStars Zoom Hand #237836853127:  Hold'em No Limit ($0.02/$0.05) - 2022/08/06 20:43:32 PT [2022/08/06 23:43:32 ET]
Table 'Donati' 6-max Seat #1 is the button
Seat 1: syuzu08 ($15.99 in chips) 
Seat 2: Priven22 ($6.01 in chips) 
Seat 3: Dorex2007 ($6.64 in chips) 
Seat 4: morningsky29 ($5 in chips) 
Seat 5: renireni621 ($5.98 in chips) 
Seat 6: fuji3desu ($5 in chips) 
Priven22: posts small blind $0.02
Dorex2007: posts big blind $0.05
*** HOLE CARDS ***
Dealt to Dorex2007 [Jc 7h]
morningsky29: folds 
morningsky29 is disconnected 
renireni621: folds 
renireni621 is disconnected 
fuji3desu: raises $0.07 to $0.12
syuzu08: folds 
syuzu08 is disconnected 
Priven22: calls $0.10
Dorex2007: folds 
*** FLOP *** [9c Tc 3d]
Dorex2007 is disconnected 
Priven22: checks 
fuji3desu: bets $0.14
Priven22: calls $0.14
*** TURN *** [9c Tc 3d] [9s]
Priven22: bets $0.20
fuji3desu: folds 
Uncalled bet ($0.20) returned to Priven22
Priven22 collected $0.55 from pot
Priven22: doesn't show hand 
fuji3desu is disconnected 
*** SUMMARY ***
Total pot $0.57 | Rake $0.02 
Board [9c Tc 3d 9s]
Seat 1: syuzu08 (button) folded before Flop (didn't bet)
Seat 2: Priven22 (small blind) collected ($0.55)
Seat 3: Dorex2007 (big blind) folded before Flop
Seat 4: morningsky29 folded before Flop (didn't bet)
Seat 5: renireni621 folded before Flop (didn't bet)
Seat 6: fuji3desu folded on the Turn



PokerStars Zoom Hand #237836856738:  Hold'em No Limit ($0.02/$0.05) - 2022/08/06 20:43:58 PT [2022/08/06 23:43:58 ET]
Table 'Donati' 6-max Seat #1 is the button
Seat 1: furutachi1012 ($15.71 in chips) 
Seat 2: JavierACP ($12.88 in chips) 
Seat 3: kUrT1sH ($2.36 in chips) 
Seat 4: BeginerInPoker ($9.65 in chips) 
Seat 5: pequis110598 ($5.37 in chips) 
Seat 6: Dorex2007 ($6.57 in chips) 
JavierACP: posts small blind $0.02
kUrT1sH: posts big blind $0.05
*** HOLE CARDS ***
Dealt to Dorex2007 [3s 8d]
pequis110598 is disconnected 
furutachi1012 is disconnected 
BeginerInPoker: folds 
pequis110598: folds 
Dorex2007: folds 
furutachi1012: folds 
Dorex2007 is disconnected 
JavierACP: folds 
Uncalled bet ($0.03) returned to kUrT1sH
kUrT1sH collected $0.04 from pot
kUrT1sH: doesn't show hand 
JavierACP is disconnected 
*** SUMMARY ***
Total pot $0.04 | Rake $0 
Seat 1: furutachi1012 (button) folded before Flop (didn't bet)
Seat 2: JavierACP (small blind) folded before Flop
Seat 3: kUrT1sH (big blind) collected ($0.04)
Seat 4: BeginerInPoker folded before Flop (didn't bet)
Seat 5: pequis110598 folded before Flop (didn't bet)
Seat 6: Dorex2007 folded before Flop (didn't bet)



PokerStars Zoom Hand #237836855553:  Hold'em No Limit ($0.02/$0.05) - 2022/08/06 20:43:50 PT [2022/08/06 23:43:50 ET]
Table 'Donati' 6-max Seat #1 is the button
Seat 1: pktrcl ($5.22 in chips) 
Seat 2: Dorex2007 ($6.59 in chips) 
Seat 3: hiro623 ($8.48 in chips) 
Seat 4: rupin1412 ($10.19 in chips) 
Seat 5: Aliojin1892 ($5.02 in chips) 
Seat 6: norfiol ($17.03 in chips) 
Dorex2007: posts small blind $0.02
hiro623: posts big blind $0.05
*** HOLE CARDS ***
Dealt to Dorex2007 [2d 6d]
rupin1412: raises $0.10 to $0.15
Aliojin1892: folds 
Aliojin1892 is disconnected 
Dorex2007 is disconnected 
norfiol has timed out
norfiol: folds 
norfiol is disconnected 
pktrcl: folds 
Dorex2007: folds 
pktrcl is disconnected 
hiro623: calls $0.10
*** FLOP *** [Td 6c Ah]
hiro623: checks 
rupin1412: bets $0.10
hiro623: calls $0.10
*** TURN *** [Td 6c Ah] [Jc]
hiro623: checks 
rupin1412: checks 
*** RIVER *** [Td 6c Ah Jc] [8s]
hiro623: checks 
rupin1412: bets $0.50
hiro623: folds 
Uncalled bet ($0.50) returned to rupin1412
rupin1412 collected $0.50 from pot
rupin1412: doesn't show hand 
hiro623 is disconnected 
*** SUMMARY ***
Total pot $0.52 | Rake $0.02 
Board [Td 6c Ah Jc 8s]
Seat 1: pktrcl (button) folded before Flop (didn't bet)
Seat 2: Dorex2007 (small blind) folded before Flop
Seat 3: hiro623 (big blind) folded on the River
Seat 4: rupin1412 collected ($0.50)
Seat 5: Aliojin1892 folded before Flop (didn't bet)
Seat 6: norfiol folded before Flop (didn't bet)



PokerStars Zoom Hand #237836858308:  Hold'em No Limit ($0.02/$0.05) - 2022/08/06 20:44:09 PT [2022/08/06 23:44:09 ET]
Table 'Donati' 6-max Seat #1 is the button
Seat 1: Crushpad ($4.71 in chips) 
Seat 2: Nipper-AA ($5.03 in chips) 
Seat 3: hsbc23 ($5 in chips) 
Seat 4: Aliojin1892 ($4.93 in chips) 
Seat 5: Dorex2007 ($6.57 in chips) 
Seat 6: Gennosukee ($6.33 in chips) 
Nipper-AA: posts small blind $0.02
hsbc23: posts big blind $0.05
*** HOLE CARDS ***
Dealt to Dorex2007 [3d 3c]
Gennosukee is disconnected 
Aliojin1892: folds 
Aliojin1892 is disconnected 
Dorex2007: raises $0.10 to $0.15
Gennosukee: folds 
Crushpad: folds 
Crushpad is disconnected 
Nipper-AA: calls $0.13
hsbc23: folds 
*** FLOP *** [6d Ac Ks]
hsbc23 is disconnected 
Nipper-AA: checks 
Dorex2007: bets $0.17
Nipper-AA: folds 
Uncalled bet ($0.17) returned to Dorex2007
Dorex2007 collected $0.34 from pot
Dorex2007: doesn't show hand 
Nipper-AA is disconnected 
*** SUMMARY ***
Total pot $0.35 | Rake $0.01 
Board [6d Ac Ks]
Seat 1: Crushpad (button) folded before Flop (didn't bet)
Seat 2: Nipper-AA (small blind) folded on the Flop
Seat 3: hsbc23 (big blind) folded before Flop
Seat 4: Aliojin1892 folded before Flop (didn't bet)
Seat 5: Dorex2007 collected ($0.34)
Seat 6: Gennosukee folded before Flop (didn't bet)



PokerStars Zoom Hand #237836864038:  Hold'em No Limit ($0.02/$0.05) - 2022/08/06 20:44:48 PT [2022/08/06 23:44:48 ET]
Table 'Donati' 6-max Seat #1 is the button
Seat 1: Razvik93 ($5 in chips) 
Seat 2: Alfred0013 ($8.89 in chips) 
Seat 3: Dorex2007 ($6.76 in chips) 
Seat 4: CATEGORY V ($5.76 in chips) 
Seat 5: phnx35 ($7.40 in chips) 
Seat 6: AymaneBO ($5 in chips) 
Alfred0013: posts small blind $0.02
Dorex2007: posts big blind $0.05
*** HOLE CARDS ***
Dealt to Dorex2007 [6h 4h]
CATEGORY V: folds 
CATEGORY V is disconnected 
phnx35: folds 
phnx35 is disconnected 
AymaneBO: folds 
Razvik93: folds 
AymaneBO is disconnected 
Alfred0013: raises $0.10 to $0.15
Dorex2007: folds 
Uncalled bet ($0.10) returned to Alfred0013
Alfred0013 collected $0.10 from pot
Alfred0013: doesn't show hand 
Dorex2007 is disconnected 
*** SUMMARY ***
Total pot $0.10 | Rake $0 
Seat 1: Razvik93 (button) folded before Flop (didn't bet)
Seat 2: Alfred0013 (small blind) collected ($0.10)
Seat 3: Dorex2007 (big blind) folded before Flop
Seat 4: CATEGORY V folded before Flop (didn't bet)
Seat 5: phnx35 folded before Flop (didn't bet)
Seat 6: AymaneBO folded before Flop (didn't bet)



PokerStars Zoom Hand #237836867266:  Hold'em No Limit ($0.02/$0.05) - 2022/08/06 20:45:10 PT [2022/08/06 23:45:10 ET]
Table 'Donati' 6-max Seat #1 is the button
Seat 1: Dorex2007 ($6.71 in chips) 
Seat 2: teutonknight ($7.62 in chips) 
Seat 3: PapelonJede ($8.79 in chips) 
Seat 4: renireni621 ($5.98 in chips) 
Seat 5: Alfred0013 ($30.38 in chips) 
Seat 6: Godlíke ($5 in chips) 
teutonknight: posts small blind $0.02
PapelonJede: posts big blind $0.05
*** HOLE CARDS ***
Dealt to Dorex2007 [9s 9h]
renireni621: folds 
renireni621 is disconnected 
Alfred0013: raises $0.07 to $0.12
Godlíke: folds 
PapelonJede is disconnected 
Dorex2007: calls $0.12
teutonknight: calls $0.10
PapelonJede: folds 
*** FLOP *** [8d 4h Jh]
teutonknight: checks 
Alfred0013: checks 
Dorex2007: checks 
*** TURN *** [8d 4h Jh] [3h]
teutonknight: bets $0.39
Alfred0013: folds 
Alfred0013 is disconnected 
Dorex2007: folds 
Uncalled bet ($0.39) returned to teutonknight
teutonknight collected $0.39 from pot
teutonknight: doesn't show hand 
Dorex2007 is disconnected 
*** SUMMARY ***
Total pot $0.41 | Rake $0.02 
Board [8d 4h Jh 3h]
Seat 1: Dorex2007 (button) folded on the Turn
Seat 2: teutonknight (small blind) collected ($0.39)
Seat 3: PapelonJede (big blind) folded before Flop
Seat 4: renireni621 folded before Flop (didn't bet)
Seat 5: Alfred0013 folded on the Turn
Seat 6: Godlíke folded before Flop (didn't bet)



PokerStars Zoom Hand #237836874324:  Hold'em No Limit ($0.02/$0.05) - 2022/08/06 20:45:57 PT [2022/08/06 23:45:57 ET]
Table 'Donati' 6-max Seat #1 is the button
Seat 1: nofearjimbo ($5.64 in chips) 
Seat 2: Gennosukee ($22.77 in chips) 
Seat 3: Johann_Heinrich ($8.06 in chips) 
Seat 4: morningsky29 ($5 in chips) 
Seat 5: Dorex2007 ($6.59 in chips) 
Seat 6: teutonknight ($7.89 in chips) 
Gennosukee: posts small blind $0.02
Johann_Heinrich: posts big blind $0.05
*** HOLE CARDS ***
Dealt to Dorex2007 [Kd 3c]
teutonknight is disconnected 
Dorex2007 is disconnected 
morningsky29: folds 
Dorex2007: folds 
teutonknight: folds 
morningsky29 is disconnected 
nofearjimbo: folds 
nofearjimbo is disconnected 
Gennosukee: folds 
Uncalled bet ($0.03) returned to Johann_Heinrich
Johann_Heinrich collected $0.04 from pot
Johann_Heinrich: doesn't show hand 
Gennosukee is disconnected 
*** SUMMARY ***
Total pot $0.04 | Rake $0 
Seat 1: nofearjimbo (button) folded before Flop (didn't bet)
Seat 2: Gennosukee (small blind) folded before Flop
Seat 3: Johann_Heinrich (big blind) collected ($0.04)
Seat 4: morningsky29 folded before Flop (didn't bet)
Seat 5: Dorex2007 folded before Flop (didn't bet)
Seat 6: teutonknight folded before Flop (didn't bet)



PokerStars Zoom Hand #237836875040:  Hold'em No Limit ($0.02/$0.05) - 2022/08/06 20:46:02 PT [2022/08/06 23:46:02 ET]
Table 'Donati' 6-max Seat #1 is the button
Seat 1: teutonknight ($7.89 in chips) 
Seat 2: Dorex2007 ($6.59 in chips) 
Seat 3: skrmn ($20.01 in chips) 
Seat 4: Gennosukee ($5.71 in chips) 
Seat 5: morningsky29 ($5 in chips) 
Seat 6: hsbc23 ($5 in chips) 
Dorex2007: posts small blind $0.02
skrmn: posts big blind $0.05
*** HOLE CARDS ***
Dealt to Dorex2007 [Qc Kc]
hsbc23 is disconnected 
Gennosukee: folds 
Gennosukee is disconnected 
morningsky29: folds 
hsbc23: folds 
morningsky29 is disconnected 
teutonknight: raises $0.12 to $0.17
skrmn is disconnected 
Dorex2007: raises $0.28 to $0.45
skrmn: folds 
teutonknight: calls $0.28
*** FLOP *** [5h 2d 4s]
Dorex2007: bets $0.91
teutonknight: folds 
Uncalled bet ($0.91) returned to Dorex2007
Dorex2007 collected $0.91 from pot
Dorex2007: doesn't show hand 
teutonknight is disconnected 
*** SUMMARY ***
Total pot $0.95 | Rake $0.04 
Board [5h 2d 4s]
Seat 1: teutonknight (button) folded on the Flop
Seat 2: Dorex2007 (small blind) collected ($0.91)
Seat 3: skrmn (big blind) folded before Flop
Seat 4: Gennosukee folded before Flop (didn't bet)
Seat 5: morningsky29 folded before Flop (didn't bet)
Seat 6: hsbc23 folded before Flop (didn't bet)



PokerStars Zoom Hand #237836879788:  Hold'em No Limit ($0.02/$0.05) - 2022/08/06 20:46:34 PT [2022/08/06 23:46:34 ET]
Table 'Donati' 6-max Seat #1 is the button
Seat 1: teutonknight ($5.12 in chips) 
Seat 2: skrmn ($19.96 in chips) 
Seat 3: Ticoberto ($6.69 in chips) 
Seat 4: Dorex2007 ($7.05 in chips) 
Seat 5: Gennosukee ($5 in chips) 
Seat 6: morningsky29 ($5.84 in chips) 
skrmn: posts small blind $0.02
Ticoberto: posts big blind $0.05
*** HOLE CARDS ***
Dealt to Dorex2007 [Qc Jd]
teutonknight is disconnected 
Gennosukee is disconnected 
morningsky29 is disconnected 
Dorex2007: calls $0.05
Gennosukee: folds 
morningsky29: folds 
teutonknight: folds 
skrmn: folds 
skrmn is disconnected 
Ticoberto: checks 
*** FLOP *** [3s Kd 6h]
Ticoberto: checks 
Dorex2007: checks 
*** TURN *** [3s Kd 6h] [8h]
Ticoberto: bets $0.06
Dorex2007: folds 
Uncalled bet ($0.06) returned to Ticoberto
Ticoberto collected $0.12 from pot
Ticoberto: doesn't show hand 
Dorex2007 is disconnected 
*** SUMMARY ***
Total pot $0.12 | Rake $0 
Board [3s Kd 6h 8h]
Seat 1: teutonknight (button) folded before Flop (didn't bet)
Seat 2: skrmn (small blind) folded before Flop
Seat 3: Ticoberto (big blind) collected ($0.12)
Seat 4: Dorex2007 folded on the Turn
Seat 5: Gennosukee folded before Flop (didn't bet)
Seat 6: morningsky29 folded before Flop (didn't bet)



PokerStars Zoom Hand #237836885237:  Hold'em No Limit ($0.02/$0.05) - 2022/08/06 20:47:11 PT [2022/08/06 23:47:11 ET]
Table 'Donati' 6-max Seat #1 is the button
Seat 1: SamLFC_99 ($3.28 in chips) 
Seat 2: nantonakusakana ($5.07 in chips) 
Seat 3: iLoVeTALAN ($5.67 in chips) 
Seat 4: tigerfarm ($5.17 in chips) 
Seat 5: Dorex2007 ($7 in chips) 
Seat 6: Razvik93 ($5.40 in chips) 
nantonakusakana: posts small blind $0.02
iLoVeTALAN: posts big blind $0.05
*** HOLE CARDS ***
Dealt to Dorex2007 [3h Qc]
SamLFC_99 is disconnected 
Dorex2007 is disconnected 
tigerfarm: raises $0.10 to $0.15
Dorex2007: folds 
Razvik93: folds 
SamLFC_99: folds 
nantonakusakana: folds 
iLoVeTALAN: folds 
Uncalled bet ($0.10) returned to tigerfarm
nantonakusakana is disconnected 
tigerfarm collected $0.12 from pot
tigerfarm: doesn't show hand 
iLoVeTALAN is disconnected 
*** SUMMARY ***
Total pot $0.12 | Rake $0 
Seat 1: SamLFC_99 (button) folded before Flop (didn't bet)
Seat 2: nantonakusakana (small blind) folded before Flop
Seat 3: iLoVeTALAN (big blind) folded before Flop
Seat 4: tigerfarm collected ($0.12)
Seat 5: Dorex2007 folded before Flop (didn't bet)
Seat 6: Razvik93 folded before Flop (didn't bet)



PokerStars Zoom Hand #237836884456:  Hold'em No Limit ($0.02/$0.05) - 2022/08/06 20:47:06 PT [2022/08/06 23:47:06 ET]
Table 'Donati' 6-max Seat #1 is the button
Seat 1: Dorex2007 ($7 in chips) 
Seat 2: No.703 ($5 in chips) 
Seat 3: teutonknight ($5.19 in chips) 
Seat 4: Gevron ($6.27 in chips) 
Seat 5: tigerfarm ($5.17 in chips) 
Seat 6: Godlíke ($5.23 in chips) 
No.703: posts small blind $0.02
teutonknight: posts big blind $0.05
*** HOLE CARDS ***
Dealt to Dorex2007 [8c Td]
Gevron: raises $0.07 to $0.12
No.703 is disconnected 
tigerfarm: folds 
tigerfarm is disconnected 
Dorex2007 is disconnected 
Godlíke: folds 
Dorex2007: folds 
No.703: folds 
teutonknight: calls $0.07
*** FLOP *** [8h 6h Jc]
teutonknight: checks 
Gevron: checks 
*** TURN *** [8h 6h Jc] [4h]
teutonknight: bets $0.25
Gevron: folds 
Uncalled bet ($0.25) returned to teutonknight
teutonknight collected $0.25 from pot
teutonknight: doesn't show hand 
Gevron is disconnected 
*** SUMMARY ***
Total pot $0.26 | Rake $0.01 
Board [8h 6h Jc 4h]
Seat 1: Dorex2007 (button) folded before Flop (didn't bet)
Seat 2: No.703 (small blind) folded before Flop
Seat 3: teutonknight (big blind) collected ($0.25)
Seat 4: Gevron folded on the Turn
Seat 5: tigerfarm folded before Flop (didn't bet)
Seat 6: Godlíke folded before Flop (didn't bet)



PokerStars Zoom Hand #237836886291:  Hold'em No Limit ($0.02/$0.05) - 2022/08/06 20:47:18 PT [2022/08/06 23:47:18 ET]
Table 'Donati' 6-max Seat #1 is the button
Seat 1: Nipper-AA ($3.12 in chips) 
Seat 2: AGVsmarT ($13.72 in chips) 
Seat 3: SamLFC_99 ($3.28 in chips) 
Seat 4: renireni621 ($5.98 in chips) 
Seat 5: Alfred0013 ($20.90 in chips) 
Seat 6: Dorex2007 ($7 in chips) 
AGVsmarT: posts small blind $0.02
SamLFC_99: posts big blind $0.05
*** HOLE CARDS ***
Dealt to Dorex2007 [Ts 3d]
renireni621: folds 
renireni621 is disconnected 
Dorex2007 is disconnected 
Alfred0013: folds 
Dorex2007: folds 
Alfred0013 is disconnected 
Nipper-AA: raises $0.05 to $0.10
SamLFC_99 is disconnected 
AGVsmarT: folds 
SamLFC_99: folds 
Uncalled bet ($0.05) returned to Nipper-AA
AGVsmarT is disconnected 
Nipper-AA collected $0.12 from pot
Nipper-AA: doesn't show hand 
*** SUMMARY ***
Total pot $0.12 | Rake $0 
Seat 1: Nipper-AA (button) collected ($0.12)
Seat 2: AGVsmarT (small blind) folded before Flop
Seat 3: SamLFC_99 (big blind) folded before Flop
Seat 4: renireni621 folded before Flop (didn't bet)
Seat 5: Alfred0013 folded before Flop (didn't bet)
Seat 6: Dorex2007 folded before Flop (didn't bet)



PokerStars Zoom Hand #237836887330:  Hold'em No Limit ($0.02/$0.05) - 2022/08/06 20:47:25 PT [2022/08/06 23:47:25 ET]
Table 'Donati' 6-max Seat #1 is the button
Seat 1: Gennosukee ($5.17 in chips) 
Seat 2: PapelonJede ($6.91 in chips) 
Seat 3: Ambumedic ($3.50 in chips) 
Seat 4: Dorex2007 ($7 in chips) 
Seat 5: Gevron ($6.15 in chips) 
Seat 6: Alfred0013 ($20.90 in chips) 
PapelonJede: posts small blind $0.02
Ambumedic: posts big blind $0.05
*** HOLE CARDS ***
Dealt to Dorex2007 [3d Jc]
Gennosukee is disconnected 
Dorex2007: folds 
Dorex2007 is disconnected 
Gevron: folds 
Gevron is disconnected 
Alfred0013: folds 
Gennosukee: folds 
Alfred0013 is disconnected 
PapelonJede: folds 
Uncalled bet ($0.03) returned to Ambumedic
Ambumedic collected $0.04 from pot
Ambumedic: doesn't show hand 
PapelonJede is disconnected 
*** SUMMARY ***
Total pot $0.04 | Rake $0 
Seat 1: Gennosukee (button) folded before Flop (didn't bet)
Seat 2: PapelonJede (small blind) folded before Flop
Seat 3: Ambumedic (big blind) collected ($0.04)
Seat 4: Dorex2007 folded before Flop (didn't bet)
Seat 5: Gevron folded before Flop (didn't bet)
Seat 6: Alfred0013 folded before Flop (didn't bet)



PokerStars Zoom Hand #237836888228:  Hold'em No Limit ($0.02/$0.05) - 2022/08/06 20:47:31 PT [2022/08/06 23:47:31 ET]
Table 'Donati' 6-max Seat #1 is the button
Seat 1: Razvik93 ($5.40 in chips) 
Seat 2: CATEGORY V ($5.29 in chips) 
Seat 3: Dorex2007 ($7 in chips) 
Seat 4: No.703 ($5.02 in chips) 
Seat 5: HERO777907 ($12.79 in chips) 
Seat 6: Godlíke ($5.40 in chips) 
CATEGORY V: posts small blind $0.02
Dorex2007: posts big blind $0.05
*** HOLE CARDS ***
Dealt to Dorex2007 [3c Ks]
No.703: folds 
HERO777907: folds 
No.703 is disconnected 
Godlíke: folds 
Razvik93: raises $0.06 to $0.11
CATEGORY V: calls $0.09
Dorex2007: folds 
*** FLOP *** [6d 5d Tc]
Dorex2007 is disconnected 
CATEGORY V: checks 
Razvik93: checks 
*** TURN *** [6d 5d Tc] [8c]
CATEGORY V: bets $0.15
Razvik93: calls $0.15
*** RIVER *** [6d 5d Tc 8c] [3h]
CATEGORY V: checks 
Razvik93: checks 
*** SHOW DOWN ***
CATEGORY V: shows [Qd 8d] (a pair of Eights)
Razvik93: mucks hand 
CATEGORY V collected $0.55 from pot
*** SUMMARY ***
Total pot $0.57 | Rake $0.02 
Board [6d 5d Tc 8c 3h]
Seat 1: Razvik93 (button) mucked [4c Kc]
Seat 2: CATEGORY V (small blind) showed [Qd 8d] and won ($0.55) with a pair of Eights
Seat 3: Dorex2007 (big blind) folded before Flop
Seat 4: No.703 folded before Flop (didn't bet)
Seat 5: HERO777907 folded before Flop (didn't bet)
Seat 6: Godlíke folded before Flop (didn't bet)



PokerStars Zoom Hand #237836891150:  Hold'em No Limit ($0.02/$0.05) - 2022/08/06 20:47:51 PT [2022/08/06 23:47:51 ET]
Table 'Donati' 6-max Seat #1 is the button
Seat 1: hiro623 ($7.92 in chips) 
Seat 2: Dorex2007 ($6.95 in chips) 
Seat 3: skrmn ($6.62 in chips) 
Seat 4: my sapphire ($5.44 in chips) 
Seat 5: mcdonkelson ($5.02 in chips) 
Seat 6: Dillan900 ($5.02 in chips) 
Dorex2007: posts small blind $0.02
skrmn: posts big blind $0.05
*** HOLE CARDS ***
Dealt to Dorex2007 [Kd Ad]
my sapphire: raises $0.07 to $0.12
mcdonkelson: folds 
Dillan900: folds 
mcdonkelson is disconnected 
skrmn is disconnected 
hiro623: folds 
hiro623 is disconnected 
Dorex2007: raises $0.29 to $0.41
skrmn: folds 
my sapphire: calls $0.29
*** FLOP *** [5s Jd 9h]
Dorex2007: bets $0.83
my sapphire: folds 
Uncalled bet ($0.83) returned to Dorex2007
Dorex2007 collected $0.83 from pot
Dorex2007: doesn't show hand 
*** SUMMARY ***
Total pot $0.87 | Rake $0.04 
Board [5s Jd 9h]
Seat 1: hiro623 (button) folded before Flop (didn't bet)
Seat 2: Dorex2007 (small blind) collected ($0.83)
Seat 3: skrmn (big blind) folded before Flop
Seat 4: my sapphire folded on the Flop
Seat 5: mcdonkelson folded before Flop (didn't bet)
Seat 6: Dillan900 folded before Flop (didn't bet)



PokerStars Zoom Hand #237836900311:  Hold'em No Limit ($0.02/$0.05) - 2022/08/06 20:48:52 PT [2022/08/06 23:48:52 ET]
Table 'Donati' 6-max Seat #1 is the button
Seat 1: Dorex2007 ($7.37 in chips) 
Seat 2: Yoshix2 ($11.82 in chips) 
Seat 3: iLoVeTALAN ($5.60 in chips) 
Seat 4: Gennosukee ($5.24 in chips) 
Seat 5: Lucianopossama ($3.70 in chips) 
Seat 6: tigerfarm ($5.10 in chips) 
Yoshix2: posts small blind $0.02
iLoVeTALAN: posts big blind $0.05
*** HOLE CARDS ***
Dealt to Dorex2007 [Jh 9c]
Gennosukee: folds 
Dorex2007 is disconnected 
Gennosukee is disconnected 
Lucianopossama: raises $0.10 to $0.15
iLoVeTALAN is disconnected 
Yoshix2 is disconnected 
tigerfarm: folds 
Dorex2007: folds 
Yoshix2: folds 
iLoVeTALAN: folds 
Uncalled bet ($0.10) returned to Lucianopossama
tigerfarm is disconnected 
Lucianopossama collected $0.12 from pot
Lucianopossama: doesn't show hand 
*** SUMMARY ***
Total pot $0.12 | Rake $0 
Seat 1: Dorex2007 (button) folded before Flop (didn't bet)
Seat 2: Yoshix2 (small blind) folded before Flop
Seat 3: iLoVeTALAN (big blind) folded before Flop
Seat 4: Gennosukee folded before Flop (didn't bet)
Seat 5: Lucianopossama collected ($0.12)
Seat 6: tigerfarm folded before Flop (didn't bet)



PokerStars Zoom Hand #237836901090:  Hold'em No Limit ($0.02/$0.05) - 2022/08/06 20:48:57 PT [2022/08/06 23:48:57 ET]
Table 'Donati' 6-max Seat #1 is the button
Seat 1: Gennosukee ($5.24 in chips) 
Seat 2: PapelonJede ($9.83 in chips) 
Seat 3: Dillan900 ($5.22 in chips) 
Seat 4: thekrakken78 ($4.65 in chips) 
Seat 5: Ticoberto ($6.85 in chips) 
Seat 6: Dorex2007 ($7.37 in chips) 
PapelonJede: posts small blind $0.02
Dillan900: posts big blind $0.05
*** HOLE CARDS ***
Dealt to Dorex2007 [8d Th]
PapelonJede is disconnected 
thekrakken78: folds 
thekrakken78 is disconnected 
Dorex2007 is disconnected 
Ticoberto: folds 
Dorex2007: folds 
Ticoberto is disconnected 
Gennosukee: raises $0.10 to $0.15
PapelonJede: folds 
Dillan900: folds 
Uncalled bet ($0.10) returned to Gennosukee
Gennosukee collected $0.12 from pot
Gennosukee: doesn't show hand 
*** SUMMARY ***
Total pot $0.12 | Rake $0 
Seat 1: Gennosukee (button) collected ($0.12)
Seat 2: PapelonJede (small blind) folded before Flop
Seat 3: Dillan900 (big blind) folded before Flop
Seat 4: thekrakken78 folded before Flop (didn't bet)
Seat 5: Ticoberto folded before Flop (didn't bet)
Seat 6: Dorex2007 folded before Flop (didn't bet)



PokerStars Zoom Hand #237836902279:  Hold'em No Limit ($0.02/$0.05) - 2022/08/06 20:49:05 PT [2022/08/06 23:49:05 ET]
Table 'Donati' 6-max Seat #1 is the button
Seat 1: Lucianopossama ($3.77 in chips) 
Seat 2: norfiol ($5.07 in chips) 
Seat 3: Dorex2007 ($7.37 in chips) 
Seat 4: koreahulk ($5 in chips) 
Seat 5: physics1090 ($5.33 in chips) 
Seat 6: Razvik93 ($7.99 in chips) 
norfiol: posts small blind $0.02
Dorex2007: posts big blind $0.05
*** HOLE CARDS ***
Dealt to Dorex2007 [9d 5d]
norfiol is disconnected 
koreahulk: raises $0.06 to $0.11
physics1090: raises $0.24 to $0.35
Razvik93: folds 
Dorex2007 is disconnected 
Lucianopossama: folds 
norfiol: folds 
Dorex2007: folds 
Lucianopossama is disconnected 
koreahulk: folds 
Uncalled bet ($0.24) returned to physics1090
physics1090 collected $0.29 from pot
physics1090: doesn't show hand 
koreahulk is disconnected 
*** SUMMARY ***
Total pot $0.29 | Rake $0 
Seat 1: Lucianopossama (button) folded before Flop (didn't bet)
Seat 2: norfiol (small blind) folded before Flop
Seat 3: Dorex2007 (big blind) folded before Flop
Seat 4: koreahulk folded before Flop
Seat 5: physics1090 collected ($0.29)
Seat 6: Razvik93 folded before Flop (didn't bet)



PokerStars Zoom Hand #237836897643:  Hold'em No Limit ($0.02/$0.05) - 2022/08/06 20:48:34 PT [2022/08/06 23:48:34 ET]
Table 'Donati' 6-max Seat #1 is the button
Seat 1: Ninau27 ($5 in chips) 
Seat 2: Gevron ($6.15 in chips) 
Seat 3: HERO777907 ($12.79 in chips) 
Seat 4: Dorex2007 ($7.37 in chips) 
Seat 5: Razvik93 ($9.35 in chips) 
Seat 6: JavierACP ($12.59 in chips) 
Gevron: posts small blind $0.02
HERO777907: posts big blind $0.05
*** HOLE CARDS ***
Dealt to Dorex2007 [Ac Qs]
Ninau27 is disconnected 
JavierACP is disconnected 
Dorex2007 has timed out
Dorex2007: folds 
Razvik93: folds 
JavierACP: folds 
Ninau27: folds 
Dorex2007 is disconnected 
Gevron: raises $0.10 to $0.15
HERO777907: calls $0.10
*** FLOP *** [4c 8h As]
Gevron: checks 
HERO777907: bets $0.10
Gevron: calls $0.10
*** TURN *** [4c 8h As] [3h]
Gevron: checks 
HERO777907: bets $0.36
Gevron: folds 
Uncalled bet ($0.36) returned to HERO777907
HERO777907 collected $0.48 from pot
HERO777907: doesn't show hand 
Gevron is disconnected 
*** SUMMARY ***
Total pot $0.50 | Rake $0.02 
Board [4c 8h As 3h]
Seat 1: Ninau27 (button) folded before Flop (didn't bet)
Seat 2: Gevron (small blind) folded on the Turn
Seat 3: HERO777907 (big blind) collected ($0.48)
Seat 4: Dorex2007 folded before Flop (didn't bet)
Seat 5: Razvik93 folded before Flop (didn't bet)
Seat 6: JavierACP folded before Flop (didn't bet)



PokerStars Zoom Hand #237836904249:  Hold'em No Limit ($0.02/$0.05) - 2022/08/06 20:49:18 PT [2022/08/06 23:49:18 ET]
Table 'Donati' 6-max Seat #1 is the button
Seat 1: Razvik93 ($9.28 in chips) 
Seat 2: skrmn ($20.78 in chips) 
Seat 3: Lucianopossama ($3.77 in chips) 
Seat 4: AGVsmarT ($4.80 in chips) 
Seat 5: Dorex2007 ($7.32 in chips) 
Seat 6: syuzu08 ($17.22 in chips) 
skrmn: posts small blind $0.02
Lucianopossama: posts big blind $0.05
*** HOLE CARDS ***
Dealt to Dorex2007 [7c 7d]
AGVsmarT: calls $0.05
syuzu08 is disconnected 
Dorex2007: raises $0.15 to $0.20
syuzu08: folds 
Lucianopossama is disconnected 
Razvik93: folds 
skrmn: raises $0.60 to $0.80
Lucianopossama: folds 
AGVsmarT: folds 
AGVsmarT is disconnected 
Dorex2007: calls $0.60
*** FLOP *** [4h Ah Qh]
skrmn: bets $0.57
Dorex2007: raises $1.28 to $1.85
skrmn: folds 
Uncalled bet ($1.28) returned to Dorex2007
Dorex2007 collected $2.72 from pot
Dorex2007: doesn't show hand 
skrmn is disconnected 
*** SUMMARY ***
Total pot $2.84 | Rake $0.12 
Board [4h Ah Qh]
Seat 1: Razvik93 (button) folded before Flop (didn't bet)
Seat 2: skrmn (small blind) folded on the Flop
Seat 3: Lucianopossama (big blind) folded before Flop
Seat 4: AGVsmarT folded before Flop
Seat 5: Dorex2007 collected ($2.72)
Seat 6: syuzu08 folded before Flop (didn't bet)



PokerStars Zoom Hand #237836913522:  Hold'em No Limit ($0.02/$0.05) - 2022/08/06 20:50:21 PT [2022/08/06 23:50:21 ET]
Table 'Donati' 6-max Seat #1 is the button
Seat 1: fuji3desu ($8.81 in chips) 
Seat 2: Dorex2007 ($8.67 in chips) 
Seat 3: Mullan606 ($10.55 in chips) 
Seat 4: teutonknight ($8.73 in chips) 
Seat 5: HUALSTER ($0.89 in chips) 
Seat 6: crisjabe ($9.30 in chips) 
Dorex2007: posts small blind $0.02
Mullan606: posts big blind $0.05
*** HOLE CARDS ***
Dealt to Dorex2007 [8h 3c]
teutonknight: folds 
teutonknight is disconnected 
Dorex2007 is disconnected 
crisjabe is disconnected 
fuji3desu is disconnected 
HUALSTER: raises $0.10 to $0.15
crisjabe: folds 
fuji3desu: folds 
Dorex2007: folds 
Mullan606: folds 
Uncalled bet ($0.10) returned to HUALSTER
HUALSTER collected $0.12 from pot
HUALSTER: doesn't show hand 
Mullan606 is disconnected 
*** SUMMARY ***
Total pot $0.12 | Rake $0 
Seat 1: fuji3desu (button) folded before Flop (didn't bet)
Seat 2: Dorex2007 (small blind) folded before Flop
Seat 3: Mullan606 (big blind) folded before Flop
Seat 4: teutonknight folded before Flop (didn't bet)
Seat 5: HUALSTER collected ($0.12)
Seat 6: crisjabe folded before Flop (didn't bet)



PokerStars Zoom Hand #237836914370:  Hold'em No Limit ($0.02/$0.05) - 2022/08/06 20:50:27 PT [2022/08/06 23:50:27 ET]
Table 'Donati' 6-max Seat #1 is the button
Seat 1: Omalley222 ($3.40 in chips) 
Seat 2: BeginerInPoker ($12.72 in chips) 
Seat 3: Nipper-AA ($7.54 in chips) 
Seat 4: skrmn ($19.41 in chips) 
Seat 5: hsbc23 ($5 in chips) 
Seat 6: Dorex2007 ($8.65 in chips) 
BeginerInPoker: posts small blind $0.02
Nipper-AA: posts big blind $0.05
*** HOLE CARDS ***
Dealt to Dorex2007 [Kc Qh]
skrmn: folds 
skrmn is disconnected 
hsbc23: folds 
hsbc23 is disconnected 
Dorex2007: raises $0.10 to $0.15
Nipper-AA is disconnected 
Omalley222 has timed out
Omalley222: folds 
BeginerInPoker: folds 
Nipper-AA: folds 
Uncalled bet ($0.10) returned to Dorex2007
Dorex2007 collected $0.12 from pot
Dorex2007: doesn't show hand 
Omalley222 is disconnected 
*** SUMMARY ***
Total pot $0.12 | Rake $0 
Seat 1: Omalley222 (button) folded before Flop (didn't bet)
Seat 2: BeginerInPoker (small blind) folded before Flop
Seat 3: Nipper-AA (big blind) folded before Flop
Seat 4: skrmn folded before Flop (didn't bet)
Seat 5: hsbc23 folded before Flop (didn't bet)
Seat 6: Dorex2007 collected ($0.12)



PokerStars Zoom Hand #237836920479:  Hold'em No Limit ($0.02/$0.05) - 2022/08/06 20:51:08 PT [2022/08/06 23:51:08 ET]
Table 'Donati' 6-max Seat #1 is the button
Seat 1: hsbc23 ($5 in chips) 
Seat 2: PapelonJede ($10.45 in chips) 
Seat 3: Dorex2007 ($8.72 in chips) 
Seat 4: koreahulk ($5.12 in chips) 
Seat 5: physics1090 ($5 in chips) 
Seat 6: antonela995 ($5.24 in chips) 
PapelonJede: posts small blind $0.02
Dorex2007: posts big blind $0.05
*** HOLE CARDS ***
Dealt to Dorex2007 [7s 4d]
koreahulk: folds 
koreahulk is disconnected 
physics1090: raises $0.06 to $0.11
antonela995: folds 
antonela995 is disconnected 
PapelonJede is disconnected 
hsbc23: calls $0.11
PapelonJede: folds 
Dorex2007: folds 
*** FLOP *** [8d 8s 4s]
Dorex2007 is disconnected 
physics1090: bets $0.11
hsbc23: folds 
Uncalled bet ($0.11) returned to physics1090
physics1090 collected $0.28 from pot
physics1090: doesn't show hand 
hsbc23 is disconnected 
*** SUMMARY ***
Total pot $0.29 | Rake $0.01 
Board [8d 8s 4s]
Seat 1: hsbc23 (button) folded on the Flop
Seat 2: PapelonJede (small blind) folded before Flop
Seat 3: Dorex2007 (big blind) folded before Flop
Seat 4: koreahulk folded before Flop (didn't bet)
Seat 5: physics1090 collected ($0.28)
Seat 6: antonela995 folded before Flop (didn't bet)



PokerStars Zoom Hand #237836923605:  Hold'em No Limit ($0.02/$0.05) - 2022/08/06 20:51:29 PT [2022/08/06 23:51:29 ET]
Table 'Donati' 6-max Seat #1 is the button
Seat 1: tumekirich71 ($5.29 in chips) 
Seat 2: Razvik93 ($5.71 in chips) 
Seat 3: y_kisaragi ($5 in chips) 
Seat 4: Dorex2007 ($8.67 in chips) 
Seat 5: PapelonJede ($10.43 in chips) 
Seat 6: Gevron ($5.12 in chips) 
Razvik93: posts small blind $0.02
y_kisaragi: posts big blind $0.05
*** HOLE CARDS ***
Dealt to Dorex2007 [Kh Td]
Dorex2007: folds 
Dorex2007 is disconnected 
PapelonJede: folds 
tumekirich71 is disconnected 
PapelonJede is disconnected 
Gevron: folds 
tumekirich71: folds 
Razvik93: folds 
Uncalled bet ($0.03) returned to y_kisaragi
Gevron is disconnected 
y_kisaragi collected $0.04 from pot
y_kisaragi: doesn't show hand 
*** SUMMARY ***
Total pot $0.04 | Rake $0 
Seat 1: tumekirich71 (button) folded before Flop (didn't bet)
Seat 2: Razvik93 (small blind) folded before Flop
Seat 3: y_kisaragi (big blind) collected ($0.04)
Seat 4: Dorex2007 folded before Flop (didn't bet)
Seat 5: PapelonJede folded before Flop (didn't bet)
Seat 6: Gevron folded before Flop (didn't bet)



PokerStars Zoom Hand #237836919460:  Hold'em No Limit ($0.02/$0.05) - 2022/08/06 20:51:01 PT [2022/08/06 23:51:01 ET]
Table 'Donati' 6-max Seat #1 is the button
Seat 1: Dorex2007 ($8.72 in chips) 
Seat 2: Dillan900 ($5.10 in chips) 
Seat 3: Lucianopossama ($4.20 in chips) 
Seat 4: rupin1412 ($10.39 in chips) 
Seat 5: JavierACP ($19.09 in chips) 
Seat 6: PremiumKill96 ($5.35 in chips) 
Dillan900: posts small blind $0.02
Lucianopossama: posts big blind $0.05
*** HOLE CARDS ***
Dealt to Dorex2007 [Jh 4c]
Dorex2007 is disconnected 
rupin1412: raises $0.10 to $0.15
Lucianopossama is disconnected 
JavierACP has timed out
JavierACP: folds 
JavierACP is disconnected 
PremiumKill96: calls $0.15
Dorex2007: folds 
Dillan900: folds 
Lucianopossama: folds 
*** FLOP *** [6c As 2h]
rupin1412: bets $0.17
PremiumKill96: calls $0.17
*** TURN *** [6c As 2h] [6h]
rupin1412: checks 
PremiumKill96: bets $0.34
rupin1412: calls $0.34
*** RIVER *** [6c As 2h 6h] [3d]
rupin1412: checks 
PremiumKill96: checks 
*** SHOW DOWN ***
rupin1412: shows [7s 7h] (two pair, Sevens and Sixes)
PremiumKill96: mucks hand 
rupin1412 collected $1.33 from pot
*** SUMMARY ***
Total pot $1.39 | Rake $0.06 
Board [6c As 2h 6h 3d]
Seat 1: Dorex2007 (button) folded before Flop (didn't bet)
Seat 2: Dillan900 (small blind) folded before Flop
Seat 3: Lucianopossama (big blind) folded before Flop
Seat 4: rupin1412 showed [7s 7h] and won ($1.33) with two pair, Sevens and Sixes
Seat 5: JavierACP folded before Flop (didn't bet)
Seat 6: PremiumKill96 mucked [Qc Js]



PokerStars Zoom Hand #237836924633:  Hold'em No Limit ($0.02/$0.05) - 2022/08/06 20:51:36 PT [2022/08/06 23:51:36 ET]
Table 'Donati' 6-max Seat #1 is the button
Seat 1: morningsky29 ($6.78 in chips) 
Seat 2: hsbc23 ($5.71 in chips) 
Seat 3: pequis110598 ($11.34 in chips) 
Seat 4: Dorex2007 ($8.67 in chips) 
Seat 5: y_kisaragi ($5.02 in chips) 
Seat 6: mcdonkelson ($6.65 in chips) 
hsbc23: posts small blind $0.02
pequis110598: posts big blind $0.05
*** HOLE CARDS ***
Dealt to Dorex2007 [Kd Qh]
Dorex2007: calls $0.05
mcdonkelson is disconnected 
y_kisaragi: folds 
mcdonkelson: folds 
y_kisaragi is disconnected 
morningsky29: raises $0.15 to $0.20
hsbc23: folds 
hsbc23 is disconnected 
pequis110598: folds 
Dorex2007: folds 
Uncalled bet ($0.15) returned to morningsky29
pequis110598 is disconnected 
Dorex2007 is disconnected 
morningsky29 collected $0.17 from pot
morningsky29: doesn't show hand 
*** SUMMARY ***
Total pot $0.17 | Rake $0 
Seat 1: morningsky29 (button) collected ($0.17)
Seat 2: hsbc23 (small blind) folded before Flop
Seat 3: pequis110598 (big blind) folded before Flop
Seat 4: Dorex2007 folded before Flop
Seat 5: y_kisaragi folded before Flop (didn't bet)
Seat 6: mcdonkelson folded before Flop (didn't bet)



PokerStars Zoom Hand #237836922907:  Hold'em No Limit ($0.02/$0.05) - 2022/08/06 20:51:24 PT [2022/08/06 23:51:24 ET]
Table 'Donati' 6-max Seat #1 is the button
Seat 1: keidamepo ($46.03 in chips) 
Seat 2: hiro623 ($7.85 in chips) 
Seat 3: antonela995 ($5 in chips) 
Seat 4: PHporker ($7.34 in chips) 
Seat 5: Dorex2007 ($8.67 in chips) 
Seat 6: Godlíke ($5.25 in chips) 
hiro623: posts small blind $0.02
antonela995: posts big blind $0.05
*** HOLE CARDS ***
Dealt to Dorex2007 [7s 3d]
Dorex2007 is disconnected 
keidamepo is disconnected 
PHporker: raises $0.07 to $0.12
Dorex2007: folds 
Godlíke: raises $0.26 to $0.38
keidamepo: folds 
hiro623: folds 
hiro623 is disconnected 
antonela995: folds 
antonela995 is disconnected 
PHporker: calls $0.26
*** FLOP *** [2s 4d 8d]
PHporker: checks 
Godlíke: bets $0.40
PHporker: calls $0.40
*** TURN *** [2s 4d 8d] [Kc]
PHporker: checks 
Godlíke: bets $0.94
PHporker: calls $0.94
*** RIVER *** [2s 4d 8d Kc] [6h]
PHporker: checks 
Godlíke: checks 
*** SHOW DOWN ***
PHporker: shows [9h 9c] (a pair of Nines)
Godlíke: mucks hand 
PHporker collected $3.36 from pot
*** SUMMARY ***
Total pot $3.51 | Rake $0.15 
Board [2s 4d 8d Kc 6h]
Seat 1: keidamepo (button) folded before Flop (didn't bet)
Seat 2: hiro623 (small blind) folded before Flop
Seat 3: antonela995 (big blind) folded before Flop
Seat 4: PHporker showed [9h 9c] and won ($3.36) with a pair of Nines
Seat 5: Dorex2007 folded before Flop (didn't bet)
Seat 6: Godlíke mucked [As Qd]



PokerStars Zoom Hand #237836931723:  Hold'em No Limit ($0.02/$0.05) - 2022/08/06 20:52:24 PT [2022/08/06 23:52:24 ET]
Table 'Donati' 6-max Seat #1 is the button
Seat 1: kUrT1sH ($4.21 in chips) 
Seat 2: Priven22 ($4.12 in chips) 
Seat 3: Dorex2007 ($8.60 in chips) 
Seat 4: hsbc23 ($5.64 in chips) 
Seat 5: antonela995 ($5 in chips) 
Seat 6: PapelonJede ($12.79 in chips) 
Priven22: posts small blind $0.02
Dorex2007: posts big blind $0.05
*** HOLE CARDS ***
Dealt to Dorex2007 [8d 2h]
kUrT1sH is disconnected 
hsbc23: folds 
hsbc23 is disconnected 
Priven22 is disconnected 
antonela995: folds 
antonela995 is disconnected 
PapelonJede: raises $0.10 to $0.15
kUrT1sH: folds 
Priven22: folds 
Dorex2007: folds 
Uncalled bet ($0.10) returned to PapelonJede
PapelonJede collected $0.12 from pot
PapelonJede: doesn't show hand 
Dorex2007 is disconnected 
*** SUMMARY ***
Total pot $0.12 | Rake $0 
Seat 1: kUrT1sH (button) folded before Flop (didn't bet)
Seat 2: Priven22 (small blind) folded before Flop
Seat 3: Dorex2007 (big blind) folded before Flop
Seat 4: hsbc23 folded before Flop (didn't bet)
Seat 5: antonela995 folded before Flop (didn't bet)
Seat 6: PapelonJede collected ($0.12)



PokerStars Zoom Hand #237836930738:  Hold'em No Limit ($0.02/$0.05) - 2022/08/06 20:52:17 PT [2022/08/06 23:52:17 ET]
Table 'Donati' 6-max Seat #1 is the button
Seat 1: Dorex2007 ($8.60 in chips) 
Seat 2: syuzu08 ($6.49 in chips) 
Seat 3: physics1090 ($5.37 in chips) 
Seat 4: CHICHE_PY ($4.81 in chips) 
Seat 5: Razvik93 ($7.85 in chips) 
Seat 6: tigerfarm ($5.63 in chips) 
syuzu08: posts small blind $0.02
physics1090: posts big blind $0.05
*** HOLE CARDS ***
Dealt to Dorex2007 [4h Qd]
CHICHE_PY: folds 
CHICHE_PY is disconnected 
Dorex2007 is disconnected 
Razvik93: folds 
tigerfarm: folds 
Dorex2007: folds 
tigerfarm is disconnected 
syuzu08: folds 
Uncalled bet ($0.03) returned to physics1090
physics1090 collected $0.04 from pot
physics1090: doesn't show hand 
syuzu08 is disconnected 
*** SUMMARY ***
Total pot $0.04 | Rake $0 
Seat 1: Dorex2007 (button) folded before Flop (didn't bet)
Seat 2: syuzu08 (small blind) folded before Flop
Seat 3: physics1090 (big blind) collected ($0.04)
Seat 4: CHICHE_PY folded before Flop (didn't bet)
Seat 5: Razvik93 folded before Flop (didn't bet)
Seat 6: tigerfarm folded before Flop (didn't bet)



PokerStars Zoom Hand #237836927461:  Hold'em No Limit ($0.02/$0.05) - 2022/08/06 20:51:55 PT [2022/08/06 23:51:55 ET]
Table 'Donati' 6-max Seat #1 is the button
Seat 1: pequis110598 ($11.29 in chips) 
Seat 2: Dorex2007 ($8.62 in chips) 
Seat 3: fuji3desu ($7.16 in chips) 
Seat 4: renireni621 ($5.88 in chips) 
Seat 5: Mullan606 ($10.38 in chips) 
Seat 6: ssv1978 ($2.57 in chips) 
Dorex2007: posts small blind $0.02
fuji3desu: posts big blind $0.05
*** HOLE CARDS ***
Dealt to Dorex2007 [2d Tc]
pequis110598 is disconnected 
renireni621: folds 
Mullan606: calls $0.05
renireni621 is disconnected 
ssv1978: raises $0.05 to $0.10
pequis110598: folds 
fuji3desu is disconnected 
Dorex2007: folds 
fuji3desu: folds 
Mullan606: calls $0.05
*** FLOP *** [Kh 9s 6s]
Dorex2007 is disconnected 
Mullan606: checks 
ssv1978: bets $0.13
Mullan606: calls $0.13
*** TURN *** [Kh 9s 6s] [4h]
Mullan606: checks 
ssv1978: bets $0.25
Mullan606: folds 
Uncalled bet ($0.25) returned to ssv1978
ssv1978 collected $0.51 from pot
ssv1978: doesn't show hand 
Mullan606 is disconnected 
*** SUMMARY ***
Total pot $0.53 | Rake $0.02 
Board [Kh 9s 6s 4h]
Seat 1: pequis110598 (button) folded before Flop (didn't bet)
Seat 2: Dorex2007 (small blind) folded before Flop
Seat 3: fuji3desu (big blind) folded before Flop
Seat 4: renireni621 folded before Flop (didn't bet)
Seat 5: Mullan606 folded on the Turn
Seat 6: ssv1978 collected ($0.51)



PokerStars Zoom Hand #237836933476:  Hold'em No Limit ($0.02/$0.05) - 2022/08/06 20:52:36 PT [2022/08/06 23:52:36 ET]
Table 'Donati' 6-max Seat #1 is the button
Seat 1: Lucianopossama ($4.57 in chips) 
Seat 2: nantonakusakana ($5.99 in chips) 
Seat 3: Gevron ($5 in chips) 
Seat 4: Alfred0013 ($8.71 in chips) 
Seat 5: PapelonJede ($12.86 in chips) 
Seat 6: Dorex2007 ($8.55 in chips) 
nantonakusakana: posts small blind $0.02
Gevron: posts big blind $0.05
*** HOLE CARDS ***
Dealt to Dorex2007 [Jh Ts]
Alfred0013: raises $0.07 to $0.12
nantonakusakana is disconnected 
Lucianopossama is disconnected 
Dorex2007 is disconnected 
PapelonJede: folds 
Dorex2007: folds 
Lucianopossama: folds 
nantonakusakana: folds 
PapelonJede is disconnected 
Gevron: folds 
Uncalled bet ($0.07) returned to Alfred0013
Alfred0013 collected $0.12 from pot
Alfred0013: doesn't show hand 
Gevron is disconnected 
*** SUMMARY ***
Total pot $0.12 | Rake $0 
Seat 1: Lucianopossama (button) folded before Flop (didn't bet)
Seat 2: nantonakusakana (small blind) folded before Flop
Seat 3: Gevron (big blind) folded before Flop
Seat 4: Alfred0013 collected ($0.12)
Seat 5: PapelonJede folded before Flop (didn't bet)
Seat 6: Dorex2007 folded before Flop (didn't bet)



PokerStars Zoom Hand #237836935084:  Hold'em No Limit ($0.02/$0.05) - 2022/08/06 20:52:47 PT [2022/08/06 23:52:47 ET]
Table 'Donati' 6-max Seat #1 is the button
Seat 1: creampan ($5.02 in chips) 
Seat 2: norfiol ($5.09 in chips) 
Seat 3: teutonknight ($5.09 in chips) 
Seat 4: AGVsmarT ($15.93 in chips) 
Seat 5: Dorex2007 ($8.55 in chips) 
Seat 6: skrmn ($7.67 in chips) 
norfiol: posts small blind $0.02
teutonknight: posts big blind $0.05
*** HOLE CARDS ***
Dealt to Dorex2007 [8s 9d]
Dorex2007 is disconnected 
skrmn is disconnected 
AGVsmarT: folds 
Dorex2007: folds 
skrmn: folds 
AGVsmarT is disconnected 
creampan: raises $0.07 to $0.12
teutonknight is disconnected 
norfiol: raises $0.40 to $0.52
teutonknight: folds 
creampan: folds 
Uncalled bet ($0.40) returned to norfiol
norfiol collected $0.29 from pot
norfiol: doesn't show hand 
creampan is disconnected 
*** SUMMARY ***
Total pot $0.29 | Rake $0 
Seat 1: creampan (button) folded before Flop
Seat 2: norfiol (small blind) collected ($0.29)
Seat 3: teutonknight (big blind) folded before Flop
Seat 4: AGVsmarT folded before Flop (didn't bet)
Seat 5: Dorex2007 folded before Flop (didn't bet)
Seat 6: skrmn folded before Flop (didn't bet)



PokerStars Zoom Hand #237836937285:  Hold'em No Limit ($0.02/$0.05) - 2022/08/06 20:53:02 PT [2022/08/06 23:53:02 ET]
Table 'Donati' 6-max Seat #1 is the button
Seat 1: hiro623 ($5.07 in chips) 
Seat 2: physics1090 ($5.39 in chips) 
Seat 3: teutonknight ($9.93 in chips) 
Seat 4: Dorex2007 ($8.55 in chips) 
Seat 5: fuji3desu ($8.80 in chips) 
Seat 6: Alfred0013 ($6.62 in chips) 
physics1090: posts small blind $0.02
teutonknight: posts big blind $0.05
*** HOLE CARDS ***
Dealt to Dorex2007 [5s 2h]
Dorex2007: folds 
Dorex2007 is disconnected 
fuji3desu: folds 
fuji3desu is disconnected 
Alfred0013: folds 
Alfred0013 is disconnected 
hiro623: raises $0.07 to $0.12
physics1090: folds 
physics1090 is disconnected 
teutonknight: calls $0.07
*** FLOP *** [9c As 6d]
teutonknight: checks 
hiro623: bets $0.08
teutonknight: folds 
Uncalled bet ($0.08) returned to hiro623
hiro623 collected $0.25 from pot
hiro623: doesn't show hand 
teutonknight is disconnected 
*** SUMMARY ***
Total pot $0.26 | Rake $0.01 
Board [9c As 6d]
Seat 1: hiro623 (button) collected ($0.25)
Seat 2: physics1090 (small blind) folded before Flop
Seat 3: teutonknight (big blind) folded on the Flop
Seat 4: Dorex2007 folded before Flop (didn't bet)
Seat 5: fuji3desu folded before Flop (didn't bet)
Seat 6: Alfred0013 folded before Flop (didn't bet)



PokerStars Zoom Hand #237836939363:  Hold'em No Limit ($0.02/$0.05) - 2022/08/06 20:53:16 PT [2022/08/06 23:53:16 ET]
Table 'Donati' 6-max Seat #1 is the button
Seat 1: norfiol ($5.26 in chips) 
Seat 2: CHICHE_PY ($5.57 in chips) 
Seat 3: mcdonkelson ($6.58 in chips) 
Seat 4: Johann_Heinrich ($8 in chips) 
Seat 5: Dorex2007 ($8.53 in chips) 
Seat 6: BeginerInPoker ($6.08 in chips) 
CHICHE_PY: posts small blind $0.02
mcdonkelson: posts big blind $0.05
*** HOLE CARDS ***
Dealt to Dorex2007 [Ac 7h]
Johann_Heinrich: raises $0.08 to $0.13
Dorex2007: folds 
Dorex2007 is disconnected 
CHICHE_PY is disconnected 
BeginerInPoker: folds 
norfiol: folds 
CHICHE_PY: folds 
norfiol is disconnected 
mcdonkelson: folds 
Uncalled bet ($0.08) returned to Johann_Heinrich
Johann_Heinrich collected $0.12 from pot
Johann_Heinrich: doesn't show hand 
mcdonkelson is disconnected 
*** SUMMARY ***
Total pot $0.12 | Rake $0 
Seat 1: norfiol (button) folded before Flop (didn't bet)
Seat 2: CHICHE_PY (small blind) folded before Flop
Seat 3: mcdonkelson (big blind) folded before Flop
Seat 4: Johann_Heinrich collected ($0.12)
Seat 5: Dorex2007 folded before Flop (didn't bet)
Seat 6: BeginerInPoker folded before Flop (didn't bet)



PokerStars Zoom Hand #237836936101:  Hold'em No Limit ($0.02/$0.05) - 2022/08/06 20:52:54 PT [2022/08/06 23:52:54 ET]
Table 'Donati' 6-max Seat #1 is the button
Seat 1: Dorex2007 ($8.55 in chips) 
Seat 2: Razvik93 ($5.14 in chips) 
Seat 3: hsbc23 ($5.27 in chips) 
Seat 4: fuji3desu ($8.80 in chips) 
Seat 5: skrmn ($7.67 in chips) 
Seat 6: Alfred0013 ($20.78 in chips) 
Razvik93: posts small blind $0.02
hsbc23: posts big blind $0.05
*** HOLE CARDS ***
Dealt to Dorex2007 [Jh 4h]
Alfred0013 is disconnected 
fuji3desu: folds 
fuji3desu is disconnected 
Dorex2007 is disconnected 
skrmn: raises $0.10 to $0.15
Alfred0013: folds 
Dorex2007: folds 
Razvik93: folds 
hsbc23: calls $0.10
*** FLOP *** [8h 3c 7s]
hsbc23: checks 
skrmn: checks 
*** TURN *** [8h 3c 7s] [Td]
hsbc23: checks 
skrmn: checks 
*** RIVER *** [8h 3c 7s Td] [Qs]
hsbc23: checks 
skrmn: checks 
*** SHOW DOWN ***
hsbc23: shows [Qc Js] (a pair of Queens)
skrmn: mucks hand 
hsbc23 collected $0.31 from pot
*** SUMMARY ***
Total pot $0.32 | Rake $0.01 
Board [8h 3c 7s Td Qs]
Seat 1: Dorex2007 (button) folded before Flop (didn't bet)
Seat 2: Razvik93 (small blind) folded before Flop
Seat 3: hsbc23 (big blind) showed [Qc Js] and won ($0.31) with a pair of Queens
Seat 4: fuji3desu folded before Flop (didn't bet)
Seat 5: skrmn mucked [Jd Ah]
Seat 6: Alfred0013 folded before Flop (didn't bet)



PokerStars Zoom Hand #237836940189:  Hold'em No Limit ($0.02/$0.05) - 2022/08/06 20:53:22 PT [2022/08/06 23:53:22 ET]
Table 'Donati' 6-max Seat #1 is the button
Seat 1: nantonakusakana ($5.92 in chips) 
Seat 2: Gennosukee ($5.09 in chips) 
Seat 3: Dorex2007 ($8.53 in chips) 
Seat 4: kUrT1sH ($3 in chips) 
Seat 5: Lucianopossama ($0.59 in chips) 
Seat 6: CHICHE_PY ($5.55 in chips) 
Gennosukee: posts small blind $0.02
Dorex2007: posts big blind $0.05
*** HOLE CARDS ***
Dealt to Dorex2007 [Ac 7s]
kUrT1sH: folds 
kUrT1sH is disconnected 
Lucianopossama: folds 
Lucianopossama is disconnected 
CHICHE_PY: folds 
CHICHE_PY is disconnected 
Gennosukee is disconnected 
nantonakusakana: folds 
Gennosukee: folds 
Uncalled bet ($0.03) returned to Dorex2007
nantonakusakana is disconnected 
Dorex2007 collected $0.04 from pot
Dorex2007: doesn't show hand 
*** SUMMARY ***
Total pot $0.04 | Rake $0 
Seat 1: nantonakusakana (button) folded before Flop (didn't bet)
Seat 2: Gennosukee (small blind) folded before Flop
Seat 3: Dorex2007 (big blind) collected ($0.04)
Seat 4: kUrT1sH folded before Flop (didn't bet)
Seat 5: Lucianopossama folded before Flop (didn't bet)
Seat 6: CHICHE_PY folded before Flop (didn't bet)



PokerStars Zoom Hand #237836944036:  Hold'em No Limit ($0.02/$0.05) - 2022/08/06 20:53:49 PT [2022/08/06 23:53:49 ET]
Table 'Donati' 6-max Seat #1 is the button
Seat 1: Dorex2007 ($8.55 in chips) 
Seat 2: JavierACP ($12.96 in chips) 
Seat 3: romerito2 ($6.71 in chips) 
Seat 4: tigerfarm ($5.07 in chips) 
Seat 5: DOCJOKA ($11.12 in chips) 
Seat 6: morningsky29 ($6.94 in chips) 
JavierACP: posts small blind $0.02
romerito2: posts big blind $0.05
*** HOLE CARDS ***
Dealt to Dorex2007 [Qs 9s]
morningsky29 is disconnected 
tigerfarm: folds 
tigerfarm is disconnected 
DOCJOKA: folds 
morningsky29: folds 
DOCJOKA is disconnected 
Dorex2007: raises $0.10 to $0.15
romerito2 is disconnected 
JavierACP: folds 
romerito2: folds 
Uncalled bet ($0.10) returned to Dorex2007
JavierACP is disconnected 
Dorex2007 collected $0.12 from pot
Dorex2007: doesn't show hand 
*** SUMMARY ***
Total pot $0.12 | Rake $0 
Seat 1: Dorex2007 (button) collected ($0.12)
Seat 2: JavierACP (small blind) folded before Flop
Seat 3: romerito2 (big blind) folded before Flop
Seat 4: tigerfarm folded before Flop (didn't bet)
Seat 5: DOCJOKA folded before Flop (didn't bet)
Seat 6: morningsky29 folded before Flop (didn't bet)



PokerStars Zoom Hand #237836943274:  Hold'em No Limit ($0.02/$0.05) - 2022/08/06 20:53:44 PT [2022/08/06 23:53:44 ET]
Table 'Donati' 6-max Seat #1 is the button
Seat 1: romerito2 ($6.71 in chips) 
Seat 2: HUALSTER ($0.68 in chips) 
Seat 3: iLoVeTALAN ($7.45 in chips) 
Seat 4: kei635 ($4.40 in chips) 
Seat 5: y_kisaragi ($5.21 in chips) 
Seat 6: Dorex2007 ($8.55 in chips) 
HUALSTER: posts small blind $0.02
iLoVeTALAN: posts big blind $0.05
*** HOLE CARDS ***
Dealt to Dorex2007 [Qd 8d]
romerito2 is disconnected 
Dorex2007 is disconnected 
HUALSTER is disconnected 
kei635: raises $0.07 to $0.12
y_kisaragi: folds 
Dorex2007: folds 
romerito2: folds 
HUALSTER: folds 
y_kisaragi is disconnected 
iLoVeTALAN: calls $0.07
*** FLOP *** [3h Jd Tc]
iLoVeTALAN: checks 
kei635: bets $0.10
iLoVeTALAN: folds 
Uncalled bet ($0.10) returned to kei635
kei635 collected $0.25 from pot
kei635: doesn't show hand 
iLoVeTALAN is disconnected 
*** SUMMARY ***
Total pot $0.26 | Rake $0.01 
Board [3h Jd Tc]
Seat 1: romerito2 (button) folded before Flop (didn't bet)
Seat 2: HUALSTER (small blind) folded before Flop
Seat 3: iLoVeTALAN (big blind) folded on the Flop
Seat 4: kei635 collected ($0.25)
Seat 5: y_kisaragi folded before Flop (didn't bet)
Seat 6: Dorex2007 folded before Flop (didn't bet)



PokerStars Zoom Hand #237836948984:  Hold'em No Limit ($0.02/$0.05) - 2022/08/06 20:54:23 PT [2022/08/06 23:54:23 ET]
Table 'Donati' 6-max Seat #1 is the button
Seat 1: CATEGORY V ($6.55 in chips) 
Seat 2: kei635 ($4.53 in chips) 
Seat 3: Dorex2007 ($8.60 in chips) 
Seat 4: Gevron ($5.05 in chips) 
Seat 5: mcdonkelson ($6.46 in chips) 
Seat 6: kUrT1sH ($2.95 in chips) 
kei635: posts small blind $0.02
Dorex2007: posts big blind $0.05
*** HOLE CARDS ***
Dealt to Dorex2007 [Kc Qd]
kUrT1sH is disconnected 
mcdonkelson is disconnected 
kei635 is disconnected 
Gevron: raises $0.07 to $0.12
mcdonkelson: folds 
kUrT1sH: folds 
Dorex2007 is disconnected 
CATEGORY V: folds 
kei635: folds 
Dorex2007: folds 
Uncalled bet ($0.07) returned to Gevron
CATEGORY V is disconnected 
Gevron collected $0.12 from pot
Gevron: doesn't show hand 
*** SUMMARY ***
Total pot $0.12 | Rake $0 
Seat 1: CATEGORY V (button) folded before Flop (didn't bet)
Seat 2: kei635 (small blind) folded before Flop
Seat 3: Dorex2007 (big blind) folded before Flop
Seat 4: Gevron collected ($0.12)
Seat 5: mcdonkelson folded before Flop (didn't bet)
Seat 6: kUrT1sH folded before Flop (didn't bet)



PokerStars Zoom Hand #237836938471:  Hold'em No Limit ($0.02/$0.05) - 2022/08/06 20:53:10 PT [2022/08/06 23:53:10 ET]
Table 'Donati' 6-max Seat #1 is the button
Seat 1: Apple857 ($3.40 in chips) 
Seat 2: Dorex2007 ($8.55 in chips) 
Seat 3: hsbc23 ($5.06 in chips) 
Seat 4: nicegamebr ($17.08 in chips) 
Seat 5: Razvik93 ($6.03 in chips) 
Seat 6: fuji3desu ($8.80 in chips) 
Dorex2007: posts small blind $0.02
hsbc23: posts big blind $0.05
*** HOLE CARDS ***
Dealt to Dorex2007 [4d Qh]
nicegamebr: folds 
Dorex2007 is disconnected 
nicegamebr is disconnected 
Razvik93: raises $0.06 to $0.11
Apple857 is disconnected 
fuji3desu: folds 
Apple857: folds 
Dorex2007: folds 
fuji3desu is disconnected 
hsbc23: calls $0.06
*** FLOP *** [3h Kc 6c]
hsbc23: checks 
Razvik93: bets $0.07
hsbc23: calls $0.07
*** TURN *** [3h Kc 6c] [Ac]
hsbc23: checks 
Razvik93: bets $0.12
hsbc23: raises $0.38 to $0.50
Razvik93: calls $0.38
*** RIVER *** [3h Kc 6c Ac] [7h]
hsbc23: bets $0.99
Razvik93: raises $4.36 to $5.35 and is all-in
hsbc23: folds 
Uncalled bet ($4.36) returned to Razvik93
Razvik93 collected $3.22 from pot
Razvik93: doesn't show hand 
hsbc23 is disconnected 
*** SUMMARY ***
Total pot $3.36 | Rake $0.14 
Board [3h Kc 6c Ac 7h]
Seat 1: Apple857 (button) folded before Flop (didn't bet)
Seat 2: Dorex2007 (small blind) folded before Flop
Seat 3: hsbc23 (big blind) folded on the River
Seat 4: nicegamebr folded before Flop (didn't bet)
Seat 5: Razvik93 collected ($3.22)
Seat 6: fuji3desu folded before Flop (didn't bet)



PokerStars Zoom Hand #237836947325:  Hold'em No Limit ($0.02/$0.05) - 2022/08/06 20:54:12 PT [2022/08/06 23:54:12 ET]
Table 'Donati' 6-max Seat #1 is the button
Seat 1: HUALSTER ($0.68 in chips) 
Seat 2: Dorex2007 ($8.62 in chips) 
Seat 3: Annbella S ($4.05 in chips) 
Seat 4: No.703 ($5.03 in chips) 
Seat 5: Razvik93 ($7.85 in chips) 
Seat 6: tigerfarm ($5.49 in chips) 
Dorex2007: posts small blind $0.02
Annbella S: posts big blind $0.05
*** HOLE CARDS ***
Dealt to Dorex2007 [3h Kd]
No.703: folds 
No.703 is disconnected 
Dorex2007 is disconnected 
Razvik93: raises $0.06 to $0.11
Annbella S is disconnected 
tigerfarm: folds 
tigerfarm is disconnected 
HUALSTER: calls $0.11
Dorex2007: folds 
Annbella S: folds 
*** FLOP *** [4d 8h 5c]
Razvik93: checks 
HUALSTER: checks 
*** TURN *** [4d 8h 5c] [5d]
Razvik93: checks 
HUALSTER: bets $0.15
Razvik93: calls $0.15
*** RIVER *** [4d 8h 5c 5d] [2h]
Razvik93: checks 
HUALSTER: checks 
*** SHOW DOWN ***
Razvik93: shows [Ts 8s] (two pair, Eights and Fives)
HUALSTER: mucks hand 
Razvik93 collected $0.57 from pot
*** SUMMARY ***
Total pot $0.59 | Rake $0.02 
Board [4d 8h 5c 5d 2h]
Seat 1: HUALSTER (button) mucked [9d Qd]
Seat 2: Dorex2007 (small blind) folded before Flop
Seat 3: Annbella S (big blind) folded before Flop
Seat 4: No.703 folded before Flop (didn't bet)
Seat 5: Razvik93 showed [Ts 8s] and won ($0.57) with two pair, Eights and Fives
Seat 6: tigerfarm folded before Flop (didn't bet)



PokerStars Zoom Hand #237836951449:  Hold'em No Limit ($0.02/$0.05) - 2022/08/06 20:54:40 PT [2022/08/06 23:54:40 ET]
Table 'Donati' 6-max Seat #1 is the button
Seat 1: renireni621 ($6.76 in chips) 
Seat 2: Alfred0013 ($8.83 in chips) 
Seat 3: kUrT1sH ($4.84 in chips) 
Seat 4: Gennosukee ($5 in chips) 
Seat 5: norfiol ($5.91 in chips) 
Seat 6: Dorex2007 ($8.55 in chips) 
Alfred0013: posts small blind $0.02
kUrT1sH: posts big blind $0.05
*** HOLE CARDS ***
Dealt to Dorex2007 [Ks 8h]
Gennosukee: folds 
Dorex2007 is disconnected 
Gennosukee is disconnected 
norfiol: folds 
Dorex2007: folds 
norfiol is disconnected 
renireni621: raises $0.07 to $0.12
Alfred0013: folds 
Alfred0013 is disconnected 
kUrT1sH: raises $0.33 to $0.45
renireni621: folds 
Uncalled bet ($0.33) returned to kUrT1sH
kUrT1sH collected $0.26 from pot
kUrT1sH: doesn't show hand 
renireni621 is disconnected 
*** SUMMARY ***
Total pot $0.26 | Rake $0 
Seat 1: renireni621 (button) folded before Flop
Seat 2: Alfred0013 (small blind) folded before Flop
Seat 3: kUrT1sH (big blind) collected ($0.26)
Seat 4: Gennosukee folded before Flop (didn't bet)
Seat 5: norfiol folded before Flop (didn't bet)
Seat 6: Dorex2007 folded before Flop (didn't bet)



PokerStars Zoom Hand #237836952242:  Hold'em No Limit ($0.02/$0.05) - 2022/08/06 20:54:45 PT [2022/08/06 23:54:45 ET]
Table 'Donati' 6-max Seat #1 is the button
Seat 1: Gevron ($7.64 in chips) 
Seat 2: Yoshix2 ($11.36 in chips) 
Seat 3: Gennosukee ($5 in chips) 
Seat 4: JavierACP ($13.10 in chips) 
Seat 5: Dorex2007 ($8.55 in chips) 
Seat 6: hsbc23 ($5 in chips) 
Yoshix2: posts small blind $0.02
Gennosukee: posts big blind $0.05
*** HOLE CARDS ***
Dealt to Dorex2007 [Jd Qd]
JavierACP: folds 
hsbc23 is disconnected 
JavierACP is disconnected 
Dorex2007: raises $0.15 to $0.20
hsbc23: folds 
Gevron: folds 
Gevron is disconnected 
Yoshix2: calls $0.18
Gennosukee: folds 
*** FLOP *** [Ts 4h Ah]
Gennosukee is disconnected 
Yoshix2: checks 
Dorex2007: checks 
*** TURN *** [Ts 4h Ah] [Th]
Yoshix2: bets $0.20
Dorex2007: folds 
Uncalled bet ($0.20) returned to Yoshix2
Yoshix2 collected $0.43 from pot
Yoshix2: doesn't show hand 
Dorex2007 is disconnected 
*** SUMMARY ***
Total pot $0.45 | Rake $0.02 
Board [Ts 4h Ah Th]
Seat 1: Gevron (button) folded before Flop (didn't bet)
Seat 2: Yoshix2 (small blind) collected ($0.43)
Seat 3: Gennosukee (big blind) folded before Flop
Seat 4: JavierACP folded before Flop (didn't bet)
Seat 5: Dorex2007 folded on the Turn
Seat 6: hsbc23 folded before Flop (didn't bet)



PokerStars Zoom Hand #237836959493:  Hold'em No Limit ($0.02/$0.05) - 2022/08/06 20:55:38 PT [2022/08/06 23:55:38 ET]
Table 'Donati' 6-max Seat #1 is the button
Seat 1: Dorex2007 ($8.28 in chips) 
Seat 2: nnnnear ($7.66 in chips) 
Seat 3: Gennosukee ($19.91 in chips) 
Seat 4: keidamepo ($45.90 in chips) 
Seat 5: Alfred0013 ($20.40 in chips) 
Seat 6: AGVsmarT ($13.22 in chips) 
nnnnear: posts small blind $0.02
Gennosukee: posts big blind $0.05
*** HOLE CARDS ***
Dealt to Dorex2007 [Td Jh]
keidamepo: folds 
nnnnear is disconnected 
keidamepo is disconnected 
Alfred0013: folds 
Alfred0013 is disconnected 
AGVsmarT: folds 
AGVsmarT is disconnected 
Dorex2007: raises $0.10 to $0.15
nnnnear: folds 
Gennosukee: folds 
Uncalled bet ($0.10) returned to Dorex2007
Dorex2007 collected $0.12 from pot
Dorex2007: doesn't show hand 
Gennosukee is disconnected 
*** SUMMARY ***
Total pot $0.12 | Rake $0 
Seat 1: Dorex2007 (button) collected ($0.12)
Seat 2: nnnnear (small blind) folded before Flop
Seat 3: Gennosukee (big blind) folded before Flop
Seat 4: keidamepo folded before Flop (didn't bet)
Seat 5: Alfred0013 folded before Flop (didn't bet)
Seat 6: AGVsmarT folded before Flop (didn't bet)



PokerStars Zoom Hand #237836957040:  Hold'em No Limit ($0.02/$0.05) - 2022/08/06 20:55:18 PT [2022/08/06 23:55:18 ET]
Table 'Donati' 6-max Seat #1 is the button
Seat 1: PapelonJede ($13.14 in chips) 
Seat 2: tigerfarm ($10.23 in chips) 
Seat 3: Priven22 ($4.88 in chips) 
Seat 4: Dorex2007 ($8.35 in chips) 
Seat 5: Yoshix2 ($11.59 in chips) 
Seat 6: ellpee1995 ($12.68 in chips) 
tigerfarm: posts small blind $0.02
Priven22: posts big blind $0.05
*** HOLE CARDS ***
Dealt to Dorex2007 [Qh 6d]
Yoshix2 is disconnected 
Dorex2007: folds 
Yoshix2: folds 
Dorex2007 is disconnected 
ellpee1995: folds 
ellpee1995 is disconnected 
PapelonJede: raises $0.07 to $0.12
tigerfarm: raises $0.38 to $0.50
Priven22: calls $0.45
PapelonJede: folds 
*** FLOP *** [Qd 9s 6s]
PapelonJede is disconnected 
tigerfarm: bets $0.35
Priven22: calls $0.35
*** TURN *** [Qd 9s 6s] [3h]
tigerfarm: bets $0.44
Priven22: calls $0.44
*** RIVER *** [Qd 9s 6s 3h] [8d]
tigerfarm: bets $8.94 and is all-in
Priven22: folds 
Uncalled bet ($8.94) returned to tigerfarm
tigerfarm collected $2.59 from pot
tigerfarm: doesn't show hand 
Priven22 is disconnected 
*** SUMMARY ***
Total pot $2.70 | Rake $0.11 
Board [Qd 9s 6s 3h 8d]
Seat 1: PapelonJede (button) folded before Flop
Seat 2: tigerfarm (small blind) collected ($2.59)
Seat 3: Priven22 (big blind) folded on the River
Seat 4: Dorex2007 folded before Flop (didn't bet)
Seat 5: Yoshix2 folded before Flop (didn't bet)
Seat 6: ellpee1995 folded before Flop (didn't bet)



PokerStars Zoom Hand #237836958347:  Hold'em No Limit ($0.02/$0.05) - 2022/08/06 20:55:29 PT [2022/08/06 23:55:29 ET]
Table 'Donati' 6-max Seat #1 is the button
Seat 1: Bsky04 ($5.02 in chips) 
Seat 2: JavierACP ($13.05 in chips) 
Seat 3: Dorex2007 ($8.33 in chips) 
Seat 4: yuu_solo ($4.48 in chips) 
Seat 5: JORDYLEON ($8.91 in chips) 
Seat 6: babiloniaxxx ($5.05 in chips) 
JavierACP: posts small blind $0.02
Dorex2007: posts big blind $0.05
*** HOLE CARDS ***
Dealt to Dorex2007 [Jh 2c]
yuu_solo: folds 
yuu_solo is disconnected 
JORDYLEON: raises $0.07 to $0.12
Dorex2007 is disconnected 
JavierACP is disconnected 
babiloniaxxx: raises $0.31 to $0.43
Bsky04: folds 
JavierACP: folds 
Dorex2007: folds 
Bsky04 is disconnected 
JORDYLEON: calls $0.31
*** FLOP *** [Ts Qc Tc]
JORDYLEON: checks 
babiloniaxxx: bets $0.45
JORDYLEON: calls $0.45
*** TURN *** [Ts Qc Tc] [Kc]
JORDYLEON: checks 
babiloniaxxx: checks 
*** RIVER *** [Ts Qc Tc Kc] [9s]
JORDYLEON: checks 
babiloniaxxx: checks 
*** SHOW DOWN ***
JORDYLEON: shows [Qh Ks] (two pair, Kings and Queens)
babiloniaxxx: shows [Ad Ah] (two pair, Aces and Tens)
babiloniaxxx collected $1.75 from pot
*** SUMMARY ***
Total pot $1.83 | Rake $0.08 
Board [Ts Qc Tc Kc 9s]
Seat 1: Bsky04 (button) folded before Flop (didn't bet)
Seat 2: JavierACP (small blind) folded before Flop
Seat 3: Dorex2007 (big blind) folded before Flop
Seat 4: yuu_solo folded before Flop (didn't bet)
Seat 5: JORDYLEON showed [Qh Ks] and lost with two pair, Kings and Queens
Seat 6: babiloniaxxx showed [Ad Ah] and won ($1.75) with two pair, Aces and Tens



PokerStars Zoom Hand #237836962719:  Hold'em No Limit ($0.02/$0.05) - 2022/08/06 20:56:04 PT [2022/08/06 23:56:04 ET]
Table 'Donati' 6-max Seat #1 is the button
Seat 1: JORDYLEON ($8.03 in chips) 
Seat 2: antonela995 ($5.23 in chips) 
Seat 3: norfiol ($5.07 in chips) 
Seat 4: romerito2 ($7.19 in chips) 
Seat 5: Razvik93 ($8.02 in chips) 
Seat 6: Dorex2007 ($8.35 in chips) 
antonela995: posts small blind $0.02
norfiol: posts big blind $0.05
*** HOLE CARDS ***
Dealt to Dorex2007 [9d 8c]
romerito2: folds 
Razvik93: folds 
romerito2 is disconnected 
Dorex2007: folds 
Dorex2007 is disconnected 
antonela995 is disconnected 
JORDYLEON: raises $0.07 to $0.12
antonela995: folds 
norfiol: folds 
Uncalled bet ($0.07) returned to JORDYLEON
JORDYLEON collected $0.12 from pot
JORDYLEON: doesn't show hand 
norfiol is disconnected 
*** SUMMARY ***
Total pot $0.12 | Rake $0 
Seat 1: JORDYLEON (button) collected ($0.12)
Seat 2: antonela995 (small blind) folded before Flop
Seat 3: norfiol (big blind) folded before Flop
Seat 4: romerito2 folded before Flop (didn't bet)
Seat 5: Razvik93 folded before Flop (didn't bet)
Seat 6: Dorex2007 folded before Flop (didn't bet)



PokerStars Zoom Hand #237836957622:  Hold'em No Limit ($0.02/$0.05) - 2022/08/06 20:55:23 PT [2022/08/06 23:55:23 ET]
Table 'Donati' 6-max Seat #1 is the button
Seat 1: Dillan900 ($5.87 in chips) 
Seat 2: Dorex2007 ($8.35 in chips) 
Seat 3: fuji3desu ($8.62 in chips) 
Seat 4: hsbc23 ($6.07 in chips) 
Seat 5: Nipper-AA ($6.37 in chips) 
Seat 6: Yoshix2 ($11.59 in chips) 
Dorex2007: posts small blind $0.02
fuji3desu: posts big blind $0.05
*** HOLE CARDS ***
Dealt to Dorex2007 [4c Ah]
hsbc23: folds 
hsbc23 is disconnected 
Dorex2007 is disconnected 
Nipper-AA: folds 
Nipper-AA is disconnected 
Yoshix2: raises $0.07 to $0.12
Dillan900: calls $0.12
Dorex2007: folds 
fuji3desu: calls $0.07
*** FLOP *** [Td Ad 6d]
fuji3desu: checks 
Yoshix2: checks 
Dillan900: bets $0.12
fuji3desu: folds 
Yoshix2: calls $0.12
*** TURN *** [Td Ad 6d] [Ks]
Yoshix2: checks 
Dillan900: checks 
*** RIVER *** [Td Ad 6d Ks] [8s]
Yoshix2: checks 
Dillan900: checks 
*** SHOW DOWN ***
Yoshix2: shows [Ts Qh] (a pair of Tens)
Dillan900: shows [Js As] (a pair of Aces)
Dillan900 collected $0.59 from pot
*** SUMMARY ***
Total pot $0.62 | Rake $0.03 
Board [Td Ad 6d Ks 8s]
Seat 1: Dillan900 (button) showed [Js As] and won ($0.59) with a pair of Aces
Seat 2: Dorex2007 (small blind) folded before Flop
Seat 3: fuji3desu (big blind) folded on the Flop
Seat 4: hsbc23 folded before Flop (didn't bet)
Seat 5: Nipper-AA folded before Flop (didn't bet)
Seat 6: Yoshix2 showed [Ts Qh] and lost with a pair of Tens



PokerStars Zoom Hand #237836963938:  Hold'em No Limit ($0.02/$0.05) - 2022/08/06 20:56:14 PT [2022/08/06 23:56:14 ET]
Table 'Donati' 6-max Seat #1 is the button
Seat 1: antonela995 ($5.21 in chips) 
Seat 2: Alfred0013 ($32.98 in chips) 
Seat 3: AGVsmarT ($15.71 in chips) 
Seat 4: Dorex2007 ($8.35 in chips) 
Seat 5: iLoVeTALAN ($7.67 in chips) 
Seat 6: Priven22 ($3.66 in chips) 
Alfred0013: posts small blind $0.02
AGVsmarT: posts big blind $0.05
*** HOLE CARDS ***
Dealt to Dorex2007 [Qd Td]
Priven22 is disconnected 
iLoVeTALAN is disconnected 
Dorex2007: raises $0.10 to $0.15
iLoVeTALAN: folds 
Priven22: folds 
antonela995: folds 
antonela995 is disconnected 
Alfred0013: folds 
Alfred0013 is disconnected 
AGVsmarT: folds 
Uncalled bet ($0.10) returned to Dorex2007
Dorex2007 collected $0.12 from pot
Dorex2007: doesn't show hand 
AGVsmarT is disconnected 
*** SUMMARY ***
Total pot $0.12 | Rake $0 
Seat 1: antonela995 (button) folded before Flop (didn't bet)
Seat 2: Alfred0013 (small blind) folded before Flop
Seat 3: AGVsmarT (big blind) folded before Flop
Seat 4: Dorex2007 collected ($0.12)
Seat 5: iLoVeTALAN folded before Flop (didn't bet)
Seat 6: Priven22 folded before Flop (didn't bet)



PokerStars Zoom Hand #237836961858:  Hold'em No Limit ($0.02/$0.05) - 2022/08/06 20:55:57 PT [2022/08/06 23:55:57 ET]
Table 'Donati' 6-max Seat #1 is the button
Seat 1: Nipper-AA ($5.23 in chips) 
Seat 2: pequis110598 ($4.05 in chips) 
Seat 3: tigerfarm ($11.53 in chips) 
Seat 4: norfiol ($5.25 in chips) 
Seat 5: Dorex2007 ($8.35 in chips) 
Seat 6: kei635 ($4.53 in chips) 
pequis110598: posts small blind $0.02
tigerfarm: posts big blind $0.05
*** HOLE CARDS ***
Dealt to Dorex2007 [6h 2h]
norfiol: folds 
norfiol is disconnected 
kei635 is disconnected 
Dorex2007: folds 
kei635: folds 
Dorex2007 is disconnected 
Nipper-AA: raises $0.05 to $0.10
pequis110598: raises $0.25 to $0.35
tigerfarm: folds 
tigerfarm is disconnected 
Nipper-AA: raises $0.75 to $1.10
pequis110598: raises $2.95 to $4.05 and is all-in
Nipper-AA: calls $2.95
*** FLOP *** [Th 9h Ac]
*** TURN *** [Th 9h Ac] [Td]
*** RIVER *** [Th 9h Ac Td] [9s]
*** SHOW DOWN ***
pequis110598: shows [Qc Qh] (two pair, Queens and Tens)
Nipper-AA: shows [Qd Ad] (two pair, Aces and Tens)
Nipper-AA collected $7.81 from pot
*** SUMMARY ***
Total pot $8.15 | Rake $0.34 
Board [Th 9h Ac Td 9s]
Seat 1: Nipper-AA (button) showed [Qd Ad] and won ($7.81) with two pair, Aces and Tens
Seat 2: pequis110598 (small blind) showed [Qc Qh] and lost with two pair, Queens and Tens
Seat 3: tigerfarm (big blind) folded before Flop
Seat 4: norfiol folded before Flop (didn't bet)
Seat 5: Dorex2007 folded before Flop (didn't bet)
Seat 6: kei635 folded before Flop (didn't bet)



PokerStars Zoom Hand #237836967149:  Hold'em No Limit ($0.02/$0.05) - 2022/08/06 20:56:40 PT [2022/08/06 23:56:40 ET]
Table 'Donati' 6-max Seat #1 is the button
Seat 1: Gevron ($5 in chips) 
Seat 2: Razvik93 ($7.52 in chips) 
Seat 3: Amine0104 ($4.75 in chips) 
Seat 4: Dorex2007 ($8.42 in chips) 
Seat 5: syuzu08 ($16.03 in chips) 
Seat 6: Annbella S ($4.13 in chips) 
Razvik93: posts small blind $0.02
Amine0104: posts big blind $0.05
*** HOLE CARDS ***
Dealt to Dorex2007 [Qh Qs]
Dorex2007: raises $0.10 to $0.15
Annbella S is disconnected 
syuzu08: folds 
Annbella S: folds 
syuzu08 is disconnected 
Gevron: folds 
Razvik93: folds 
Gevron is disconnected 
Amine0104: folds 
Uncalled bet ($0.10) returned to Dorex2007
Dorex2007 collected $0.12 from pot
Dorex2007: doesn't show hand 
Amine0104 is disconnected 
*** SUMMARY ***
Total pot $0.12 | Rake $0 
Seat 1: Gevron (button) folded before Flop (didn't bet)
Seat 2: Razvik93 (small blind) folded before Flop
Seat 3: Amine0104 (big blind) folded before Flop
Seat 4: Dorex2007 collected ($0.12)
Seat 5: syuzu08 folded before Flop (didn't bet)
Seat 6: Annbella S folded before Flop (didn't bet)



PokerStars Zoom Hand #237836970774:  Hold'em No Limit ($0.02/$0.05) - 2022/08/06 20:57:09 PT [2022/08/06 23:57:09 ET]
Table 'Donati' 6-max Seat #1 is the button
Seat 1: Dorex2007 ($8.49 in chips) 
Seat 2: skrmn ($17.88 in chips) 
Seat 3: Nipper-AA ($8.99 in chips) 
Seat 4: Gennosukee ($5.03 in chips) 
Seat 5: Gevron ($5 in chips) 
Seat 6: Yoshix2 ($11.28 in chips) 
skrmn: posts small blind $0.02
Nipper-AA: posts big blind $0.05
*** HOLE CARDS ***
Dealt to Dorex2007 [Ks 8d]
Yoshix2 is disconnected 
Dorex2007 is disconnected 
Gennosukee: folds 
skrmn is disconnected 
Gennosukee is disconnected 
Gevron: folds 
Yoshix2: folds 
Dorex2007: folds 
skrmn: folds 
Uncalled bet ($0.03) returned to Nipper-AA
Gevron is disconnected 
Nipper-AA collected $0.04 from pot
Nipper-AA: doesn't show hand 
*** SUMMARY ***
Total pot $0.04 | Rake $0 
Seat 1: Dorex2007 (button) folded before Flop (didn't bet)
Seat 2: skrmn (small blind) folded before Flop
Seat 3: Nipper-AA (big blind) collected ($0.04)
Seat 4: Gennosukee folded before Flop (didn't bet)
Seat 5: Gevron folded before Flop (didn't bet)
Seat 6: Yoshix2 folded before Flop (didn't bet)



PokerStars Zoom Hand #237836980425:  Hold'em No Limit ($0.02/$0.05) - 2022/08/06 20:57:17 PT [2022/08/06 23:57:17 ET]
Table 'Donati' 6-max Seat #1 is the button
Seat 1: hiro623 ($5.47 in chips) 
Seat 2: Dorex2007 ($8.49 in chips) 
Seat 3: JORDYLEON ($6.65 in chips) 
Seat 4: y_kisaragi ($5 in chips) 
Seat 5: koreahulk ($5.17 in chips) 
Seat 6: syuzu08 ($6.12 in chips) 
Dorex2007: posts small blind $0.02
JORDYLEON: posts big blind $0.05
*** HOLE CARDS ***
Dealt to Dorex2007 [Kc 9h]
y_kisaragi: folds 
y_kisaragi is disconnected 
syuzu08 is disconnected 
koreahulk: folds 
syuzu08: folds 
koreahulk is disconnected 
hiro623: raises $0.07 to $0.12
Dorex2007: folds 
Dorex2007 is disconnected 
JORDYLEON: folds 
Uncalled bet ($0.07) returned to hiro623
hiro623 collected $0.12 from pot
hiro623: doesn't show hand 
JORDYLEON is disconnected 
*** SUMMARY ***
Total pot $0.12 | Rake $0 
Seat 1: hiro623 (button) collected ($0.12)
Seat 2: Dorex2007 (small blind) folded before Flop
Seat 3: JORDYLEON (big blind) folded before Flop
Seat 4: y_kisaragi folded before Flop (didn't bet)
Seat 5: koreahulk folded before Flop (didn't bet)
Seat 6: syuzu08 folded before Flop (didn't bet)



PokerStars Zoom Hand #237836982014:  Hold'em No Limit ($0.02/$0.05) - 2022/08/06 20:57:30 PT [2022/08/06 23:57:30 ET]
Table 'Donati' 6-max Seat #1 is the button
Seat 1: Razvik93 ($8.14 in chips) 
Seat 2: hiro623 ($7.87 in chips) 
Seat 3: Dorex2007 ($8.47 in chips) 
Seat 4: tumekirich71 ($5 in chips) 
Seat 5: JavierACP ($18.49 in chips) 
Seat 6: nantonakusakana ($5.69 in chips) 
hiro623: posts small blind $0.02
Dorex2007: posts big blind $0.05
*** HOLE CARDS ***
Dealt to Dorex2007 [Ks Qc]
JavierACP is disconnected 
tumekirich71: folds 
JavierACP: folds 
nantonakusakana: folds 
nantonakusakana is disconnected 
tumekirich71 is disconnected 
Razvik93: raises $0.06 to $0.11
hiro623: folds 
hiro623 is disconnected 
Dorex2007: raises $0.09 to $0.20
Razvik93: calls $0.09
*** FLOP *** [Jd 5h 7c]
Dorex2007: bets $0.20
Razvik93: calls $0.20
*** TURN *** [Jd 5h 7c] [Td]
Dorex2007: bets $0.39
Razvik93: calls $0.39
*** RIVER *** [Jd 5h 7c Td] [9d]
Dorex2007: bets $0.76
Razvik93: raises $2.29 to $3.05
Dorex2007: calls $2.29
*** SHOW DOWN ***
Razvik93: shows [Qh Jc] (a pair of Jacks)
Dorex2007: shows [Ks Qc] (a straight, Nine to King)
Dorex2007 collected $7.38 from pot
*** SUMMARY ***
Total pot $7.70 | Rake $0.32 
Board [Jd 5h 7c Td 9d]
Seat 1: Razvik93 (button) showed [Qh Jc] and lost with a pair of Jacks
Seat 2: hiro623 (small blind) folded before Flop
Seat 3: Dorex2007 (big blind) showed [Ks Qc] and won ($7.38) with a straight, Nine to King
Seat 4: tumekirich71 folded before Flop (didn't bet)
Seat 5: JavierACP folded before Flop (didn't bet)
Seat 6: nantonakusakana folded before Flop (didn't bet)



PokerStars Zoom Hand #237836988340:  Hold'em No Limit ($0.02/$0.05) - 2022/08/06 20:58:21 PT [2022/08/06 23:58:21 ET]
Table 'Donati' 6-max Seat #1 is the button
Seat 1: antonela995 ($5 in chips) 
Seat 2: hsbc23 ($5.06 in chips) 
Seat 3: Razvik93 ($5 in chips) 
Seat 4: Dorex2007 ($12.01 in chips) 
Seat 5: loboestepa99 ($6.08 in chips) 
Seat 6: Gennosukee ($5 in chips) 
hsbc23: posts small blind $0.02
Razvik93: posts big blind $0.05
*** HOLE CARDS ***
Dealt to Dorex2007 [Td Qs]
hsbc23 is disconnected 
Gennosukee is disconnected 
antonela995 is disconnected 
Dorex2007 has timed out
Dorex2007: folds 
Dorex2007 is disconnected 
loboestepa99: folds 
Gennosukee: folds 
antonela995: folds 
hsbc23: folds 
Uncalled bet ($0.03) returned to Razvik93
loboestepa99 is disconnected 
Razvik93 collected $0.04 from pot
Razvik93: doesn't show hand 
*** SUMMARY ***
Total pot $0.04 | Rake $0 
Seat 1: antonela995 (button) folded before Flop (didn't bet)
Seat 2: hsbc23 (small blind) folded before Flop
Seat 3: Razvik93 (big blind) collected ($0.04)
Seat 4: Dorex2007 folded before Flop (didn't bet)
Seat 5: loboestepa99 folded before Flop (didn't bet)
Seat 6: Gennosukee folded before Flop (didn't bet)



PokerStars Zoom Hand #237836990085:  Hold'em No Limit ($0.02/$0.05) - 2022/08/06 20:58:35 PT [2022/08/06 23:58:35 ET]
Table 'Donati' 6-max Seat #1 is the button
Seat 1: JavierACP ($5.93 in chips) 
Seat 2: Dorex2007 ($12.01 in chips) 
Seat 3: fuji3desu ($6.58 in chips) 
Seat 4: PapelonJede ($10.94 in chips) 
Seat 5: HERO777907 ($5.48 in chips) 
Seat 6: Godlíke ($5.28 in chips) 
Dorex2007: posts small blind $0.02
fuji3desu: posts big blind $0.05
*** HOLE CARDS ***
Dealt to Dorex2007 [6c 6h]
PapelonJede: folds 
HERO777907: folds 
Godlíke: folds 
PapelonJede is disconnected 
JavierACP: raises $0.10 to $0.15
Dorex2007: folds 
Dorex2007 is disconnected 
fuji3desu: folds 
Uncalled bet ($0.10) returned to JavierACP
JavierACP collected $0.12 from pot
JavierACP: doesn't show hand 
fuji3desu is disconnected 
*** SUMMARY ***
Total pot $0.12 | Rake $0 
Seat 1: JavierACP (button) collected ($0.12)
Seat 2: Dorex2007 (small blind) folded before Flop
Seat 3: fuji3desu (big blind) folded before Flop
Seat 4: PapelonJede folded before Flop (didn't bet)
Seat 5: HERO777907 folded before Flop (didn't bet)
Seat 6: Godlíke folded before Flop (didn't bet)



PokerStars Zoom Hand #237836995353:  Hold'em No Limit ($0.02/$0.05) - 2022/08/06 20:59:18 PT [2022/08/06 23:59:18 ET]
Table 'Donati' 6-max Seat #1 is the button
Seat 1: fuji3desu ($8.41 in chips) 
Seat 2: hiro623 ($5.61 in chips) 
Seat 3: renireni621 ($6.27 in chips) 
Seat 4: AymaneBO ($5 in chips) 
Seat 5: Dorex2007 ($11.99 in chips) 
Seat 6: romerito2 ($6.90 in chips) 
hiro623: posts small blind $0.02
renireni621: posts big blind $0.05
*** HOLE CARDS ***
Dealt to Dorex2007 [5d 3s]
AymaneBO: folds 
AymaneBO is disconnected 
Dorex2007: folds 
Dorex2007 is disconnected 
fuji3desu is disconnected 
romerito2: folds 
fuji3desu: folds 
romerito2 is disconnected 
hiro623: folds 
Uncalled bet ($0.03) returned to renireni621
renireni621 collected $0.04 from pot
renireni621: doesn't show hand 
hiro623 is disconnected 
*** SUMMARY ***
Total pot $0.04 | Rake $0 
Seat 1: fuji3desu (button) folded before Flop (didn't bet)
Seat 2: hiro623 (small blind) folded before Flop
Seat 3: renireni621 (big blind) collected ($0.04)
Seat 4: AymaneBO folded before Flop (didn't bet)
Seat 5: Dorex2007 folded before Flop (didn't bet)
Seat 6: romerito2 folded before Flop (didn't bet)



PokerStars Zoom Hand #237836993670:  Hold'em No Limit ($0.02/$0.05) - 2022/08/06 20:59:04 PT [2022/08/06 23:59:04 ET]
Table 'Donati' 6-max Seat #1 is the button
Seat 1: tigerfarm ($5.16 in chips) 
Seat 2: phnx35 ($8.58 in chips) 
Seat 3: mRSagaz ($10.08 in chips) 
Seat 4: Gennosukee ($10.78 in chips) 
Seat 5: Lucianopossama ($3.18 in chips) 
Seat 6: Dorex2007 ($11.99 in chips) 
phnx35: posts small blind $0.02
mRSagaz: posts big blind $0.05
*** HOLE CARDS ***
Dealt to Dorex2007 [2h Jc]
Gennosukee: folds 
Gennosukee is disconnected 
phnx35 is disconnected 
Dorex2007 is disconnected 
Lucianopossama is disconnected 
Lucianopossama has timed out while disconnected
Lucianopossama: folds 
Dorex2007: folds 
tigerfarm: raises $0.07 to $0.12
phnx35: folds 
mRSagaz: folds 
Uncalled bet ($0.07) returned to tigerfarm
tigerfarm collected $0.12 from pot
tigerfarm: doesn't show hand 
mRSagaz is disconnected 
*** SUMMARY ***
Total pot $0.12 | Rake $0 
Seat 1: tigerfarm (button) collected ($0.12)
Seat 2: phnx35 (small blind) folded before Flop
Seat 3: mRSagaz (big blind) folded before Flop
Seat 4: Gennosukee folded before Flop (didn't bet)
Seat 5: Lucianopossama folded before Flop (didn't bet)
Seat 6: Dorex2007 folded before Flop (didn't bet)



PokerStars Zoom Hand #237836992173:  Hold'em No Limit ($0.02/$0.05) - 2022/08/06 20:58:52 PT [2022/08/06 23:58:52 ET]
Table 'Donati' 6-max Seat #1 is the button
Seat 1: Dorex2007 ($11.99 in chips) 
Seat 2: Gevron ($5 in chips) 
Seat 3: y_kisaragi ($5.24 in chips) 
Seat 4: ellpee1995 ($13.10 in chips) 
Seat 5: antonela995 ($5.31 in chips) 
Seat 6: koh72o ($5 in chips) 
Gevron: posts small blind $0.02
y_kisaragi: posts big blind $0.05
*** HOLE CARDS ***
Dealt to Dorex2007 [7d 2c]
ellpee1995: raises $0.05 to $0.10
antonela995: folds 
antonela995 is disconnected 
Dorex2007 is disconnected 
koh72o: calls $0.10
Dorex2007: folds 
Gevron: folds 
Gevron is disconnected 
y_kisaragi: raises $0.45 to $0.55
ellpee1995: calls $0.45
koh72o: folds 
*** FLOP *** [6h Td 4c]
koh72o is disconnected 
y_kisaragi: bets $0.39
ellpee1995: calls $0.39
*** TURN *** [6h Td 4c] [Jd]
y_kisaragi: checks 
ellpee1995: bets $0.85
y_kisaragi: calls $0.85
*** RIVER *** [6h Td 4c Jd] [Qh]
y_kisaragi: checks 
ellpee1995: checks 
*** SHOW DOWN ***
y_kisaragi: shows [Th Ah] (a pair of Tens)
ellpee1995: mucks hand 
y_kisaragi collected $3.55 from pot
y_kisaragi is disconnected 
*** SUMMARY ***
Total pot $3.70 | Rake $0.15 
Board [6h Td 4c Jd Qh]
Seat 1: Dorex2007 (button) folded before Flop (didn't bet)
Seat 2: Gevron (small blind) folded before Flop
Seat 3: y_kisaragi (big blind) showed [Th Ah] and won ($3.55) with a pair of Tens
Seat 4: ellpee1995 mucked [3h 3c]
Seat 5: antonela995 folded before Flop (didn't bet)
Seat 6: koh72o folded before Flop



PokerStars Zoom Hand #237836996195:  Hold'em No Limit ($0.02/$0.05) - 2022/08/06 20:59:25 PT [2022/08/06 23:59:25 ET]
Table 'Donati' 6-max Seat #1 is the button
Seat 1: Dillan900 ($6.32 in chips) 
Seat 2: Alfred0013 ($32.29 in chips) 
Seat 3: Dorex2007 ($11.99 in chips) 
Seat 4: ellpee1995 ($7.85 in chips) 
Seat 5: Gennosukee ($19.47 in chips) 
Seat 6: fuji3desu ($8.41 in chips) 
Alfred0013: posts small blind $0.02
Dorex2007: posts big blind $0.05
*** HOLE CARDS ***
Dealt to Dorex2007 [Ts Ac]
ellpee1995: folds 
ellpee1995 is disconnected 
Gennosukee: folds 
Gennosukee is disconnected 
fuji3desu: folds 
fuji3desu is disconnected 
Dillan900: raises $0.10 to $0.15
Alfred0013: folds 
Alfred0013 is disconnected 
Dorex2007: calls $0.10
*** FLOP *** [6h 9d 5c]
Dorex2007: checks 
Dillan900: checks 
*** TURN *** [6h 9d 5c] [5d]
Dorex2007: bets $0.15
Dillan900: folds 
Uncalled bet ($0.15) returned to Dorex2007
Dorex2007 collected $0.31 from pot
Dorex2007: doesn't show hand 
*** SUMMARY ***
Total pot $0.32 | Rake $0.01 
Board [6h 9d 5c 5d]
Seat 1: Dillan900 (button) folded on the Turn
Seat 2: Alfred0013 (small blind) folded before Flop
Seat 3: Dorex2007 (big blind) collected ($0.31)
Seat 4: ellpee1995 folded before Flop (didn't bet)
Seat 5: Gennosukee folded before Flop (didn't bet)
Seat 6: fuji3desu folded before Flop (didn't bet)



