PokerStars Hand #225325919913:  Hold'em No Limit ($0.01/$0.02 USD) - 2021/03/29 23:20:18 PT [2021/03/30 2:20:18 ET]
Table 'Kenos V' 9-max Seat #3 is the button
Seat 1: B0shev ($1.99 in chips) 
Seat 2: ni_k.o._0914 ($2 in chips) 
Seat 3: gher007 ($1.79 in chips) 
Seat 4: maxim-ka4a ($1.94 in chips) 
Seat 5: Dorex2007 ($1.50 in chips) 
Seat 7: Peter9746144 ($1.92 in chips) 
Seat 8: MarkAvrelij ($2.05 in chips) 
Seat 9: thomasara19 ($0.63 in chips) 
maxim-ka4a: posts small blind $0.01
Dorex2007: posts big blind $0.02
WG8978: sits out 
*** HOLE CARDS ***
Dealt to Dorex2007 [Ac Ts]
Peter9746144: raises $0.04 to $0.06
MarkAvrelij: folds 
thomasara19: folds 
B0shev: folds 
ni_k.o._0914: folds 
gher007: folds 
maxim-ka4a: raises $0.10 to $0.16
Dorex2007: folds 
Peter9746144: calls $0.10
*** FLOP *** [2h 4s 5s]
maxim-ka4a: bets $0.20
Peter9746144: calls $0.20
*** TURN *** [2h 4s 5s] [Kh]
maxim-ka4a: bets $0.47
Peter9746144: calls $0.47
*** RIVER *** [2h 4s 5s Kh] [7h]
maxim-ka4a: checks 
Peter9746144: checks 
*** SHOW DOWN ***
maxim-ka4a: shows [Js Jc] (a pair of Jacks)
Peter9746144: shows [Qs Qh] (a pair of Queens)
Peter9746144 collected $1.62 from pot
*** SUMMARY ***
Total pot $1.68 | Rake $0.06 
Board [2h 4s 5s Kh 7h]
Seat 1: B0shev folded before Flop (didn't bet)
Seat 2: ni_k.o._0914 folded before Flop (didn't bet)
Seat 3: gher007 (button) folded before Flop (didn't bet)
Seat 4: maxim-ka4a (small blind) showed [Js Jc] and lost with a pair of Jacks
Seat 5: Dorex2007 (big blind) folded before Flop
Seat 7: Peter9746144 showed [Qs Qh] and won ($1.62) with a pair of Queens
Seat 8: MarkAvrelij folded before Flop (didn't bet)
Seat 9: thomasara19 folded before Flop (didn't bet)



PokerStars Hand #225325928979:  Hold'em No Limit ($0.01/$0.02 USD) - 2021/03/29 23:21:18 PT [2021/03/30 2:21:18 ET]
Table 'Kenos V' 9-max Seat #4 is the button
Seat 1: B0shev ($1.99 in chips) 
Seat 2: ni_k.o._0914 ($2 in chips) 
Seat 3: gher007 ($1.79 in chips) 
Seat 4: maxim-ka4a ($1.11 in chips) 
Seat 5: Dorex2007 ($1.48 in chips) 
Seat 6: WG8978 ($2 in chips) 
Seat 7: Peter9746144 ($2.71 in chips) 
Seat 8: MarkAvrelij ($2.05 in chips) 
Seat 9: thomasara19 ($0.63 in chips) 
Dorex2007: posts small blind $0.01
WG8978: posts big blind $0.02
*** HOLE CARDS ***
Dealt to Dorex2007 [7s Kd]
Peter9746144: folds 
MarkAvrelij: folds 
thomasara19: folds 
B0shev: calls $0.02
ni_k.o._0914: folds 
gher007: raises $0.02 to $0.04
maxim-ka4a: calls $0.04
Dorex2007: folds 
WG8978: calls $0.02
B0shev: calls $0.02
*** FLOP *** [Jd 2s Qh]
WG8978: checks 
B0shev: checks 
gher007 is disconnected 
gher007 is connected 
gher007: checks 
maxim-ka4a: bets $0.06
WG8978: folds 
B0shev: calls $0.06
gher007: folds 
*** TURN *** [Jd 2s Qh] [Kc]
B0shev: checks 
maxim-ka4a: bets $0.10
B0shev: raises $0.10 to $0.20
maxim-ka4a: folds 
Uncalled bet ($0.10) returned to B0shev
B0shev collected $0.47 from pot
B0shev: doesn't show hand 
*** SUMMARY ***
Total pot $0.49 | Rake $0.02 
Board [Jd 2s Qh Kc]
Seat 1: B0shev collected ($0.47)
Seat 2: ni_k.o._0914 folded before Flop (didn't bet)
Seat 3: gher007 folded on the Flop
Seat 4: maxim-ka4a (button) folded on the Turn
Seat 5: Dorex2007 (small blind) folded before Flop
Seat 6: WG8978 (big blind) folded on the Flop
Seat 7: Peter9746144 folded before Flop (didn't bet)
Seat 8: MarkAvrelij folded before Flop (didn't bet)
Seat 9: thomasara19 folded before Flop (didn't bet)



PokerStars Hand #225325946851:  Hold'em No Limit ($0.01/$0.02 USD) - 2021/03/29 23:23:16 PT [2021/03/30 2:23:16 ET]
Table 'Kenos V' 9-max Seat #5 is the button
Seat 1: B0shev ($2.26 in chips) 
Seat 2: ni_k.o._0914 ($2 in chips) 
Seat 3: gher007 ($1.75 in chips) 
Seat 4: maxim-ka4a ($0.91 in chips) 
Seat 5: Dorex2007 ($1.47 in chips) 
Seat 6: WG8978 ($2 in chips) 
Seat 7: Peter9746144 ($2.71 in chips) 
Seat 8: MarkAvrelij ($2.05 in chips) 
Seat 9: thomasara19 ($0.63 in chips) 
WG8978: posts small blind $0.01
Peter9746144: posts big blind $0.02
*** HOLE CARDS ***
Dealt to Dorex2007 [6c 2h]
MarkAvrelij: folds 
thomasara19: calls $0.02
B0shev: folds 
ni_k.o._0914: calls $0.02
gher007: folds 
maxim-ka4a: folds 
Dorex2007: folds 
WG8978: folds 
Peter9746144: checks 
*** FLOP *** [4h 2d Qc]
Peter9746144: checks 
thomasara19: bets $0.08
ni_k.o._0914: folds 
Peter9746144: folds 
Uncalled bet ($0.08) returned to thomasara19
thomasara19 collected $0.07 from pot
thomasara19: doesn't show hand 
*** SUMMARY ***
Total pot $0.07 | Rake $0 
Board [4h 2d Qc]
Seat 1: B0shev folded before Flop (didn't bet)
Seat 2: ni_k.o._0914 folded on the Flop
Seat 3: gher007 folded before Flop (didn't bet)
Seat 4: maxim-ka4a folded before Flop (didn't bet)
Seat 5: Dorex2007 (button) folded before Flop (didn't bet)
Seat 6: WG8978 (small blind) folded before Flop
Seat 7: Peter9746144 (big blind) folded on the Flop
Seat 8: MarkAvrelij folded before Flop (didn't bet)
Seat 9: thomasara19 collected ($0.07)



PokerStars Hand #225325954117:  Hold'em No Limit ($0.01/$0.02 USD) - 2021/03/29 23:24:04 PT [2021/03/30 2:24:04 ET]
Table 'Kenos V' 9-max Seat #6 is the button
Seat 1: B0shev ($2.26 in chips) 
Seat 2: ni_k.o._0914 ($2 in chips) 
Seat 3: gher007 ($1.75 in chips) 
Seat 4: maxim-ka4a ($0.91 in chips) 
Seat 5: Dorex2007 ($1.47 in chips) 
Seat 6: WG8978 ($2 in chips) 
Seat 7: Peter9746144 ($2.69 in chips) 
Seat 8: MarkAvrelij ($2.05 in chips) 
Seat 9: thomasara19 ($0.68 in chips) 
Peter9746144: posts small blind $0.01
MarkAvrelij: posts big blind $0.02
*** HOLE CARDS ***
Dealt to Dorex2007 [Jd Kc]
thomasara19: folds 
B0shev: calls $0.02
ni_k.o._0914: folds 
thomasara19 leaves the table
gher007: folds 
maxim-ka4a: folds 
Dorex2007: raises $0.04 to $0.06
thomasara19 joins the table at seat #9 
WG8978: folds 
Peter9746144: folds 
MarkAvrelij: calls $0.04
B0shev: calls $0.04
*** FLOP *** [5s 2d 3h]
MarkAvrelij: checks 
B0shev: checks 
Dorex2007: bets $0.18
MarkAvrelij: calls $0.18
B0shev: calls $0.18
*** TURN *** [5s 2d 3h] [5c]
MarkAvrelij: checks 
B0shev: checks 
Dorex2007: checks 
*** RIVER *** [5s 2d 3h 5c] [Ah]
MarkAvrelij: checks 
B0shev: bets $0.70
Dorex2007: folds 
MarkAvrelij: folds 
Uncalled bet ($0.70) returned to B0shev
B0shev collected $0.70 from pot
B0shev: doesn't show hand 
*** SUMMARY ***
Total pot $0.73 | Rake $0.03 
Board [5s 2d 3h 5c Ah]
Seat 1: B0shev collected ($0.70)
Seat 2: ni_k.o._0914 folded before Flop (didn't bet)
Seat 3: gher007 folded before Flop (didn't bet)
Seat 4: maxim-ka4a folded before Flop (didn't bet)
Seat 5: Dorex2007 folded on the River
Seat 6: WG8978 (button) folded before Flop (didn't bet)
Seat 7: Peter9746144 (small blind) folded before Flop
Seat 8: MarkAvrelij (big blind) folded on the River
Seat 9: thomasara19 folded before Flop (didn't bet)



PokerStars Hand #225325964750:  Hold'em No Limit ($0.01/$0.02 USD) - 2021/03/29 23:25:14 PT [2021/03/30 2:25:14 ET]
Table 'Kenos V' 9-max Seat #7 is the button
Seat 1: B0shev ($2.72 in chips) 
Seat 2: ni_k.o._0914 ($2 in chips) 
Seat 3: gher007 ($1.75 in chips) 
Seat 4: maxim-ka4a ($0.91 in chips) 
Seat 5: Dorex2007 ($1.23 in chips) 
Seat 6: WG8978 ($2 in chips) 
Seat 7: Peter9746144 ($2.68 in chips) 
Seat 8: MarkAvrelij ($2 in chips) 
Seat 9: thomasara19 ($0.81 in chips) 
MarkAvrelij: posts small blind $0.01
thomasara19: posts big blind $0.02
*** HOLE CARDS ***
Dealt to Dorex2007 [3h Kd]
B0shev: calls $0.02
ni_k.o._0914: folds 
gher007: folds 
maxim-ka4a: folds 
Dorex2007: folds 
WG8978: raises $0.04 to $0.06
Peter9746144: folds 
MarkAvrelij: folds 
thomasara19: folds 
B0shev: calls $0.04
*** FLOP *** [9h 6c 2c]
B0shev: bets $0.04
WG8978: calls $0.04
*** TURN *** [9h 6c 2c] [4s]
B0shev: bets $0.04
WG8978: folds 
Uncalled bet ($0.04) returned to B0shev
B0shev collected $0.22 from pot
B0shev: doesn't show hand 
*** SUMMARY ***
Total pot $0.23 | Rake $0.01 
Board [9h 6c 2c 4s]
Seat 1: B0shev collected ($0.22)
Seat 2: ni_k.o._0914 folded before Flop (didn't bet)
Seat 3: gher007 folded before Flop (didn't bet)
Seat 4: maxim-ka4a folded before Flop (didn't bet)
Seat 5: Dorex2007 folded before Flop (didn't bet)
Seat 6: WG8978 folded on the Turn
Seat 7: Peter9746144 (button) folded before Flop (didn't bet)
Seat 8: MarkAvrelij (small blind) folded before Flop
Seat 9: thomasara19 (big blind) folded before Flop



PokerStars Hand #225325972709:  Hold'em No Limit ($0.01/$0.02 USD) - 2021/03/29 23:26:08 PT [2021/03/30 2:26:08 ET]
Table 'Kenos V' 9-max Seat #8 is the button
Seat 1: B0shev ($2.84 in chips) 
Seat 2: ni_k.o._0914 ($2 in chips) 
Seat 3: gher007 ($1.75 in chips) 
Seat 4: maxim-ka4a ($0.91 in chips) 
Seat 5: Dorex2007 ($1.23 in chips) 
Seat 6: WG8978 ($2 in chips) 
Seat 7: Peter9746144 ($2.68 in chips) 
Seat 8: MarkAvrelij ($2 in chips) 
Seat 9: thomasara19 ($0.79 in chips) 
thomasara19: posts small blind $0.01
B0shev: posts big blind $0.02
*** HOLE CARDS ***
Dealt to Dorex2007 [3h 9c]
ni_k.o._0914: folds 
gher007: folds 
maxim-ka4a: folds 
Dorex2007: folds 
WG8978: folds 
Peter9746144: folds 
MarkAvrelij: folds 
thomasara19: calls $0.01
B0shev: checks 
*** FLOP *** [Kh 8h 7c]
thomasara19: checks 
B0shev: bets $0.02
thomasara19: calls $0.02
*** TURN *** [Kh 8h 7c] [Kc]
thomasara19: checks 
B0shev: checks 
*** RIVER *** [Kh 8h 7c Kc] [Ks]
thomasara19: checks 
B0shev: checks 
*** SHOW DOWN ***
thomasara19: shows [Ah Td] (three of a kind, Kings)
B0shev: mucks hand 
thomasara19 collected $0.08 from pot
*** SUMMARY ***
Total pot $0.08 | Rake $0 
Board [Kh 8h 7c Kc Ks]
Seat 1: B0shev (big blind) mucked [3c 4h]
Seat 2: ni_k.o._0914 folded before Flop (didn't bet)
Seat 3: gher007 folded before Flop (didn't bet)
Seat 4: maxim-ka4a folded before Flop (didn't bet)
Seat 5: Dorex2007 folded before Flop (didn't bet)
Seat 6: WG8978 folded before Flop (didn't bet)
Seat 7: Peter9746144 folded before Flop (didn't bet)
Seat 8: MarkAvrelij (button) folded before Flop (didn't bet)
Seat 9: thomasara19 (small blind) showed [Ah Td] and won ($0.08) with three of a kind, Kings



PokerStars Hand #225325979256:  Hold'em No Limit ($0.01/$0.02 USD) - 2021/03/29 23:26:52 PT [2021/03/30 2:26:52 ET]
Table 'Kenos V' 9-max Seat #9 is the button
Seat 1: B0shev ($2.80 in chips) 
Seat 2: ni_k.o._0914 ($2 in chips) 
Seat 3: gher007 ($1.75 in chips) 
Seat 4: maxim-ka4a ($0.91 in chips) 
Seat 5: Dorex2007 ($1.23 in chips) 
Seat 6: WG8978 ($2 in chips) 
Seat 7: Peter9746144 ($2.68 in chips) 
Seat 8: MarkAvrelij ($2 in chips) 
Seat 9: thomasara19 ($0.83 in chips) 
B0shev: posts small blind $0.01
ni_k.o._0914: posts big blind $0.02
*** HOLE CARDS ***
Dealt to Dorex2007 [5s 4s]
gher007: raises $0.02 to $0.04
maxim-ka4a: folds 
Dorex2007: folds 
WG8978: folds 
Peter9746144: folds 
MarkAvrelij: calls $0.04
thomasara19: calls $0.04
B0shev: calls $0.03
ni_k.o._0914: calls $0.02
*** FLOP *** [Jc Ad 8h]
B0shev: checks 
ni_k.o._0914: checks 
gher007: checks 
MarkAvrelij: bets $0.06
thomasara19: folds 
B0shev: folds 
ni_k.o._0914: folds 
gher007: calls $0.06
*** TURN *** [Jc Ad 8h] [6h]
gher007: bets $0.24
MarkAvrelij: folds 
Uncalled bet ($0.24) returned to gher007
gher007 collected $0.31 from pot
*** SUMMARY ***
Total pot $0.32 | Rake $0.01 
Board [Jc Ad 8h 6h]
Seat 1: B0shev (small blind) folded on the Flop
Seat 2: ni_k.o._0914 (big blind) folded on the Flop
Seat 3: gher007 collected ($0.31)
Seat 4: maxim-ka4a folded before Flop (didn't bet)
Seat 5: Dorex2007 folded before Flop (didn't bet)
Seat 6: WG8978 folded before Flop (didn't bet)
Seat 7: Peter9746144 folded before Flop (didn't bet)
Seat 8: MarkAvrelij folded on the Turn
Seat 9: thomasara19 (button) folded on the Flop



PokerStars Hand #225325991896:  Hold'em No Limit ($0.01/$0.02 USD) - 2021/03/29 23:28:16 PT [2021/03/30 2:28:16 ET]
Table 'Kenos V' 9-max Seat #1 is the button
Seat 1: B0shev ($2.76 in chips) 
Seat 2: ni_k.o._0914 ($2 in chips) 
Seat 3: gher007 ($1.96 in chips) 
Seat 4: maxim-ka4a ($0.91 in chips) 
Seat 5: Dorex2007 ($1.23 in chips) 
Seat 6: WG8978 ($2 in chips) 
Seat 7: Peter9746144 ($2.68 in chips) 
Seat 8: MarkAvrelij ($2 in chips) 
Seat 9: thomasara19 ($0.79 in chips) 
ni_k.o._0914: posts small blind $0.01
gher007: posts big blind $0.02
*** HOLE CARDS ***
Dealt to Dorex2007 [8h Qd]
maxim-ka4a: raises $0.04 to $0.06
Dorex2007: folds 
WG8978: folds 
Peter9746144: folds 
MarkAvrelij: calls $0.06
thomasara19: folds 
B0shev: calls $0.06
ni_k.o._0914: calls $0.05
gher007: folds 
*** FLOP *** [Kc 7h 4s]
ni_k.o._0914: checks 
maxim-ka4a: checks 
MarkAvrelij: checks 
B0shev: checks 
*** TURN *** [Kc 7h 4s] [9s]
ni_k.o._0914: bets $0.02
maxim-ka4a: calls $0.02
MarkAvrelij: folds 
B0shev: calls $0.02
*** RIVER *** [Kc 7h 4s 9s] [9d]
ni_k.o._0914: checks 
maxim-ka4a: checks 
B0shev: checks 
*** SHOW DOWN ***
ni_k.o._0914: shows [Js Qs] (a pair of Nines)
maxim-ka4a: mucks hand 
B0shev: shows [6c As] (a pair of Nines - Ace kicker)
B0shev collected $0.31 from pot
*** SUMMARY ***
Total pot $0.32 | Rake $0.01 
Board [Kc 7h 4s 9s 9d]
Seat 1: B0shev (button) showed [6c As] and won ($0.31) with a pair of Nines
Seat 2: ni_k.o._0914 (small blind) showed [Js Qs] and lost with a pair of Nines
Seat 3: gher007 (big blind) folded before Flop
Seat 4: maxim-ka4a mucked [8d Td]
Seat 5: Dorex2007 folded before Flop (didn't bet)
Seat 6: WG8978 folded before Flop (didn't bet)
Seat 7: Peter9746144 folded before Flop (didn't bet)
Seat 8: MarkAvrelij folded on the Turn
Seat 9: thomasara19 folded before Flop (didn't bet)



PokerStars Hand #225326005392:  Hold'em No Limit ($0.01/$0.02 USD) - 2021/03/29 23:29:46 PT [2021/03/30 2:29:46 ET]
Table 'Kenos V' 9-max Seat #2 is the button
Seat 1: B0shev ($2.99 in chips) 
Seat 2: ni_k.o._0914 ($2 in chips) 
Seat 3: gher007 ($1.94 in chips) 
Seat 4: maxim-ka4a ($0.83 in chips) 
Seat 5: Dorex2007 ($1.23 in chips) 
Seat 6: WG8978 ($2 in chips) 
Seat 7: Peter9746144 ($2.68 in chips) 
Seat 8: MarkAvrelij ($2 in chips) 
Seat 9: thomasara19 ($0.79 in chips) 
gher007: posts small blind $0.01
maxim-ka4a: posts big blind $0.02
*** HOLE CARDS ***
Dealt to Dorex2007 [Qd As]
Dorex2007: raises $0.04 to $0.06
WG8978: folds 
Peter9746144: folds 
MarkAvrelij: folds 
thomasara19: folds 
B0shev: folds 
ni_k.o._0914: folds 
gher007: folds 
maxim-ka4a: folds 
Uncalled bet ($0.04) returned to Dorex2007
Dorex2007 collected $0.05 from pot
Dorex2007: doesn't show hand 
*** SUMMARY ***
Total pot $0.05 | Rake $0 
Seat 1: B0shev folded before Flop (didn't bet)
Seat 2: ni_k.o._0914 (button) folded before Flop (didn't bet)
Seat 3: gher007 (small blind) folded before Flop
Seat 4: maxim-ka4a (big blind) folded before Flop
Seat 5: Dorex2007 collected ($0.05)
Seat 6: WG8978 folded before Flop (didn't bet)
Seat 7: Peter9746144 folded before Flop (didn't bet)
Seat 8: MarkAvrelij folded before Flop (didn't bet)
Seat 9: thomasara19 folded before Flop (didn't bet)



PokerStars Hand #225326009158:  Hold'em No Limit ($0.01/$0.02 USD) - 2021/03/29 23:30:10 PT [2021/03/30 2:30:10 ET]
Table 'Kenos V' 9-max Seat #3 is the button
Seat 1: B0shev ($2.99 in chips) 
Seat 2: ni_k.o._0914 ($2 in chips) 
Seat 3: gher007 ($1.93 in chips) 
Seat 4: maxim-ka4a ($0.81 in chips) 
Seat 5: Dorex2007 ($1.26 in chips) 
Seat 6: WG8978 ($2 in chips) 
Seat 7: Peter9746144 ($2.68 in chips) 
Seat 8: MarkAvrelij ($2 in chips) 
Seat 9: thomasara19 ($0.79 in chips) 
maxim-ka4a: posts small blind $0.01
Dorex2007: posts big blind $0.02
*** HOLE CARDS ***
Dealt to Dorex2007 [9d 7d]
WG8978: folds 
Peter9746144: folds 
MarkAvrelij: folds 
thomasara19: folds 
B0shev: folds 
ni_k.o._0914: folds 
gher007: raises $0.02 to $0.04
maxim-ka4a: folds 
Dorex2007: folds 
Uncalled bet ($0.02) returned to gher007
gher007 collected $0.05 from pot
gher007: doesn't show hand 
*** SUMMARY ***
Total pot $0.05 | Rake $0 
Seat 1: B0shev folded before Flop (didn't bet)
Seat 2: ni_k.o._0914 folded before Flop (didn't bet)
Seat 3: gher007 (button) collected ($0.05)
Seat 4: maxim-ka4a (small blind) folded before Flop
Seat 5: Dorex2007 (big blind) folded before Flop
Seat 6: WG8978 folded before Flop (didn't bet)
Seat 7: Peter9746144 folded before Flop (didn't bet)
Seat 8: MarkAvrelij folded before Flop (didn't bet)
Seat 9: thomasara19 folded before Flop (didn't bet)



PokerStars Hand #225326011719:  Hold'em No Limit ($0.01/$0.02 USD) - 2021/03/29 23:30:28 PT [2021/03/30 2:30:28 ET]
Table 'Kenos V' 9-max Seat #4 is the button
Seat 1: B0shev ($2.99 in chips) 
Seat 2: ni_k.o._0914 ($2 in chips) 
Seat 3: gher007 ($1.96 in chips) 
Seat 4: maxim-ka4a ($0.80 in chips) 
Seat 5: Dorex2007 ($1.24 in chips) 
Seat 6: WG8978 ($2 in chips) 
Seat 7: Peter9746144 ($2.68 in chips) 
Seat 8: MarkAvrelij ($2 in chips) 
Seat 9: thomasara19 ($0.79 in chips) 
Dorex2007: posts small blind $0.01
WG8978: posts big blind $0.02
*** HOLE CARDS ***
Dealt to Dorex2007 [Kh 4s]
Peter9746144: folds 
MarkAvrelij: folds 
thomasara19: folds 
B0shev: calls $0.02
ni_k.o._0914: calls $0.02
gher007: folds 
maxim-ka4a: folds 
Dorex2007: folds 
WG8978: checks 
*** FLOP *** [2s 3c Jh]
WG8978: checks 
B0shev: checks 
ni_k.o._0914: checks 
*** TURN *** [2s 3c Jh] [5d]
WG8978: checks 
B0shev: checks 
ni_k.o._0914: checks 
*** RIVER *** [2s 3c Jh 5d] [3s]
WG8978: checks 
B0shev: bets $0.02
ni_k.o._0914: folds 
WG8978: folds 
Uncalled bet ($0.02) returned to B0shev
B0shev collected $0.07 from pot
B0shev: doesn't show hand 
*** SUMMARY ***
Total pot $0.07 | Rake $0 
Board [2s 3c Jh 5d 3s]
Seat 1: B0shev collected ($0.07)
Seat 2: ni_k.o._0914 folded on the River
Seat 3: gher007 folded before Flop (didn't bet)
Seat 4: maxim-ka4a (button) folded before Flop (didn't bet)
Seat 5: Dorex2007 (small blind) folded before Flop
Seat 6: WG8978 (big blind) folded on the River
Seat 7: Peter9746144 folded before Flop (didn't bet)
Seat 8: MarkAvrelij folded before Flop (didn't bet)
Seat 9: thomasara19 folded before Flop (didn't bet)



PokerStars Hand #225326020270:  Hold'em No Limit ($0.01/$0.02 USD) - 2021/03/29 23:31:24 PT [2021/03/30 2:31:24 ET]
Table 'Kenos V' 9-max Seat #5 is the button
Seat 1: B0shev ($3.04 in chips) 
Seat 2: ni_k.o._0914 ($2 in chips) 
Seat 3: gher007 ($1.96 in chips) 
Seat 4: maxim-ka4a ($0.80 in chips) 
Seat 5: Dorex2007 ($1.23 in chips) 
Seat 6: WG8978 ($2 in chips) 
Seat 7: Peter9746144 ($2.68 in chips) 
Seat 8: MarkAvrelij ($2 in chips) 
Seat 9: thomasara19 ($0.79 in chips) 
WG8978: posts small blind $0.01
Peter9746144: posts big blind $0.02
*** HOLE CARDS ***
Dealt to Dorex2007 [Ac Th]
MarkAvrelij: folds 
thomasara19: folds 
B0shev: calls $0.02
ni_k.o._0914: folds 
gher007: raises $0.02 to $0.04
maxim-ka4a: raises $0.04 to $0.08
Dorex2007: folds 
WG8978: folds 
Peter9746144: folds 
B0shev: calls $0.06
gher007: calls $0.04
*** FLOP *** [7c As Kc]
B0shev: checks 
gher007: bets $0.14
maxim-ka4a: folds 
B0shev: folds 
Uncalled bet ($0.14) returned to gher007
gher007 collected $0.26 from pot
*** SUMMARY ***
Total pot $0.27 | Rake $0.01 
Board [7c As Kc]
Seat 1: B0shev folded on the Flop
Seat 2: ni_k.o._0914 folded before Flop (didn't bet)
Seat 3: gher007 collected ($0.26)
Seat 4: maxim-ka4a folded on the Flop
Seat 5: Dorex2007 (button) folded before Flop (didn't bet)
Seat 6: WG8978 (small blind) folded before Flop
Seat 7: Peter9746144 (big blind) folded before Flop
Seat 8: MarkAvrelij folded before Flop (didn't bet)
Seat 9: thomasara19 folded before Flop (didn't bet)



PokerStars Hand #225326029503:  Hold'em No Limit ($0.01/$0.02 USD) - 2021/03/29 23:32:25 PT [2021/03/30 2:32:25 ET]
Table 'Kenos V' 9-max Seat #6 is the button
Seat 1: B0shev ($2.96 in chips) 
Seat 2: ni_k.o._0914 ($2 in chips) 
Seat 3: gher007 ($2.14 in chips) 
Seat 4: maxim-ka4a ($0.80 in chips) 
Seat 5: Dorex2007 ($1.23 in chips) 
Seat 6: WG8978 ($2 in chips) 
Seat 7: Peter9746144 ($2.66 in chips) 
Seat 8: MarkAvrelij ($2 in chips) 
Seat 9: thomasara19 ($0.79 in chips) 
Peter9746144: posts small blind $0.01
MarkAvrelij: posts big blind $0.02
*** HOLE CARDS ***
Dealt to Dorex2007 [Ad Js]
thomasara19: folds 
B0shev: folds 
ni_k.o._0914: folds 
gher007: folds 
maxim-ka4a: raises $0.04 to $0.06
Dorex2007: folds 
WG8978: folds 
Peter9746144: folds 
MarkAvrelij: raises $0.11 to $0.17
maxim-ka4a: calls $0.11
*** FLOP *** [8c 9h 8h]
MarkAvrelij: bets $0.11
maxim-ka4a: raises $0.19 to $0.30
MarkAvrelij: calls $0.19
*** TURN *** [8c 9h 8h] [4h]
MarkAvrelij: checks 
maxim-ka4a: bets $0.33 and is all-in
MarkAvrelij: folds 
Uncalled bet ($0.33) returned to maxim-ka4a
maxim-ka4a collected $0.92 from pot
maxim-ka4a: doesn't show hand 
*** SUMMARY ***
Total pot $0.95 | Rake $0.03 
Board [8c 9h 8h 4h]
Seat 1: B0shev folded before Flop (didn't bet)
Seat 2: ni_k.o._0914 folded before Flop (didn't bet)
Seat 3: gher007 folded before Flop (didn't bet)
Seat 4: maxim-ka4a collected ($0.92)
Seat 5: Dorex2007 folded before Flop (didn't bet)
Seat 6: WG8978 (button) folded before Flop (didn't bet)
Seat 7: Peter9746144 (small blind) folded before Flop
Seat 8: MarkAvrelij (big blind) folded on the Turn
Seat 9: thomasara19 folded before Flop (didn't bet)



PokerStars Hand #225326039257:  Hold'em No Limit ($0.01/$0.02 USD) - 2021/03/29 23:33:30 PT [2021/03/30 2:33:30 ET]
Table 'Kenos V' 9-max Seat #7 is the button
Seat 1: B0shev ($2.96 in chips) 
Seat 2: ni_k.o._0914 ($2 in chips) 
Seat 3: gher007 ($2.14 in chips) 
Seat 4: maxim-ka4a ($1.25 in chips) 
Seat 5: Dorex2007 ($1.23 in chips) 
Seat 6: WG8978 ($2 in chips) 
Seat 7: Peter9746144 ($2.65 in chips) 
Seat 8: MarkAvrelij ($2 in chips) 
Seat 9: thomasara19 ($0.79 in chips) 
MarkAvrelij: posts small blind $0.01
thomasara19: posts big blind $0.02
*** HOLE CARDS ***
Dealt to Dorex2007 [Kh 9s]
B0shev: calls $0.02
ni_k.o._0914: folds 
gher007: raises $0.02 to $0.04
maxim-ka4a: calls $0.04
Dorex2007: folds 
WG8978: folds 
Peter9746144: folds 
MarkAvrelij: folds 
thomasara19: calls $0.02
B0shev: calls $0.02
*** FLOP *** [As Kc 5d]
thomasara19: checks 
B0shev: bets $0.06
gher007: calls $0.06
maxim-ka4a: folds 
thomasara19: folds 
*** TURN *** [As Kc 5d] [4s]
B0shev: bets $0.06
gher007: calls $0.06
*** RIVER *** [As Kc 5d 4s] [Ks]
B0shev: bets $0.10
gher007: calls $0.10
*** SHOW DOWN ***
B0shev: shows [3c Ad] (two pair, Aces and Kings)
gher007: shows [8c Ac] (two pair, Aces and Kings - Eight kicker)
gher007 collected $0.59 from pot
*** SUMMARY ***
Total pot $0.61 | Rake $0.02 
Board [As Kc 5d 4s Ks]
Seat 1: B0shev showed [3c Ad] and lost with two pair, Aces and Kings
Seat 2: ni_k.o._0914 folded before Flop (didn't bet)
Seat 3: gher007 showed [8c Ac] and won ($0.59) with two pair, Aces and Kings
Seat 4: maxim-ka4a folded on the Flop
Seat 5: Dorex2007 folded before Flop (didn't bet)
Seat 6: WG8978 folded before Flop (didn't bet)
Seat 7: Peter9746144 (button) folded before Flop (didn't bet)
Seat 8: MarkAvrelij (small blind) folded before Flop
Seat 9: thomasara19 (big blind) folded on the Flop



PokerStars Hand #225326052469:  Hold'em No Limit ($0.01/$0.02 USD) - 2021/03/29 23:34:58 PT [2021/03/30 2:34:58 ET]
Table 'Kenos V' 9-max Seat #8 is the button
Seat 1: B0shev ($2.70 in chips) 
Seat 2: ni_k.o._0914 ($2 in chips) 
Seat 3: gher007 ($2.47 in chips) 
Seat 4: maxim-ka4a ($1.21 in chips) 
Seat 5: Dorex2007 ($1.23 in chips) 
Seat 6: WG8978 ($2 in chips) 
Seat 7: Peter9746144 ($2.65 in chips) 
Seat 8: MarkAvrelij ($2 in chips) 
Seat 9: thomasara19 ($0.75 in chips) 
thomasara19: posts small blind $0.01
B0shev: posts big blind $0.02
*** HOLE CARDS ***
Dealt to Dorex2007 [Qs Qh]
ni_k.o._0914: folds 
gher007: raises $0.02 to $0.04
maxim-ka4a: calls $0.04
Dorex2007: raises $0.16 to $0.20
WG8978: folds 
Peter9746144: raises $0.22 to $0.42
MarkAvrelij: folds 
thomasara19: folds 
B0shev: folds 
gher007: folds 
maxim-ka4a: folds 
Dorex2007: calls $0.22
*** FLOP *** [4s 2d 8h]
Dorex2007: checks 
Peter9746144: bets $2.23 and is all-in
Dorex2007: calls $0.81 and is all-in
Uncalled bet ($1.42) returned to Peter9746144
*** TURN *** [4s 2d 8h] [5c]
*** RIVER *** [4s 2d 8h 5c] [Ah]
*** SHOW DOWN ***
Dorex2007: shows [Qs Qh] (a pair of Queens)
Peter9746144: shows [Ks Kc] (a pair of Kings)
Peter9746144 collected $2.48 from pot
*** SUMMARY ***
Total pot $2.57 | Rake $0.09 
Board [4s 2d 8h 5c Ah]
Seat 1: B0shev (big blind) folded before Flop
Seat 2: ni_k.o._0914 folded before Flop (didn't bet)
Seat 3: gher007 folded before Flop
Seat 4: maxim-ka4a folded before Flop
Seat 5: Dorex2007 showed [Qs Qh] and lost with a pair of Queens
Seat 6: WG8978 folded before Flop (didn't bet)
Seat 7: Peter9746144 showed [Ks Kc] and won ($2.48) with a pair of Kings
Seat 8: MarkAvrelij (button) folded before Flop (didn't bet)
Seat 9: thomasara19 (small blind) folded before Flop



