PokerStars Zoom Hand #237918640868:  Hold'em No Limit ($0.02/$0.05) - 2022/08/10 20:39:37 PT [2022/08/10 23:39:37 ET]
Table 'Donati' 6-max Seat #1 is the button
Seat 1: lanwei-fish ($7.03 in chips) 
Seat 2: RomiSex ($7.35 in chips) 
Seat 3: Dorex2007 ($5 in chips) 
Seat 4: HUALSTER ($3.14 in chips) 
Seat 5: Mr.Poker*Ak47 ($6.42 in chips) 
Seat 6: No.703 ($6.96 in chips) 
RomiSex: posts small blind $0.02
Dorex2007: posts big blind $0.05
*** HOLE CARDS ***
Dealt to Dorex2007 [Jd Qs]
RomiSex is disconnected 
Mr.Poker*Ak47 is disconnected 
HUALSTER: raises $0.07 to $0.12
Mr.Poker*Ak47: folds 
No.703: folds 
No.703 is disconnected 
lanwei-fish: folds 
RomiSex: folds 
lanwei-fish is disconnected 
Dorex2007: calls $0.07
*** FLOP *** [3d 8h 4h]
Dorex2007: checks 
HUALSTER: checks 
*** TURN *** [3d 8h 4h] [Jc]
Dorex2007: bets $0.17
HUALSTER: folds 
Uncalled bet ($0.17) returned to Dorex2007
Dorex2007 collected $0.25 from pot
Dorex2007: doesn't show hand 
HUALSTER is disconnected 
*** SUMMARY ***
Total pot $0.26 | Rake $0.01 
Board [3d 8h 4h Jc]
Seat 1: lanwei-fish (button) folded before Flop (didn't bet)
Seat 2: RomiSex (small blind) folded before Flop
Seat 3: Dorex2007 (big blind) collected ($0.25)
Seat 4: HUALSTER folded on the Turn
Seat 5: Mr.Poker*Ak47 folded before Flop (didn't bet)
Seat 6: No.703 folded before Flop (didn't bet)



PokerStars Zoom Hand #237918647830:  Hold'em No Limit ($0.02/$0.05) - 2022/08/10 20:40:24 PT [2022/08/10 23:40:24 ET]
Table 'Donati' 6-max Seat #1 is the button
Seat 1: zequi1998 ($12.56 in chips) 
Seat 2: Dorex2007 ($5.13 in chips) 
Seat 3: creampan ($5 in chips) 
Seat 4: lanwei-fish ($7.03 in chips) 
Seat 5: RomiSex ($12.64 in chips) 
Seat 6: lobo014 ($3.30 in chips) 
Dorex2007: posts small blind $0.02
creampan: posts big blind $0.05
*** HOLE CARDS ***
Dealt to Dorex2007 [2s 5d]
lanwei-fish: folds 
lanwei-fish is disconnected 
lobo014 is disconnected 
RomiSex: folds 
lobo014: folds 
RomiSex is disconnected 
zequi1998: folds 
zequi1998 is disconnected 
Dorex2007: raises $0.15 to $0.20
creampan: folds 
Uncalled bet ($0.15) returned to Dorex2007
Dorex2007 collected $0.10 from pot
Dorex2007: doesn't show hand 
creampan is disconnected 
*** SUMMARY ***
Total pot $0.10 | Rake $0 
Seat 1: zequi1998 (button) folded before Flop (didn't bet)
Seat 2: Dorex2007 (small blind) collected ($0.10)
Seat 3: creampan (big blind) folded before Flop
Seat 4: lanwei-fish folded before Flop (didn't bet)
Seat 5: RomiSex folded before Flop (didn't bet)
Seat 6: lobo014 folded before Flop (didn't bet)



PokerStars Zoom Hand #237918647128:  Hold'em No Limit ($0.02/$0.05) - 2022/08/10 20:40:19 PT [2022/08/10 23:40:19 ET]
Table 'Donati' 6-max Seat #1 is the button
Seat 1: klutzyhorse ($5.22 in chips) 
Seat 2: NitokrisUK ($6.65 in chips) 
Seat 3: DayTraderGRANT ($4.96 in chips) 
Seat 4: teppei647 ($7.17 in chips) 
Seat 5: Andrake11 ($5.16 in chips) 
Seat 6: Dorex2007 ($5.13 in chips) 
NitokrisUK: posts small blind $0.02
DayTraderGRANT: posts big blind $0.05
*** HOLE CARDS ***
Dealt to Dorex2007 [Js 9h]
Dorex2007 is disconnected 
teppei647: folds 
teppei647 is disconnected 
NitokrisUK is disconnected 
Andrake11: raises $0.10 to $0.15
Dorex2007: folds 
klutzyhorse: folds 
NitokrisUK: folds 
klutzyhorse is disconnected 
DayTraderGRANT: calls $0.10
*** FLOP *** [5h Qd 3d]
DayTraderGRANT: checks 
Andrake11: checks 
*** TURN *** [5h Qd 3d] [7d]
DayTraderGRANT: checks 
Andrake11: checks 
*** RIVER *** [5h Qd 3d 7d] [Ah]
DayTraderGRANT: checks 
Andrake11: checks 
*** SHOW DOWN ***
DayTraderGRANT: shows [4d 4c] (a pair of Fours)
Andrake11: mucks hand 
DayTraderGRANT collected $0.31 from pot
*** SUMMARY ***
Total pot $0.32 | Rake $0.01 
Board [5h Qd 3d 7d Ah]
Seat 1: klutzyhorse (button) folded before Flop (didn't bet)
Seat 2: NitokrisUK (small blind) folded before Flop
Seat 3: DayTraderGRANT (big blind) showed [4d 4c] and won ($0.31) with a pair of Fours
Seat 4: teppei647 folded before Flop (didn't bet)
Seat 5: Andrake11 mucked [Jh Kh]
Seat 6: Dorex2007 folded before Flop (didn't bet)



PokerStars Zoom Hand #237918650121:  Hold'em No Limit ($0.02/$0.05) - 2022/08/10 20:40:40 PT [2022/08/10 23:40:40 ET]
Table 'Donati' 6-max Seat #1 is the button
Seat 1: Dorex2007 ($5.18 in chips) 
Seat 2: Rock in Rim ($5.33 in chips) 
Seat 3: willfalcao ($6.52 in chips) 
Seat 4: feitang93 ($5.02 in chips) 
Seat 5: Alexkills91 ($10.79 in chips) 
Seat 6: koenma1114 ($5.48 in chips) 
Rock in Rim: posts small blind $0.02
willfalcao: posts big blind $0.05
*** HOLE CARDS ***
Dealt to Dorex2007 [Qc Jh]
Alexkills91 is disconnected 
Rock in Rim is disconnected 
koenma1114 is disconnected 
feitang93: folds 
Alexkills91: folds 
koenma1114: folds 
feitang93 is disconnected 
Dorex2007: raises $0.15 to $0.20
Rock in Rim: folds 
willfalcao: folds 
Uncalled bet ($0.15) returned to Dorex2007
Dorex2007 collected $0.12 from pot
Dorex2007: doesn't show hand 
willfalcao is disconnected 
*** SUMMARY ***
Total pot $0.12 | Rake $0 
Seat 1: Dorex2007 (button) collected ($0.12)
Seat 2: Rock in Rim (small blind) folded before Flop
Seat 3: willfalcao (big blind) folded before Flop
Seat 4: feitang93 folded before Flop (didn't bet)
Seat 5: Alexkills91 folded before Flop (didn't bet)
Seat 6: koenma1114 folded before Flop (didn't bet)



PokerStars Zoom Hand #237918653308:  Hold'em No Limit ($0.02/$0.05) - 2022/08/10 20:41:02 PT [2022/08/10 23:41:02 ET]
Table 'Donati' 6-max Seat #1 is the button
Seat 1: DayTraderGRANT ($4.95 in chips) 
Seat 2: wing77937 ($3.04 in chips) 
Seat 3: obfbuwug ($5 in chips) 
Seat 4: Alexkills91 ($6.56 in chips) 
Seat 5: Dorex2007 ($5.25 in chips) 
Seat 6: WolverineBiH ($2.50 in chips) 
wing77937: posts small blind $0.02
obfbuwug: posts big blind $0.05
*** HOLE CARDS ***
Dealt to Dorex2007 [2h 5h]
Alexkills91: folds 
Alexkills91 is disconnected 
Dorex2007: folds 
Dorex2007 is disconnected 
WolverineBiH: raises $0.10 to $0.15
DayTraderGRANT: folds 
wing77937: calls $0.13
obfbuwug: raises $0.45 to $0.60
WolverineBiH: folds 
WolverineBiH is disconnected 
wing77937: raises $2.44 to $3.04 and is all-in
obfbuwug: calls $2.44
*** FLOP *** [Qd 9d 4s]
*** TURN *** [Qd 9d 4s] [7c]
*** RIVER *** [Qd 9d 4s 7c] [2s]
*** SHOW DOWN ***
wing77937: shows [8d 7d] (a pair of Sevens)
obfbuwug: shows [Ts Th] (a pair of Tens)
obfbuwug collected $5.97 from pot
*** SUMMARY ***
Total pot $6.23 | Rake $0.26 
Board [Qd 9d 4s 7c 2s]
Seat 1: DayTraderGRANT (button) folded before Flop (didn't bet)
Seat 2: wing77937 (small blind) showed [8d 7d] and lost with a pair of Sevens
Seat 3: obfbuwug (big blind) showed [Ts Th] and won ($5.97) with a pair of Tens
Seat 4: Alexkills91 folded before Flop (didn't bet)
Seat 5: Dorex2007 folded before Flop (didn't bet)
Seat 6: WolverineBiH folded before Flop



PokerStars Zoom Hand #237918654164:  Hold'em No Limit ($0.02/$0.05) - 2022/08/10 20:41:08 PT [2022/08/10 23:41:08 ET]
Table 'Donati' 6-max Seat #1 is the button
Seat 1: Knight1224 ($6.32 in chips) 
Seat 2: Dorex2007 ($5.25 in chips) 
Seat 3: Mr.Poker*Ak47 ($6.28 in chips) 
Seat 4: creampan ($5.52 in chips) 
Seat 5: norfiol ($6 in chips) 
Seat 6: iko0201 ($5 in chips) 
Dorex2007: posts small blind $0.02
Mr.Poker*Ak47: posts big blind $0.05
*** HOLE CARDS ***
Dealt to Dorex2007 [3c 8s]
creampan: folds 
creampan is disconnected 
iko0201 is disconnected 
norfiol: raises $0.06 to $0.11
iko0201: folds 
Knight1224: calls $0.11
Dorex2007: folds 
Dorex2007 is disconnected 
Mr.Poker*Ak47: calls $0.06
*** FLOP *** [7s 7c Ts]
Mr.Poker*Ak47: bets $0.11
norfiol: folds 
norfiol is disconnected 
Knight1224: folds 
Uncalled bet ($0.11) returned to Mr.Poker*Ak47
Mr.Poker*Ak47 collected $0.34 from pot
Mr.Poker*Ak47: doesn't show hand 
Knight1224 is disconnected 
*** SUMMARY ***
Total pot $0.35 | Rake $0.01 
Board [7s 7c Ts]
Seat 1: Knight1224 (button) folded on the Flop
Seat 2: Dorex2007 (small blind) folded before Flop
Seat 3: Mr.Poker*Ak47 (big blind) collected ($0.34)
Seat 4: creampan folded before Flop (didn't bet)
Seat 5: norfiol folded on the Flop
Seat 6: iko0201 folded before Flop (didn't bet)



PokerStars Zoom Hand #237918662314:  Hold'em No Limit ($0.02/$0.05) - 2022/08/10 20:41:24 PT [2022/08/10 23:41:24 ET]
Table 'Donati' 6-max Seat #1 is the button
Seat 1: romerito2 ($4.99 in chips) 
Seat 2: AamiUa ($10.24 in chips) 
Seat 3: Dorex2007 ($5.23 in chips) 
Seat 4: willfalcao ($6.69 in chips) 
Seat 5: Profesor_Rev ($5.23 in chips) 
Seat 6: zequi1998 ($27.20 in chips) 
AamiUa: posts small blind $0.02
Dorex2007: posts big blind $0.05
*** HOLE CARDS ***
Dealt to Dorex2007 [Th Jd]
romerito2 is disconnected 
AamiUa is disconnected 
willfalcao has timed out
willfalcao: folds 
willfalcao is disconnected 
Profesor_Rev: folds 
Profesor_Rev is disconnected 
zequi1998: raises $0.07 to $0.12
romerito2: folds 
AamiUa: folds 
Dorex2007: calls $0.07
*** FLOP *** [Kh 2h 2s]
Dorex2007: checks 
zequi1998: bets $0.14
Dorex2007: folds 
Uncalled bet ($0.14) returned to zequi1998
zequi1998 collected $0.25 from pot
zequi1998: doesn't show hand 
Dorex2007 is disconnected 
*** SUMMARY ***
Total pot $0.26 | Rake $0.01 
Board [Kh 2h 2s]
Seat 1: romerito2 (button) folded before Flop (didn't bet)
Seat 2: AamiUa (small blind) folded before Flop
Seat 3: Dorex2007 (big blind) folded on the Flop
Seat 4: willfalcao folded before Flop (didn't bet)
Seat 5: Profesor_Rev folded before Flop (didn't bet)
Seat 6: zequi1998 collected ($0.25)



PokerStars Zoom Hand #237918661441:  Hold'em No Limit ($0.02/$0.05) - 2022/08/10 20:41:19 PT [2022/08/10 23:41:19 ET]
Table 'Donati' 6-max Seat #1 is the button
Seat 1: teppei647 ($7.08 in chips) 
Seat 2: RenzoMalone ($5 in chips) 
Seat 3: willfalcao ($7.99 in chips) 
Seat 4: Dorex2007 ($5.23 in chips) 
Seat 5: magyarsatya ($15.67 in chips) 
Seat 6: lanwei-fish ($6.96 in chips) 
RenzoMalone: posts small blind $0.02
willfalcao: posts big blind $0.05
*** HOLE CARDS ***
Dealt to Dorex2007 [7d 9h]
lanwei-fish is disconnected 
teppei647 is disconnected 
Dorex2007: folds 
Dorex2007 is disconnected 
magyarsatya: raises $0.05 to $0.10
lanwei-fish: folds 
teppei647: folds 
RenzoMalone: calls $0.08
willfalcao: folds 
*** FLOP *** [2c Jd 7s]
willfalcao is disconnected 
RenzoMalone: checks 
magyarsatya: bets $0.24
RenzoMalone: calls $0.24
*** TURN *** [2c Jd 7s] [6h]
RenzoMalone: checks 
magyarsatya: bets $0.70
RenzoMalone: calls $0.70
*** RIVER *** [2c Jd 7s 6h] [Jc]
RenzoMalone: checks 
magyarsatya: bets $0.05
RenzoMalone: raises $1.47 to $1.52
magyarsatya: calls $1.47
*** SHOW DOWN ***
RenzoMalone: shows [Tc 9c] (a pair of Jacks)
magyarsatya: shows [Ks Kh] (two pair, Kings and Jacks)
magyarsatya collected $4.96 from pot
*** SUMMARY ***
Total pot $5.17 | Rake $0.21 
Board [2c Jd 7s 6h Jc]
Seat 1: teppei647 (button) folded before Flop (didn't bet)
Seat 2: RenzoMalone (small blind) showed [Tc 9c] and lost with a pair of Jacks
Seat 3: willfalcao (big blind) folded before Flop
Seat 4: Dorex2007 folded before Flop (didn't bet)
Seat 5: magyarsatya showed [Ks Kh] and won ($4.96) with two pair, Kings and Jacks
Seat 6: lanwei-fish folded before Flop (didn't bet)



PokerStars Zoom Hand #237918667694:  Hold'em No Limit ($0.02/$0.05) - 2022/08/10 20:42:02 PT [2022/08/10 23:42:02 ET]
Table 'Donati' 6-max Seat #1 is the button
Seat 1: SoulblessL1fe ($5 in chips) 
Seat 2: koenma1114 ($5.41 in chips) 
Seat 3: albanec_nah ($2.50 in chips) 
Seat 4: Mr.Poker*Ak47 ($6.49 in chips) 
Seat 5: Dorex2007 ($5.11 in chips) 
Seat 6: tiger4l ($5.42 in chips) 
koenma1114: posts small blind $0.02
albanec_nah: posts big blind $0.05
*** HOLE CARDS ***
Dealt to Dorex2007 [8d 6d]
Dorex2007 is disconnected 
Mr.Poker*Ak47: folds 
Dorex2007: folds 
Mr.Poker*Ak47 is disconnected 
SoulblessL1fe is disconnected 
tiger4l: raises $0.06 to $0.11
SoulblessL1fe: folds 
koenma1114: folds 
albanec_nah: folds 
Uncalled bet ($0.06) returned to tiger4l
koenma1114 is disconnected 
tiger4l collected $0.12 from pot
tiger4l: doesn't show hand 
albanec_nah is disconnected 
*** SUMMARY ***
Total pot $0.12 | Rake $0 
Seat 1: SoulblessL1fe (button) folded before Flop (didn't bet)
Seat 2: koenma1114 (small blind) folded before Flop
Seat 3: albanec_nah (big blind) folded before Flop
Seat 4: Mr.Poker*Ak47 folded before Flop (didn't bet)
Seat 5: Dorex2007 folded before Flop (didn't bet)
Seat 6: tiger4l collected ($0.12)



PokerStars Zoom Hand #237918668425:  Hold'em No Limit ($0.02/$0.05) - 2022/08/10 20:42:07 PT [2022/08/10 23:42:07 ET]
Table 'Donati' 6-max Seat #1 is the button
Seat 1: Dorex2007 ($5.11 in chips) 
Seat 2: Profesor_Rev ($5.28 in chips) 
Seat 3: Axel Logan ($5 in chips) 
Seat 4: 1Sokaku ($9.03 in chips) 
Seat 5: creampan ($5.02 in chips) 
Seat 6: leproso3843 ($5.17 in chips) 
Profesor_Rev: posts small blind $0.02
Axel Logan: posts big blind $0.05
*** HOLE CARDS ***
Dealt to Dorex2007 [Qd 9d]
1Sokaku: folds 
1Sokaku is disconnected 
creampan: folds 
creampan is disconnected 
leproso3843: folds 
leproso3843 is disconnected 
Dorex2007: raises $0.15 to $0.20
Axel Logan is disconnected 
Profesor_Rev: folds 
Axel Logan: folds 
Uncalled bet ($0.15) returned to Dorex2007
Profesor_Rev is disconnected 
Dorex2007 collected $0.12 from pot
Dorex2007: doesn't show hand 
*** SUMMARY ***
Total pot $0.12 | Rake $0 
Seat 1: Dorex2007 (button) collected ($0.12)
Seat 2: Profesor_Rev (small blind) folded before Flop
Seat 3: Axel Logan (big blind) folded before Flop
Seat 4: 1Sokaku folded before Flop (didn't bet)
Seat 5: creampan folded before Flop (didn't bet)
Seat 6: leproso3843 folded before Flop (didn't bet)



PokerStars Zoom Hand #237918671608:  Hold'em No Limit ($0.02/$0.05) - 2022/08/10 20:42:29 PT [2022/08/10 23:42:29 ET]
Table 'Donati' 6-max Seat #1 is the button
Seat 1: syuzu08 ($6.36 in chips) 
Seat 2: RomiSex ($17.11 in chips) 
Seat 3: Dorex2007 ($5.18 in chips) 
Seat 4: romerito2 ($4.92 in chips) 
Seat 5: SoulblessL1fe ($7.36 in chips) 
Seat 6: leproso3843 ($5.13 in chips) 
RomiSex: posts small blind $0.02
Dorex2007: posts big blind $0.05
*** HOLE CARDS ***
Dealt to Dorex2007 [Td Kc]
SoulblessL1fe is disconnected 
romerito2: folds 
SoulblessL1fe: folds 
romerito2 is disconnected 
leproso3843: folds 
leproso3843 is disconnected 
syuzu08: folds 
syuzu08 is disconnected 
RomiSex: folds 
Uncalled bet ($0.03) returned to Dorex2007
Dorex2007 collected $0.04 from pot
Dorex2007: doesn't show hand 
RomiSex is disconnected 
*** SUMMARY ***
Total pot $0.04 | Rake $0 
Seat 1: syuzu08 (button) folded before Flop (didn't bet)
Seat 2: RomiSex (small blind) folded before Flop
Seat 3: Dorex2007 (big blind) collected ($0.04)
Seat 4: romerito2 folded before Flop (didn't bet)
Seat 5: SoulblessL1fe folded before Flop (didn't bet)
Seat 6: leproso3843 folded before Flop (didn't bet)



PokerStars Zoom Hand #237918666958:  Hold'em No Limit ($0.02/$0.05) - 2022/08/10 20:41:57 PT [2022/08/10 23:41:57 ET]
Table 'Donati' 6-max Seat #1 is the button
Seat 1: mayajoako ($2.36 in chips) 
Seat 2: DayTraderGRANT ($5.02 in chips) 
Seat 3: anes.v. ($5.49 in chips) 
Seat 4: lanwei-fish ($5 in chips) 
Seat 5: Andrake11 ($5.12 in chips) 
Seat 6: Dorex2007 ($5.11 in chips) 
DayTraderGRANT: posts small blind $0.02
anes.v.: posts big blind $0.05
*** HOLE CARDS ***
Dealt to Dorex2007 [9h 4c]
Dorex2007 is disconnected 
mayajoako is disconnected 
lanwei-fish: folds 
lanwei-fish is disconnected 
Andrake11: folds 
Dorex2007: folds 
mayajoako: folds 
DayTraderGRANT: calls $0.03
anes.v.: checks 
*** FLOP *** [4h Qh 6s]
DayTraderGRANT: checks 
anes.v.: checks 
*** TURN *** [4h Qh 6s] [Ts]
DayTraderGRANT: checks 
anes.v.: checks 
*** RIVER *** [4h Qh 6s Ts] [8h]
DayTraderGRANT: checks 
anes.v.: bets $0.08
DayTraderGRANT: folds 
Uncalled bet ($0.08) returned to anes.v.
anes.v. collected $0.10 from pot
anes.v.: doesn't show hand 
*** SUMMARY ***
Total pot $0.10 | Rake $0 
Board [4h Qh 6s Ts 8h]
Seat 1: mayajoako (button) folded before Flop (didn't bet)
Seat 2: DayTraderGRANT (small blind) folded on the River
Seat 3: anes.v. (big blind) collected ($0.10)
Seat 4: lanwei-fish folded before Flop (didn't bet)
Seat 5: Andrake11 folded before Flop (didn't bet)
Seat 6: Dorex2007 folded before Flop (didn't bet)



PokerStars Zoom Hand #237918674210:  Hold'em No Limit ($0.02/$0.05) - 2022/08/10 20:42:47 PT [2022/08/10 23:42:47 ET]
Table 'Donati' 6-max Seat #1 is the button
Seat 1: RomiSex ($17.09 in chips) 
Seat 2: Dorex2007 ($5.20 in chips) 
Seat 3: Profesor_Rev ($6.11 in chips) 
Seat 4: syuzu08 ($5.93 in chips) 
Seat 5: peter0091 ($2.89 in chips) 
Seat 6: Yoshix2 ($2.98 in chips) 
Dorex2007: posts small blind $0.02
Profesor_Rev: posts big blind $0.05
*** HOLE CARDS ***
Dealt to Dorex2007 [Qh 9c]
syuzu08: folds 
Yoshix2 is disconnected 
syuzu08 is disconnected 
peter0091: folds 
Yoshix2: folds 
peter0091 is disconnected 
RomiSex: raises $0.07 to $0.12
Dorex2007: folds 
Dorex2007 is disconnected 
Profesor_Rev: folds 
Uncalled bet ($0.07) returned to RomiSex
RomiSex collected $0.12 from pot
RomiSex: doesn't show hand 
Profesor_Rev is disconnected 
*** SUMMARY ***
Total pot $0.12 | Rake $0 
Seat 1: RomiSex (button) collected ($0.12)
Seat 2: Dorex2007 (small blind) folded before Flop
Seat 3: Profesor_Rev (big blind) folded before Flop
Seat 4: syuzu08 folded before Flop (didn't bet)
Seat 5: peter0091 folded before Flop (didn't bet)
Seat 6: Yoshix2 folded before Flop (didn't bet)



PokerStars Zoom Hand #237918676047:  Hold'em No Limit ($0.02/$0.05) - 2022/08/10 20:43:00 PT [2022/08/10 23:43:00 ET]
Table 'Donati' 6-max Seat #1 is the button
Seat 1: leguicj ($5 in chips) 
Seat 2: KUZU865 ($5.22 in chips) 
Seat 3: Alexkills91 ($12.09 in chips) 
Seat 4: NitokrisUK ($5.12 in chips) 
Seat 5: verrocchio82 ($8.18 in chips) 
Seat 6: Dorex2007 ($5.18 in chips) 
KUZU865: posts small blind $0.02
Alexkills91: posts big blind $0.05
*** HOLE CARDS ***
Dealt to Dorex2007 [3d 4c]
NitokrisUK: raises $0.05 to $0.10
Alexkills91 is disconnected 
Dorex2007 is disconnected 
KUZU865 is disconnected 
verrocchio82: folds 
Dorex2007: folds 
verrocchio82 is disconnected 
leguicj: folds 
KUZU865: folds 
Alexkills91: folds 
Uncalled bet ($0.05) returned to NitokrisUK
leguicj is disconnected 
NitokrisUK collected $0.12 from pot
NitokrisUK: doesn't show hand 
*** SUMMARY ***
Total pot $0.12 | Rake $0 
Seat 1: leguicj (button) folded before Flop (didn't bet)
Seat 2: KUZU865 (small blind) folded before Flop
Seat 3: Alexkills91 (big blind) folded before Flop
Seat 4: NitokrisUK collected ($0.12)
Seat 5: verrocchio82 folded before Flop (didn't bet)
Seat 6: Dorex2007 folded before Flop (didn't bet)



PokerStars Zoom Hand #237918676793:  Hold'em No Limit ($0.02/$0.05) - 2022/08/10 20:43:05 PT [2022/08/10 23:43:05 ET]
Table 'Donati' 6-max Seat #1 is the button
Seat 1: creampan ($5.04 in chips) 
Seat 2: teppei647 ($7.17 in chips) 
Seat 3: KUZU865 ($5.20 in chips) 
Seat 4: AymaneBO ($5 in chips) 
Seat 5: Dorex2007 ($5.18 in chips) 
Seat 6: Ki55 ma Ace ($8.44 in chips) 
teppei647: posts small blind $0.02
KUZU865: posts big blind $0.05
*** HOLE CARDS ***
Dealt to Dorex2007 [Ts Qc]
Ki55 ma Ace is disconnected 
teppei647 is disconnected 
AymaneBO: folds 
AymaneBO is disconnected 
creampan is disconnected 
Dorex2007: raises $0.10 to $0.15
Ki55 ma Ace: folds 
creampan: folds 
teppei647: folds 
KUZU865: folds 
Uncalled bet ($0.10) returned to Dorex2007
Dorex2007 collected $0.12 from pot
Dorex2007: doesn't show hand 
KUZU865 is disconnected 
*** SUMMARY ***
Total pot $0.12 | Rake $0 
Seat 1: creampan (button) folded before Flop (didn't bet)
Seat 2: teppei647 (small blind) folded before Flop
Seat 3: KUZU865 (big blind) folded before Flop
Seat 4: AymaneBO folded before Flop (didn't bet)
Seat 5: Dorex2007 collected ($0.12)
Seat 6: Ki55 ma Ace folded before Flop (didn't bet)



PokerStars Zoom Hand #237918678942:  Hold'em No Limit ($0.02/$0.05) - 2022/08/10 20:43:20 PT [2022/08/10 23:43:20 ET]
Table 'Donati' 6-max Seat #1 is the button
Seat 1: klutzyhorse ($1.22 in chips) 
Seat 2: feitang93 ($6.40 in chips) 
Seat 3: leguicj ($5 in chips) 
Seat 4: Dorex2007 ($5.25 in chips) 
Seat 5: KUZU865 ($5.15 in chips) 
Seat 6: EmaAbajo ($5.18 in chips) 
feitang93: posts small blind $0.02
leguicj: posts big blind $0.05
*** HOLE CARDS ***
Dealt to Dorex2007 [6d 6h]
KUZU865 is disconnected 
EmaAbajo is disconnected 
Dorex2007: raises $0.10 to $0.15
KUZU865: folds 
EmaAbajo: folds 
klutzyhorse: calls $0.15
feitang93: folds 
feitang93 is disconnected 
leguicj: folds 
*** FLOP *** [Qh Qs 4s]
leguicj is disconnected 
Dorex2007: bets $0.35
klutzyhorse: raises $0.72 to $1.07 and is all-in
Dorex2007: calls $0.72
*** TURN *** [Qh Qs 4s] [2h]
*** RIVER *** [Qh Qs 4s 2h] [Kc]
*** SHOW DOWN ***
Dorex2007: shows [6d 6h] (two pair, Queens and Sixes)
klutzyhorse: shows [5d 4d] (two pair, Queens and Fours)
Dorex2007 cashed out the hand for $2.20 | Cash Out Fee $0.02
*** SUMMARY ***
Total pot $2.51 | Rake $0.10 
Board [Qh Qs 4s 2h Kc]
Seat 1: klutzyhorse (button) showed [5d 4d] and lost with two pair, Queens and Fours
Seat 2: feitang93 (small blind) folded before Flop
Seat 3: leguicj (big blind) folded before Flop
Seat 4: Dorex2007 showed [6d 6h] and won ($2.41) with two pair, Queens and Sixes (pot not awarded as player cashed out)
Seat 5: KUZU865 folded before Flop (didn't bet)
Seat 6: EmaAbajo folded before Flop (didn't bet)



PokerStars Zoom Hand #237918683461:  Hold'em No Limit ($0.02/$0.05) - 2022/08/10 20:43:52 PT [2022/08/10 23:43:52 ET]
Table 'Donati' 6-max Seat #1 is the button
Seat 1: Dorex2007 ($6.23 in chips) 
Seat 2: zilliqan ($9.18 in chips) 
Seat 3: Rock in Rim ($7.13 in chips) 
Seat 4: leguicj ($5 in chips) 
Seat 5: EmaAbajo ($5 in chips) 
Seat 6: lanwei-fish ($5 in chips) 
zilliqan: posts small blind $0.02
Rock in Rim: posts big blind $0.05
*** HOLE CARDS ***
Dealt to Dorex2007 [2s 4d]
leguicj: folds 
leguicj is disconnected 
Dorex2007 is disconnected 
EmaAbajo: folds 
EmaAbajo is disconnected 
lanwei-fish: folds 
Dorex2007: folds 
lanwei-fish is disconnected 
zilliqan: folds 
Uncalled bet ($0.03) returned to Rock in Rim
Rock in Rim collected $0.04 from pot
Rock in Rim: doesn't show hand 
zilliqan is disconnected 
*** SUMMARY ***
Total pot $0.04 | Rake $0 
Seat 1: Dorex2007 (button) folded before Flop (didn't bet)
Seat 2: zilliqan (small blind) folded before Flop
Seat 3: Rock in Rim (big blind) collected ($0.04)
Seat 4: leguicj folded before Flop (didn't bet)
Seat 5: EmaAbajo folded before Flop (didn't bet)
Seat 6: lanwei-fish folded before Flop (didn't bet)



PokerStars Zoom Hand #237918684352:  Hold'em No Limit ($0.02/$0.05) - 2022/08/10 20:43:58 PT [2022/08/10 23:43:58 ET]
Table 'Donati' 6-max Seat #1 is the button
Seat 1: Andrake11 ($5.41 in chips) 
Seat 2: AamiUa ($10.58 in chips) 
Seat 3: roquelinn ($8.75 in chips) 
Seat 4: Dorex2007 ($6.23 in chips) 
Seat 5: Knight1224 ($6.06 in chips) 
Seat 6: zequi1998 ($12.53 in chips) 
AamiUa: posts small blind $0.02
roquelinn: posts big blind $0.05
*** HOLE CARDS ***
Dealt to Dorex2007 [8s Kc]
AamiUa is disconnected 
Knight1224 is disconnected 
Dorex2007: folds 
Knight1224: folds 
Dorex2007 is disconnected 
zequi1998: folds 
Andrake11: folds 
AamiUa: folds 
Uncalled bet ($0.03) returned to roquelinn
zequi1998 is disconnected 
roquelinn collected $0.04 from pot
roquelinn: doesn't show hand 
*** SUMMARY ***
Total pot $0.04 | Rake $0 
Seat 1: Andrake11 (button) folded before Flop (didn't bet)
Seat 2: AamiUa (small blind) folded before Flop
Seat 3: roquelinn (big blind) collected ($0.04)
Seat 4: Dorex2007 folded before Flop (didn't bet)
Seat 5: Knight1224 folded before Flop (didn't bet)
Seat 6: zequi1998 folded before Flop (didn't bet)



PokerStars Zoom Hand #237918685044:  Hold'em No Limit ($0.02/$0.05) - 2022/08/10 20:44:03 PT [2022/08/10 23:44:03 ET]
Table 'Donati' 6-max Seat #1 is the button
Seat 1: Glaucou ($11.87 in chips) 
Seat 2: EmaAbajo ($5.13 in chips) 
Seat 3: Profesor_Rev ($5.75 in chips) 
Seat 4: Dorex2007 ($6.23 in chips) 
Seat 5: feitang93 ($5.58 in chips) 
Seat 6: GarsGole ($5.23 in chips) 
EmaAbajo: posts small blind $0.02
Profesor_Rev: posts big blind $0.05
*** HOLE CARDS ***
Dealt to Dorex2007 [9d Tc]
GarsGole is disconnected 
Dorex2007: folds 
Dorex2007 is disconnected 
EmaAbajo is disconnected 
feitang93: folds 
GarsGole: folds 
feitang93 is disconnected 
Glaucou: raises $0.08 to $0.13
EmaAbajo: folds 
Profesor_Rev: folds 
Uncalled bet ($0.08) returned to Glaucou
Glaucou collected $0.12 from pot
Glaucou: doesn't show hand 
Profesor_Rev is disconnected 
*** SUMMARY ***
Total pot $0.12 | Rake $0 
Seat 1: Glaucou (button) collected ($0.12)
Seat 2: EmaAbajo (small blind) folded before Flop
Seat 3: Profesor_Rev (big blind) folded before Flop
Seat 4: Dorex2007 folded before Flop (didn't bet)
Seat 5: feitang93 folded before Flop (didn't bet)
Seat 6: GarsGole folded before Flop (didn't bet)



PokerStars Zoom Hand #237918686023:  Hold'em No Limit ($0.02/$0.05) - 2022/08/10 20:44:10 PT [2022/08/10 23:44:10 ET]
Table 'Donati' 6-max Seat #1 is the button
Seat 1: GarsGole ($5.23 in chips) 
Seat 2: syuzu08 ($5.93 in chips) 
Seat 3: Dorex2007 ($6.23 in chips) 
Seat 4: zilliqan ($5.18 in chips) 
Seat 5: norfiol ($6.19 in chips) 
Seat 6: verrocchio82 ($8.47 in chips) 
syuzu08: posts small blind $0.02
Dorex2007: posts big blind $0.05
*** HOLE CARDS ***
Dealt to Dorex2007 [8c 5d]
zilliqan: folds 
zilliqan is disconnected 
norfiol: folds 
norfiol is disconnected 
verrocchio82: raises $0.10 to $0.15
GarsGole: calls $0.15
syuzu08: folds 
syuzu08 is disconnected 
Dorex2007: folds 
*** FLOP *** [9s 3d 2h]
Dorex2007 is disconnected 
verrocchio82: checks 
GarsGole: checks 
*** TURN *** [9s 3d 2h] [Jd]
verrocchio82: bets $0.22
GarsGole: folds 
Uncalled bet ($0.22) returned to verrocchio82
verrocchio82 collected $0.35 from pot
verrocchio82: doesn't show hand 
GarsGole is disconnected 
*** SUMMARY ***
Total pot $0.37 | Rake $0.02 
Board [9s 3d 2h Jd]
Seat 1: GarsGole (button) folded on the Turn
Seat 2: syuzu08 (small blind) folded before Flop
Seat 3: Dorex2007 (big blind) folded before Flop
Seat 4: zilliqan folded before Flop (didn't bet)
Seat 5: norfiol folded before Flop (didn't bet)
Seat 6: verrocchio82 collected ($0.35)



PokerStars Zoom Hand #237918688989:  Hold'em No Limit ($0.02/$0.05) - 2022/08/10 20:44:31 PT [2022/08/10 23:44:31 ET]
Table 'Donati' 6-max Seat #1 is the button
Seat 1: lanwei-fish ($8.46 in chips) 
Seat 2: norfiol ($5.59 in chips) 
Seat 3: iko0201 ($5.10 in chips) 
Seat 4: Merle6969 ($3.04 in chips) 
Seat 5: AymaneBO ($5.10 in chips) 
Seat 6: Dorex2007 ($6.16 in chips) 
norfiol: posts small blind $0.02
iko0201: posts big blind $0.05
*** HOLE CARDS ***
Dealt to Dorex2007 [6h Ks]
Dorex2007 is disconnected 
Merle6969: folds 
Merle6969 is disconnected 
AymaneBO: raises $0.07 to $0.12
Dorex2007: folds 
iko0201 is disconnected 
lanwei-fish: folds 
lanwei-fish is disconnected 
norfiol: raises $0.40 to $0.52
iko0201: folds 
AymaneBO: folds 
Uncalled bet ($0.40) returned to norfiol
norfiol collected $0.29 from pot
norfiol: doesn't show hand 
AymaneBO is disconnected 
*** SUMMARY ***
Total pot $0.29 | Rake $0 
Seat 1: lanwei-fish (button) folded before Flop (didn't bet)
Seat 2: norfiol (small blind) collected ($0.29)
Seat 3: iko0201 (big blind) folded before Flop
Seat 4: Merle6969 folded before Flop (didn't bet)
Seat 5: AymaneBO folded before Flop
Seat 6: Dorex2007 folded before Flop (didn't bet)



PokerStars Zoom Hand #237918687986:  Hold'em No Limit ($0.02/$0.05) - 2022/08/10 20:44:24 PT [2022/08/10 23:44:24 ET]
Table 'Donati' 6-max Seat #1 is the button
Seat 1: creampan ($6.45 in chips) 
Seat 2: Dorex2007 ($6.18 in chips) 
Seat 3: leproso3843 ($5.07 in chips) 
Seat 4: Ki55 ma Ace ($8.37 in chips) 
Seat 5: RenzoMalone ($5 in chips) 
Seat 6: No.703 ($5.39 in chips) 
Dorex2007: posts small blind $0.02
leproso3843: posts big blind $0.05
*** HOLE CARDS ***
Dealt to Dorex2007 [7d Qh]
Ki55 ma Ace: folds 
Ki55 ma Ace is disconnected 
RenzoMalone: raises $0.05 to $0.10
No.703: folds 
Dorex2007 is disconnected 
No.703 is disconnected 
leproso3843 is disconnected 
creampan: raises $0.34 to $0.44
Dorex2007: folds 
leproso3843: folds 
RenzoMalone: calls $0.34
*** FLOP *** [Kh 3h Kd]
RenzoMalone: checks 
creampan: bets $0.49
RenzoMalone: calls $0.49
*** TURN *** [Kh 3h Kd] [5s]
RenzoMalone: checks 
creampan: checks 
*** RIVER *** [Kh 3h Kd 5s] [As]
RenzoMalone: bets $1.85
creampan: folds 
Uncalled bet ($1.85) returned to RenzoMalone
RenzoMalone collected $1.85 from pot
RenzoMalone: doesn't show hand 
creampan is disconnected 
*** SUMMARY ***
Total pot $1.93 | Rake $0.08 
Board [Kh 3h Kd 5s As]
Seat 1: creampan (button) folded on the River
Seat 2: Dorex2007 (small blind) folded before Flop
Seat 3: leproso3843 (big blind) folded before Flop
Seat 4: Ki55 ma Ace folded before Flop (didn't bet)
Seat 5: RenzoMalone collected ($1.85)
Seat 6: No.703 folded before Flop (didn't bet)



PokerStars Zoom Hand #237918689962:  Hold'em No Limit ($0.02/$0.05) - 2022/08/10 20:44:38 PT [2022/08/10 23:44:38 ET]
Table 'Donati' 6-max Seat #1 is the button
Seat 1: Dorex2007 ($6.16 in chips) 
Seat 2: Alexkills91 ($6.53 in chips) 
Seat 3: leguicj ($5 in chips) 
Seat 4: vo2max ($5.43 in chips) 
Seat 5: lobo014 ($2.88 in chips) 
Seat 6: gligutz95 ($4.75 in chips) 
Alexkills91: posts small blind $0.02
leguicj: posts big blind $0.05
*** HOLE CARDS ***
Dealt to Dorex2007 [Ts Kc]
gligutz95 is disconnected 
vo2max: folds 
vo2max is disconnected 
lobo014: raises $0.05 to $0.10
gligutz95: folds 
leguicj is disconnected 
Dorex2007: calls $0.10
Alexkills91: folds 
leguicj: folds 
*** FLOP *** [9c 4s 5s]
Alexkills91 is disconnected 
lobo014: bets $0.26
Dorex2007: calls $0.26
*** TURN *** [9c 4s 5s] [Ad]
lobo014: checks 
Dorex2007: bets $0.51
lobo014: folds 
Uncalled bet ($0.51) returned to Dorex2007
Dorex2007 collected $0.76 from pot
Dorex2007: doesn't show hand 
lobo014 is disconnected 
*** SUMMARY ***
Total pot $0.79 | Rake $0.03 
Board [9c 4s 5s Ad]
Seat 1: Dorex2007 (button) collected ($0.76)
Seat 2: Alexkills91 (small blind) folded before Flop
Seat 3: leguicj (big blind) folded before Flop
Seat 4: vo2max folded before Flop (didn't bet)
Seat 5: lobo014 folded on the Turn
Seat 6: gligutz95 folded before Flop (didn't bet)



PokerStars Zoom Hand #237918701263:  Hold'em No Limit ($0.02/$0.05) - 2022/08/10 20:45:09 PT [2022/08/10 23:45:09 ET]
Table 'Donati' 6-max Seat #1 is the button
Seat 1: 1Sokaku ($14.61 in chips) 
Seat 2: Dorex2007 ($6.56 in chips) 
Seat 3: leguicj ($5.36 in chips) 
Seat 4: iko0201 ($5 in chips) 
Seat 5: zequi1998 ($23.29 in chips) 
Seat 6: Alexkills91 ($23.69 in chips) 
Dorex2007: posts small blind $0.02
leguicj: posts big blind $0.05
*** HOLE CARDS ***
Dealt to Dorex2007 [Qs 8s]
Alexkills91 is disconnected 
iko0201: folds 
iko0201 is disconnected 
zequi1998: folds 
Alexkills91: folds 
zequi1998 is disconnected 
1Sokaku: raises $0.10 to $0.15
Dorex2007: folds 
leguicj: folds 
Uncalled bet ($0.10) returned to 1Sokaku
leguicj is disconnected 
Dorex2007 is disconnected 
1Sokaku collected $0.12 from pot
1Sokaku: doesn't show hand 
*** SUMMARY ***
Total pot $0.12 | Rake $0 
Seat 1: 1Sokaku (button) collected ($0.12)
Seat 2: Dorex2007 (small blind) folded before Flop
Seat 3: leguicj (big blind) folded before Flop
Seat 4: iko0201 folded before Flop (didn't bet)
Seat 5: zequi1998 folded before Flop (didn't bet)
Seat 6: Alexkills91 folded before Flop (didn't bet)



PokerStars Zoom Hand #237918702714:  Hold'em No Limit ($0.02/$0.05) - 2022/08/10 20:45:19 PT [2022/08/10 23:45:19 ET]
Table 'Donati' 6-max Seat #1 is the button
Seat 1: sensu-watson ($5.09 in chips) 
Seat 2: leguicj ($5.31 in chips) 
Seat 3: Dorex2007 ($6.54 in chips) 
Seat 4: WolverineBiH ($1.20 in chips) 
Seat 5: SoulblessL1fe ($7.66 in chips) 
Seat 6: Glaucou ($8.45 in chips) 
leguicj: posts small blind $0.02
Dorex2007: posts big blind $0.05
*** HOLE CARDS ***
Dealt to Dorex2007 [Qs Jd]
WolverineBiH: raises $0.05 to $0.10
sensu-watson is disconnected 
leguicj is disconnected 
SoulblessL1fe: raises $0.26 to $0.36
Dorex2007 is disconnected 
Glaucou: folds 
sensu-watson: folds 
leguicj: folds 
Dorex2007: folds 
Glaucou is disconnected 
WolverineBiH: calls $0.26
*** FLOP *** [Kh Ts 9d]
WolverineBiH: checks 
SoulblessL1fe: bets $0.20
WolverineBiH: calls $0.20
*** TURN *** [Kh Ts 9d] [As]
WolverineBiH: checks 
SoulblessL1fe: bets $0.38
WolverineBiH: folds 
Uncalled bet ($0.38) returned to SoulblessL1fe
SoulblessL1fe collected $1.14 from pot
SoulblessL1fe: doesn't show hand 
WolverineBiH is disconnected 
*** SUMMARY ***
Total pot $1.19 | Rake $0.05 
Board [Kh Ts 9d As]
Seat 1: sensu-watson (button) folded before Flop (didn't bet)
Seat 2: leguicj (small blind) folded before Flop
Seat 3: Dorex2007 (big blind) folded before Flop
Seat 4: WolverineBiH folded on the Turn
Seat 5: SoulblessL1fe collected ($1.14)
Seat 6: Glaucou folded before Flop (didn't bet)



PokerStars Zoom Hand #237918705108:  Hold'em No Limit ($0.02/$0.05) - 2022/08/10 20:45:36 PT [2022/08/10 23:45:36 ET]
Table 'Donati' 6-max Seat #1 is the button
Seat 1: leguicj ($5.29 in chips) 
Seat 2: Alexkills91 ($12.04 in chips) 
Seat 3: tiger4l ($7.42 in chips) 
Seat 4: magyarsatya ($18.16 in chips) 
Seat 5: Dorex2007 ($6.49 in chips) 
Seat 6: dulosnetze ($3.48 in chips) 
Alexkills91: posts small blind $0.02
tiger4l: posts big blind $0.05
*** HOLE CARDS ***
Dealt to Dorex2007 [9d 4c]
magyarsatya: folds 
magyarsatya is disconnected 
Dorex2007: folds 
Dorex2007 is disconnected 
dulosnetze: raises $0.10 to $0.15
leguicj: folds 
leguicj is disconnected 
Alexkills91: raises $0.47 to $0.62
tiger4l: folds 
dulosnetze: folds 
Uncalled bet ($0.47) returned to Alexkills91
Alexkills91 collected $0.35 from pot
Alexkills91: doesn't show hand 
dulosnetze is disconnected 
*** SUMMARY ***
Total pot $0.35 | Rake $0 
Seat 1: leguicj (button) folded before Flop (didn't bet)
Seat 2: Alexkills91 (small blind) collected ($0.35)
Seat 3: tiger4l (big blind) folded before Flop
Seat 4: magyarsatya folded before Flop (didn't bet)
Seat 5: Dorex2007 folded before Flop (didn't bet)
Seat 6: dulosnetze folded before Flop



PokerStars Zoom Hand #237918705831:  Hold'em No Limit ($0.02/$0.05) - 2022/08/10 20:45:41 PT [2022/08/10 23:45:41 ET]
Table 'Donati' 6-max Seat #1 is the button
Seat 1: Dorex2007 ($6.49 in chips) 
Seat 2: gligutz95 ($4.45 in chips) 
Seat 3: sensu-watson ($5.07 in chips) 
Seat 4: tiger4l ($5.37 in chips) 
Seat 5: lanwei-fish ($6.74 in chips) 
Seat 6: Profesor_Rev ($5 in chips) 
gligutz95: posts small blind $0.02
sensu-watson: posts big blind $0.05
*** HOLE CARDS ***
Dealt to Dorex2007 [Ah Jc]
tiger4l: folds 
gligutz95 is disconnected 
lanwei-fish: folds 
lanwei-fish is disconnected 
Profesor_Rev: folds 
Profesor_Rev is disconnected 
Dorex2007: raises $0.15 to $0.20
gligutz95: folds 
sensu-watson: raises $0.60 to $0.80
Dorex2007: folds 
Uncalled bet ($0.60) returned to sensu-watson
sensu-watson collected $0.42 from pot
sensu-watson: doesn't show hand 
Dorex2007 is disconnected 
*** SUMMARY ***
Total pot $0.42 | Rake $0 
Seat 1: Dorex2007 (button) folded before Flop
Seat 2: gligutz95 (small blind) folded before Flop
Seat 3: sensu-watson (big blind) collected ($0.42)
Seat 4: tiger4l folded before Flop (didn't bet)
Seat 5: lanwei-fish folded before Flop (didn't bet)
Seat 6: Profesor_Rev folded before Flop (didn't bet)



PokerStars Zoom Hand #237918704361:  Hold'em No Limit ($0.02/$0.05) - 2022/08/10 20:45:31 PT [2022/08/10 23:45:31 ET]
Table 'Donati' 6-max Seat #1 is the button
Seat 1: No.703 ($6.07 in chips) 
Seat 2: blakis51 ($7.60 in chips) 
Seat 3: Andrake11 ($9.16 in chips) 
Seat 4: Sn3gen ($2.86 in chips) 
Seat 5: Call'EmAll99 ($5 in chips) 
Seat 6: Dorex2007 ($6.49 in chips) 
blakis51: posts small blind $0.02
Andrake11: posts big blind $0.05
*** HOLE CARDS ***
Dealt to Dorex2007 [7d 9c]
Sn3gen: folds 
Dorex2007 is disconnected 
Call'EmAll99: folds 
Dorex2007: folds 
Call'EmAll99 is disconnected 
No.703: folds 
No.703 is disconnected 
blakis51: raises $0.10 to $0.15
Andrake11: folds 
Uncalled bet ($0.10) returned to blakis51
blakis51 collected $0.10 from pot
blakis51: doesn't show hand 
*** SUMMARY ***
Total pot $0.10 | Rake $0 
Seat 1: No.703 (button) folded before Flop (didn't bet)
Seat 2: blakis51 (small blind) collected ($0.10)
Seat 3: Andrake11 (big blind) folded before Flop
Seat 4: Sn3gen folded before Flop (didn't bet)
Seat 5: Call'EmAll99 folded before Flop (didn't bet)
Seat 6: Dorex2007 folded before Flop (didn't bet)



PokerStars Zoom Hand #237918711646:  Hold'em No Limit ($0.02/$0.05) - 2022/08/10 20:46:22 PT [2022/08/10 23:46:22 ET]
Table 'Donati' 6-max Seat #1 is the button
Seat 1: Carmosca ($5.81 in chips) 
Seat 2: albanec_nah ($1.95 in chips) 
Seat 3: AamiUa ($10.39 in chips) 
Seat 4: obfbuwug ($8.58 in chips) 
Seat 5: Dorex2007 ($6.29 in chips) 
Seat 6: XxAA-ALLINxX ($4.19 in chips) 
albanec_nah: posts small blind $0.02
AamiUa: posts big blind $0.05
*** HOLE CARDS ***
Dealt to Dorex2007 [Jc As]
Carmosca is disconnected 
obfbuwug: folds 
albanec_nah is disconnected 
obfbuwug is disconnected 
Dorex2007: raises $0.15 to $0.20
XxAA-ALLINxX: folds 
Carmosca: folds 
albanec_nah: folds 
AamiUa: calls $0.15
*** FLOP *** [4s Kc Js]
AamiUa: checks 
Dorex2007: bets $0.27
AamiUa: calls $0.27
*** TURN *** [4s Kc Js] [Th]
AamiUa: checks 
Dorex2007: bets $0.46
AamiUa: calls $0.46
*** RIVER *** [4s Kc Js Th] [5c]
AamiUa: checks 
Dorex2007: checks 
*** SHOW DOWN ***
AamiUa: shows [Qc Ks] (a pair of Kings)
Dorex2007: mucks hand 
AamiUa collected $1.80 from pot
*** SUMMARY ***
Total pot $1.88 | Rake $0.08 
Board [4s Kc Js Th 5c]
Seat 1: Carmosca (button) folded before Flop (didn't bet)
Seat 2: albanec_nah (small blind) folded before Flop
Seat 3: AamiUa (big blind) showed [Qc Ks] and won ($1.80) with a pair of Kings
Seat 4: obfbuwug folded before Flop (didn't bet)
Seat 5: Dorex2007 mucked [Jc As]
Seat 6: XxAA-ALLINxX folded before Flop (didn't bet)



PokerStars Zoom Hand #237918710633:  Hold'em No Limit ($0.02/$0.05) - 2022/08/10 20:46:15 PT [2022/08/10 23:46:15 ET]
Table 'Donati' 6-max Seat #1 is the button
Seat 1: leguicj ($5 in chips) 
Seat 2: creampan ($5.45 in chips) 
Seat 3: Knight1224 ($5.99 in chips) 
Seat 4: Dorex2007 ($6.29 in chips) 
Seat 5: zequi1998 ($12.51 in chips) 
Seat 6: iko0201 ($5.13 in chips) 
creampan: posts small blind $0.02
Knight1224: posts big blind $0.05
*** HOLE CARDS ***
Dealt to Dorex2007 [2h 9c]
Dorex2007: folds 
Dorex2007 is disconnected 
iko0201 is disconnected 
zequi1998: folds 
iko0201: folds 
zequi1998 is disconnected 
leguicj: folds 
leguicj is disconnected 
creampan: raises $0.10 to $0.15
Knight1224: calls $0.10
*** FLOP *** [5c 7s 8h]
creampan: bets $0.16
Knight1224: folds 
Uncalled bet ($0.16) returned to creampan
creampan collected $0.29 from pot
creampan: doesn't show hand 
Knight1224 is disconnected 
*** SUMMARY ***
Total pot $0.30 | Rake $0.01 
Board [5c 7s 8h]
Seat 1: leguicj (button) folded before Flop (didn't bet)
Seat 2: creampan (small blind) collected ($0.29)
Seat 3: Knight1224 (big blind) folded on the Flop
Seat 4: Dorex2007 folded before Flop (didn't bet)
Seat 5: zequi1998 folded before Flop (didn't bet)
Seat 6: iko0201 folded before Flop (didn't bet)



PokerStars Zoom Hand #237918717536:  Hold'em No Limit ($0.02/$0.05) - 2022/08/10 20:47:03 PT [2022/08/10 23:47:03 ET]
Table 'Donati' 6-max Seat #1 is the button
Seat 1: Rengo8 ($0.52 in chips) 
Seat 2: roquelinn ($8.36 in chips) 
Seat 3: DayTraderGRANT ($5 in chips) 
Seat 4: Mr.Poker*Ak47 ($6.54 in chips) 
Seat 5: koenma1114 ($5.63 in chips) 
Seat 6: Dorex2007 ($5.34 in chips) 
roquelinn: posts small blind $0.02
DayTraderGRANT: posts big blind $0.05
*** HOLE CARDS ***
Dealt to Dorex2007 [6c 3c]
Mr.Poker*Ak47: folds 
Mr.Poker*Ak47 is disconnected 
koenma1114: folds 
Rengo8 is disconnected 
koenma1114 is disconnected 
roquelinn is disconnected 
Dorex2007: folds 
Rengo8: folds 
roquelinn: folds 
Uncalled bet ($0.03) returned to DayTraderGRANT
Dorex2007 is disconnected 
DayTraderGRANT collected $0.04 from pot
DayTraderGRANT: doesn't show hand 
*** SUMMARY ***
Total pot $0.04 | Rake $0 
Seat 1: Rengo8 (button) folded before Flop (didn't bet)
Seat 2: roquelinn (small blind) folded before Flop
Seat 3: DayTraderGRANT (big blind) collected ($0.04)
Seat 4: Mr.Poker*Ak47 folded before Flop (didn't bet)
Seat 5: koenma1114 folded before Flop (didn't bet)
Seat 6: Dorex2007 folded before Flop (didn't bet)



PokerStars Zoom Hand #237918716493:  Hold'em No Limit ($0.02/$0.05) - 2022/08/10 20:46:56 PT [2022/08/10 23:46:56 ET]
Table 'Donati' 6-max Seat #1 is the button
Seat 1: Knight1224 ($5.84 in chips) 
Seat 2: Dorex2007 ($5.36 in chips) 
Seat 3: creampan ($5.59 in chips) 
Seat 4: klutzyhorse ($4.98 in chips) 
Seat 5: Glaucou ($7.66 in chips) 
Seat 6: HUALSTER ($2.49 in chips) 
Dorex2007: posts small blind $0.02
creampan: posts big blind $0.05
*** HOLE CARDS ***
Dealt to Dorex2007 [Qd 4c]
Dorex2007 is disconnected 
klutzyhorse: raises $0.06 to $0.11
creampan is disconnected 
HUALSTER is disconnected 
Glaucou: folds 
HUALSTER: folds 
Glaucou is disconnected 
Knight1224: calls $0.11
Dorex2007: folds 
creampan: folds 
*** FLOP *** [Tc 2s Jd]
klutzyhorse: checks 
Knight1224: bets $0.20
klutzyhorse: folds 
Uncalled bet ($0.20) returned to Knight1224
Knight1224 collected $0.28 from pot
Knight1224: doesn't show hand 
klutzyhorse is disconnected 
*** SUMMARY ***
Total pot $0.29 | Rake $0.01 
Board [Tc 2s Jd]
Seat 1: Knight1224 (button) collected ($0.28)
Seat 2: Dorex2007 (small blind) folded before Flop
Seat 3: creampan (big blind) folded before Flop
Seat 4: klutzyhorse folded on the Flop
Seat 5: Glaucou folded before Flop (didn't bet)
Seat 6: HUALSTER folded before Flop (didn't bet)



PokerStars Zoom Hand #237918720140:  Hold'em No Limit ($0.02/$0.05) - 2022/08/10 20:47:21 PT [2022/08/10 23:47:21 ET]
Table 'Donati' 6-max Seat #1 is the button
Seat 1: RomiSex ($8.49 in chips) 
Seat 2: Rock in Rim ($6.69 in chips) 
Seat 3: Dorex2007 ($5.34 in chips) 
Seat 4: creampan ($5.04 in chips) 
Seat 5: EmaAbajo ($5.13 in chips) 
Seat 6: romerito2 ($4.59 in chips) 
Rock in Rim: posts small blind $0.02
Dorex2007: posts big blind $0.05
*** HOLE CARDS ***
Dealt to Dorex2007 [8c Ah]
romerito2 is disconnected 
EmaAbajo is disconnected 
creampan: folds 
EmaAbajo: folds 
romerito2: folds 
RomiSex: folds 
RomiSex is disconnected 
creampan is disconnected 
Rock in Rim: calls $0.03
Dorex2007: checks 
*** FLOP *** [5c 6d Th]
Rock in Rim: checks 
Dorex2007: checks 
*** TURN *** [5c 6d Th] [Jc]
Rock in Rim: checks 
Dorex2007: checks 
*** RIVER *** [5c 6d Th Jc] [Ks]
Rock in Rim: bets $0.10
Dorex2007: folds 
Uncalled bet ($0.10) returned to Rock in Rim
Rock in Rim collected $0.10 from pot
Rock in Rim: doesn't show hand 
Dorex2007 is disconnected 
*** SUMMARY ***
Total pot $0.10 | Rake $0 
Board [5c 6d Th Jc Ks]
Seat 1: RomiSex (button) folded before Flop (didn't bet)
Seat 2: Rock in Rim (small blind) collected ($0.10)
Seat 3: Dorex2007 (big blind) folded on the River
Seat 4: creampan folded before Flop (didn't bet)
Seat 5: EmaAbajo folded before Flop (didn't bet)
Seat 6: romerito2 folded before Flop (didn't bet)



PokerStars Zoom Hand #237918719285:  Hold'em No Limit ($0.02/$0.05) - 2022/08/10 20:47:15 PT [2022/08/10 23:47:15 ET]
Table 'Donati' 6-max Seat #1 is the button
Seat 1: Jawd0g ($3.95 in chips) 
Seat 2: AamiUa ($11.26 in chips) 
Seat 3: roquelinn ($10.15 in chips) 
Seat 4: Dorex2007 ($5.34 in chips) 
Seat 5: Laycabudkiss ($4.59 in chips) 
Seat 6: HUALSTER ($2.49 in chips) 
AamiUa: posts small blind $0.02
roquelinn: posts big blind $0.05
*** HOLE CARDS ***
Dealt to Dorex2007 [Qc 4h]
Dorex2007: folds 
Dorex2007 is disconnected 
AamiUa is disconnected 
HUALSTER is disconnected 
Jawd0g is disconnected 
Laycabudkiss: calls $0.05
HUALSTER: folds 
Jawd0g: folds 
AamiUa: folds 
roquelinn: checks 
*** FLOP *** [Jc 9s Qh]
roquelinn: checks 
Laycabudkiss: checks 
*** TURN *** [Jc 9s Qh] [2s]
roquelinn: checks 
Laycabudkiss: checks 
*** RIVER *** [Jc 9s Qh 2s] [8h]
roquelinn: bets $0.06
Laycabudkiss: folds 
Uncalled bet ($0.06) returned to roquelinn
roquelinn collected $0.12 from pot
roquelinn: doesn't show hand 
Laycabudkiss is disconnected 
*** SUMMARY ***
Total pot $0.12 | Rake $0 
Board [Jc 9s Qh 2s 8h]
Seat 1: Jawd0g (button) folded before Flop (didn't bet)
Seat 2: AamiUa (small blind) folded before Flop
Seat 3: roquelinn (big blind) collected ($0.12)
Seat 4: Dorex2007 folded before Flop (didn't bet)
Seat 5: Laycabudkiss folded on the River
Seat 6: HUALSTER folded before Flop (didn't bet)



PokerStars Zoom Hand #237918723756:  Hold'em No Limit ($0.02/$0.05) - 2022/08/10 20:47:46 PT [2022/08/10 23:47:46 ET]
Table 'Donati' 6-max Seat #1 is the button
Seat 1: Dorex2007 ($5.29 in chips) 
Seat 2: AamiUa ($11.19 in chips) 
Seat 3: klutzyhorse ($4.94 in chips) 
Seat 4: Andrake11 ($9.05 in chips) 
Seat 5: zequi1998 ($12.44 in chips) 
Seat 6: Profesor_Rev ($5 in chips) 
AamiUa: posts small blind $0.02
klutzyhorse: posts big blind $0.05
*** HOLE CARDS ***
Dealt to Dorex2007 [Ad 9d]
AamiUa is disconnected 
Andrake11: folds 
zequi1998: folds 
zequi1998 is disconnected 
Profesor_Rev: raises $0.10 to $0.15
Dorex2007: calls $0.15
AamiUa: folds 
klutzyhorse: calls $0.10
*** FLOP *** [Kd Qc 6h]
klutzyhorse: checks 
Profesor_Rev: checks 
Dorex2007: checks 
*** TURN *** [Kd Qc 6h] [8s]
klutzyhorse: checks 
Profesor_Rev: bets $0.34
Dorex2007: folds 
Dorex2007 is disconnected 
klutzyhorse: calls $0.34
*** RIVER *** [Kd Qc 6h 8s] [2c]
klutzyhorse: checks 
Profesor_Rev: checks 
*** SHOW DOWN ***
klutzyhorse: shows [Qh As] (a pair of Queens)
Profesor_Rev: mucks hand 
klutzyhorse collected $1.10 from pot
*** SUMMARY ***
Total pot $1.15 | Rake $0.05 
Board [Kd Qc 6h 8s 2c]
Seat 1: Dorex2007 (button) folded on the Turn
Seat 2: AamiUa (small blind) folded before Flop
Seat 3: klutzyhorse (big blind) showed [Qh As] and won ($1.10) with a pair of Queens
Seat 4: Andrake11 folded before Flop (didn't bet)
Seat 5: zequi1998 folded before Flop (didn't bet)
Seat 6: Profesor_Rev mucked [Qs Jd]



PokerStars Zoom Hand #237918730020:  Hold'em No Limit ($0.02/$0.05) - 2022/08/10 20:48:30 PT [2022/08/10 23:48:30 ET]
Table 'Donati' 6-max Seat #1 is the button
Seat 1: creampan ($5.27 in chips) 
Seat 2: Alexkills91 ($11.61 in chips) 
Seat 3: KUZU865 ($5 in chips) 
Seat 4: Profesor_Rev ($6.43 in chips) 
Seat 5: Dorex2007 ($5.14 in chips) 
Seat 6: Mr.Poker*Ak47 ($8.71 in chips) 
Alexkills91: posts small blind $0.02
KUZU865: posts big blind $0.05
*** HOLE CARDS ***
Dealt to Dorex2007 [6s 7d]
Profesor_Rev: folds 
Profesor_Rev is disconnected 
Dorex2007: folds 
Dorex2007 is disconnected 
Mr.Poker*Ak47: folds 
Mr.Poker*Ak47 is disconnected 
creampan: folds 
creampan is disconnected 
Alexkills91: raises $0.10 to $0.15
KUZU865: folds 
Uncalled bet ($0.10) returned to Alexkills91
Alexkills91 collected $0.10 from pot
Alexkills91: doesn't show hand 
KUZU865 is disconnected 
*** SUMMARY ***
Total pot $0.10 | Rake $0 
Seat 1: creampan (button) folded before Flop (didn't bet)
Seat 2: Alexkills91 (small blind) collected ($0.10)
Seat 3: KUZU865 (big blind) folded before Flop
Seat 4: Profesor_Rev folded before Flop (didn't bet)
Seat 5: Dorex2007 folded before Flop (didn't bet)
Seat 6: Mr.Poker*Ak47 folded before Flop (didn't bet)



PokerStars Zoom Hand #237918730588:  Hold'em No Limit ($0.02/$0.05) - 2022/08/10 20:48:34 PT [2022/08/10 23:48:34 ET]
Table 'Donati' 6-max Seat #1 is the button
Seat 1: leguicj ($5 in chips) 
Seat 2: porkerK ($5 in chips) 
Seat 3: Dorex2007 ($5.14 in chips) 
Seat 4: zequi1998 ($22.97 in chips) 
Seat 5: feitang93 ($6.31 in chips) 
Seat 6: lanwei-fish ($8.13 in chips) 
porkerK: posts small blind $0.02
Dorex2007: posts big blind $0.05
*** HOLE CARDS ***
Dealt to Dorex2007 [4c 7s]
zequi1998: folds 
zequi1998 is disconnected 
feitang93: folds 
feitang93 is disconnected 
lanwei-fish: folds 
lanwei-fish is disconnected 
leguicj: folds 
leguicj is disconnected 
porkerK: raises $0.07 to $0.12
Dorex2007: folds 
Uncalled bet ($0.07) returned to porkerK
porkerK collected $0.10 from pot
porkerK: doesn't show hand 
Dorex2007 is disconnected 
*** SUMMARY ***
Total pot $0.10 | Rake $0 
Seat 1: leguicj (button) folded before Flop (didn't bet)
Seat 2: porkerK (small blind) collected ($0.10)
Seat 3: Dorex2007 (big blind) folded before Flop
Seat 4: zequi1998 folded before Flop (didn't bet)
Seat 5: feitang93 folded before Flop (didn't bet)
Seat 6: lanwei-fish folded before Flop (didn't bet)



PokerStars Zoom Hand #237918732457:  Hold'em No Limit ($0.02/$0.05) - 2022/08/10 20:48:49 PT [2022/08/10 23:48:49 ET]
Table 'Donati' 6-max Seat #1 is the button
Seat 1: No.703 ($5.10 in chips) 
Seat 2: mayajoako ($2.44 in chips) 
Seat 3: rupin1412 ($5 in chips) 
Seat 4: creampan ($5.04 in chips) 
Seat 5: Mr.Poker*Ak47 ($6.35 in chips) 
Seat 6: Dorex2007 ($5.09 in chips) 
mayajoako: posts small blind $0.02
rupin1412: posts big blind $0.05
*** HOLE CARDS ***
Dealt to Dorex2007 [9c Td]
Mr.Poker*Ak47 is disconnected 
Dorex2007 is disconnected 
mayajoako is disconnected 
creampan: folds 
Mr.Poker*Ak47: folds 
Dorex2007: folds 
No.703: folds 
mayajoako: folds 
Uncalled bet ($0.03) returned to rupin1412
No.703 is disconnected 
creampan is disconnected 
rupin1412 collected $0.04 from pot
rupin1412: doesn't show hand 
*** SUMMARY ***
Total pot $0.04 | Rake $0 
Seat 1: No.703 (button) folded before Flop (didn't bet)
Seat 2: mayajoako (small blind) folded before Flop
Seat 3: rupin1412 (big blind) collected ($0.04)
Seat 4: creampan folded before Flop (didn't bet)
Seat 5: Mr.Poker*Ak47 folded before Flop (didn't bet)
Seat 6: Dorex2007 folded before Flop (didn't bet)



PokerStars Zoom Hand #237918733198:  Hold'em No Limit ($0.02/$0.05) - 2022/08/10 20:48:53 PT [2022/08/10 23:48:53 ET]
Table 'Donati' 6-max Seat #1 is the button
Seat 1: klutzyhorse ($5.53 in chips) 
Seat 2: Dorex2007 ($5.09 in chips) 
Seat 3: willfalcao ($10.79 in chips) 
Seat 4: romerito2 ($4.34 in chips) 
Seat 5: Mr.Poker*Ak47 ($6.35 in chips) 
Seat 6: Profesor_Rev ($6.45 in chips) 
Dorex2007: posts small blind $0.02
willfalcao: posts big blind $0.05
*** HOLE CARDS ***
Dealt to Dorex2007 [Kc Kd]
Mr.Poker*Ak47 is disconnected 
romerito2: raises $0.10 to $0.15
Mr.Poker*Ak47: folds 
Profesor_Rev: folds 
Profesor_Rev is disconnected 
klutzyhorse: folds 
klutzyhorse is disconnected 
Dorex2007: raises $0.20 to $0.35
willfalcao: calls $0.30
romerito2: calls $0.20
*** FLOP *** [9s 5s Tc]
Dorex2007: bets $1.01
willfalcao: calls $1.01
romerito2: folds 
*** TURN *** [9s 5s Tc] [8h]
romerito2 is disconnected 
Dorex2007: bets $3.73 and is all-in
willfalcao: calls $3.73
*** RIVER *** [9s 5s Tc 8h] [4s]
*** SHOW DOWN ***
Dorex2007: shows [Kc Kd] (a pair of Kings)
willfalcao: shows [Jc Qd] (a straight, Eight to Queen)
willfalcao collected $10.09 from pot
*** SUMMARY ***
Total pot $10.53 | Rake $0.44 
Board [9s 5s Tc 8h 4s]
Seat 1: klutzyhorse (button) folded before Flop (didn't bet)
Seat 2: Dorex2007 (small blind) showed [Kc Kd] and lost with a pair of Kings
Seat 3: willfalcao (big blind) showed [Jc Qd] and won ($10.09) with a straight, Eight to Queen
Seat 4: romerito2 folded on the Flop
Seat 5: Mr.Poker*Ak47 folded before Flop (didn't bet)
Seat 6: Profesor_Rev folded before Flop (didn't bet)



