PokerStars Hand #232827472280:  Hold'em No Limit ($0.01/$0.02 USD) - 2022/01/04 17:38:08 PT [2022/01/04 20:38:08 ET]
Table 'Ruchbah IV' 9-max Seat #2 is the button
Seat 1: Dorex2007 ($2 in chips) 
Seat 2: J1raya ($0.38 in chips) 
Seat 3: Aguardente2 ($2.06 in chips) 
Seat 4: luisazwy731 ($4.47 in chips) 
Seat 5: kent330330 ($3.68 in chips) 
Seat 7: BiM-WiNNeR ($2 in chips) 
Seat 8: ElGinoo1 ($1.91 in chips) 
Aguardente2: posts small blind $0.01
luisazwy731: posts big blind $0.02
Dorex2007: posts big blind $0.02
*** HOLE CARDS ***
Dealt to Dorex2007 [Td 8d]
kent330330: folds 
BiM-WiNNeR: folds 
ElGinoo1: raises $0.02 to $0.04
Dorex2007: folds 
J1raya: calls $0.04
Aguardente2: calls $0.03
luisazwy731: folds 
*** FLOP *** [7d 3s 5h]
Aguardente2: checks 
ElGinoo1 has timed out
ElGinoo1: checks 
J1raya: checks 
*** TURN *** [7d 3s 5h] [Tc]
Aguardente2: bets $0.06
ElGinoo1: folds 
J1raya: calls $0.06
*** RIVER *** [7d 3s 5h Tc] [2s]
Aguardente2: checks 
ConquestadorG joins the table at seat #6 
J1raya: bets $0.28 and is all-in
Leoritter420 joins the table at seat #9 
Aguardente2: folds 
Uncalled bet ($0.28) returned to J1raya
J1raya collected $0.27 from pot
J1raya: doesn't show hand 
*** SUMMARY ***
Total pot $0.28 | Rake $0.01 
Board [7d 3s 5h Tc 2s]
Seat 1: Dorex2007 folded before Flop (didn't bet)
Seat 2: J1raya (button) collected ($0.27)
Seat 3: Aguardente2 (small blind) folded on the River
Seat 4: luisazwy731 (big blind) folded before Flop
Seat 5: kent330330 folded before Flop (didn't bet)
Seat 7: BiM-WiNNeR folded before Flop (didn't bet)
Seat 8: ElGinoo1 folded on the Turn



PokerStars Hand #232827494914:  Hold'em No Limit ($0.01/$0.02 USD) - 2022/01/04 17:39:23 PT [2022/01/04 20:39:23 ET]
Table 'Ruchbah IV' 9-max Seat #3 is the button
Seat 1: Dorex2007 ($2 in chips) 
Seat 2: J1raya ($0.55 in chips) 
Seat 3: Aguardente2 ($1.96 in chips) 
Seat 4: luisazwy731 ($4.45 in chips) 
Seat 6: ConquestadorG ($2 in chips) 
Seat 7: BiM-WiNNeR ($2 in chips) 
Seat 8: ElGinoo1 ($1.87 in chips) 
Seat 9: Leoritter420 ($0.80 in chips) 
luisazwy731: posts small blind $0.01
kent330330: is sitting out 
ConquestadorG: posts big blind $0.02
Leoritter420: posts big blind $0.02
*** HOLE CARDS ***
Dealt to Dorex2007 [6c 4c]
BiM-WiNNeR: raises $0.06 to $0.08
ElGinoo1: folds 
Leoritter420: raises $0.06 to $0.14
Dorex2007: folds 
J1raya: folds 
Aguardente2 said, "bora jiraya"
Aguardente2: folds 
luisazwy731: folds 
ConquestadorG: folds 
BiM-WiNNeR: folds 
Uncalled bet ($0.06) returned to Leoritter420
Leoritter420 collected $0.19 from pot
Leoritter420: doesn't show hand 
*** SUMMARY ***
Total pot $0.19 | Rake $0 
Seat 1: Dorex2007 folded before Flop (didn't bet)
Seat 2: J1raya folded before Flop (didn't bet)
Seat 3: Aguardente2 (button) folded before Flop (didn't bet)
Seat 4: luisazwy731 (small blind) folded before Flop
Seat 6: ConquestadorG (big blind) folded before Flop
Seat 7: BiM-WiNNeR folded before Flop
Seat 8: ElGinoo1 folded before Flop (didn't bet)
Seat 9: Leoritter420 collected ($0.19)



PokerStars Hand #232827501931:  Hold'em No Limit ($0.01/$0.02 USD) - 2022/01/04 17:39:46 PT [2022/01/04 20:39:46 ET]
Table 'Ruchbah IV' 9-max Seat #4 is the button
Seat 1: Dorex2007 ($2 in chips) 
Seat 2: J1raya ($0.55 in chips) 
Seat 3: Aguardente2 ($1.96 in chips) 
Seat 4: luisazwy731 ($4.44 in chips) 
Seat 6: ConquestadorG ($2 in chips) 
Seat 7: BiM-WiNNeR ($2 in chips) 
Seat 8: ElGinoo1 ($1.87 in chips) 
Seat 9: Leoritter420 ($0.91 in chips) 
ConquestadorG: posts small blind $0.01
BiM-WiNNeR: posts big blind $0.02
*** HOLE CARDS ***
Dealt to Dorex2007 [3h 8h]
ElGinoo1: folds 
Leoritter420: calls $0.02
Dorex2007: folds 
J1raya has timed out
J1raya: folds 
Aguardente2: calls $0.02
luisazwy731: calls $0.02
ConquestadorG: folds 
BiM-WiNNeR: checks 
*** FLOP *** [Qh 5h 3d]
BiM-WiNNeR: checks 
Leoritter420: checks 
Aguardente2: checks 
luisazwy731: checks 
*** TURN *** [Qh 5h 3d] [Jd]
BiM-WiNNeR: checks 
Leoritter420: bets $0.09
Aguardente2: folds 
luisazwy731: calls $0.09
BiM-WiNNeR: folds 
*** RIVER *** [Qh 5h 3d Jd] [2c]
Leoritter420: checks 
luisazwy731: checks 
*** SHOW DOWN ***
Leoritter420: shows [Kc 9c] (high card King)
luisazwy731: shows [2h 7h] (a pair of Deuces)
luisazwy731 collected $0.26 from pot
*** SUMMARY ***
Total pot $0.27 | Rake $0.01 
Board [Qh 5h 3d Jd 2c]
Seat 1: Dorex2007 folded before Flop (didn't bet)
Seat 2: J1raya folded before Flop (didn't bet)
Seat 3: Aguardente2 folded on the Turn
Seat 4: luisazwy731 (button) showed [2h 7h] and won ($0.26) with a pair of Deuces
Seat 6: ConquestadorG (small blind) folded before Flop
Seat 7: BiM-WiNNeR (big blind) folded on the Turn
Seat 8: ElGinoo1 folded before Flop (didn't bet)
Seat 9: Leoritter420 showed [Kc 9c] and lost with high card King



PokerStars Hand #232827519631:  Hold'em No Limit ($0.01/$0.02 USD) - 2022/01/04 17:40:45 PT [2022/01/04 20:40:45 ET]
Table 'Ruchbah IV' 9-max Seat #6 is the button
Seat 1: Dorex2007 ($2 in chips) 
Seat 2: J1raya ($0.55 in chips) 
Seat 3: Aguardente2 ($1.94 in chips) 
Seat 4: luisazwy731 ($4.59 in chips) 
Seat 6: ConquestadorG ($2 in chips) 
Seat 7: BiM-WiNNeR ($2 in chips) 
Seat 8: ElGinoo1 ($1.87 in chips) 
Seat 9: Leoritter420 ($0.80 in chips) 
BiM-WiNNeR: posts small blind $0.01
ElGinoo1: posts big blind $0.02
*** HOLE CARDS ***
Dealt to Dorex2007 [Jc 6s]
Leoritter420: raises $0.05 to $0.07
Dorex2007: folds 
J1raya: calls $0.07
Aguardente2: folds 
luisazwy731: calls $0.07
ConquestadorG: folds 
BiM-WiNNeR: raises $0.23 to $0.30
ElGinoo1: folds 
Leoritter420: calls $0.23
J1raya: calls $0.23
luisazwy731: folds 
*** FLOP *** [Jd Qs Qc]
BiM-WiNNeR: bets $0.50
Leoritter420: folds 
J1raya: calls $0.25 and is all-in
Uncalled bet ($0.25) returned to BiM-WiNNeR
*** TURN *** [Jd Qs Qc] [5d]
*** RIVER *** [Jd Qs Qc 5d] [9h]
*** SHOW DOWN ***
BiM-WiNNeR: shows [Th Tc] (two pair, Queens and Tens)
J1raya: shows [8d 6d] (a pair of Queens)
BiM-WiNNeR collected $1.44 from pot
*** SUMMARY ***
Total pot $1.49 | Rake $0.05 
Board [Jd Qs Qc 5d 9h]
Seat 1: Dorex2007 folded before Flop (didn't bet)
Seat 2: J1raya showed [8d 6d] and lost with a pair of Queens
Seat 3: Aguardente2 folded before Flop (didn't bet)
Seat 4: luisazwy731 folded before Flop
Seat 6: ConquestadorG (button) folded before Flop (didn't bet)
Seat 7: BiM-WiNNeR (small blind) showed [Th Tc] and won ($1.44) with two pair, Queens and Tens
Seat 8: ElGinoo1 (big blind) folded before Flop
Seat 9: Leoritter420 folded on the Flop



PokerStars Hand #232827550235:  Hold'em No Limit ($0.01/$0.02 USD) - 2022/01/04 17:42:11 PT [2022/01/04 20:42:11 ET]
Table 'Ruchbah IV' 9-max Seat #7 is the button
Seat 1: Dorex2007 ($2 in chips) 
Seat 3: Aguardente2 ($1.94 in chips) 
Seat 4: luisazwy731 ($4.52 in chips) 
Seat 6: ConquestadorG ($2 in chips) 
Seat 7: BiM-WiNNeR ($2.89 in chips) 
Seat 8: ElGinoo1 ($1.85 in chips) 
Seat 9: Leoritter420 ($0.50 in chips) 
ElGinoo1: posts small blind $0.01
Leoritter420: posts big blind $0.02
kent330330: sits out 
*** HOLE CARDS ***
Dealt to Dorex2007 [6c 4d]
Dorex2007: folds 
Aguardente2: folds 
luisazwy731: calls $0.02
ConquestadorG: folds 
BiM-WiNNeR: folds 
ElGinoo1: folds 
Leoritter420: raises $0.02 to $0.04
luisazwy731: calls $0.02
*** FLOP *** [Th 7c Jd]
Leoritter420: checks 
luisazwy731: bets $0.04
Leoritter420: calls $0.04
*** TURN *** [Th 7c Jd] [7s]
Leoritter420: checks 
luisazwy731: bets $0.08
Leoritter420: folds 
Uncalled bet ($0.08) returned to luisazwy731
luisazwy731 collected $0.16 from pot
luisazwy731: doesn't show hand 
*** SUMMARY ***
Total pot $0.17 | Rake $0.01 
Board [Th 7c Jd 7s]
Seat 1: Dorex2007 folded before Flop (didn't bet)
Seat 3: Aguardente2 folded before Flop (didn't bet)
Seat 4: luisazwy731 collected ($0.16)
Seat 6: ConquestadorG folded before Flop (didn't bet)
Seat 7: BiM-WiNNeR (button) folded before Flop (didn't bet)
Seat 8: ElGinoo1 (small blind) folded before Flop
Seat 9: Leoritter420 (big blind) folded on the Turn



PokerStars Hand #232827563964:  Hold'em No Limit ($0.01/$0.02 USD) - 2022/01/04 17:42:57 PT [2022/01/04 20:42:57 ET]
Table 'Ruchbah IV' 9-max Seat #8 is the button
Seat 1: Dorex2007 ($2 in chips) 
Seat 2: J1raya ($0.80 in chips) 
Seat 3: Aguardente2 ($1.94 in chips) 
Seat 4: luisazwy731 ($4.60 in chips) 
Seat 6: ConquestadorG ($2 in chips) 
Seat 7: BiM-WiNNeR ($2.89 in chips) 
Seat 8: ElGinoo1 ($1.84 in chips) 
Seat 9: Leoritter420 ($0.42 in chips) 
Leoritter420: posts small blind $0.01
Dorex2007: posts big blind $0.02
kent330330: sits out 
*** HOLE CARDS ***
Dealt to Dorex2007 [Tc 4h]
J1raya: folds 
Aguardente2: calls $0.02
luisazwy731: calls $0.02
ConquestadorG: folds 
BiM-WiNNeR: folds 
ElGinoo1: folds 
Leoritter420: calls $0.01
Dorex2007: checks 
*** FLOP *** [Th Jh 2h]
Leoritter420: checks 
Dorex2007: checks 
Aguardente2: bets $0.04
luisazwy731: folds 
Leoritter420: calls $0.04
Dorex2007: folds 
*** TURN *** [Th Jh 2h] [5c]
Leoritter420: bets $0.36 and is all-in
Aguardente2: calls $0.36
*** RIVER *** [Th Jh 2h 5c] [7c]
*** SHOW DOWN ***
Leoritter420: shows [5d 3h] (a pair of Fives)
Aguardente2: shows [2d Td] (two pair, Tens and Deuces)
Aguardente2 collected $0.85 from pot
*** SUMMARY ***
Total pot $0.88 | Rake $0.03 
Board [Th Jh 2h 5c 7c]
Seat 1: Dorex2007 (big blind) folded on the Flop
Seat 2: J1raya folded before Flop (didn't bet)
Seat 3: Aguardente2 showed [2d Td] and won ($0.85) with two pair, Tens and Deuces
Seat 4: luisazwy731 folded on the Flop
Seat 6: ConquestadorG folded before Flop (didn't bet)
Seat 7: BiM-WiNNeR folded before Flop (didn't bet)
Seat 8: ElGinoo1 (button) folded before Flop (didn't bet)
Seat 9: Leoritter420 (small blind) showed [5d 3h] and lost with a pair of Fives



PokerStars Hand #232827577321:  Hold'em No Limit ($0.01/$0.02 USD) - 2022/01/04 17:43:42 PT [2022/01/04 20:43:42 ET]
Table 'Ruchbah IV' 9-max Seat #1 is the button
Seat 1: Dorex2007 ($2 in chips) 
Seat 2: J1raya ($0.80 in chips) 
Seat 3: Aguardente2 ($2.37 in chips) 
Seat 4: luisazwy731 ($4.58 in chips) 
Seat 6: ConquestadorG ($2 in chips) 
Seat 7: BiM-WiNNeR ($2.89 in chips) 
Seat 8: ElGinoo1 ($1.84 in chips) 
J1raya: posts small blind $0.01
Aguardente2: posts big blind $0.02
kent330330: sits out 
*** HOLE CARDS ***
Dealt to Dorex2007 [8h 6s]
Leoritter420 leaves the table
luisazwy731 has timed out
luisazwy731: folds 
ConquestadorG: folds 
BiM-WiNNeR: folds 
ElGinoo1: folds 
Dorex2007: folds 
J1raya: calls $0.01
Aguardente2: checks 
*** FLOP *** [Kh Ac Kc]
J1raya: checks 
Aguardente2: bets $0.02
J1raya: calls $0.02
*** TURN *** [Kh Ac Kc] [5h]
J1raya: checks 
Aguardente2: bets $0.02
J1raya: calls $0.02
*** RIVER *** [Kh Ac Kc 5h] [5c]
J1raya: checks 
Aguardente2: bets $0.12
PokerDany_G joins the table at seat #9 
J1raya: calls $0.12
*** SHOW DOWN ***
Aguardente2: shows [As 9c] (two pair, Aces and Kings)
J1raya: mucks hand 
Aguardente2 collected $0.35 from pot
*** SUMMARY ***
Total pot $0.36 | Rake $0.01 
Board [Kh Ac Kc 5h 5c]
Seat 1: Dorex2007 (button) folded before Flop (didn't bet)
Seat 2: J1raya (small blind) mucked [3c Qd]
Seat 3: Aguardente2 (big blind) showed [As 9c] and won ($0.35) with two pair, Aces and Kings
Seat 4: luisazwy731 folded before Flop (didn't bet)
Seat 6: ConquestadorG folded before Flop (didn't bet)
Seat 7: BiM-WiNNeR folded before Flop (didn't bet)
Seat 8: ElGinoo1 folded before Flop (didn't bet)



PokerStars Hand #232827590110:  Hold'em No Limit ($0.01/$0.02 USD) - 2022/01/04 17:44:26 PT [2022/01/04 20:44:26 ET]
Table 'Ruchbah IV' 9-max Seat #2 is the button
Seat 1: Dorex2007 ($2 in chips) 
Seat 2: J1raya ($0.62 in chips) 
Seat 3: Aguardente2 ($2.54 in chips) 
Seat 5: kent330330 ($3.68 in chips) 
Seat 6: ConquestadorG ($2 in chips) 
Seat 7: BiM-WiNNeR ($2.89 in chips) 
Seat 8: ElGinoo1 ($1.84 in chips) 
Aguardente2: posts small blind $0.01
kent330330: posts big blind $0.02
PokerDany_G: sits out 
*** HOLE CARDS ***
Dealt to Dorex2007 [9s 5h]
ConquestadorG: folds 
BiM-WiNNeR: folds 
ElGinoo1: folds 
Dorex2007: folds 
J1raya: calls $0.02
Aguardente2: calls $0.01
kent330330: checks 
*** FLOP *** [2c Tc 8h]
Aguardente2: checks 
kent330330: checks 
J1raya: checks 
*** TURN *** [2c Tc 8h] [Kc]
Aguardente2: bets $0.03
kent330330: folds 
J1raya: folds 
Uncalled bet ($0.03) returned to Aguardente2
Aguardente2 collected $0.06 from pot
Aguardente2: doesn't show hand 
*** SUMMARY ***
Total pot $0.06 | Rake $0 
Board [2c Tc 8h Kc]
Seat 1: Dorex2007 folded before Flop (didn't bet)
Seat 2: J1raya (button) folded on the Turn
Seat 3: Aguardente2 (small blind) collected ($0.06)
Seat 5: kent330330 (big blind) folded on the Turn
Seat 6: ConquestadorG folded before Flop (didn't bet)
Seat 7: BiM-WiNNeR folded before Flop (didn't bet)
Seat 8: ElGinoo1 folded before Flop (didn't bet)



PokerStars Hand #232827600459:  Hold'em No Limit ($0.01/$0.02 USD) - 2022/01/04 17:45:00 PT [2022/01/04 20:45:00 ET]
Table 'Ruchbah IV' 9-max Seat #3 is the button
Seat 1: Dorex2007 ($2 in chips) 
Seat 2: J1raya ($0.60 in chips) 
Seat 3: Aguardente2 ($2.58 in chips) 
Seat 5: kent330330 ($3.66 in chips) 
Seat 6: ConquestadorG ($2 in chips) 
Seat 7: BiM-WiNNeR ($2.89 in chips) 
Seat 8: ElGinoo1 ($1.84 in chips) 
kent330330: posts small blind $0.01
ConquestadorG: posts big blind $0.02
PokerDany_G: sits out 
*** HOLE CARDS ***
Dealt to Dorex2007 [Ad Ts]
BiM-WiNNeR: folds 
ElGinoo1: folds 
Dorex2007: raises $0.04 to $0.06
J1raya: folds 
Aguardente2: folds 
kent330330: folds 
ConquestadorG: folds 
Uncalled bet ($0.04) returned to Dorex2007
Dorex2007 collected $0.05 from pot
Dorex2007: doesn't show hand 
*** SUMMARY ***
Total pot $0.05 | Rake $0 
Seat 1: Dorex2007 collected ($0.05)
Seat 2: J1raya folded before Flop (didn't bet)
Seat 3: Aguardente2 (button) folded before Flop (didn't bet)
Seat 5: kent330330 (small blind) folded before Flop
Seat 6: ConquestadorG (big blind) folded before Flop
Seat 7: BiM-WiNNeR folded before Flop (didn't bet)
Seat 8: ElGinoo1 folded before Flop (didn't bet)



PokerStars Hand #232827606738:  Hold'em No Limit ($0.01/$0.02 USD) - 2022/01/04 17:45:21 PT [2022/01/04 20:45:21 ET]
Table 'Ruchbah IV' 9-max Seat #5 is the button
Seat 1: Dorex2007 ($2.03 in chips) 
Seat 2: J1raya ($0.60 in chips) 
Seat 3: Aguardente2 ($2.58 in chips) 
Seat 5: kent330330 ($3.65 in chips) 
Seat 6: ConquestadorG ($2 in chips) 
Seat 7: BiM-WiNNeR ($2.89 in chips) 
Seat 8: ElGinoo1 ($1.84 in chips) 
ConquestadorG: posts small blind $0.01
BiM-WiNNeR: posts big blind $0.02
PokerDany_G: sits out 
*** HOLE CARDS ***
Dealt to Dorex2007 [Qs Kh]
ElGinoo1: folds 
Dorex2007: raises $0.04 to $0.06
J1raya: folds 
Aguardente2: folds 
kent330330: folds 
ConquestadorG: folds 
BiM-WiNNeR: folds 
Uncalled bet ($0.04) returned to Dorex2007
Dorex2007 collected $0.05 from pot
Dorex2007: doesn't show hand 
*** SUMMARY ***
Total pot $0.05 | Rake $0 
Seat 1: Dorex2007 collected ($0.05)
Seat 2: J1raya folded before Flop (didn't bet)
Seat 3: Aguardente2 folded before Flop (didn't bet)
Seat 5: kent330330 (button) folded before Flop (didn't bet)
Seat 6: ConquestadorG (small blind) folded before Flop
Seat 7: BiM-WiNNeR (big blind) folded before Flop
Seat 8: ElGinoo1 folded before Flop (didn't bet)



PokerStars Hand #232827621826:  Hold'em No Limit ($0.01/$0.02 USD) - 2022/01/04 17:45:47 PT [2022/01/04 20:45:47 ET]
Table 'Ruchbah IV' 9-max Seat #6 is the button
Seat 1: Dorex2007 ($2.06 in chips) 
Seat 2: J1raya ($0.60 in chips) 
Seat 3: Aguardente2 ($2.58 in chips) 
Seat 5: kent330330 ($3.65 in chips) 
Seat 6: ConquestadorG ($2 in chips) 
Seat 7: BiM-WiNNeR ($2.87 in chips) 
Seat 8: ElGinoo1 ($1.84 in chips) 
BiM-WiNNeR: posts small blind $0.01
ElGinoo1: posts big blind $0.02
PokerDany_G: sits out 
*** HOLE CARDS ***
Dealt to Dorex2007 [Kc 4d]
Dorex2007: folds 
J1raya: calls $0.02
Aguardente2: calls $0.02
kent330330 has timed out
kent330330: folds 
ConquestadorG: folds 
BiM-WiNNeR: folds 
ElGinoo1: checks 
*** FLOP *** [4s Ac 3h]
ElGinoo1: checks 
J1raya: checks 
Aguardente2: checks 
*** TURN *** [4s Ac 3h] [Js]
ElGinoo1: bets $0.07
J1raya: calls $0.07
Aguardente2: folds 
*** RIVER *** [4s Ac 3h Js] [9c]
ElGinoo1: bets $0.16
J1raya: calls $0.16
*** SHOW DOWN ***
ElGinoo1: shows [2d Ah] (a pair of Aces)
J1raya: shows [As 5h] (a pair of Aces - Jack+Nine+Five kicker)
J1raya collected $0.51 from pot
*** SUMMARY ***
Total pot $0.53 | Rake $0.02 
Board [4s Ac 3h Js 9c]
Seat 1: Dorex2007 folded before Flop (didn't bet)
Seat 2: J1raya showed [As 5h] and won ($0.51) with a pair of Aces
Seat 3: Aguardente2 folded on the Turn
Seat 5: kent330330 folded before Flop (didn't bet)
Seat 6: ConquestadorG (button) folded before Flop (didn't bet)
Seat 7: BiM-WiNNeR (small blind) folded before Flop
Seat 8: ElGinoo1 (big blind) showed [2d Ah] and lost with a pair of Aces



PokerStars Hand #232827635442:  Hold'em No Limit ($0.01/$0.02 USD) - 2022/01/04 17:46:33 PT [2022/01/04 20:46:33 ET]
Table 'Ruchbah IV' 9-max Seat #7 is the button
Seat 1: Dorex2007 ($2.06 in chips) 
Seat 2: J1raya ($0.86 in chips) 
Seat 3: Aguardente2 ($2.56 in chips) 
Seat 4: luisazwy731 ($4.58 in chips) 
Seat 5: kent330330 ($3.65 in chips) 
Seat 6: ConquestadorG ($2 in chips) 
Seat 7: BiM-WiNNeR ($2.86 in chips) 
Seat 8: ElGinoo1 ($1.59 in chips) 
Seat 9: PokerDany_G ($1.60 in chips) 
ElGinoo1: posts small blind $0.01
PokerDany_G: posts big blind $0.02
luisazwy731: posts small & big blinds $0.03
*** HOLE CARDS ***
Dealt to Dorex2007 [4d 2s]
Dorex2007: folds 
J1raya: calls $0.02
Aguardente2: folds 
luisazwy731: raises $0.08 to $0.10
kent330330: folds 
ConquestadorG: folds 
BiM-WiNNeR: folds 
ElGinoo1: folds 
PokerDany_G: folds 
J1raya: folds 
Uncalled bet ($0.08) returned to luisazwy731
luisazwy731 collected $0.08 from pot
luisazwy731: doesn't show hand 
*** SUMMARY ***
Total pot $0.08 | Rake $0 
Seat 1: Dorex2007 folded before Flop (didn't bet)
Seat 2: J1raya folded before Flop
Seat 3: Aguardente2 folded before Flop (didn't bet)
Seat 4: luisazwy731 collected ($0.08)
Seat 5: kent330330 folded before Flop (didn't bet)
Seat 6: ConquestadorG folded before Flop (didn't bet)
Seat 7: BiM-WiNNeR (button) folded before Flop (didn't bet)
Seat 8: ElGinoo1 (small blind) folded before Flop
Seat 9: PokerDany_G (big blind) folded before Flop



PokerStars Hand #232827642752:  Hold'em No Limit ($0.01/$0.02 USD) - 2022/01/04 17:46:58 PT [2022/01/04 20:46:58 ET]
Table 'Ruchbah IV' 9-max Seat #8 is the button
Seat 1: Dorex2007 ($2.06 in chips) 
Seat 2: J1raya ($0.84 in chips) 
Seat 3: Aguardente2 ($2.56 in chips) 
Seat 4: luisazwy731 ($4.63 in chips) 
Seat 5: kent330330 ($3.65 in chips) 
Seat 6: ConquestadorG ($2 in chips) 
Seat 7: BiM-WiNNeR ($2.86 in chips) 
Seat 8: ElGinoo1 ($1.58 in chips) 
Seat 9: PokerDany_G ($1.58 in chips) 
PokerDany_G: posts small blind $0.01
Dorex2007: posts big blind $0.02
*** HOLE CARDS ***
Dealt to Dorex2007 [7s 5h]
J1raya: folds 
Aguardente2: calls $0.02
luisazwy731: folds 
kent330330: folds 
ConquestadorG: folds 
BiM-WiNNeR: folds 
ElGinoo1: raises $0.02 to $0.04
PokerDany_G: folds 
Dorex2007: folds 
Aguardente2: calls $0.02
*** FLOP *** [7h 4s 4c]
Aguardente2: bets $0.04
ElGinoo1: calls $0.04
*** TURN *** [7h 4s 4c] [Td]
Aguardente2: bets $0.18
ElGinoo1: folds 
Uncalled bet ($0.18) returned to Aguardente2
Aguardente2 collected $0.18 from pot
Aguardente2: doesn't show hand 
*** SUMMARY ***
Total pot $0.19 | Rake $0.01 
Board [7h 4s 4c Td]
Seat 1: Dorex2007 (big blind) folded before Flop
Seat 2: J1raya folded before Flop (didn't bet)
Seat 3: Aguardente2 collected ($0.18)
Seat 4: luisazwy731 folded before Flop (didn't bet)
Seat 5: kent330330 folded before Flop (didn't bet)
Seat 6: ConquestadorG folded before Flop (didn't bet)
Seat 7: BiM-WiNNeR folded before Flop (didn't bet)
Seat 8: ElGinoo1 (button) folded on the Turn
Seat 9: PokerDany_G (small blind) folded before Flop



PokerStars Hand #232827661701:  Hold'em No Limit ($0.01/$0.02 USD) - 2022/01/04 17:48:03 PT [2022/01/04 20:48:03 ET]
Table 'Ruchbah IV' 9-max Seat #9 is the button
Seat 1: Dorex2007 ($2.04 in chips) 
Seat 2: J1raya ($0.84 in chips) 
Seat 3: Aguardente2 ($2.66 in chips) 
Seat 4: luisazwy731 ($4.63 in chips) 
Seat 5: kent330330 ($3.65 in chips) 
Seat 6: ConquestadorG ($2 in chips) 
Seat 7: BiM-WiNNeR ($2.86 in chips) 
Seat 8: ElGinoo1 ($1.50 in chips) 
Seat 9: PokerDany_G ($1.57 in chips) 
Dorex2007: posts small blind $0.01
J1raya: posts big blind $0.02
*** HOLE CARDS ***
Dealt to Dorex2007 [4d 3s]
Aguardente2: raises $0.02 to $0.04
luisazwy731: calls $0.04
kent330330: folds 
ConquestadorG: folds 
BiM-WiNNeR: folds 
ElGinoo1: calls $0.04
PokerDany_G: folds 
Dorex2007: folds 
J1raya: calls $0.02
*** FLOP *** [7c 4h 6d]
J1raya: checks 
Aguardente2: checks 
luisazwy731: checks 
ElGinoo1: checks 
*** TURN *** [7c 4h 6d] [7s]
J1raya: checks 
Aguardente2: bets $0.04
luisazwy731: raises $0.12 to $0.16
ElGinoo1: folds 
J1raya: folds 
Aguardente2: folds 
Uncalled bet ($0.12) returned to luisazwy731
luisazwy731 collected $0.24 from pot
luisazwy731: doesn't show hand 
*** SUMMARY ***
Total pot $0.25 | Rake $0.01 
Board [7c 4h 6d 7s]
Seat 1: Dorex2007 (small blind) folded before Flop
Seat 2: J1raya (big blind) folded on the Turn
Seat 3: Aguardente2 folded on the Turn
Seat 4: luisazwy731 collected ($0.24)
Seat 5: kent330330 folded before Flop (didn't bet)
Seat 6: ConquestadorG folded before Flop (didn't bet)
Seat 7: BiM-WiNNeR folded before Flop (didn't bet)
Seat 8: ElGinoo1 folded on the Turn
Seat 9: PokerDany_G (button) folded before Flop (didn't bet)



PokerStars Hand #232827680104:  Hold'em No Limit ($0.01/$0.02 USD) - 2022/01/04 17:49:06 PT [2022/01/04 20:49:06 ET]
Table 'Ruchbah IV' 9-max Seat #1 is the button
Seat 1: Dorex2007 ($2.03 in chips) 
Seat 2: J1raya ($0.80 in chips) 
Seat 3: Aguardente2 ($2.58 in chips) 
Seat 4: luisazwy731 ($4.79 in chips) 
Seat 5: kent330330 ($3.65 in chips) 
Seat 6: ConquestadorG ($2 in chips) 
Seat 7: BiM-WiNNeR ($2.86 in chips) 
Seat 8: ElGinoo1 ($1.46 in chips) 
Seat 9: PokerDany_G ($1.57 in chips) 
J1raya: posts small blind $0.01
Aguardente2: posts big blind $0.02
*** HOLE CARDS ***
Dealt to Dorex2007 [3d 8h]
luisazwy731: raises $0.02 to $0.04
kent330330: folds 
ConquestadorG: folds 
BiM-WiNNeR: folds 
ElGinoo1: folds 
PokerDany_G: folds 
Dorex2007: folds 
J1raya: calls $0.03
Aguardente2: calls $0.02
*** FLOP *** [2d 6c Ks]
J1raya: checks 
Aguardente2: checks 
luisazwy731: bets $0.06
J1raya: folds 
Aguardente2: calls $0.06
*** TURN *** [2d 6c Ks] [2s]
Aguardente2: checks 
luisazwy731: checks 
*** RIVER *** [2d 6c Ks 2s] [8s]
Aguardente2: bets $0.23
luisazwy731: folds 
Uncalled bet ($0.23) returned to Aguardente2
Aguardente2 collected $0.23 from pot
Aguardente2: doesn't show hand 
*** SUMMARY ***
Total pot $0.24 | Rake $0.01 
Board [2d 6c Ks 2s 8s]
Seat 1: Dorex2007 (button) folded before Flop (didn't bet)
Seat 2: J1raya (small blind) folded on the Flop
Seat 3: Aguardente2 (big blind) collected ($0.23)
Seat 4: luisazwy731 folded on the River
Seat 5: kent330330 folded before Flop (didn't bet)
Seat 6: ConquestadorG folded before Flop (didn't bet)
Seat 7: BiM-WiNNeR folded before Flop (didn't bet)
Seat 8: ElGinoo1 folded before Flop (didn't bet)
Seat 9: PokerDany_G folded before Flop (didn't bet)



PokerStars Hand #232827692978:  Hold'em No Limit ($0.01/$0.02 USD) - 2022/01/04 17:49:50 PT [2022/01/04 20:49:50 ET]
Table 'Ruchbah IV' 9-max Seat #2 is the button
Seat 1: Dorex2007 ($2.03 in chips) 
Seat 2: J1raya ($0.76 in chips) 
Seat 3: Aguardente2 ($2.71 in chips) 
Seat 4: luisazwy731 ($4.69 in chips) 
Seat 5: kent330330 ($3.65 in chips) 
Seat 6: ConquestadorG ($2 in chips) 
Seat 7: BiM-WiNNeR ($2.86 in chips) 
Seat 8: ElGinoo1 ($1.46 in chips) 
Seat 9: PokerDany_G ($1.57 in chips) 
Aguardente2: posts small blind $0.01
luisazwy731: posts big blind $0.02
*** HOLE CARDS ***
Dealt to Dorex2007 [Ts As]
kent330330: folds 
ConquestadorG: folds 
BiM-WiNNeR: folds 
ElGinoo1: raises $0.06 to $0.08
PokerDany_G: folds 
Dorex2007: folds 
J1raya: folds 
Aguardente2: folds 
luisazwy731: calls $0.06
*** FLOP *** [Td 6s Qh]
luisazwy731: checks 
ElGinoo1: bets $0.14
luisazwy731: calls $0.14
*** TURN *** [Td 6s Qh] [Tc]
luisazwy731: checks 
ElGinoo1: checks 
*** RIVER *** [Td 6s Qh Tc] [8d]
luisazwy731: bets $0.21
ElGinoo1: folds 
Uncalled bet ($0.21) returned to luisazwy731
luisazwy731 collected $0.43 from pot
luisazwy731: doesn't show hand 
*** SUMMARY ***
Total pot $0.45 | Rake $0.02 
Board [Td 6s Qh Tc 8d]
Seat 1: Dorex2007 folded before Flop (didn't bet)
Seat 2: J1raya (button) folded before Flop (didn't bet)
Seat 3: Aguardente2 (small blind) folded before Flop
Seat 4: luisazwy731 (big blind) collected ($0.43)
Seat 5: kent330330 folded before Flop (didn't bet)
Seat 6: ConquestadorG folded before Flop (didn't bet)
Seat 7: BiM-WiNNeR folded before Flop (didn't bet)
Seat 8: ElGinoo1 folded on the River
Seat 9: PokerDany_G folded before Flop (didn't bet)



PokerStars Hand #232827715913:  Hold'em No Limit ($0.01/$0.02 USD) - 2022/01/04 17:51:09 PT [2022/01/04 20:51:09 ET]
Table 'Ruchbah IV' 9-max Seat #3 is the button
Seat 1: Dorex2007 ($2.03 in chips) 
Seat 2: J1raya ($0.76 in chips) 
Seat 3: Aguardente2 ($2.70 in chips) 
Seat 4: luisazwy731 ($4.90 in chips) 
Seat 5: kent330330 ($3.65 in chips) 
Seat 6: ConquestadorG ($2 in chips) 
Seat 7: BiM-WiNNeR ($2.86 in chips) 
Seat 8: ElGinoo1 ($1.24 in chips) 
Seat 9: PokerDany_G ($1.57 in chips) 
luisazwy731: posts small blind $0.01
kent330330: posts big blind $0.02
*** HOLE CARDS ***
Dealt to Dorex2007 [6h 4s]
ConquestadorG: raises $0.04 to $0.06
BiM-WiNNeR: folds 
ElGinoo1: folds 
PokerDany_G: folds 
Dorex2007: folds 
J1raya: folds 
Aguardente2: calls $0.06
luisazwy731: folds 
kent330330: folds 
*** FLOP *** [Ad Qc Kh]
ConquestadorG: bets $0.02
Aguardente2: calls $0.02
*** TURN *** [Ad Qc Kh] [Tc]
ConquestadorG: bets $0.02
Aguardente2: calls $0.02
*** RIVER *** [Ad Qc Kh Tc] [8s]
ConquestadorG: bets $1.90 and is all-in
Aguardente2: folds 
Uncalled bet ($1.90) returned to ConquestadorG
ConquestadorG collected $0.22 from pot
ConquestadorG: doesn't show hand 
*** SUMMARY ***
Total pot $0.23 | Rake $0.01 
Board [Ad Qc Kh Tc 8s]
Seat 1: Dorex2007 folded before Flop (didn't bet)
Seat 2: J1raya folded before Flop (didn't bet)
Seat 3: Aguardente2 (button) folded on the River
Seat 4: luisazwy731 (small blind) folded before Flop
Seat 5: kent330330 (big blind) folded before Flop
Seat 6: ConquestadorG collected ($0.22)
Seat 7: BiM-WiNNeR folded before Flop (didn't bet)
Seat 8: ElGinoo1 folded before Flop (didn't bet)
Seat 9: PokerDany_G folded before Flop (didn't bet)



PokerStars Hand #232827736050:  Hold'em No Limit ($0.01/$0.02 USD) - 2022/01/04 17:52:19 PT [2022/01/04 20:52:19 ET]
Table 'Ruchbah IV' 9-max Seat #4 is the button
Seat 1: Dorex2007 ($2.03 in chips) 
Seat 2: J1raya ($0.76 in chips) 
Seat 3: Aguardente2 ($2.60 in chips) 
Seat 4: luisazwy731 ($4.89 in chips) 
Seat 5: kent330330 ($3.63 in chips) 
Seat 6: ConquestadorG ($2.12 in chips) 
Seat 7: BiM-WiNNeR ($2.86 in chips) 
Seat 8: ElGinoo1 ($1.24 in chips) 
Seat 9: PokerDany_G ($1.57 in chips) 
kent330330: posts small blind $0.01
ConquestadorG: posts big blind $0.02
*** HOLE CARDS ***
Dealt to Dorex2007 [Kc 3h]
BiM-WiNNeR: folds 
ElGinoo1: folds 
PokerDany_G: folds 
Dorex2007: folds 
J1raya: raises $0.02 to $0.04
Aguardente2: folds 
luisazwy731: raises $0.02 to $0.06
kent330330: folds 
ConquestadorG: folds 
J1raya: calls $0.02
*** FLOP *** [7s 3d Kd]
J1raya: checks 
luisazwy731: bets $0.07
J1raya: calls $0.07
*** TURN *** [7s 3d Kd] [Td]
J1raya: checks 
luisazwy731: checks 
*** RIVER *** [7s 3d Kd Td] [3c]
J1raya: checks 
luisazwy731: checks 
*** SHOW DOWN ***
J1raya: shows [Jc Js] (two pair, Jacks and Threes)
luisazwy731: mucks hand 
J1raya collected $0.28 from pot
*** SUMMARY ***
Total pot $0.29 | Rake $0.01 
Board [7s 3d Kd Td 3c]
Seat 1: Dorex2007 folded before Flop (didn't bet)
Seat 2: J1raya showed [Jc Js] and won ($0.28) with two pair, Jacks and Threes
Seat 3: Aguardente2 folded before Flop (didn't bet)
Seat 4: luisazwy731 (button) mucked [6c Ad]
Seat 5: kent330330 (small blind) folded before Flop
Seat 6: ConquestadorG (big blind) folded before Flop
Seat 7: BiM-WiNNeR folded before Flop (didn't bet)
Seat 8: ElGinoo1 folded before Flop (didn't bet)
Seat 9: PokerDany_G folded before Flop (didn't bet)



PokerStars Hand #232827759049:  Hold'em No Limit ($0.01/$0.02 USD) - 2022/01/04 17:53:37 PT [2022/01/04 20:53:37 ET]
Table 'Ruchbah IV' 9-max Seat #5 is the button
Seat 1: Dorex2007 ($2.03 in chips) 
Seat 2: J1raya ($0.91 in chips) 
Seat 3: Aguardente2 ($2.60 in chips) 
Seat 4: luisazwy731 ($4.76 in chips) 
Seat 5: kent330330 ($3.62 in chips) 
Seat 6: ConquestadorG ($2.10 in chips) 
Seat 7: BiM-WiNNeR ($2.86 in chips) 
Seat 8: ElGinoo1 ($1.24 in chips) 
Seat 9: PokerDany_G ($1.57 in chips) 
ConquestadorG: posts small blind $0.01
BiM-WiNNeR: posts big blind $0.02
*** HOLE CARDS ***
Dealt to Dorex2007 [3c 2d]
ElGinoo1: folds 
PokerDany_G: folds 
Dorex2007: folds 
J1raya: folds 
Aguardente2: calls $0.02
luisazwy731: folds 
kent330330: raises $0.05 to $0.07
ConquestadorG: calls $0.06
BiM-WiNNeR: folds 
Aguardente2: calls $0.05
*** FLOP *** [8c 9c 2h]
ConquestadorG: checks 
Aguardente2: checks 
kent330330: bets $0.11
ConquestadorG: raises $0.11 to $0.22
Aguardente2: folds 
kent330330: calls $0.11
*** TURN *** [8c 9c 2h] [8d]
ConquestadorG: bets $0.46
kent330330: folds 
Uncalled bet ($0.46) returned to ConquestadorG
ConquestadorG collected $0.65 from pot
ConquestadorG: doesn't show hand 
*** SUMMARY ***
Total pot $0.67 | Rake $0.02 
Board [8c 9c 2h 8d]
Seat 1: Dorex2007 folded before Flop (didn't bet)
Seat 2: J1raya folded before Flop (didn't bet)
Seat 3: Aguardente2 folded on the Flop
Seat 4: luisazwy731 folded before Flop (didn't bet)
Seat 5: kent330330 (button) folded on the Turn
Seat 6: ConquestadorG (small blind) collected ($0.65)
Seat 7: BiM-WiNNeR (big blind) folded before Flop
Seat 8: ElGinoo1 folded before Flop (didn't bet)
Seat 9: PokerDany_G folded before Flop (didn't bet)



PokerStars Hand #232827776192:  Hold'em No Limit ($0.01/$0.02 USD) - 2022/01/04 17:54:37 PT [2022/01/04 20:54:37 ET]
Table 'Ruchbah IV' 9-max Seat #6 is the button
Seat 1: Dorex2007 ($2.03 in chips) 
Seat 2: J1raya ($0.91 in chips) 
Seat 3: Aguardente2 ($2.53 in chips) 
Seat 4: luisazwy731 ($4.76 in chips) 
Seat 5: kent330330 ($3.33 in chips) 
Seat 6: ConquestadorG ($2.46 in chips) 
Seat 7: BiM-WiNNeR ($2.84 in chips) 
Seat 8: ElGinoo1 ($1.24 in chips) 
Seat 9: PokerDany_G ($1.57 in chips) 
BiM-WiNNeR: posts small blind $0.01
ElGinoo1: posts big blind $0.02
*** HOLE CARDS ***
Dealt to Dorex2007 [Jc 3h]
PokerDany_G: folds 
Dorex2007: folds 
PokerDany_G leaves the table
J1raya has timed out
J1raya: folds 
Aguardente2: calls $0.02
luisazwy731: folds 
kent330330: folds 
ConquestadorG: raises $0.06 to $0.08
BiM-WiNNeR: folds 
ElGinoo1: calls $0.06
Aguardente2: folds 
*** FLOP *** [7d 6d 9h]
ElGinoo1: checks 
ConquestadorG: bets $0.11
ElGinoo1: folds 
Uncalled bet ($0.11) returned to ConquestadorG
ConquestadorG collected $0.18 from pot
ConquestadorG: doesn't show hand 
*** SUMMARY ***
Total pot $0.19 | Rake $0.01 
Board [7d 6d 9h]
Seat 1: Dorex2007 folded before Flop (didn't bet)
Seat 2: J1raya folded before Flop (didn't bet)
Seat 3: Aguardente2 folded before Flop
Seat 4: luisazwy731 folded before Flop (didn't bet)
Seat 5: kent330330 folded before Flop (didn't bet)
Seat 6: ConquestadorG (button) collected ($0.18)
Seat 7: BiM-WiNNeR (small blind) folded before Flop
Seat 8: ElGinoo1 (big blind) folded on the Flop
Seat 9: PokerDany_G folded before Flop (didn't bet)



PokerStars Hand #232827787366:  Hold'em No Limit ($0.01/$0.02 USD) - 2022/01/04 17:55:17 PT [2022/01/04 20:55:17 ET]
Table 'Ruchbah IV' 9-max Seat #7 is the button
Seat 1: Dorex2007 ($2.03 in chips) 
Seat 3: Aguardente2 ($2.51 in chips) 
Seat 4: luisazwy731 ($4.76 in chips) 
Seat 5: kent330330 ($3.33 in chips) 
Seat 6: ConquestadorG ($2.56 in chips) 
Seat 7: BiM-WiNNeR ($2.83 in chips) 
Seat 8: ElGinoo1 ($1.16 in chips) 
ElGinoo1: posts small blind $0.01
Dorex2007: posts big blind $0.02
*** HOLE CARDS ***
Dealt to Dorex2007 [3s Th]
Aguardente2: calls $0.02
luisazwy731: calls $0.02
kent330330: folds 
ConquestadorG: folds 
BiM-WiNNeR: folds 
ElGinoo1: raises $0.02 to $0.04
Dorex2007: folds 
Aguardente2: calls $0.02
luisazwy731: calls $0.02
*** FLOP *** [Js 4s Ac]
ElGinoo1: bets $0.10
Aguardente2: folds 
luisazwy731: calls $0.10
*** TURN *** [Js 4s Ac] [5d]
ElGinoo1: bets $0.20
Rafa33800774 joins the table at seat #9 
luisazwy731: folds 
Uncalled bet ($0.20) returned to ElGinoo1
ElGinoo1 collected $0.33 from pot
ElGinoo1: doesn't show hand 
*** SUMMARY ***
Total pot $0.34 | Rake $0.01 
Board [Js 4s Ac 5d]
Seat 1: Dorex2007 (big blind) folded before Flop
Seat 3: Aguardente2 folded on the Flop
Seat 4: luisazwy731 folded on the Turn
Seat 5: kent330330 folded before Flop (didn't bet)
Seat 6: ConquestadorG folded before Flop (didn't bet)
Seat 7: BiM-WiNNeR (button) folded before Flop (didn't bet)
Seat 8: ElGinoo1 (small blind) collected ($0.33)



PokerStars Hand #232827799950:  Hold'em No Limit ($0.01/$0.02 USD) - 2022/01/04 17:56:11 PT [2022/01/04 20:56:11 ET]
Table 'Ruchbah IV' 9-max Seat #8 is the button
Seat 1: Dorex2007 ($2.01 in chips) 
Seat 2: J1raya ($0.91 in chips) 
Seat 3: Aguardente2 ($2.47 in chips) 
Seat 4: luisazwy731 ($4.62 in chips) 
Seat 5: kent330330 ($3.33 in chips) 
Seat 6: ConquestadorG ($2.56 in chips) 
Seat 7: BiM-WiNNeR ($2.83 in chips) 
Seat 8: ElGinoo1 ($1.35 in chips) 
Dorex2007: posts small blind $0.01
J1raya: posts big blind $0.02
*** HOLE CARDS ***
Dealt to Dorex2007 [2d 2s]
Aguardente2: raises $0.02 to $0.04
luisazwy731: calls $0.04
kent330330: calls $0.04
ConquestadorG: raises $0.16 to $0.20
BiM-WiNNeR: calls $0.20
ElGinoo1: folds 
Dorex2007: folds 
J1raya: folds 
Aguardente2: folds 
luisazwy731: folds 
kent330330: folds 
*** FLOP *** [6h Kc Jd]
ConquestadorG: bets $0.24
BiM-WiNNeR: calls $0.24
*** TURN *** [6h Kc Jd] [Ts]
ConquestadorG: checks 
BiM-WiNNeR: checks 
*** RIVER *** [6h Kc Jd Ts] [4d]
ConquestadorG: checks 
BiM-WiNNeR: bets $0.35
ConquestadorG: folds 
Uncalled bet ($0.35) returned to BiM-WiNNeR
BiM-WiNNeR collected $0.99 from pot
BiM-WiNNeR: doesn't show hand 
*** SUMMARY ***
Total pot $1.03 | Rake $0.04 
Board [6h Kc Jd Ts 4d]
Seat 1: Dorex2007 (small blind) folded before Flop
Seat 2: J1raya (big blind) folded before Flop
Seat 3: Aguardente2 folded before Flop
Seat 4: luisazwy731 folded before Flop
Seat 5: kent330330 folded before Flop
Seat 6: ConquestadorG folded on the River
Seat 7: BiM-WiNNeR collected ($0.99)
Seat 8: ElGinoo1 (button) folded before Flop (didn't bet)



PokerStars Hand #232827834696:  Hold'em No Limit ($0.01/$0.02 USD) - 2022/01/04 17:58:12 PT [2022/01/04 20:58:12 ET]
Table 'Ruchbah IV' 9-max Seat #1 is the button
Seat 1: Dorex2007 ($2 in chips) 
Seat 2: J1raya ($0.89 in chips) 
Seat 3: Aguardente2 ($2.43 in chips) 
Seat 4: luisazwy731 ($4.58 in chips) 
Seat 5: kent330330 ($3.29 in chips) 
Seat 6: ConquestadorG ($2.12 in chips) 
Seat 7: BiM-WiNNeR ($3.38 in chips) 
Seat 8: ElGinoo1 ($1.35 in chips) 
J1raya: posts small blind $0.01
Aguardente2: posts big blind $0.02
Rafa33800774: sits out 
*** HOLE CARDS ***
Dealt to Dorex2007 [4s 6d]
luisazwy731: folds 
kent330330: raises $0.04 to $0.06
ConquestadorG: folds 
BiM-WiNNeR: folds 
ElGinoo1: calls $0.06
Dorex2007: folds 
J1raya: calls $0.05
Aguardente2: calls $0.04
*** FLOP *** [9s 3h 3d]
J1raya: checks 
Aguardente2: checks 
kent330330: checks 
ElGinoo1: checks 
*** TURN *** [9s 3h 3d] [Qh]
J1raya: checks 
Aguardente2: checks 
kent330330: checks 
ElGinoo1: bets $0.16
J1raya: folds 
Aguardente2: folds 
kent330330: folds 
Uncalled bet ($0.16) returned to ElGinoo1
ElGinoo1 collected $0.23 from pot
ElGinoo1: doesn't show hand 
*** SUMMARY ***
Total pot $0.24 | Rake $0.01 
Board [9s 3h 3d Qh]
Seat 1: Dorex2007 (button) folded before Flop (didn't bet)
Seat 2: J1raya (small blind) folded on the Turn
Seat 3: Aguardente2 (big blind) folded on the Turn
Seat 4: luisazwy731 folded before Flop (didn't bet)
Seat 5: kent330330 folded on the Turn
Seat 6: ConquestadorG folded before Flop (didn't bet)
Seat 7: BiM-WiNNeR folded before Flop (didn't bet)
Seat 8: ElGinoo1 collected ($0.23)



PokerStars Hand #232827859429:  Hold'em No Limit ($0.01/$0.02 USD) - 2022/01/04 17:59:17 PT [2022/01/04 20:59:17 ET]
Table 'Ruchbah IV' 9-max Seat #2 is the button
Seat 1: Dorex2007 ($2 in chips) 
Seat 2: J1raya ($0.83 in chips) 
Seat 3: Aguardente2 ($2.37 in chips) 
Seat 4: luisazwy731 ($4.58 in chips) 
Seat 5: kent330330 ($3.23 in chips) 
Seat 6: ConquestadorG ($2.12 in chips) 
Seat 7: BiM-WiNNeR ($3.38 in chips) 
Seat 8: ElGinoo1 ($1.52 in chips) 
Aguardente2: posts small blind $0.01
luisazwy731: posts big blind $0.02
Rafa33800774: sits out 
*** HOLE CARDS ***
Dealt to Dorex2007 [3c Kc]
kent330330: folds 
ConquestadorG: calls $0.02
BiM-WiNNeR: folds 
ElGinoo1: folds 
Dorex2007: folds 
J1raya: calls $0.02
Aguardente2: calls $0.01
luisazwy731: checks 
*** FLOP *** [6h Tc 2c]
Aguardente2: checks 
luisazwy731: bets $0.02
ConquestadorG: calls $0.02
J1raya: folds 
Aguardente2: calls $0.02
*** TURN *** [6h Tc 2c] [5s]
Aguardente2: checks 
luisazwy731: checks 
ConquestadorG: bets $0.14
Aguardente2: folds 
luisazwy731: folds 
Uncalled bet ($0.14) returned to ConquestadorG
ConquestadorG collected $0.14 from pot
ConquestadorG: doesn't show hand 
*** SUMMARY ***
Total pot $0.14 | Rake $0 
Board [6h Tc 2c 5s]
Seat 1: Dorex2007 folded before Flop (didn't bet)
Seat 2: J1raya (button) folded on the Flop
Seat 3: Aguardente2 (small blind) folded on the Turn
Seat 4: luisazwy731 (big blind) folded on the Turn
Seat 5: kent330330 folded before Flop (didn't bet)
Seat 6: ConquestadorG collected ($0.14)
Seat 7: BiM-WiNNeR folded before Flop (didn't bet)
Seat 8: ElGinoo1 folded before Flop (didn't bet)



PokerStars Hand #232827874234:  Hold'em No Limit ($0.01/$0.02 USD) - 2022/01/04 18:00:18 PT [2022/01/04 21:00:18 ET]
Table 'Ruchbah IV' 9-max Seat #3 is the button
Seat 1: Dorex2007 ($2 in chips) 
Seat 2: J1raya ($0.81 in chips) 
Seat 3: Aguardente2 ($2.33 in chips) 
Seat 4: luisazwy731 ($4.54 in chips) 
Seat 5: kent330330 ($3.23 in chips) 
Seat 6: ConquestadorG ($2.22 in chips) 
Seat 7: BiM-WiNNeR ($3.38 in chips) 
Seat 8: ElGinoo1 ($1.52 in chips) 
luisazwy731: posts small blind $0.01
kent330330: posts big blind $0.02
Rafa33800774: sits out 
*** HOLE CARDS ***
Dealt to Dorex2007 [2d 6s]
ConquestadorG: folds 
BiM-WiNNeR: raises $0.04 to $0.06
ElGinoo1: folds 
Dorex2007: folds 
J1raya: calls $0.06
Aguardente2: calls $0.06
luisazwy731: calls $0.05
kent330330: folds 
*** FLOP *** [Kh 2s 7d]
luisazwy731: checks 
BiM-WiNNeR: checks 
J1raya: checks 
Aguardente2: checks 
*** TURN *** [Kh 2s 7d] [6c]
luisazwy731: checks 
BiM-WiNNeR: bets $0.10
J1raya: calls $0.10
Aguardente2: folds 
luisazwy731: calls $0.10
*** RIVER *** [Kh 2s 7d 6c] [3d]
luisazwy731: checks 
BiM-WiNNeR: checks 
J1raya: checks 
*** SHOW DOWN ***
luisazwy731: shows [6h Qh] (a pair of Sixes)
BiM-WiNNeR: shows [8h 8s] (a pair of Eights)
J1raya: mucks hand 
BiM-WiNNeR collected $0.54 from pot
*** SUMMARY ***
Total pot $0.56 | Rake $0.02 
Board [Kh 2s 7d 6c 3d]
Seat 1: Dorex2007 folded before Flop (didn't bet)
Seat 2: J1raya mucked [Ac 7s]
Seat 3: Aguardente2 (button) folded on the Turn
Seat 4: luisazwy731 (small blind) showed [6h Qh] and lost with a pair of Sixes
Seat 5: kent330330 (big blind) folded before Flop
Seat 6: ConquestadorG folded before Flop (didn't bet)
Seat 7: BiM-WiNNeR showed [8h 8s] and won ($0.54) with a pair of Eights
Seat 8: ElGinoo1 folded before Flop (didn't bet)



PokerStars Hand #232827905720:  Hold'em No Limit ($0.01/$0.02 USD) - 2022/01/04 18:01:59 PT [2022/01/04 21:01:59 ET]
Table 'Ruchbah IV' 9-max Seat #4 is the button
Seat 1: Dorex2007 ($2 in chips) 
Seat 2: J1raya ($0.65 in chips) 
Seat 3: Aguardente2 ($2.27 in chips) 
Seat 4: luisazwy731 ($4.38 in chips) 
Seat 5: kent330330 ($3.21 in chips) 
Seat 6: ConquestadorG ($2.22 in chips) 
Seat 7: BiM-WiNNeR ($3.76 in chips) 
Seat 8: ElGinoo1 ($1.52 in chips) 
kent330330: posts small blind $0.01
ConquestadorG: posts big blind $0.02
Rafa33800774: sits out 
*** HOLE CARDS ***
Dealt to Dorex2007 [6c 9h]
BiM-WiNNeR: folds 
ElGinoo1 has timed out
ElGinoo1: folds 
Dorex2007: folds 
J1raya: calls $0.02
Aguardente2: calls $0.02
luisazwy731: calls $0.02
kent330330: calls $0.01
ConquestadorG: checks 
*** FLOP *** [Ah Kc Qs]
kent330330: checks 
ConquestadorG: bets $0.07
J1raya: calls $0.07
Aguardente2: folds 
luisazwy731: calls $0.07
kent330330: folds 
*** TURN *** [Ah Kc Qs] [9d]
ConquestadorG: bets $0.21
J1raya: folds 
luisazwy731: folds 
Uncalled bet ($0.21) returned to ConquestadorG
ConquestadorG collected $0.30 from pot
ConquestadorG: doesn't show hand 
*** SUMMARY ***
Total pot $0.31 | Rake $0.01 
Board [Ah Kc Qs 9d]
Seat 1: Dorex2007 folded before Flop (didn't bet)
Seat 2: J1raya folded on the Turn
Seat 3: Aguardente2 folded on the Flop
Seat 4: luisazwy731 (button) folded on the Turn
Seat 5: kent330330 (small blind) folded on the Flop
Seat 6: ConquestadorG (big blind) collected ($0.30)
Seat 7: BiM-WiNNeR folded before Flop (didn't bet)
Seat 8: ElGinoo1 folded before Flop (didn't bet)



PokerStars Hand #232827927778:  Hold'em No Limit ($0.01/$0.02 USD) - 2022/01/04 18:03:19 PT [2022/01/04 21:03:19 ET]
Table 'Ruchbah IV' 9-max Seat #5 is the button
Seat 1: Dorex2007 ($2 in chips) 
Seat 2: J1raya ($0.56 in chips) 
Seat 3: Aguardente2 ($2.25 in chips) 
Seat 4: luisazwy731 ($4.29 in chips) 
Seat 5: kent330330 ($3.19 in chips) 
Seat 6: ConquestadorG ($2.43 in chips) 
Seat 7: BiM-WiNNeR ($3.76 in chips) 
Seat 8: ElGinoo1 ($1.52 in chips) 
ConquestadorG: posts small blind $0.01
BiM-WiNNeR: posts big blind $0.02
Rafa33800774: sits out 
*** HOLE CARDS ***
Dealt to Dorex2007 [2d Ts]
ElGinoo1 has timed out
ElGinoo1: folds 
Dorex2007: folds 
J1raya: calls $0.02
Aguardente2: calls $0.02
luisazwy731: raises $0.09 to $0.11
kent330330: folds 
ConquestadorG: folds 
BiM-WiNNeR: folds 
J1raya: calls $0.09
Aguardente2: folds 
*** FLOP *** [4c 6d 2c]
J1raya: checks 
luisazwy731: bets $0.20
J1raya: folds 
Uncalled bet ($0.20) returned to luisazwy731
luisazwy731 collected $0.26 from pot
luisazwy731: doesn't show hand 
*** SUMMARY ***
Total pot $0.27 | Rake $0.01 
Board [4c 6d 2c]
Seat 1: Dorex2007 folded before Flop (didn't bet)
Seat 2: J1raya folded on the Flop
Seat 3: Aguardente2 folded before Flop
Seat 4: luisazwy731 collected ($0.26)
Seat 5: kent330330 (button) folded before Flop (didn't bet)
Seat 6: ConquestadorG (small blind) folded before Flop
Seat 7: BiM-WiNNeR (big blind) folded before Flop
Seat 8: ElGinoo1 folded before Flop (didn't bet)



PokerStars Hand #232827942575:  Hold'em No Limit ($0.01/$0.02 USD) - 2022/01/04 18:04:13 PT [2022/01/04 21:04:13 ET]
Table 'Ruchbah IV' 9-max Seat #6 is the button
Seat 1: Dorex2007 ($2 in chips) 
Seat 2: J1raya ($0.45 in chips) 
Seat 3: Aguardente2 ($2.23 in chips) 
Seat 4: luisazwy731 ($4.44 in chips) 
Seat 5: kent330330 ($3.19 in chips) 
Seat 6: ConquestadorG ($2.42 in chips) 
Seat 7: BiM-WiNNeR ($3.74 in chips) 
Seat 8: ElGinoo1 ($1.52 in chips) 
BiM-WiNNeR: posts small blind $0.01
ElGinoo1: posts big blind $0.02
Rafa33800774: sits out 
*** HOLE CARDS ***
Dealt to Dorex2007 [6d Kh]
Dorex2007: folds 
J1raya: calls $0.02
Aguardente2: calls $0.02
luisazwy731: folds 
kent330330: folds 
ConquestadorG: raises $0.10 to $0.12
BiM-WiNNeR: folds 
ElGinoo1: folds 
J1raya: calls $0.10
Aguardente2: folds 
*** FLOP *** [6c 4s 8h]
J1raya: checks 
ConquestadorG: bets $0.34
J1raya: folds 
Uncalled bet ($0.34) returned to ConquestadorG
ConquestadorG collected $0.28 from pot
ConquestadorG: doesn't show hand 
*** SUMMARY ***
Total pot $0.29 | Rake $0.01 
Board [6c 4s 8h]
Seat 1: Dorex2007 folded before Flop (didn't bet)
Seat 2: J1raya folded on the Flop
Seat 3: Aguardente2 folded before Flop
Seat 4: luisazwy731 folded before Flop (didn't bet)
Seat 5: kent330330 folded before Flop (didn't bet)
Seat 6: ConquestadorG (button) collected ($0.28)
Seat 7: BiM-WiNNeR (small blind) folded before Flop
Seat 8: ElGinoo1 (big blind) folded before Flop



PokerStars Hand #232827951338:  Hold'em No Limit ($0.01/$0.02 USD) - 2022/01/04 18:04:45 PT [2022/01/04 21:04:45 ET]
Table 'Ruchbah IV' 9-max Seat #7 is the button
Seat 1: Dorex2007 ($2 in chips) 
Seat 2: J1raya ($0.33 in chips) 
Seat 3: Aguardente2 ($2.21 in chips) 
Seat 4: luisazwy731 ($4.44 in chips) 
Seat 5: kent330330 ($3.19 in chips) 
Seat 6: ConquestadorG ($2.58 in chips) 
Seat 7: BiM-WiNNeR ($3.73 in chips) 
Seat 8: ElGinoo1 ($1.50 in chips) 
Seat 9: Rafa33800774 ($1.60 in chips) 
ElGinoo1: posts small blind $0.01
Rafa33800774: posts big blind $0.02
*** HOLE CARDS ***
Dealt to Dorex2007 [2s 5c]
Dorex2007: folds 
J1raya: calls $0.02
Aguardente2: calls $0.02
luisazwy731 has timed out
luisazwy731: folds 
kent330330: calls $0.02
ConquestadorG: folds 
BiM-WiNNeR: folds 
ElGinoo1: folds 
luisazwy731 leaves the table
Rafa33800774: checks 
*** FLOP *** [9h Ah 2c]
Rafa33800774: checks 
J1raya: checks 
Aguardente2: checks 
kent330330: checks 
*** TURN *** [9h Ah 2c] [3s]
Rafa33800774: checks 
J1raya: checks 
Aguardente2: bets $0.09
KDtemoRF joins the table at seat #4 
kent330330: folds 
Rafa33800774: folds 
J1raya: calls $0.09
*** RIVER *** [9h Ah 2c 3s] [6d]
J1raya: checks 
Aguardente2: bets $0.26
J1raya: folds 
Uncalled bet ($0.26) returned to Aguardente2
Aguardente2 collected $0.26 from pot
Aguardente2: doesn't show hand 
*** SUMMARY ***
Total pot $0.27 | Rake $0.01 
Board [9h Ah 2c 3s 6d]
Seat 1: Dorex2007 folded before Flop (didn't bet)
Seat 2: J1raya folded on the River
Seat 3: Aguardente2 collected ($0.26)
Seat 4: luisazwy731 folded before Flop (didn't bet)
Seat 5: kent330330 folded on the Turn
Seat 6: ConquestadorG folded before Flop (didn't bet)
Seat 7: BiM-WiNNeR (button) folded before Flop (didn't bet)
Seat 8: ElGinoo1 (small blind) folded before Flop
Seat 9: Rafa33800774 (big blind) folded on the Turn



PokerStars Hand #232827972906:  Hold'em No Limit ($0.01/$0.02 USD) - 2022/01/04 18:06:02 PT [2022/01/04 21:06:02 ET]
Table 'Ruchbah IV' 9-max Seat #8 is the button
Seat 1: Dorex2007 ($2 in chips) 
Seat 2: J1raya ($0.22 in chips) 
Seat 3: Aguardente2 ($2.36 in chips) 
Seat 5: kent330330 ($3.17 in chips) 
Seat 6: ConquestadorG ($2.58 in chips) 
Seat 7: BiM-WiNNeR ($3.73 in chips) 
Seat 8: ElGinoo1 ($1.49 in chips) 
Seat 9: Rafa33800774 ($1.58 in chips) 
Rafa33800774: posts small blind $0.01
Dorex2007: posts big blind $0.02
KDtemoRF: sits out 
*** HOLE CARDS ***
Dealt to Dorex2007 [Tc 2s]
J1raya: folds 
Aguardente2: folds 
kent330330: raises $0.04 to $0.06
ConquestadorG: folds 
BiM-WiNNeR: folds 
ElGinoo1: folds 
Rafa33800774: raises $0.14 to $0.20
Dorex2007: folds 
kent330330: calls $0.14
*** FLOP *** [5d Ts 6s]
Rafa33800774: bets $0.41
kent330330: calls $0.41
*** TURN *** [5d Ts 6s] [6h]
Rafa33800774: bets $0.97 and is all-in
kent330330: calls $0.97
kent330330 has timed out
Rafa33800774 has timed out
*** RIVER *** [5d Ts 6s 6h] [Ah]
*** SHOW DOWN ***
Rafa33800774: shows [Ac 5c] (two pair, Aces and Sixes)
kent330330: shows [Ks Js] (a pair of Sixes)
Rafa33800774 collected $3.07 from pot
*** SUMMARY ***
Total pot $3.18 | Rake $0.11 
Board [5d Ts 6s 6h Ah]
Seat 1: Dorex2007 (big blind) folded before Flop
Seat 2: J1raya folded before Flop (didn't bet)
Seat 3: Aguardente2 folded before Flop (didn't bet)
Seat 5: kent330330 showed [Ks Js] and lost with a pair of Sixes
Seat 6: ConquestadorG folded before Flop (didn't bet)
Seat 7: BiM-WiNNeR folded before Flop (didn't bet)
Seat 8: ElGinoo1 (button) folded before Flop (didn't bet)
Seat 9: Rafa33800774 (small blind) showed [Ac 5c] and won ($3.07) with two pair, Aces and Sixes



PokerStars Hand #232827986596:  Hold'em No Limit ($0.01/$0.02 USD) - 2022/01/04 18:06:51 PT [2022/01/04 21:06:51 ET]
Table 'Ruchbah IV' 9-max Seat #9 is the button
Seat 1: Dorex2007 ($2 in chips) 
Seat 2: J1raya ($0.22 in chips) 
Seat 3: Aguardente2 ($2.36 in chips) 
Seat 5: kent330330 ($1.59 in chips) 
Seat 6: ConquestadorG ($2.58 in chips) 
Seat 7: BiM-WiNNeR ($3.73 in chips) 
Seat 8: ElGinoo1 ($1.49 in chips) 
Seat 9: Rafa33800774 ($3.07 in chips) 
Dorex2007: posts small blind $0.01
J1raya: posts big blind $0.02
KDtemoRF: sits out 
*** HOLE CARDS ***
Dealt to Dorex2007 [Jc Qh]
Aguardente2: calls $0.02
kent330330: raises $0.07 to $0.09
ConquestadorG: folds 
BiM-WiNNeR: folds 
ElGinoo1: folds 
Rafa33800774: folds 
Dorex2007: folds 
J1raya: calls $0.07
Aguardente2: folds 
*** FLOP *** [Jd 9c 6s]
J1raya: bets $0.13 and is all-in
kent330330: calls $0.13
*** TURN *** [Jd 9c 6s] [Ks]
*** RIVER *** [Jd 9c 6s Ks] [8d]
*** SHOW DOWN ***
J1raya: shows [Td As] (high card Ace)
kent330330: shows [7s 7d] (a pair of Sevens)
kent330330 collected $0.45 from pot
*** SUMMARY ***
Total pot $0.47 | Rake $0.02 
Board [Jd 9c 6s Ks 8d]
Seat 1: Dorex2007 (small blind) folded before Flop
Seat 2: J1raya (big blind) showed [Td As] and lost with high card Ace
Seat 3: Aguardente2 folded before Flop
Seat 5: kent330330 showed [7s 7d] and won ($0.45) with a pair of Sevens
Seat 6: ConquestadorG folded before Flop (didn't bet)
Seat 7: BiM-WiNNeR folded before Flop (didn't bet)
Seat 8: ElGinoo1 folded before Flop (didn't bet)
Seat 9: Rafa33800774 (button) folded before Flop (didn't bet)



PokerStars Hand #232827998852:  Hold'em No Limit ($0.01/$0.02 USD) - 2022/01/04 18:07:35 PT [2022/01/04 21:07:35 ET]
Table 'Ruchbah IV' 9-max Seat #1 is the button
Seat 1: Dorex2007 ($2 in chips) 
Seat 3: Aguardente2 ($2.34 in chips) 
Seat 4: KDtemoRF ($2 in chips) 
Seat 5: kent330330 ($1.82 in chips) 
Seat 6: ConquestadorG ($2.58 in chips) 
Seat 7: BiM-WiNNeR ($3.73 in chips) 
Seat 8: ElGinoo1 ($1.49 in chips) 
Seat 9: Rafa33800774 ($3.07 in chips) 
Aguardente2: posts small blind $0.01
KDtemoRF: posts big blind $0.02
*** HOLE CARDS ***
Dealt to Dorex2007 [6d 8c]
kent330330: folds 
ConquestadorG: folds 
BiM-WiNNeR: folds 
ElGinoo1: folds 
Rafa33800774: folds 
J1raya leaves the table
Tobiz89 joins the table at seat #2 
Dorex2007: folds 
Aguardente2: calls $0.01
KDtemoRF: checks 
*** FLOP *** [4c 6s 7s]
Aguardente2: checks 
KDtemoRF: checks 
*** TURN *** [4c 6s 7s] [9s]
Aguardente2: checks 
KDtemoRF: checks 
*** RIVER *** [4c 6s 7s 9s] [7c]
Aguardente2: checks 
KDtemoRF: checks 
*** SHOW DOWN ***
Aguardente2: shows [3d Kh] (a pair of Sevens)
KDtemoRF: shows [2c 9d] (two pair, Nines and Sevens)
KDtemoRF collected $0.04 from pot
*** SUMMARY ***
Total pot $0.04 | Rake $0 
Board [4c 6s 7s 9s 7c]
Seat 1: Dorex2007 (button) folded before Flop (didn't bet)
Seat 3: Aguardente2 (small blind) showed [3d Kh] and lost with a pair of Sevens
Seat 4: KDtemoRF (big blind) showed [2c 9d] and won ($0.04) with two pair, Nines and Sevens
Seat 5: kent330330 folded before Flop (didn't bet)
Seat 6: ConquestadorG folded before Flop (didn't bet)
Seat 7: BiM-WiNNeR folded before Flop (didn't bet)
Seat 8: ElGinoo1 folded before Flop (didn't bet)
Seat 9: Rafa33800774 folded before Flop (didn't bet)



PokerStars Hand #232828021990:  Hold'em No Limit ($0.01/$0.02 USD) - 2022/01/04 18:08:44 PT [2022/01/04 21:08:44 ET]
Table 'Ruchbah IV' 9-max Seat #3 is the button
Seat 1: Dorex2007 ($2 in chips) 
Seat 3: Aguardente2 ($2.32 in chips) 
Seat 4: KDtemoRF ($2.02 in chips) 
Seat 5: kent330330 ($1.82 in chips) 
Seat 6: ConquestadorG ($2.58 in chips) 
Seat 7: BiM-WiNNeR ($3.73 in chips) 
Seat 8: ElGinoo1 ($1.49 in chips) 
Seat 9: Rafa33800774 ($3.07 in chips) 
KDtemoRF: posts small blind $0.01
kent330330: posts big blind $0.02
Tobiz89: sits out 
*** HOLE CARDS ***
Dealt to Dorex2007 [5c 9d]
ConquestadorG: raises $0.04 to $0.06
BiM-WiNNeR: folds 
ElGinoo1: calls $0.06
Rafa33800774: folds 
Dorex2007: folds 
Aguardente2: folds 
KDtemoRF: folds 
kent330330: folds 
*** FLOP *** [2d Ad Ts]
ConquestadorG: bets $0.08
ElGinoo1: folds 
Uncalled bet ($0.08) returned to ConquestadorG
ConquestadorG collected $0.14 from pot
ConquestadorG: doesn't show hand 
*** SUMMARY ***
Total pot $0.15 | Rake $0.01 
Board [2d Ad Ts]
Seat 1: Dorex2007 folded before Flop (didn't bet)
Seat 3: Aguardente2 (button) folded before Flop (didn't bet)
Seat 4: KDtemoRF (small blind) folded before Flop
Seat 5: kent330330 (big blind) folded before Flop
Seat 6: ConquestadorG collected ($0.14)
Seat 7: BiM-WiNNeR folded before Flop (didn't bet)
Seat 8: ElGinoo1 folded on the Flop
Seat 9: Rafa33800774 folded before Flop (didn't bet)



PokerStars Hand #232828030422:  Hold'em No Limit ($0.01/$0.02 USD) - 2022/01/04 18:09:15 PT [2022/01/04 21:09:15 ET]
Table 'Ruchbah IV' 9-max Seat #4 is the button
Seat 1: Dorex2007 ($2 in chips) 
Seat 3: Aguardente2 ($2.32 in chips) 
Seat 4: KDtemoRF ($2.01 in chips) 
Seat 5: kent330330 ($1.80 in chips) 
Seat 6: ConquestadorG ($2.66 in chips) 
Seat 7: BiM-WiNNeR ($3.73 in chips) 
Seat 8: ElGinoo1 ($1.43 in chips) 
Seat 9: Rafa33800774 ($3.07 in chips) 
kent330330: posts small blind $0.01
ConquestadorG: posts big blind $0.02
Tobiz89: sits out 
*** HOLE CARDS ***
Dealt to Dorex2007 [2c Ad]
BiM-WiNNeR: folds 
ElGinoo1: raises $0.04 to $0.06
Rafa33800774: calls $0.06
Dorex2007: folds 
Aguardente2: folds 
KDtemoRF: folds 
kent330330: folds 
ConquestadorG: folds 
*** FLOP *** [Qd 9s 7h]
ElGinoo1: bets $0.06
Rafa33800774: calls $0.06
*** TURN *** [Qd 9s 7h] [7d]
ElGinoo1: checks 
Rafa33800774: checks 
*** RIVER *** [Qd 9s 7h 7d] [8s]
ElGinoo1: checks 
Rafa33800774: bets $0.13
ElGinoo1: folds 
Uncalled bet ($0.13) returned to Rafa33800774
Rafa33800774 collected $0.26 from pot
Rafa33800774: doesn't show hand 
*** SUMMARY ***
Total pot $0.27 | Rake $0.01 
Board [Qd 9s 7h 7d 8s]
Seat 1: Dorex2007 folded before Flop (didn't bet)
Seat 3: Aguardente2 folded before Flop (didn't bet)
Seat 4: KDtemoRF (button) folded before Flop (didn't bet)
Seat 5: kent330330 (small blind) folded before Flop
Seat 6: ConquestadorG (big blind) folded before Flop
Seat 7: BiM-WiNNeR folded before Flop (didn't bet)
Seat 8: ElGinoo1 folded on the River
Seat 9: Rafa33800774 collected ($0.26)



PokerStars Hand #232828048051:  Hold'em No Limit ($0.01/$0.02 USD) - 2022/01/04 18:10:18 PT [2022/01/04 21:10:18 ET]
Table 'Ruchbah IV' 9-max Seat #5 is the button
Seat 1: Dorex2007 ($2 in chips) 
Seat 3: Aguardente2 ($2.32 in chips) 
Seat 4: KDtemoRF ($2.01 in chips) 
Seat 5: kent330330 ($1.79 in chips) 
Seat 6: ConquestadorG ($2.64 in chips) 
Seat 7: BiM-WiNNeR ($3.73 in chips) 
Seat 8: ElGinoo1 ($1.31 in chips) 
Seat 9: Rafa33800774 ($3.21 in chips) 
ConquestadorG: posts small blind $0.01
BiM-WiNNeR: posts big blind $0.02
Tobiz89: sits out 
*** HOLE CARDS ***
Dealt to Dorex2007 [Ad 8s]
ElGinoo1: folds 
Rafa33800774: raises $0.02 to $0.04
Dorex2007: folds 
Aguardente2: calls $0.04
KDtemoRF: calls $0.04
kent330330: folds 
ConquestadorG: calls $0.03
BiM-WiNNeR: folds 
*** FLOP *** [3d 6c Kd]
ConquestadorG: checks 
Rafa33800774: checks 
Aguardente2: checks 
KDtemoRF: bets $0.09
ConquestadorG: folds 
Rafa33800774: folds 
Aguardente2: folds 
Uncalled bet ($0.09) returned to KDtemoRF
KDtemoRF collected $0.17 from pot
KDtemoRF: doesn't show hand 
*** SUMMARY ***
Total pot $0.18 | Rake $0.01 
Board [3d 6c Kd]
Seat 1: Dorex2007 folded before Flop (didn't bet)
Seat 3: Aguardente2 folded on the Flop
Seat 4: KDtemoRF collected ($0.17)
Seat 5: kent330330 (button) folded before Flop (didn't bet)
Seat 6: ConquestadorG (small blind) folded on the Flop
Seat 7: BiM-WiNNeR (big blind) folded before Flop
Seat 8: ElGinoo1 folded before Flop (didn't bet)
Seat 9: Rafa33800774 folded on the Flop



PokerStars Hand #232828057405:  Hold'em No Limit ($0.01/$0.02 USD) - 2022/01/04 18:10:51 PT [2022/01/04 21:10:51 ET]
Table 'Ruchbah IV' 9-max Seat #6 is the button
Seat 1: Dorex2007 ($2 in chips) 
Seat 3: Aguardente2 ($2.28 in chips) 
Seat 4: KDtemoRF ($2.14 in chips) 
Seat 5: kent330330 ($1.79 in chips) 
Seat 6: ConquestadorG ($2.60 in chips) 
Seat 7: BiM-WiNNeR ($3.71 in chips) 
Seat 8: ElGinoo1 ($1.31 in chips) 
Seat 9: Rafa33800774 ($3.17 in chips) 
BiM-WiNNeR: posts small blind $0.01
ElGinoo1: posts big blind $0.02
Tobiz89: sits out 
*** HOLE CARDS ***
Dealt to Dorex2007 [Ks 5d]
Rafa33800774 has timed out
Rafa33800774: folds 
Dorex2007: folds 
Aguardente2: calls $0.02
KDtemoRF: folds 
kent330330: folds 
ConquestadorG: folds 
BiM-WiNNeR: folds 
ElGinoo1: checks 
*** FLOP *** [3s 2s Ac]
ElGinoo1 has timed out
ElGinoo1: checks 
Aguardente2: bets $0.05
ElGinoo1: folds 
Uncalled bet ($0.05) returned to Aguardente2
Aguardente2 collected $0.05 from pot
Aguardente2: doesn't show hand 
*** SUMMARY ***
Total pot $0.05 | Rake $0 
Board [3s 2s Ac]
Seat 1: Dorex2007 folded before Flop (didn't bet)
Seat 3: Aguardente2 collected ($0.05)
Seat 4: KDtemoRF folded before Flop (didn't bet)
Seat 5: kent330330 folded before Flop (didn't bet)
Seat 6: ConquestadorG (button) folded before Flop (didn't bet)
Seat 7: BiM-WiNNeR (small blind) folded before Flop
Seat 8: ElGinoo1 (big blind) folded on the Flop
Seat 9: Rafa33800774 folded before Flop (didn't bet)



PokerStars Hand #232828077081:  Hold'em No Limit ($0.01/$0.02 USD) - 2022/01/04 18:12:02 PT [2022/01/04 21:12:02 ET]
Table 'Ruchbah IV' 9-max Seat #7 is the button
Seat 1: Dorex2007 ($2 in chips) 
Seat 3: Aguardente2 ($2.31 in chips) 
Seat 4: KDtemoRF ($2.14 in chips) 
Seat 5: kent330330 ($1.79 in chips) 
Seat 6: ConquestadorG ($2.60 in chips) 
Seat 7: BiM-WiNNeR ($3.70 in chips) 
Seat 8: ElGinoo1 ($1.29 in chips) 
Seat 9: Rafa33800774 ($3.17 in chips) 
ElGinoo1: posts small blind $0.01
Rafa33800774: posts big blind $0.02
Tobiz89: sits out 
*** HOLE CARDS ***
Dealt to Dorex2007 [Qd 5d]
Dorex2007: folds 
Aguardente2: calls $0.02
KDtemoRF: folds 
kent330330: folds 
ConquestadorG: folds 
BiM-WiNNeR: folds 
ElGinoo1: folds 
Rafa33800774: raises $0.02 to $0.04
Aguardente2: calls $0.02
*** FLOP *** [5h Kh 8s]
Rafa33800774: checks 
Aguardente2: checks 
*** TURN *** [5h Kh 8s] [Qh]
Rafa33800774: checks 
Aguardente2: bets $0.05
Rafa33800774: folds 
Uncalled bet ($0.05) returned to Aguardente2
Aguardente2 collected $0.09 from pot
Aguardente2: doesn't show hand 
*** SUMMARY ***
Total pot $0.09 | Rake $0 
Board [5h Kh 8s Qh]
Seat 1: Dorex2007 folded before Flop (didn't bet)
Seat 3: Aguardente2 collected ($0.09)
Seat 4: KDtemoRF folded before Flop (didn't bet)
Seat 5: kent330330 folded before Flop (didn't bet)
Seat 6: ConquestadorG folded before Flop (didn't bet)
Seat 7: BiM-WiNNeR (button) folded before Flop (didn't bet)
Seat 8: ElGinoo1 (small blind) folded before Flop
Seat 9: Rafa33800774 (big blind) folded on the Turn



PokerStars Hand #232828097595:  Hold'em No Limit ($0.01/$0.02 USD) - 2022/01/04 18:13:18 PT [2022/01/04 21:13:18 ET]
Table 'Ruchbah IV' 9-max Seat #8 is the button
Seat 1: Dorex2007 ($2 in chips) 
Seat 3: Aguardente2 ($2.36 in chips) 
Seat 4: KDtemoRF ($2.14 in chips) 
Seat 5: kent330330 ($1.79 in chips) 
Seat 6: ConquestadorG ($2.60 in chips) 
Seat 7: BiM-WiNNeR ($3.70 in chips) 
Seat 8: ElGinoo1 ($1.28 in chips) 
Seat 9: Rafa33800774 ($3.13 in chips) 
Rafa33800774: posts small blind $0.01
Dorex2007: posts big blind $0.02
Tobiz89: sits out 
*** HOLE CARDS ***
Dealt to Dorex2007 [As Qd]
Aguardente2: folds 
KDtemoRF: raises $0.04 to $0.06
kent330330: folds 
ConquestadorG: folds 
BiM-WiNNeR: calls $0.06
ElGinoo1 has timed out
ElGinoo1: folds 
Rafa33800774: folds 
Dorex2007: calls $0.04
*** FLOP *** [9c Ks 5c]
Dorex2007: checks 
KDtemoRF: checks 
BiM-WiNNeR: checks 
*** TURN *** [9c Ks 5c] [3c]
Dorex2007: checks 
KDtemoRF: checks 
BiM-WiNNeR: checks 
*** RIVER *** [9c Ks 5c 3c] [Qs]
Dorex2007: bets $0.09
KDtemoRF: folds 
BiM-WiNNeR: folds 
Uncalled bet ($0.09) returned to Dorex2007
Dorex2007 collected $0.18 from pot
Dorex2007: doesn't show hand 
*** SUMMARY ***
Total pot $0.19 | Rake $0.01 
Board [9c Ks 5c 3c Qs]
Seat 1: Dorex2007 (big blind) collected ($0.18)
Seat 3: Aguardente2 folded before Flop (didn't bet)
Seat 4: KDtemoRF folded on the River
Seat 5: kent330330 folded before Flop (didn't bet)
Seat 6: ConquestadorG folded before Flop (didn't bet)
Seat 7: BiM-WiNNeR folded on the River
Seat 8: ElGinoo1 (button) folded before Flop (didn't bet)
Seat 9: Rafa33800774 (small blind) folded before Flop



PokerStars Hand #232828119151:  Hold'em No Limit ($0.01/$0.02 USD) - 2022/01/04 18:14:37 PT [2022/01/04 21:14:37 ET]
Table 'Ruchbah IV' 9-max Seat #9 is the button
Seat 1: Dorex2007 ($2.12 in chips) 
Seat 2: Tobiz89 ($2 in chips) 
Seat 3: Aguardente2 ($2.36 in chips) 
Seat 4: KDtemoRF ($2.08 in chips) 
Seat 5: kent330330 ($1.79 in chips) 
Seat 6: ConquestadorG ($2.60 in chips) 
Seat 7: BiM-WiNNeR ($3.64 in chips) 
Seat 9: Rafa33800774 ($3.12 in chips) 
Dorex2007: posts small blind $0.01
Tobiz89: posts big blind $0.02
*** HOLE CARDS ***
Dealt to Dorex2007 [Jd 3c]
Aguardente2: calls $0.02
KDtemoRF: folds 
kent330330: raises $0.07 to $0.09
ConquestadorG: folds 
BiM-WiNNeR: folds 
Rafa33800774: calls $0.09
Dorex2007: folds 
Tobiz89: folds 
Aguardente2: folds 
*** FLOP *** [5s 6c Ts]
kent330330: bets $0.15
Rafa33800774: calls $0.15
*** TURN *** [5s 6c Ts] [Kc]
kent330330: bets $0.20
Rafa33800774: calls $0.20
*** RIVER *** [5s 6c Ts Kc] [3h]
kent330330: bets $0.45
Rafa33800774: calls $0.45
*** SHOW DOWN ***
kent330330: shows [As Js] (high card Ace)
Rafa33800774: shows [2h 3d] (a pair of Threes)
Rafa33800774 collected $1.77 from pot
*** SUMMARY ***
Total pot $1.83 | Rake $0.06 
Board [5s 6c Ts Kc 3h]
Seat 1: Dorex2007 (small blind) folded before Flop
Seat 2: Tobiz89 (big blind) folded before Flop
Seat 3: Aguardente2 folded before Flop
Seat 4: KDtemoRF folded before Flop (didn't bet)
Seat 5: kent330330 showed [As Js] and lost with high card Ace
Seat 6: ConquestadorG folded before Flop (didn't bet)
Seat 7: BiM-WiNNeR folded before Flop (didn't bet)
Seat 9: Rafa33800774 (button) showed [2h 3d] and won ($1.77) with a pair of Threes



PokerStars Hand #232828143095:  Hold'em No Limit ($0.01/$0.02 USD) - 2022/01/04 18:15:33 PT [2022/01/04 21:15:33 ET]
Table 'Ruchbah IV' 9-max Seat #1 is the button
Seat 1: Dorex2007 ($2.11 in chips) 
Seat 2: Tobiz89 ($2 in chips) 
Seat 3: Aguardente2 ($2.34 in chips) 
Seat 4: KDtemoRF ($2.08 in chips) 
Seat 5: kent330330 ($0.90 in chips) 
Seat 6: ConquestadorG ($2.60 in chips) 
Seat 7: BiM-WiNNeR ($3.64 in chips) 
Seat 8: ElGinoo1 ($1.28 in chips) 
Seat 9: Rafa33800774 ($4 in chips) 
Tobiz89: posts small blind $0.01
Aguardente2: posts big blind $0.02
*** HOLE CARDS ***
Dealt to Dorex2007 [Kd Jc]
KDtemoRF: folds 
kent330330: folds 
ConquestadorG: folds 
BiM-WiNNeR: raises $0.04 to $0.06
ElGinoo1: folds 
Rafa33800774: folds 
Dorex2007: folds 
Tobiz89: folds 
Aguardente2: folds 
Uncalled bet ($0.04) returned to BiM-WiNNeR
BiM-WiNNeR collected $0.05 from pot
BiM-WiNNeR: doesn't show hand 
*** SUMMARY ***
Total pot $0.05 | Rake $0 
Seat 1: Dorex2007 (button) folded before Flop (didn't bet)
Seat 2: Tobiz89 (small blind) folded before Flop
Seat 3: Aguardente2 (big blind) folded before Flop
Seat 4: KDtemoRF folded before Flop (didn't bet)
Seat 5: kent330330 folded before Flop (didn't bet)
Seat 6: ConquestadorG folded before Flop (didn't bet)
Seat 7: BiM-WiNNeR collected ($0.05)
Seat 8: ElGinoo1 folded before Flop (didn't bet)
Seat 9: Rafa33800774 folded before Flop (didn't bet)



PokerStars Hand #232828150987:  Hold'em No Limit ($0.01/$0.02 USD) - 2022/01/04 18:16:02 PT [2022/01/04 21:16:02 ET]
Table 'Ruchbah IV' 9-max Seat #2 is the button
Seat 1: Dorex2007 ($2.11 in chips) 
Seat 2: Tobiz89 ($2 in chips) 
Seat 3: Aguardente2 ($2.32 in chips) 
Seat 4: KDtemoRF ($2.08 in chips) 
Seat 5: kent330330 ($0.90 in chips) 
Seat 6: ConquestadorG ($2.60 in chips) 
Seat 7: BiM-WiNNeR ($3.67 in chips) 
Seat 8: ElGinoo1 ($1.28 in chips) 
Seat 9: Rafa33800774 ($4 in chips) 
Aguardente2: posts small blind $0.01
KDtemoRF: posts big blind $0.02
*** HOLE CARDS ***
Dealt to Dorex2007 [Ts Jd]
kent330330: raises $0.05 to $0.07
ConquestadorG: folds 
BiM-WiNNeR: calls $0.07
ElGinoo1: calls $0.07
Rafa33800774: folds 
Dorex2007: folds 
Tobiz89: folds 
Aguardente2: folds 
KDtemoRF: calls $0.05
*** FLOP *** [2c 3c 7d]
KDtemoRF: checks 
kent330330: bets $0.21
BiM-WiNNeR: folds 
ElGinoo1: folds 
KDtemoRF: folds 
Uncalled bet ($0.21) returned to kent330330
kent330330 collected $0.28 from pot
kent330330: doesn't show hand 
*** SUMMARY ***
Total pot $0.29 | Rake $0.01 
Board [2c 3c 7d]
Seat 1: Dorex2007 folded before Flop (didn't bet)
Seat 2: Tobiz89 (button) folded before Flop (didn't bet)
Seat 3: Aguardente2 (small blind) folded before Flop
Seat 4: KDtemoRF (big blind) folded on the Flop
Seat 5: kent330330 collected ($0.28)
Seat 6: ConquestadorG folded before Flop (didn't bet)
Seat 7: BiM-WiNNeR folded on the Flop
Seat 8: ElGinoo1 folded on the Flop
Seat 9: Rafa33800774 folded before Flop (didn't bet)



PokerStars Hand #232828162210:  Hold'em No Limit ($0.01/$0.02 USD) - 2022/01/04 18:16:43 PT [2022/01/04 21:16:43 ET]
Table 'Ruchbah IV' 9-max Seat #3 is the button
Seat 1: Dorex2007 ($2.11 in chips) 
Seat 2: Tobiz89 ($2 in chips) 
Seat 3: Aguardente2 ($2.31 in chips) 
Seat 4: KDtemoRF ($2.01 in chips) 
Seat 6: ConquestadorG ($2.60 in chips) 
Seat 7: BiM-WiNNeR ($3.60 in chips) 
Seat 8: ElGinoo1 ($1.21 in chips) 
Seat 9: Rafa33800774 ($4 in chips) 
KDtemoRF: posts small blind $0.01
kent330330: is sitting out 
ConquestadorG: posts big blind $0.02
*** HOLE CARDS ***
Dealt to Dorex2007 [9s 7c]
BiM-WiNNeR: folds 
ElGinoo1: folds 
Rafa33800774 has timed out
Rafa33800774: folds 
Dorex2007: folds 
Tobiz89: folds 
Aguardente2: calls $0.02
KDtemoRF: calls $0.01
ConquestadorG: checks 
*** FLOP *** [4c Qs 2h]
KDtemoRF: checks 
ConquestadorG: checks 
Aguardente2: checks 
*** TURN *** [4c Qs 2h] [8c]
KDtemoRF: checks 
ConquestadorG: checks 
Aguardente2: bets $0.06
KDtemoRF: folds 
ConquestadorG: raises $0.18 to $0.24
Aguardente2: folds 
Uncalled bet ($0.18) returned to ConquestadorG
ConquestadorG collected $0.17 from pot
ConquestadorG: doesn't show hand 
*** SUMMARY ***
Total pot $0.18 | Rake $0.01 
Board [4c Qs 2h 8c]
Seat 1: Dorex2007 folded before Flop (didn't bet)
Seat 2: Tobiz89 folded before Flop (didn't bet)
Seat 3: Aguardente2 (button) folded on the Turn
Seat 4: KDtemoRF (small blind) folded on the Turn
Seat 6: ConquestadorG (big blind) collected ($0.17)
Seat 7: BiM-WiNNeR folded before Flop (didn't bet)
Seat 8: ElGinoo1 folded before Flop (didn't bet)
Seat 9: Rafa33800774 folded before Flop (didn't bet)



PokerStars Hand #232828184038:  Hold'em No Limit ($0.01/$0.02 USD) - 2022/01/04 18:18:03 PT [2022/01/04 21:18:03 ET]
Table 'Ruchbah IV' 9-max Seat #4 is the button
Seat 1: Dorex2007 ($2.11 in chips) 
Seat 2: Tobiz89 ($2 in chips) 
Seat 3: Aguardente2 ($2.23 in chips) 
Seat 4: KDtemoRF ($2 in chips) 
Seat 6: ConquestadorG ($2.69 in chips) 
Seat 7: BiM-WiNNeR ($3.60 in chips) 
Seat 8: ElGinoo1 ($1.21 in chips) 
Seat 9: Rafa33800774 ($4 in chips) 
ConquestadorG: posts small blind $0.01
BiM-WiNNeR: posts big blind $0.02
*** HOLE CARDS ***
Dealt to Dorex2007 [Qh Qs]
ElGinoo1: folds 
Rafa33800774: raises $0.02 to $0.04
Dorex2007: calls $0.04
Tobiz89: folds 
Aguardente2: calls $0.04
KDtemoRF: calls $0.04
ConquestadorG: folds 
BiM-WiNNeR: folds 
*** FLOP *** [Ad 5c 7s]
Rafa33800774: checks 
Dorex2007: checks 
Aguardente2: bets $0.04
ElGinoo1 leaves the table
KDtemoRF: folds 
Rafa33800774: calls $0.04
Dorex2007: folds 
*** TURN *** [Ad 5c 7s] [Td]
Rafa33800774: checks 
Aguardente2: checks 
*** RIVER *** [Ad 5c 7s Td] [Qd]
Rafa33800774: checks 
Aguardente2: bets $0.06
Rafa33800774: folds 
Uncalled bet ($0.06) returned to Aguardente2
Aguardente2 collected $0.26 from pot
Aguardente2: doesn't show hand 
*** SUMMARY ***
Total pot $0.27 | Rake $0.01 
Board [Ad 5c 7s Td Qd]
Seat 1: Dorex2007 folded on the Flop
Seat 2: Tobiz89 folded before Flop (didn't bet)
Seat 3: Aguardente2 collected ($0.26)
Seat 4: KDtemoRF (button) folded on the Flop
Seat 6: ConquestadorG (small blind) folded before Flop
Seat 7: BiM-WiNNeR (big blind) folded before Flop
Seat 8: ElGinoo1 folded before Flop (didn't bet)
Seat 9: Rafa33800774 folded on the River



PokerStars Hand #232828201091:  Hold'em No Limit ($0.01/$0.02 USD) - 2022/01/04 18:19:06 PT [2022/01/04 21:19:06 ET]
Table 'Ruchbah IV' 9-max Seat #6 is the button
Seat 1: Dorex2007 ($2.07 in chips) 
Seat 2: Tobiz89 ($2 in chips) 
Seat 3: Aguardente2 ($2.41 in chips) 
Seat 4: KDtemoRF ($2 in chips) 
Seat 6: ConquestadorG ($2.68 in chips) 
Seat 7: BiM-WiNNeR ($3.58 in chips) 
Seat 9: Rafa33800774 ($3.92 in chips) 
BiM-WiNNeR: posts small blind $0.01
Rafa33800774: posts big blind $0.02
*** HOLE CARDS ***
Dealt to Dorex2007 [4s 5s]
Dorex2007: folds 
Tobiz89: folds 
Aguardente2: calls $0.02
KDtemoRF: folds 
ConquestadorG: folds 
BiM-WiNNeR: folds 
Rafa33800774: checks 
*** FLOP *** [7c Ts 6s]
Rafa33800774: checks 
Aguardente2: bets $0.05
Rafa33800774: calls $0.05
*** TURN *** [7c Ts 6s] [9h]
xxreshetxx joins the table at seat #8 
Rafa33800774: checks 
Aguardente2: checks 
*** RIVER *** [7c Ts 6s 9h] [6d]
Rafa33800774: bets $0.07
Aguardente2: folds 
Uncalled bet ($0.07) returned to Rafa33800774
Rafa33800774 collected $0.14 from pot
Rafa33800774: doesn't show hand 
*** SUMMARY ***
Total pot $0.15 | Rake $0.01 
Board [7c Ts 6s 9h 6d]
Seat 1: Dorex2007 folded before Flop (didn't bet)
Seat 2: Tobiz89 folded before Flop (didn't bet)
Seat 3: Aguardente2 folded on the River
Seat 4: KDtemoRF folded before Flop (didn't bet)
Seat 6: ConquestadorG (button) folded before Flop (didn't bet)
Seat 7: BiM-WiNNeR (small blind) folded before Flop
Seat 9: Rafa33800774 (big blind) collected ($0.14)



PokerStars Hand #232828216292:  Hold'em No Limit ($0.01/$0.02 USD) - 2022/01/04 18:19:47 PT [2022/01/04 21:19:47 ET]
Table 'Ruchbah IV' 9-max Seat #7 is the button
Seat 1: Dorex2007 ($2.07 in chips) 
Seat 2: Tobiz89 ($2 in chips) 
Seat 3: Aguardente2 ($2.34 in chips) 
Seat 4: KDtemoRF ($2 in chips) 
Seat 6: ConquestadorG ($2.68 in chips) 
Seat 7: BiM-WiNNeR ($3.57 in chips) 
Seat 9: Rafa33800774 ($3.99 in chips) 
Rafa33800774: posts small blind $0.01
Dorex2007: posts big blind $0.02
*** HOLE CARDS ***
Dealt to Dorex2007 [Ac 4c]
Tobiz89: folds 
Aguardente2: folds 
KDtemoRF: raises $0.04 to $0.06
ConquestadorG: folds 
BiM-WiNNeR: folds 
Rafa33800774: calls $0.05
Dorex2007: folds 
*** FLOP *** [6h 9d Ts]
Rafa33800774: checks 
KDtemoRF: bets $0.07
Rafa33800774: calls $0.07
*** TURN *** [6h 9d Ts] [Jh]
Rafa33800774: checks 
KDtemoRF: checks 
*** RIVER *** [6h 9d Ts Jh] [5d]
Rafa33800774: bets $0.14
KDtemoRF: folds 
Uncalled bet ($0.14) returned to Rafa33800774
Rafa33800774 collected $0.27 from pot
Rafa33800774: doesn't show hand 
*** SUMMARY ***
Total pot $0.28 | Rake $0.01 
Board [6h 9d Ts Jh 5d]
Seat 1: Dorex2007 (big blind) folded before Flop
Seat 2: Tobiz89 folded before Flop (didn't bet)
Seat 3: Aguardente2 folded before Flop (didn't bet)
Seat 4: KDtemoRF folded on the River
Seat 6: ConquestadorG folded before Flop (didn't bet)
Seat 7: BiM-WiNNeR (button) folded before Flop (didn't bet)
Seat 9: Rafa33800774 (small blind) collected ($0.27)



PokerStars Hand #232828233320:  Hold'em No Limit ($0.01/$0.02 USD) - 2022/01/04 18:20:50 PT [2022/01/04 21:20:50 ET]
Table 'Ruchbah IV' 9-max Seat #9 is the button
Seat 1: Dorex2007 ($2.05 in chips) 
Seat 2: Tobiz89 ($2 in chips) 
Seat 3: Aguardente2 ($2.34 in chips) 
Seat 4: KDtemoRF ($2 in chips) 
Seat 6: ConquestadorG ($2.68 in chips) 
Seat 7: BiM-WiNNeR ($3.57 in chips) 
Seat 8: xxreshetxx ($0.80 in chips) 
Seat 9: Rafa33800774 ($4.13 in chips) 
Dorex2007: posts small blind $0.01
Tobiz89: posts big blind $0.02
kent330330: sits out 
xxreshetxx: posts big blind $0.02
*** HOLE CARDS ***
Dealt to Dorex2007 [9c 7c]
Aguardente2: calls $0.02
KDtemoRF: folds 
ConquestadorG: folds 
BiM-WiNNeR: folds 
xxreshetxx: checks 
Rafa33800774: folds 
Dorex2007: folds 
Tobiz89: checks 
*** FLOP *** [Ad Js As]
Tobiz89: bets $0.05
Aguardente2: calls $0.05
xxreshetxx: folds 
*** TURN *** [Ad Js As] [5h]
Tobiz89: bets $0.09
Aguardente2: folds 
Uncalled bet ($0.09) returned to Tobiz89
Tobiz89 collected $0.16 from pot
Tobiz89: doesn't show hand 
*** SUMMARY ***
Total pot $0.17 | Rake $0.01 
Board [Ad Js As 5h]
Seat 1: Dorex2007 (small blind) folded before Flop
Seat 2: Tobiz89 (big blind) collected ($0.16)
Seat 3: Aguardente2 folded on the Turn
Seat 4: KDtemoRF folded before Flop (didn't bet)
Seat 6: ConquestadorG folded before Flop (didn't bet)
Seat 7: BiM-WiNNeR folded before Flop (didn't bet)
Seat 8: xxreshetxx folded on the Flop (didn't bet)
Seat 9: Rafa33800774 (button) folded before Flop (didn't bet)



PokerStars Hand #232828257166:  Hold'em No Limit ($0.01/$0.02 USD) - 2022/01/04 18:21:47 PT [2022/01/04 21:21:47 ET]
Table 'Ruchbah IV' 9-max Seat #1 is the button
Seat 1: Dorex2007 ($2.04 in chips) 
Seat 2: Tobiz89 ($2.09 in chips) 
Seat 3: Aguardente2 ($2.27 in chips) 
Seat 4: KDtemoRF ($2 in chips) 
Seat 6: ConquestadorG ($2.68 in chips) 
Seat 7: BiM-WiNNeR ($3.57 in chips) 
Seat 8: xxreshetxx ($0.78 in chips) 
Seat 9: Rafa33800774 ($4.13 in chips) 
Tobiz89: posts small blind $0.01
Aguardente2: posts big blind $0.02
kent330330: sits out 
*** HOLE CARDS ***
Dealt to Dorex2007 [7c 9c]
KDtemoRF: raises $0.04 to $0.06
ConquestadorG: folds 
BiM-WiNNeR: folds 
xxreshetxx: calls $0.06
Rafa33800774: calls $0.06
Dorex2007: folds 
Tobiz89: folds 
Aguardente2: raises $0.04 to $0.10
KDtemoRF: calls $0.04
xxreshetxx: calls $0.04
Rafa33800774: calls $0.04
*** FLOP *** [6d Qc 4c]
Aguardente2: bets $0.06
KDtemoRF: folds 
xxreshetxx: calls $0.06
Rafa33800774: calls $0.06
*** TURN *** [6d Qc 4c] [6c]
Aguardente2: bets $0.02
xxreshetxx: calls $0.02
Rafa33800774: raises $0.32 to $0.34
Aguardente2: folds 
xxreshetxx: folds 
Uncalled bet ($0.32) returned to Rafa33800774
Rafa33800774 collected $0.63 from pot
Rafa33800774: doesn't show hand 
*** SUMMARY ***
Total pot $0.65 | Rake $0.02 
Board [6d Qc 4c 6c]
Seat 1: Dorex2007 (button) folded before Flop (didn't bet)
Seat 2: Tobiz89 (small blind) folded before Flop
Seat 3: Aguardente2 (big blind) folded on the Turn
Seat 4: KDtemoRF folded on the Flop
Seat 6: ConquestadorG folded before Flop (didn't bet)
Seat 7: BiM-WiNNeR folded before Flop (didn't bet)
Seat 8: xxreshetxx folded on the Turn
Seat 9: Rafa33800774 collected ($0.63)



PokerStars Hand #232828277592:  Hold'em No Limit ($0.01/$0.02 USD) - 2022/01/04 18:23:04 PT [2022/01/04 21:23:04 ET]
Table 'Ruchbah IV' 9-max Seat #2 is the button
Seat 1: Dorex2007 ($2.04 in chips) 
Seat 2: Tobiz89 ($2.08 in chips) 
Seat 3: Aguardente2 ($2.09 in chips) 
Seat 4: KDtemoRF ($2 in chips) 
Seat 6: ConquestadorG ($2.68 in chips) 
Seat 7: BiM-WiNNeR ($3.57 in chips) 
Seat 8: xxreshetxx ($0.60 in chips) 
Seat 9: Rafa33800774 ($4.58 in chips) 
Aguardente2: posts small blind $0.01
KDtemoRF: posts big blind $0.02
kent330330: sits out 
*** HOLE CARDS ***
Dealt to Dorex2007 [8d Ah]
ConquestadorG: folds 
BiM-WiNNeR: raises $0.04 to $0.06
ConquestadorG leaves the table
xxreshetxx: calls $0.06
Rafa33800774: calls $0.06
Dorex2007: folds 
Tobiz89: folds 
Aguardente2: folds 
KDtemoRF: folds 
*** FLOP *** [As 7c 6h]
BiM-WiNNeR: checks 
xxreshetxx: checks 
Rafa33800774: checks 
*** TURN *** [As 7c 6h] [Ad]
BiM-WiNNeR: checks 
Mike_Junction56 joins the table at seat #6 
xxreshetxx: bets $0.20
Rafa33800774: folds 
BiM-WiNNeR: folds 
Uncalled bet ($0.20) returned to xxreshetxx
xxreshetxx collected $0.20 from pot
xxreshetxx: doesn't show hand 
*** SUMMARY ***
Total pot $0.21 | Rake $0.01 
Board [As 7c 6h Ad]
Seat 1: Dorex2007 folded before Flop (didn't bet)
Seat 2: Tobiz89 (button) folded before Flop (didn't bet)
Seat 3: Aguardente2 (small blind) folded before Flop
Seat 4: KDtemoRF (big blind) folded before Flop
Seat 6: ConquestadorG folded before Flop (didn't bet)
Seat 7: BiM-WiNNeR folded on the Turn
Seat 8: xxreshetxx collected ($0.20)
Seat 9: Rafa33800774 folded on the Turn



PokerStars Hand #232828290355:  Hold'em No Limit ($0.01/$0.02 USD) - 2022/01/04 18:23:51 PT [2022/01/04 21:23:51 ET]
Table 'Ruchbah IV' 9-max Seat #3 is the button
Seat 1: Dorex2007 ($2.04 in chips) 
Seat 2: Tobiz89 ($2.08 in chips) 
Seat 3: Aguardente2 ($2.08 in chips) 
Seat 4: KDtemoRF ($2 in chips) 
Seat 5: kent330330 ($1.11 in chips) 
Seat 6: Mike_Junction56 ($2 in chips) 
Seat 7: BiM-WiNNeR ($3.51 in chips) 
Seat 8: xxreshetxx ($0.74 in chips) 
Seat 9: Rafa33800774 ($4.52 in chips) 
KDtemoRF: posts small blind $0.01
kent330330: posts big blind $0.02
Mike_Junction56: posts big blind $0.02
*** HOLE CARDS ***
Dealt to Dorex2007 [Qh Jc]
Mike_Junction56: checks 
BiM-WiNNeR: folds 
xxreshetxx: calls $0.02
Rafa33800774: folds 
Dorex2007: calls $0.02
Tobiz89: raises $0.10 to $0.12
Aguardente2: folds 
KDtemoRF: folds 
kent330330: folds 
Mike_Junction56: folds 
xxreshetxx: folds 
Dorex2007: folds 
Uncalled bet ($0.10) returned to Tobiz89
Tobiz89 collected $0.11 from pot
Tobiz89: doesn't show hand 
*** SUMMARY ***
Total pot $0.11 | Rake $0 
Seat 1: Dorex2007 folded before Flop
Seat 2: Tobiz89 collected ($0.11)
Seat 3: Aguardente2 (button) folded before Flop (didn't bet)
Seat 4: KDtemoRF (small blind) folded before Flop
Seat 5: kent330330 (big blind) folded before Flop
Seat 6: Mike_Junction56 folded before Flop (didn't bet)
Seat 7: BiM-WiNNeR folded before Flop (didn't bet)
Seat 8: xxreshetxx folded before Flop
Seat 9: Rafa33800774 folded before Flop (didn't bet)



PokerStars Hand #232828380354:  Hold'em No Limit ($0.01/$0.02 USD) - 2022/01/04 18:29:29 PT [2022/01/04 21:29:29 ET]
Table 'Ruchbah IV' 9-max Seat #2 is the button
Seat 1: Dorex2007 ($2.02 in chips) 
Seat 2: Tobiz89 ($2.21 in chips) 
Seat 3: Aguardente2 ($2.19 in chips) 
Seat 4: KDtemoRF ($2.72 in chips) 
Seat 5: kent330330 ($1.88 in chips) 
Seat 6: Mike_Junction56 ($2.80 in chips) 
Seat 7: BiM-WiNNeR ($3.53 in chips) 
Seat 9: Rafa33800774 ($3.41 in chips) 
Aguardente2: posts small blind $0.01
KDtemoRF: posts big blind $0.02
Stoney487: sits out 
Dorex2007: posts small & big blinds $0.03
*** HOLE CARDS ***
Dealt to Dorex2007 [3h 6d]
kent330330: folds 
Mike_Junction56: raises $0.04 to $0.06
BiM-WiNNeR: folds 
Rafa33800774: calls $0.06
Dorex2007: folds 
Tobiz89: folds 
Aguardente2: calls $0.05
KDtemoRF: folds 
*** FLOP *** [Tc Kc 8d]
Aguardente2: bets $0.06
Mike_Junction56: calls $0.06
Rafa33800774: folds 
*** TURN *** [Tc Kc 8d] [9h]
Aguardente2: bets $0.06
Mike_Junction56: raises $0.08 to $0.14
Aguardente2: calls $0.08
*** RIVER *** [Tc Kc 8d 9h] [3s]
Aguardente2: checks 
Mike_Junction56: bets $0.78
Aguardente2: folds 
Uncalled bet ($0.78) returned to Mike_Junction56
Mike_Junction56 collected $0.61 from pot
Mike_Junction56: doesn't show hand 
*** SUMMARY ***
Total pot $0.63 | Rake $0.02 
Board [Tc Kc 8d 9h 3s]
Seat 1: Dorex2007 folded before Flop (didn't bet)
Seat 2: Tobiz89 (button) folded before Flop (didn't bet)
Seat 3: Aguardente2 (small blind) folded on the River
Seat 4: KDtemoRF (big blind) folded before Flop
Seat 5: kent330330 folded before Flop (didn't bet)
Seat 6: Mike_Junction56 collected ($0.61)
Seat 7: BiM-WiNNeR folded before Flop (didn't bet)
Seat 9: Rafa33800774 folded on the Flop



PokerStars Hand #232828406085:  Hold'em No Limit ($0.01/$0.02 USD) - 2022/01/04 18:30:39 PT [2022/01/04 21:30:39 ET]
Table 'Ruchbah IV' 9-max Seat #3 is the button
Seat 1: Dorex2007 ($2 in chips) 
Seat 2: Tobiz89 ($2.21 in chips) 
Seat 3: Aguardente2 ($1.93 in chips) 
Seat 4: KDtemoRF ($2.70 in chips) 
Seat 5: kent330330 ($1.88 in chips) 
Seat 6: Mike_Junction56 ($3.15 in chips) 
Seat 7: BiM-WiNNeR ($3.53 in chips) 
Seat 9: Rafa33800774 ($3.35 in chips) 
KDtemoRF: posts small blind $0.01
kent330330: posts big blind $0.02
Stoney487: sits out 
*** HOLE CARDS ***
Dealt to Dorex2007 [Jh 2c]
Mike_Junction56: folds 
BiM-WiNNeR: folds 
Rafa33800774: raises $0.02 to $0.04
Dorex2007: folds 
Tobiz89: folds 
Aguardente2: calls $0.04
KDtemoRF: calls $0.03
kent330330: calls $0.02
*** FLOP *** [Js 5s 5c]
KDtemoRF: checks 
kent330330: bets $0.10
Rafa33800774: calls $0.10
Aguardente2: folds 
KDtemoRF: folds 
*** TURN *** [Js 5s 5c] [7h]
kent330330: bets $0.14
Rafa33800774: calls $0.14
*** RIVER *** [Js 5s 5c 7h] [Qc]
kent330330: bets $0.25
Rafa33800774: calls $0.25
*** SHOW DOWN ***
kent330330: shows [8c Jc] (two pair, Jacks and Fives)
Rafa33800774: mucks hand 
kent330330 collected $1.10 from pot
*** SUMMARY ***
Total pot $1.14 | Rake $0.04 
Board [Js 5s 5c 7h Qc]
Seat 1: Dorex2007 folded before Flop (didn't bet)
Seat 2: Tobiz89 folded before Flop (didn't bet)
Seat 3: Aguardente2 (button) folded on the Flop
Seat 4: KDtemoRF (small blind) folded on the Flop
Seat 5: kent330330 (big blind) showed [8c Jc] and won ($1.10) with two pair, Jacks and Fives
Seat 6: Mike_Junction56 folded before Flop (didn't bet)
Seat 7: BiM-WiNNeR folded before Flop (didn't bet)
Seat 9: Rafa33800774 mucked [7s 6s]



PokerStars Hand #232828419601:  Hold'em No Limit ($0.01/$0.02 USD) - 2022/01/04 18:31:31 PT [2022/01/04 21:31:31 ET]
Table 'Ruchbah IV' 9-max Seat #4 is the button
Seat 1: Dorex2007 ($2 in chips) 
Seat 2: Tobiz89 ($2.21 in chips) 
Seat 3: Aguardente2 ($1.89 in chips) 
Seat 4: KDtemoRF ($2.66 in chips) 
Seat 5: kent330330 ($2.45 in chips) 
Seat 6: Mike_Junction56 ($3.15 in chips) 
Seat 7: BiM-WiNNeR ($3.53 in chips) 
Seat 9: Rafa33800774 ($2.82 in chips) 
kent330330: posts small blind $0.01
Mike_Junction56: posts big blind $0.02
Stoney487: sits out 
*** HOLE CARDS ***
Dealt to Dorex2007 [5d 6s]
BiM-WiNNeR: folds 
Rafa33800774: folds 
Dorex2007: folds 
Tobiz89: raises $0.04 to $0.06
Aguardente2: folds 
KDtemoRF: folds 
kent330330: folds 
Mike_Junction56: folds 
Uncalled bet ($0.04) returned to Tobiz89
Tobiz89 collected $0.05 from pot
Tobiz89: doesn't show hand 
*** SUMMARY ***
Total pot $0.05 | Rake $0 
Seat 1: Dorex2007 folded before Flop (didn't bet)
Seat 2: Tobiz89 collected ($0.05)
Seat 3: Aguardente2 folded before Flop (didn't bet)
Seat 4: KDtemoRF (button) folded before Flop (didn't bet)
Seat 5: kent330330 (small blind) folded before Flop
Seat 6: Mike_Junction56 (big blind) folded before Flop
Seat 7: BiM-WiNNeR folded before Flop (didn't bet)
Seat 9: Rafa33800774 folded before Flop (didn't bet)



PokerStars Hand #232828425184:  Hold'em No Limit ($0.01/$0.02 USD) - 2022/01/04 18:31:52 PT [2022/01/04 21:31:52 ET]
Table 'Ruchbah IV' 9-max Seat #5 is the button
Seat 1: Dorex2007 ($2 in chips) 
Seat 2: Tobiz89 ($2.24 in chips) 
Seat 3: Aguardente2 ($1.89 in chips) 
Seat 4: KDtemoRF ($2.66 in chips) 
Seat 5: kent330330 ($2.44 in chips) 
Seat 6: Mike_Junction56 ($3.13 in chips) 
Seat 8: Stoney487 ($2 in chips) 
Seat 9: Rafa33800774 ($2.82 in chips) 
Mike_Junction56: posts small blind $0.01
BiM-WiNNeR: is sitting out 
BiM-WiNNeR leaves the table
Stoney487: posts big blind $0.02
*** HOLE CARDS ***
Dealt to Dorex2007 [3c Qd]
Rafa33800774: folds 
Dorex2007: folds 
Tobiz89: folds 
Aguardente2: calls $0.02
KDtemoRF: folds 
kent330330: folds 
Mike_Junction56: calls $0.01
Stoney487: raises $0.06 to $0.08
Aguardente2: folds 
redneckgardener joins the table at seat #7 
Mike_Junction56: folds 
Uncalled bet ($0.06) returned to Stoney487
Stoney487 collected $0.06 from pot
Stoney487: doesn't show hand 
*** SUMMARY ***
Total pot $0.06 | Rake $0 
Seat 1: Dorex2007 folded before Flop (didn't bet)
Seat 2: Tobiz89 folded before Flop (didn't bet)
Seat 3: Aguardente2 folded before Flop
Seat 4: KDtemoRF folded before Flop (didn't bet)
Seat 5: kent330330 (button) folded before Flop (didn't bet)
Seat 6: Mike_Junction56 (small blind) folded before Flop
Seat 8: Stoney487 (big blind) collected ($0.06)
Seat 9: Rafa33800774 folded before Flop (didn't bet)



PokerStars Hand #232828432835:  Hold'em No Limit ($0.01/$0.02 USD) - 2022/01/04 18:32:21 PT [2022/01/04 21:32:21 ET]
Table 'Ruchbah IV' 9-max Seat #6 is the button
Seat 1: Dorex2007 ($2 in chips) 
Seat 2: Tobiz89 ($2.24 in chips) 
Seat 3: Aguardente2 ($1.87 in chips) 
Seat 4: KDtemoRF ($2.66 in chips) 
Seat 5: kent330330 ($2.44 in chips) 
Seat 6: Mike_Junction56 ($3.11 in chips) 
Seat 8: Stoney487 ($2.04 in chips) 
Seat 9: Rafa33800774 ($2.82 in chips) 
Stoney487: posts small blind $0.01
Rafa33800774: posts big blind $0.02
*** HOLE CARDS ***
Dealt to Dorex2007 [Qh 6d]
Dorex2007: folds 
Tobiz89: folds 
Aguardente2: calls $0.02
KDtemoRF: folds 
kent330330: raises $0.07 to $0.09
Mike_Junction56: folds 
Stoney487: folds 
Rafa33800774: folds 
Aguardente2: folds 
Uncalled bet ($0.07) returned to kent330330
Aguardente2 leaves the table
kent330330 collected $0.07 from pot
kent330330: doesn't show hand 
*** SUMMARY ***
Total pot $0.07 | Rake $0 
Seat 1: Dorex2007 folded before Flop (didn't bet)
Seat 2: Tobiz89 folded before Flop (didn't bet)
Seat 3: Aguardente2 folded before Flop
Seat 4: KDtemoRF folded before Flop (didn't bet)
Seat 5: kent330330 collected ($0.07)
Seat 6: Mike_Junction56 (button) folded before Flop (didn't bet)
Seat 8: Stoney487 (small blind) folded before Flop
Seat 9: Rafa33800774 (big blind) folded before Flop



PokerStars Hand #232828441764:  Hold'em No Limit ($0.01/$0.02 USD) - 2022/01/04 18:32:55 PT [2022/01/04 21:32:55 ET]
Table 'Ruchbah IV' 9-max Seat #8 is the button
Seat 1: Dorex2007 ($2 in chips) 
Seat 2: Tobiz89 ($2.24 in chips) 
Seat 4: KDtemoRF ($2.66 in chips) 
Seat 5: kent330330 ($2.49 in chips) 
Seat 6: Mike_Junction56 ($3.11 in chips) 
Seat 7: redneckgardener ($0.80 in chips) 
Seat 8: Stoney487 ($2.03 in chips) 
Seat 9: Rafa33800774 ($2.80 in chips) 
Rafa33800774: posts small blind $0.01
Dorex2007: posts big blind $0.02
redneckgardener: posts big blind $0.02
*** HOLE CARDS ***
Dealt to Dorex2007 [3c As]
Tobiz89: folds 
KDtemoRF: folds 
kent330330: folds 
Mike_Junction56: folds 
redneckgardener: checks 
Stoney487: raises $0.06 to $0.08
Rafa33800774: raises $0.20 to $0.28
Dorex2007: folds 
redneckgardener: folds 
Stoney487: calls $0.20
*** FLOP *** [Ad 8c Ac]
Rafa33800774: checks 
Stoney487: bets $0.28
Rafa33800774: raises $2.24 to $2.52 and is all-in
Stoney487: calls $1.47 and is all-in
Uncalled bet ($0.77) returned to Rafa33800774
*** TURN *** [Ad 8c Ac] [2d]
*** RIVER *** [Ad 8c Ac 2d] [6h]
*** SHOW DOWN ***
Rafa33800774: shows [Kh Jc] (a pair of Aces)
Stoney487: shows [Ah Kc] (three of a kind, Aces)
Stoney487 collected $3.96 from pot
Rafa33800774 cashed out the hand for $0.07
*** SUMMARY ***
Total pot $4.10 | Rake $0.14 
Board [Ad 8c Ac 2d 6h]
Seat 1: Dorex2007 (big blind) folded before Flop
Seat 2: Tobiz89 folded before Flop (didn't bet)
Seat 4: KDtemoRF folded before Flop (didn't bet)
Seat 5: kent330330 folded before Flop (didn't bet)
Seat 6: Mike_Junction56 folded before Flop (didn't bet)
Seat 7: redneckgardener folded before Flop (didn't bet)
Seat 8: Stoney487 (button) showed [Ah Kc] and won ($3.96) with three of a kind, Aces
Seat 9: Rafa33800774 (small blind) showed [Kh Jc] and lost with a pair of Aces (cashed out).



PokerStars Hand #232828463588:  Hold'em No Limit ($0.01/$0.02 USD) - 2022/01/04 18:34:02 PT [2022/01/04 21:34:02 ET]
Table 'Ruchbah IV' 9-max Seat #9 is the button
Seat 1: Dorex2007 ($2 in chips) 
Seat 2: Tobiz89 ($2.24 in chips) 
Seat 4: KDtemoRF ($2.66 in chips) 
Seat 5: kent330330 ($2.49 in chips) 
Seat 6: Mike_Junction56 ($3.11 in chips) 
Seat 7: redneckgardener ($0.78 in chips) 
Seat 8: Stoney487 ($3.96 in chips) 
Seat 9: Rafa33800774 ($0.84 in chips) 
Dorex2007: posts small blind $0.01
Tobiz89: posts big blind $0.02
*** HOLE CARDS ***
Dealt to Dorex2007 [2d 4h]
KDtemoRF: folds 
kent330330: folds 
Mike_Junction56: raises $0.04 to $0.06
redneckgardener: folds 
Stoney487: folds 
Rafa33800774: calls $0.06
Dorex2007: folds 
Tobiz89: folds 
*** FLOP *** [Ah 7h 8c]
tomashovka55 joins the table at seat #3 
Mike_Junction56: bets $0.08
Rafa33800774: calls $0.08
*** TURN *** [Ah 7h 8c] [9h]
Dorex2007 said, "glad I folded, you'd of taken my stack too"
Mike_Junction56: bets $0.16
Rafa33800774: calls $0.16
*** RIVER *** [Ah 7h 8c 9h] [Qh]
Mike_Junction56: bets $0.42
Rafa33800774: raises $0.12 to $0.54 and is all-in
Mike_Junction56: calls $0.12
*** SHOW DOWN ***
Rafa33800774: shows [5d 6s] (a straight, Five to Nine)
Mike_Junction56: shows [Kc Kd] (a pair of Kings)
Rafa33800774 collected $1.65 from pot
*** SUMMARY ***
Total pot $1.71 | Rake $0.06 
Board [Ah 7h 8c 9h Qh]
Seat 1: Dorex2007 (small blind) folded before Flop
Seat 2: Tobiz89 (big blind) folded before Flop
Seat 4: KDtemoRF folded before Flop (didn't bet)
Seat 5: kent330330 folded before Flop (didn't bet)
Seat 6: Mike_Junction56 showed [Kc Kd] and lost with a pair of Kings
Seat 7: redneckgardener folded before Flop (didn't bet)
Seat 8: Stoney487 folded before Flop (didn't bet)
Seat 9: Rafa33800774 (button) showed [5d 6s] and won ($1.65) with a straight, Five to Nine



PokerStars Hand #232828479034:  Hold'em No Limit ($0.01/$0.02 USD) - 2022/01/04 18:35:02 PT [2022/01/04 21:35:02 ET]
Table 'Ruchbah IV' 9-max Seat #1 is the button
Seat 1: Dorex2007 ($2 in chips) 
Seat 2: Tobiz89 ($2.22 in chips) 
Seat 3: tomashovka55 ($2 in chips) 
Seat 4: KDtemoRF ($2.66 in chips) 
Seat 5: kent330330 ($2.49 in chips) 
Seat 6: Mike_Junction56 ($2.27 in chips) 
Seat 7: redneckgardener ($0.78 in chips) 
Seat 8: Stoney487 ($3.96 in chips) 
Seat 9: Rafa33800774 ($1.65 in chips) 
Tobiz89: posts small blind $0.01
tomashovka55: posts big blind $0.02
*** HOLE CARDS ***
Dealt to Dorex2007 [5d 7d]
KDtemoRF: folds 
kent330330: folds 
Stoney487 said, "It kinda played itself, lol"
Mike_Junction56: folds 
redneckgardener: folds 
Stoney487: raises $0.04 to $0.06
Rafa33800774: calls $0.06
Dorex2007: folds 
Tobiz89: raises $0.24 to $0.30
tomashovka55: folds 
Stoney487: folds 
Rafa33800774: calls $0.24
*** FLOP *** [Qs 6d 7s]
Tobiz89: bets $0.33
Rafa33800774: folds 
Uncalled bet ($0.33) returned to Tobiz89
Tobiz89 collected $0.66 from pot
Tobiz89: doesn't show hand 
*** SUMMARY ***
Total pot $0.68 | Rake $0.02 
Board [Qs 6d 7s]
Seat 1: Dorex2007 (button) folded before Flop (didn't bet)
Seat 2: Tobiz89 (small blind) collected ($0.66)
Seat 3: tomashovka55 (big blind) folded before Flop
Seat 4: KDtemoRF folded before Flop (didn't bet)
Seat 5: kent330330 folded before Flop (didn't bet)
Seat 6: Mike_Junction56 folded before Flop (didn't bet)
Seat 7: redneckgardener folded before Flop (didn't bet)
Seat 8: Stoney487 folded before Flop
Seat 9: Rafa33800774 folded on the Flop



PokerStars Hand #232828490755:  Hold'em No Limit ($0.01/$0.02 USD) - 2022/01/04 18:35:46 PT [2022/01/04 21:35:46 ET]
Table 'Ruchbah IV' 9-max Seat #2 is the button
Seat 1: Dorex2007 ($2 in chips) 
Seat 2: Tobiz89 ($2.58 in chips) 
Seat 3: tomashovka55 ($2 in chips) 
Seat 4: KDtemoRF ($2.66 in chips) 
Seat 5: kent330330 ($2.49 in chips) 
Seat 6: Mike_Junction56 ($2.27 in chips) 
Seat 7: redneckgardener ($0.78 in chips) 
Seat 8: Stoney487 ($3.90 in chips) 
Seat 9: Rafa33800774 ($1.35 in chips) 
tomashovka55: posts small blind $0.01
KDtemoRF: posts big blind $0.02
*** HOLE CARDS ***
Dealt to Dorex2007 [7s 6h]
kent330330: calls $0.02
Mike_Junction56: folds 
redneckgardener: raises $0.02 to $0.04
Stoney487: folds 
Rafa33800774: raises $0.13 to $0.17
Dorex2007: folds 
Tobiz89: folds 
tomashovka55: folds 
KDtemoRF: folds 
kent330330: folds 
redneckgardener: calls $0.13
*** FLOP *** [3d 2c 8c]
redneckgardener: checks 
Rafa33800774: bets $0.19
redneckgardener: calls $0.19
*** TURN *** [3d 2c 8c] [9c]
redneckgardener: checks 
Rafa33800774: bets $0.99 and is all-in
redneckgardener: calls $0.42 and is all-in
Uncalled bet ($0.57) returned to Rafa33800774
*** RIVER *** [3d 2c 8c 9c] [Kd]
*** SHOW DOWN ***
redneckgardener: shows [9h Th] (a pair of Nines)
Rafa33800774: shows [8s As] (a pair of Eights)
redneckgardener collected $1.55 from pot
Rafa33800774 cashed out the hand for $0.17
*** SUMMARY ***
Total pot $1.61 | Rake $0.06 
Board [3d 2c 8c 9c Kd]
Seat 1: Dorex2007 folded before Flop (didn't bet)
Seat 2: Tobiz89 (button) folded before Flop (didn't bet)
Seat 3: tomashovka55 (small blind) folded before Flop
Seat 4: KDtemoRF (big blind) folded before Flop
Seat 5: kent330330 folded before Flop
Seat 6: Mike_Junction56 folded before Flop (didn't bet)
Seat 7: redneckgardener showed [9h Th] and won ($1.55) with a pair of Nines
Seat 8: Stoney487 folded before Flop (didn't bet)
Seat 9: Rafa33800774 showed [8s As] and lost with a pair of Eights (cashed out).



PokerStars Hand #232828507078:  Hold'em No Limit ($0.01/$0.02 USD) - 2022/01/04 18:36:47 PT [2022/01/04 21:36:47 ET]
Table 'Ruchbah IV' 9-max Seat #3 is the button
Seat 1: Dorex2007 ($2 in chips) 
Seat 2: Tobiz89 ($2.58 in chips) 
Seat 3: tomashovka55 ($2 in chips) 
Seat 4: KDtemoRF ($2.64 in chips) 
Seat 5: kent330330 ($2.47 in chips) 
Seat 6: Mike_Junction56 ($2.27 in chips) 
Seat 7: redneckgardener ($1.55 in chips) 
Seat 8: Stoney487 ($3.90 in chips) 
Seat 9: Rafa33800774 ($0.74 in chips) 
KDtemoRF: posts small blind $0.01
kent330330: posts big blind $0.02
*** HOLE CARDS ***
Dealt to Dorex2007 [8s 7d]
Mike_Junction56: folds 
redneckgardener: raises $0.02 to $0.04
Stoney487: folds 
Rafa33800774: calls $0.04
Dorex2007: folds 
Tobiz89: folds 
tomashovka55: folds 
KDtemoRF: folds 
kent330330: folds 
*** FLOP *** [Ah Kd Ad]
redneckgardener: checks 
Rafa33800774: checks 
*** TURN *** [Ah Kd Ad] [5s]
redneckgardener: checks 
Rafa33800774: checks 
*** RIVER *** [Ah Kd Ad 5s] [Jc]
redneckgardener: checks 
Rafa33800774: checks 
*** SHOW DOWN ***
redneckgardener: shows [Td Tc] (two pair, Aces and Tens)
Rafa33800774: mucks hand 
redneckgardener collected $0.11 from pot
*** SUMMARY ***
Total pot $0.11 | Rake $0 
Board [Ah Kd Ad 5s Jc]
Seat 1: Dorex2007 folded before Flop (didn't bet)
Seat 2: Tobiz89 folded before Flop (didn't bet)
Seat 3: tomashovka55 (button) folded before Flop (didn't bet)
Seat 4: KDtemoRF (small blind) folded before Flop
Seat 5: kent330330 (big blind) folded before Flop
Seat 6: Mike_Junction56 folded before Flop (didn't bet)
Seat 7: redneckgardener showed [Td Tc] and won ($0.11) with two pair, Aces and Tens
Seat 8: Stoney487 folded before Flop (didn't bet)
Seat 9: Rafa33800774 mucked [6s 9s]



PokerStars Hand #232828520697:  Hold'em No Limit ($0.01/$0.02 USD) - 2022/01/04 18:37:39 PT [2022/01/04 21:37:39 ET]
Table 'Ruchbah IV' 9-max Seat #4 is the button
Seat 1: Dorex2007 ($2 in chips) 
Seat 2: Tobiz89 ($2.58 in chips) 
Seat 3: tomashovka55 ($2 in chips) 
Seat 4: KDtemoRF ($2.63 in chips) 
Seat 5: kent330330 ($2.45 in chips) 
Seat 6: Mike_Junction56 ($2.27 in chips) 
Seat 7: redneckgardener ($1.62 in chips) 
Seat 8: Stoney487 ($3.90 in chips) 
Seat 9: Rafa33800774 ($0.70 in chips) 
kent330330: posts small blind $0.01
Mike_Junction56: posts big blind $0.02
*** HOLE CARDS ***
Dealt to Dorex2007 [7c 3d]
redneckgardener: folds 
Stoney487: raises $0.04 to $0.06
Rafa33800774: folds 
Dorex2007: folds 
Tobiz89: folds 
tomashovka55: folds 
KDtemoRF: folds 
kent330330: calls $0.05
Mike_Junction56: calls $0.04
*** FLOP *** [5c 5d 7d]
kent330330: checks 
Mike_Junction56: bets $0.10
Stoney487: calls $0.10
kent330330: calls $0.10
*** TURN *** [5c 5d 7d] [3s]
kent330330: checks 
Mike_Junction56: bets $0.30
Stoney487: folds 
kent330330: folds 
Uncalled bet ($0.30) returned to Mike_Junction56
Mike_Junction56 collected $0.46 from pot
Mike_Junction56: doesn't show hand 
*** SUMMARY ***
Total pot $0.48 | Rake $0.02 
Board [5c 5d 7d 3s]
Seat 1: Dorex2007 folded before Flop (didn't bet)
Seat 2: Tobiz89 folded before Flop (didn't bet)
Seat 3: tomashovka55 folded before Flop (didn't bet)
Seat 4: KDtemoRF (button) folded before Flop (didn't bet)
Seat 5: kent330330 (small blind) folded on the Turn
Seat 6: Mike_Junction56 (big blind) collected ($0.46)
Seat 7: redneckgardener folded before Flop (didn't bet)
Seat 8: Stoney487 folded on the Turn
Seat 9: Rafa33800774 folded before Flop (didn't bet)



PokerStars Hand #232828536079:  Hold'em No Limit ($0.01/$0.02 USD) - 2022/01/04 18:38:37 PT [2022/01/04 21:38:37 ET]
Table 'Ruchbah IV' 9-max Seat #5 is the button
Seat 1: Dorex2007 ($2 in chips) 
Seat 2: Tobiz89 ($2.58 in chips) 
Seat 3: tomashovka55 ($2 in chips) 
Seat 4: KDtemoRF ($2.63 in chips) 
Seat 5: kent330330 ($2.29 in chips) 
Seat 6: Mike_Junction56 ($2.57 in chips) 
Seat 7: redneckgardener ($1.62 in chips) 
Seat 8: Stoney487 ($3.74 in chips) 
Seat 9: Rafa33800774 ($0.70 in chips) 
Mike_Junction56: posts small blind $0.01
redneckgardener: posts big blind $0.02
*** HOLE CARDS ***
Dealt to Dorex2007 [2h 7c]
Stoney487: raises $0.04 to $0.06
Rafa33800774: raises $0.15 to $0.21
Dorex2007: folds 
Tobiz89: folds 
tomashovka55: folds 
KDtemoRF: folds 
kent330330: folds 
Mike_Junction56: folds 
redneckgardener: folds 
Stoney487: raises $3.53 to $3.74 and is all-in
Rafa33800774: calls $0.49 and is all-in
Uncalled bet ($3.04) returned to Stoney487
Rafa33800774 has timed out
*** FLOP *** [9h 5d Qh]
*** TURN *** [9h 5d Qh] [5c]
*** RIVER *** [9h 5d Qh 5c] [2d]
*** SHOW DOWN ***
Stoney487: shows [Qd Ad] (two pair, Queens and Fives)
Rafa33800774: shows [8s 8c] (two pair, Eights and Fives)
Stoney487 collected $1.38 from pot
*** SUMMARY ***
Total pot $1.43 | Rake $0.05 
Board [9h 5d Qh 5c 2d]
Seat 1: Dorex2007 folded before Flop (didn't bet)
Seat 2: Tobiz89 folded before Flop (didn't bet)
Seat 3: tomashovka55 folded before Flop (didn't bet)
Seat 4: KDtemoRF folded before Flop (didn't bet)
Seat 5: kent330330 (button) folded before Flop (didn't bet)
Seat 6: Mike_Junction56 (small blind) folded before Flop
Seat 7: redneckgardener (big blind) folded before Flop
Seat 8: Stoney487 showed [Qd Ad] and won ($1.38) with two pair, Queens and Fives
Seat 9: Rafa33800774 showed [8s 8c] and lost with two pair, Eights and Fives



PokerStars Hand #232828548791:  Hold'em No Limit ($0.01/$0.02 USD) - 2022/01/04 18:39:24 PT [2022/01/04 21:39:24 ET]
Table 'Ruchbah IV' 9-max Seat #6 is the button
Seat 1: Dorex2007 ($2 in chips) 
Seat 2: Tobiz89 ($2.58 in chips) 
Seat 3: tomashovka55 ($2 in chips) 
Seat 4: KDtemoRF ($2.63 in chips) 
Seat 5: kent330330 ($2.29 in chips) 
Seat 6: Mike_Junction56 ($2.56 in chips) 
Seat 7: redneckgardener ($1.60 in chips) 
Seat 8: Stoney487 ($4.42 in chips) 
redneckgardener: posts small blind $0.01
Stoney487: posts big blind $0.02
*** HOLE CARDS ***
Dealt to Dorex2007 [Tc Ks]
Dorex2007: folds 
Tobiz89: folds 
tomashovka55: raises $0.03 to $0.05
KDtemoRF: folds 
kent330330: folds 
Mike_Junction56: folds 
redneckgardener: calls $0.04
Rafa33800774 leaves the table
Stoney487: folds 
*** FLOP *** [9h 5d 3c]
redneckgardener: bets $0.08
tomashovka55: folds 
Uncalled bet ($0.08) returned to redneckgardener
redneckgardener collected $0.12 from pot
redneckgardener: doesn't show hand 
*** SUMMARY ***
Total pot $0.12 | Rake $0 
Board [9h 5d 3c]
Seat 1: Dorex2007 folded before Flop (didn't bet)
Seat 2: Tobiz89 folded before Flop (didn't bet)
Seat 3: tomashovka55 folded on the Flop
Seat 4: KDtemoRF folded before Flop (didn't bet)
Seat 5: kent330330 folded before Flop (didn't bet)
Seat 6: Mike_Junction56 (button) folded before Flop (didn't bet)
Seat 7: redneckgardener (small blind) collected ($0.12)
Seat 8: Stoney487 (big blind) folded before Flop



PokerStars Hand #232828559166:  Hold'em No Limit ($0.01/$0.02 USD) - 2022/01/04 18:40:02 PT [2022/01/04 21:40:02 ET]
Table 'Ruchbah IV' 9-max Seat #7 is the button
Seat 1: Dorex2007 ($2 in chips) 
Seat 3: tomashovka55 ($2 in chips) 
Seat 4: KDtemoRF ($2.63 in chips) 
Seat 5: kent330330 ($2.29 in chips) 
Seat 6: Mike_Junction56 ($2.56 in chips) 
Seat 7: redneckgardener ($1.67 in chips) 
Seat 8: Stoney487 ($4.40 in chips) 
Stoney487: posts small blind $0.01
Dorex2007: posts big blind $0.02
*** HOLE CARDS ***
Dealt to Dorex2007 [4c Ts]
tomashovka55: folds 
KDtemoRF: folds 
kent330330: folds 
Mike_Junction56: folds 
redneckgardener: folds 
Stoney487: folds 
Uncalled bet ($0.01) returned to Dorex2007
Dorex2007 collected $0.02 from pot
Dorex2007: doesn't show hand 
*** SUMMARY ***
Total pot $0.02 | Rake $0 
Seat 1: Dorex2007 (big blind) collected ($0.02)
Seat 3: tomashovka55 folded before Flop (didn't bet)
Seat 4: KDtemoRF folded before Flop (didn't bet)
Seat 5: kent330330 folded before Flop (didn't bet)
Seat 6: Mike_Junction56 folded before Flop (didn't bet)
Seat 7: redneckgardener (button) folded before Flop (didn't bet)
Seat 8: Stoney487 (small blind) folded before Flop



PokerStars Hand #232828564968:  Hold'em No Limit ($0.01/$0.02 USD) - 2022/01/04 18:40:24 PT [2022/01/04 21:40:24 ET]
Table 'Ruchbah IV' 9-max Seat #8 is the button
Seat 1: Dorex2007 ($2.01 in chips) 
Seat 3: tomashovka55 ($2 in chips) 
Seat 4: KDtemoRF ($2.63 in chips) 
Seat 5: kent330330 ($2.29 in chips) 
Seat 6: Mike_Junction56 ($2.56 in chips) 
Seat 7: redneckgardener ($1.67 in chips) 
Seat 8: Stoney487 ($4.39 in chips) 
Dorex2007: posts small blind $0.01
tomashovka55: posts big blind $0.02
*** HOLE CARDS ***
Dealt to Dorex2007 [Kc As]
KDtemoRF: folds 
kent330330: folds 
Mike_Junction56: raises $0.04 to $0.06
redneckgardener: folds 
Stoney487: folds 
Dorex2007: calls $0.05
redneckgardener leaves the table
tomashovka55: folds 
*** FLOP *** [Ah 9d 2c]
Dorex2007: checks 
Mike_Junction56: checks 
*** TURN *** [Ah 9d 2c] [Ad]
Dorex2007: bets $0.09
Mike_Junction56: calls $0.09
*** RIVER *** [Ah 9d 2c Ad] [6s]
Dorex2007: bets $0.40
Mike_Junction56: calls $0.40
*** SHOW DOWN ***
Dorex2007: shows [Kc As] (three of a kind, Aces)
Mike_Junction56: shows [Kd Ac] (three of a kind, Aces)
Dorex2007 collected $0.54 from pot
Mike_Junction56 collected $0.54 from pot
*** SUMMARY ***
Total pot $1.12 | Rake $0.04 
Board [Ah 9d 2c Ad 6s]
Seat 1: Dorex2007 (small blind) showed [Kc As] and won ($0.54) with three of a kind, Aces
Seat 3: tomashovka55 (big blind) folded before Flop
Seat 4: KDtemoRF folded before Flop (didn't bet)
Seat 5: kent330330 folded before Flop (didn't bet)
Seat 6: Mike_Junction56 showed [Kd Ac] and won ($0.54) with three of a kind, Aces
Seat 7: redneckgardener folded before Flop (didn't bet)
Seat 8: Stoney487 (button) folded before Flop (didn't bet)



PokerStars Hand #232828580442:  Hold'em No Limit ($0.01/$0.02 USD) - 2022/01/04 18:41:22 PT [2022/01/04 21:41:22 ET]
Table 'Ruchbah IV' 9-max Seat #1 is the button
Seat 1: Dorex2007 ($2 in chips) 
Seat 3: tomashovka55 ($2 in chips) 
Seat 5: kent330330 ($2.29 in chips) 
Seat 6: Mike_Junction56 ($2.55 in chips) 
Seat 8: Stoney487 ($4.39 in chips) 
tomashovka55: posts small blind $0.01
KDtemoRF: is sitting out 
KDtemoRF leaves the table
kent330330: posts big blind $0.02
*** HOLE CARDS ***
Dealt to Dorex2007 [6s 8c]
Mike_Junction56: folds 
Stoney487: folds 
Dorex2007: folds 
tomashovka55: folds 
Uncalled bet ($0.01) returned to kent330330
kent330330 collected $0.02 from pot
kent330330: doesn't show hand 
*** SUMMARY ***
Total pot $0.02 | Rake $0 
Seat 1: Dorex2007 (button) folded before Flop (didn't bet)
Seat 3: tomashovka55 (small blind) folded before Flop
Seat 5: kent330330 (big blind) collected ($0.02)
Seat 6: Mike_Junction56 folded before Flop (didn't bet)
Seat 8: Stoney487 folded before Flop (didn't bet)



PokerStars Hand #232828583836:  Hold'em No Limit ($0.01/$0.02 USD) - 2022/01/04 18:41:35 PT [2022/01/04 21:41:35 ET]
Table 'Ruchbah IV' 9-max Seat #3 is the button
Seat 1: Dorex2007 ($2 in chips) 
Seat 3: tomashovka55 ($2 in chips) 
Seat 5: kent330330 ($2.30 in chips) 
Seat 6: Mike_Junction56 ($2.55 in chips) 
Seat 8: Stoney487 ($4.39 in chips) 
kent330330: posts small blind $0.01
Mike_Junction56: posts big blind $0.02
*** HOLE CARDS ***
Dealt to Dorex2007 [8c 7d]
Stoney487: folds 
Dorex2007: folds 
tomashovka55: folds 
kent330330: folds 
Uncalled bet ($0.01) returned to Mike_Junction56
Mike_Junction56 collected $0.02 from pot
Mike_Junction56: doesn't show hand 
*** SUMMARY ***
Total pot $0.02 | Rake $0 
Seat 1: Dorex2007 folded before Flop (didn't bet)
Seat 3: tomashovka55 (button) folded before Flop (didn't bet)
Seat 5: kent330330 (small blind) folded before Flop
Seat 6: Mike_Junction56 (big blind) collected ($0.02)
Seat 8: Stoney487 folded before Flop (didn't bet)



