PokerStars Hand #228125518387:  Hold'em No Limit ($0.01/$0.02 USD) - 2021/07/07 13:15:23 PT [2021/07/07 16:15:23 ET]
Table 'Suvanto IV' 9-max Seat #8 is the button
Seat 1: vas.fegaris ($1.19 in chips) 
Seat 2: FACCHETADE$ ($5.35 in chips) 
Seat 3: antony240913 ($1.83 in chips) 
Seat 4: SANTOSFILHO2 ($1.22 in chips) 
Seat 5: 4opl1a ($2.63 in chips) 
Seat 6: Dorex2007 ($2 in chips) 
Seat 8: Ricoisbored ($2 in chips) 
Seat 9: RayZMax ($2 in chips) 
RayZMax: posts small blind $0.01
vas.fegaris: posts big blind $0.02
Dorex2007: posts big blind $0.02
*** HOLE CARDS ***
Dealt to Dorex2007 [Kd Qd]
FACCHETADE$ has timed out
FACCHETADE$: folds 
antony240913: folds 
SANTOSFILHO2: folds 
4opl1a: folds 
Dorex2007: raises $0.04 to $0.06
Ricoisbored: folds 
RayZMax: folds 
vas.fegaris: folds 
Uncalled bet ($0.04) returned to Dorex2007
Dorex2007 collected $0.05 from pot
Dorex2007: doesn't show hand 
*** SUMMARY ***
Total pot $0.05 | Rake $0 
Seat 1: vas.fegaris (big blind) folded before Flop
Seat 2: FACCHETADE$ folded before Flop (didn't bet)
Seat 3: antony240913 folded before Flop (didn't bet)
Seat 4: SANTOSFILHO2 folded before Flop (didn't bet)
Seat 5: 4opl1a folded before Flop (didn't bet)
Seat 6: Dorex2007 collected ($0.05)
Seat 8: Ricoisbored (button) folded before Flop (didn't bet)
Seat 9: RayZMax (small blind) folded before Flop



PokerStars Hand #228125527876:  Hold'em No Limit ($0.01/$0.02 USD) - 2021/07/07 13:15:46 PT [2021/07/07 16:15:46 ET]
Table 'Suvanto IV' 9-max Seat #9 is the button
Seat 1: vas.fegaris ($1.17 in chips) 
Seat 3: antony240913 ($1.83 in chips) 
Seat 4: SANTOSFILHO2 ($1.22 in chips) 
Seat 5: 4opl1a ($2.63 in chips) 
Seat 6: Dorex2007 ($2.03 in chips) 
Seat 8: Ricoisbored ($2 in chips) 
Seat 9: RayZMax ($2 in chips) 
vas.fegaris: posts small blind $0.01
antony240913: posts big blind $0.02
*** HOLE CARDS ***
Dealt to Dorex2007 [2h 5c]
maxtomas leaves the table
SANTOSFILHO2: folds 
4opl1a: raises $0.04 to $0.06
Dorex2007: folds 
Ricoisbored: folds 
RayZMax: folds 
vas.fegaris: folds 
antony240913: calls $0.04
*** FLOP *** [Kh 9c 3c]
antony240913: bets $0.04
4opl1a: calls $0.04
*** TURN *** [Kh 9c 3c] [6s]
PepperDM joins the table at seat #7 
antony240913: bets $0.10
4opl1a: calls $0.10
*** RIVER *** [Kh 9c 3c 6s] [8d]
antony240913: checks 
4opl1a: bets $0.18
antony240913: folds 
Uncalled bet ($0.18) returned to 4opl1a
4opl1a collected $0.40 from pot
4opl1a: doesn't show hand 
*** SUMMARY ***
Total pot $0.41 | Rake $0.01 
Board [Kh 9c 3c 6s 8d]
Seat 1: vas.fegaris (small blind) folded before Flop
Seat 3: antony240913 (big blind) folded on the River
Seat 4: SANTOSFILHO2 folded before Flop (didn't bet)
Seat 5: 4opl1a collected ($0.40)
Seat 6: Dorex2007 folded before Flop (didn't bet)
Seat 8: Ricoisbored folded before Flop (didn't bet)
Seat 9: RayZMax (button) folded before Flop (didn't bet)



PokerStars Hand #228125548795:  Hold'em No Limit ($0.01/$0.02 USD) - 2021/07/07 13:16:37 PT [2021/07/07 16:16:37 ET]
Table 'Suvanto IV' 9-max Seat #1 is the button
Seat 1: vas.fegaris ($1.16 in chips) 
Seat 3: antony240913 ($1.63 in chips) 
Seat 4: SANTOSFILHO2 ($1.22 in chips) 
Seat 5: 4opl1a ($2.83 in chips) 
Seat 6: Dorex2007 ($2.03 in chips) 
Seat 7: PepperDM ($1.60 in chips) 
Seat 8: Ricoisbored ($2 in chips) 
Seat 9: RayZMax ($2 in chips) 
antony240913: posts small blind $0.01
SANTOSFILHO2: posts big blind $0.02
PepperDM: posts big blind $0.02
*** HOLE CARDS ***
Dealt to Dorex2007 [Qd Jd]
4opl1a: folds 
Dorex2007: calls $0.02
PepperDM: checks 
Ricoisbored: calls $0.02
RayZMax: folds 
vas.fegaris: folds 
antony240913: calls $0.01
SANTOSFILHO2: checks 
*** FLOP *** [Jc 2c 4s]
antony240913: checks 
SANTOSFILHO2: checks 
Dorex2007: bets $0.10
PepperDM: folds 
Ricoisbored: folds 
antony240913: folds 
SANTOSFILHO2: folds 
Uncalled bet ($0.10) returned to Dorex2007
Dorex2007 collected $0.10 from pot
Dorex2007: doesn't show hand 
*** SUMMARY ***
Total pot $0.10 | Rake $0 
Board [Jc 2c 4s]
Seat 1: vas.fegaris (button) folded before Flop (didn't bet)
Seat 3: antony240913 (small blind) folded on the Flop
Seat 4: SANTOSFILHO2 (big blind) folded on the Flop
Seat 5: 4opl1a folded before Flop (didn't bet)
Seat 6: Dorex2007 collected ($0.10)
Seat 7: PepperDM folded on the Flop (didn't bet)
Seat 8: Ricoisbored folded on the Flop
Seat 9: RayZMax folded before Flop (didn't bet)



PokerStars Hand #228125567063:  Hold'em No Limit ($0.01/$0.02 USD) - 2021/07/07 13:17:21 PT [2021/07/07 16:17:21 ET]
Table 'Suvanto IV' 9-max Seat #3 is the button
Seat 1: vas.fegaris ($1.16 in chips) 
Seat 2: FACCHETADE$ ($5.35 in chips) 
Seat 3: antony240913 ($1.61 in chips) 
Seat 4: SANTOSFILHO2 ($1.20 in chips) 
Seat 5: 4opl1a ($2.83 in chips) 
Seat 6: Dorex2007 ($2.11 in chips) 
Seat 7: PepperDM ($1.58 in chips) 
Seat 8: Ricoisbored ($2 in chips) 
Seat 9: RayZMax ($2 in chips) 
SANTOSFILHO2: posts small blind $0.01
4opl1a: posts big blind $0.02
FACCHETADE$: posts small & big blinds $0.03
*** HOLE CARDS ***
Dealt to Dorex2007 [8s 5c]
Dorex2007: folds 
PepperDM has timed out
PepperDM: folds 
Ricoisbored: folds 
RayZMax: folds 
vas.fegaris: calls $0.02
FACCHETADE$: raises $0.22 to $0.24
antony240913: folds 
SANTOSFILHO2: folds 
4opl1a: folds 
vas.fegaris: folds 
Uncalled bet ($0.22) returned to FACCHETADE$
FACCHETADE$ collected $0.08 from pot
FACCHETADE$: doesn't show hand 
*** SUMMARY ***
Total pot $0.08 | Rake $0 
Seat 1: vas.fegaris folded before Flop
Seat 2: FACCHETADE$ collected ($0.08)
Seat 3: antony240913 (button) folded before Flop (didn't bet)
Seat 4: SANTOSFILHO2 (small blind) folded before Flop
Seat 5: 4opl1a (big blind) folded before Flop
Seat 6: Dorex2007 folded before Flop (didn't bet)
Seat 7: PepperDM folded before Flop (didn't bet)
Seat 8: Ricoisbored folded before Flop (didn't bet)
Seat 9: RayZMax folded before Flop (didn't bet)



PokerStars Hand #228125585646:  Hold'em No Limit ($0.01/$0.02 USD) - 2021/07/07 13:18:07 PT [2021/07/07 16:18:07 ET]
Table 'Suvanto IV' 9-max Seat #4 is the button
Seat 1: vas.fegaris ($1.14 in chips) 
Seat 2: FACCHETADE$ ($5.40 in chips) 
Seat 3: antony240913 ($1.61 in chips) 
Seat 4: SANTOSFILHO2 ($1.19 in chips) 
Seat 5: 4opl1a ($2.81 in chips) 
Seat 6: Dorex2007 ($2.11 in chips) 
Seat 7: PepperDM ($1.58 in chips) 
Seat 8: Ricoisbored ($2 in chips) 
Seat 9: RayZMax ($2 in chips) 
4opl1a: posts small blind $0.01
Dorex2007: posts big blind $0.02
*** HOLE CARDS ***
Dealt to Dorex2007 [Qd 4d]
PepperDM: folds 
Ricoisbored: folds 
RayZMax: folds 
vas.fegaris: calls $0.02
FACCHETADE$: folds 
antony240913: folds 
SANTOSFILHO2: folds 
4opl1a: folds 
Dorex2007: checks 
*** FLOP *** [3d 6c 2h]
Dorex2007: checks 
vas.fegaris: checks 
*** TURN *** [3d 6c 2h] [3c]
Dorex2007: checks 
vas.fegaris: checks 
*** RIVER *** [3d 6c 2h 3c] [7h]
Dorex2007: checks 
vas.fegaris: checks 
*** SHOW DOWN ***
Dorex2007: shows [Qd 4d] (a pair of Threes)
vas.fegaris: shows [Ad 9s] (a pair of Threes - Ace kicker)
vas.fegaris collected $0.05 from pot
*** SUMMARY ***
Total pot $0.05 | Rake $0 
Board [3d 6c 2h 3c 7h]
Seat 1: vas.fegaris showed [Ad 9s] and won ($0.05) with a pair of Threes
Seat 2: FACCHETADE$ folded before Flop (didn't bet)
Seat 3: antony240913 folded before Flop (didn't bet)
Seat 4: SANTOSFILHO2 (button) folded before Flop (didn't bet)
Seat 5: 4opl1a (small blind) folded before Flop
Seat 6: Dorex2007 (big blind) showed [Qd 4d] and lost with a pair of Threes
Seat 7: PepperDM folded before Flop (didn't bet)
Seat 8: Ricoisbored folded before Flop (didn't bet)
Seat 9: RayZMax folded before Flop (didn't bet)



PokerStars Hand #228125607927:  Hold'em No Limit ($0.01/$0.02 USD) - 2021/07/07 13:19:01 PT [2021/07/07 16:19:01 ET]
Table 'Suvanto IV' 9-max Seat #5 is the button
Seat 1: vas.fegaris ($1.17 in chips) 
Seat 2: FACCHETADE$ ($5.40 in chips) 
Seat 3: antony240913 ($1.61 in chips) 
Seat 4: SANTOSFILHO2 ($1.19 in chips) 
Seat 5: 4opl1a ($2.80 in chips) 
Seat 6: Dorex2007 ($2.09 in chips) 
Seat 7: PepperDM ($1.58 in chips) 
Seat 8: Ricoisbored ($2 in chips) 
Seat 9: RayZMax ($2 in chips) 
Dorex2007: posts small blind $0.01
PepperDM: posts big blind $0.02
*** HOLE CARDS ***
Dealt to Dorex2007 [3h 6c]
Ricoisbored: calls $0.02
RayZMax: raises $0.06 to $0.08
vas.fegaris: folds 
FACCHETADE$: folds 
antony240913: folds 
SANTOSFILHO2: folds 
4opl1a: folds 
Dorex2007: folds 
PepperDM: folds 
Ricoisbored: calls $0.06
*** FLOP *** [Ac Kh Jh]
Ricoisbored: checks 
RayZMax: checks 
*** TURN *** [Ac Kh Jh] [5s]
Ricoisbored: checks 
RayZMax: checks 
*** RIVER *** [Ac Kh Jh 5s] [Ah]
Ricoisbored: checks 
RayZMax: checks 
*** SHOW DOWN ***
Ricoisbored: shows [5c 4c] (two pair, Aces and Fives)
RayZMax: shows [Qh Qs] (two pair, Aces and Queens)
RayZMax collected $0.18 from pot
*** SUMMARY ***
Total pot $0.19 | Rake $0.01 
Board [Ac Kh Jh 5s Ah]
Seat 1: vas.fegaris folded before Flop (didn't bet)
Seat 2: FACCHETADE$ folded before Flop (didn't bet)
Seat 3: antony240913 folded before Flop (didn't bet)
Seat 4: SANTOSFILHO2 folded before Flop (didn't bet)
Seat 5: 4opl1a (button) folded before Flop (didn't bet)
Seat 6: Dorex2007 (small blind) folded before Flop
Seat 7: PepperDM (big blind) folded before Flop
Seat 8: Ricoisbored showed [5c 4c] and lost with two pair, Aces and Fives
Seat 9: RayZMax showed [Qh Qs] and won ($0.18) with two pair, Aces and Queens



PokerStars Hand #228125630729:  Hold'em No Limit ($0.01/$0.02 USD) - 2021/07/07 13:19:56 PT [2021/07/07 16:19:56 ET]
Table 'Suvanto IV' 9-max Seat #6 is the button
Seat 1: vas.fegaris ($1.17 in chips) 
Seat 2: FACCHETADE$ ($5.40 in chips) 
Seat 3: antony240913 ($1.61 in chips) 
Seat 4: SANTOSFILHO2 ($1.19 in chips) 
Seat 5: 4opl1a ($2.80 in chips) 
Seat 6: Dorex2007 ($2.08 in chips) 
Seat 7: PepperDM ($1.56 in chips) 
Seat 8: Ricoisbored ($2 in chips) 
Seat 9: RayZMax ($2.10 in chips) 
PepperDM: posts small blind $0.01
Ricoisbored: posts big blind $0.02
*** HOLE CARDS ***
Dealt to Dorex2007 [4d 6c]
RayZMax: folds 
vas.fegaris: folds 
FACCHETADE$: folds 
antony240913: folds 
SANTOSFILHO2: folds 
4opl1a: folds 
Dorex2007: folds 
PepperDM: calls $0.01
Ricoisbored: checks 
*** FLOP *** [2c 3d Tc]
PepperDM: bets $0.02
Ricoisbored: folds 
Uncalled bet ($0.02) returned to PepperDM
PepperDM collected $0.04 from pot
PepperDM: doesn't show hand 
*** SUMMARY ***
Total pot $0.04 | Rake $0 
Board [2c 3d Tc]
Seat 1: vas.fegaris folded before Flop (didn't bet)
Seat 2: FACCHETADE$ folded before Flop (didn't bet)
Seat 3: antony240913 folded before Flop (didn't bet)
Seat 4: SANTOSFILHO2 folded before Flop (didn't bet)
Seat 5: 4opl1a folded before Flop (didn't bet)
Seat 6: Dorex2007 (button) folded before Flop (didn't bet)
Seat 7: PepperDM (small blind) collected ($0.04)
Seat 8: Ricoisbored (big blind) folded on the Flop
Seat 9: RayZMax folded before Flop (didn't bet)



PokerStars Hand #228125640558:  Hold'em No Limit ($0.01/$0.02 USD) - 2021/07/07 13:20:19 PT [2021/07/07 16:20:19 ET]
Table 'Suvanto IV' 9-max Seat #7 is the button
Seat 1: vas.fegaris ($1.17 in chips) 
Seat 2: FACCHETADE$ ($5.40 in chips) 
Seat 3: antony240913 ($1.61 in chips) 
Seat 4: SANTOSFILHO2 ($1.19 in chips) 
Seat 5: 4opl1a ($2.80 in chips) 
Seat 6: Dorex2007 ($2.08 in chips) 
Seat 7: PepperDM ($1.58 in chips) 
Seat 8: Ricoisbored ($2 in chips) 
Ricoisbored: posts small blind $0.01
RayZMax: is sitting out 
vas.fegaris: posts big blind $0.02
*** HOLE CARDS ***
Dealt to Dorex2007 [6s Qh]
FACCHETADE$: folds 
antony240913: folds 
SANTOSFILHO2: folds 
4opl1a: raises $0.04 to $0.06
Dorex2007: folds 
PepperDM: folds 
Ricoisbored: folds 
vas.fegaris: folds 
Uncalled bet ($0.04) returned to 4opl1a
RayZMax leaves the table
4opl1a collected $0.05 from pot
4opl1a: doesn't show hand 
*** SUMMARY ***
Total pot $0.05 | Rake $0 
Seat 1: vas.fegaris (big blind) folded before Flop
Seat 2: FACCHETADE$ folded before Flop (didn't bet)
Seat 3: antony240913 folded before Flop (didn't bet)
Seat 4: SANTOSFILHO2 folded before Flop (didn't bet)
Seat 5: 4opl1a collected ($0.05)
Seat 6: Dorex2007 folded before Flop (didn't bet)
Seat 7: PepperDM (button) folded before Flop (didn't bet)
Seat 8: Ricoisbored (small blind) folded before Flop



PokerStars Hand #228125648491:  Hold'em No Limit ($0.01/$0.02 USD) - 2021/07/07 13:20:38 PT [2021/07/07 16:20:38 ET]
Table 'Suvanto IV' 9-max Seat #8 is the button
Seat 1: vas.fegaris ($1.15 in chips) 
Seat 2: FACCHETADE$ ($5.40 in chips) 
Seat 3: antony240913 ($1.61 in chips) 
Seat 4: SANTOSFILHO2 ($1.19 in chips) 
Seat 5: 4opl1a ($2.83 in chips) 
Seat 6: Dorex2007 ($2.08 in chips) 
Seat 7: PepperDM ($1.58 in chips) 
Seat 8: Ricoisbored ($2 in chips) 
vas.fegaris: posts small blind $0.01
FACCHETADE$: posts big blind $0.02
*** HOLE CARDS ***
Dealt to Dorex2007 [3h As]
antony240913: folds 
SANTOSFILHO2: folds 
4opl1a: folds 
Dorex2007: folds 
PepperDM: folds 
Ricoisbored: folds 
vas.fegaris: folds 
Uncalled bet ($0.01) returned to FACCHETADE$
FACCHETADE$ collected $0.02 from pot
FACCHETADE$: doesn't show hand 
*** SUMMARY ***
Total pot $0.02 | Rake $0 
Seat 1: vas.fegaris (small blind) folded before Flop
Seat 2: FACCHETADE$ (big blind) collected ($0.02)
Seat 3: antony240913 folded before Flop (didn't bet)
Seat 4: SANTOSFILHO2 folded before Flop (didn't bet)
Seat 5: 4opl1a folded before Flop (didn't bet)
Seat 6: Dorex2007 folded before Flop (didn't bet)
Seat 7: PepperDM folded before Flop (didn't bet)
Seat 8: Ricoisbored (button) folded before Flop (didn't bet)



PokerStars Hand #228125656631:  Hold'em No Limit ($0.01/$0.02 USD) - 2021/07/07 13:20:58 PT [2021/07/07 16:20:58 ET]
Table 'Suvanto IV' 9-max Seat #1 is the button
Seat 1: vas.fegaris ($1.14 in chips) 
Seat 2: FACCHETADE$ ($5.41 in chips) 
Seat 3: antony240913 ($1.61 in chips) 
Seat 4: SANTOSFILHO2 ($1.19 in chips) 
Seat 5: 4opl1a ($2.83 in chips) 
Seat 6: Dorex2007 ($2.08 in chips) 
Seat 7: PepperDM ($1.58 in chips) 
Seat 8: Ricoisbored ($2 in chips) 
FACCHETADE$: posts small blind $0.01
antony240913: posts big blind $0.02
*** HOLE CARDS ***
Dealt to Dorex2007 [Ah 2c]
SANTOSFILHO2 has timed out
SANTOSFILHO2: folds 
4opl1a: folds 
Dorex2007: folds 
PepperDM: folds 
Ricoisbored: folds 
vas.fegaris: raises $0.02 to $0.04
FACCHETADE$: folds 
antony240913: folds 
Uncalled bet ($0.02) returned to vas.fegaris
vas.fegaris collected $0.05 from pot
vas.fegaris: doesn't show hand 
*** SUMMARY ***
Total pot $0.05 | Rake $0 
Seat 1: vas.fegaris (button) collected ($0.05)
Seat 2: FACCHETADE$ (small blind) folded before Flop
Seat 3: antony240913 (big blind) folded before Flop
Seat 4: SANTOSFILHO2 folded before Flop (didn't bet)
Seat 5: 4opl1a folded before Flop (didn't bet)
Seat 6: Dorex2007 folded before Flop (didn't bet)
Seat 7: PepperDM folded before Flop (didn't bet)
Seat 8: Ricoisbored folded before Flop (didn't bet)



PokerStars Hand #228125665982:  Hold'em No Limit ($0.01/$0.02 USD) - 2021/07/07 13:21:20 PT [2021/07/07 16:21:20 ET]
Table 'Suvanto IV' 9-max Seat #2 is the button
Seat 1: vas.fegaris ($1.17 in chips) 
Seat 2: FACCHETADE$ ($5.40 in chips) 
Seat 3: antony240913 ($1.59 in chips) 
Seat 5: 4opl1a ($2.83 in chips) 
Seat 6: Dorex2007 ($2.08 in chips) 
Seat 7: PepperDM ($1.58 in chips) 
Seat 8: Ricoisbored ($2 in chips) 
antony240913: posts small blind $0.01
4opl1a: posts big blind $0.02
*** HOLE CARDS ***
Dealt to Dorex2007 [3s Qc]
Dorex2007: folds 
PepperDM: calls $0.02
Ricoisbored: folds 
vas.fegaris: folds 
FACCHETADE$: folds 
antony240913: raises $0.04 to $0.06
4opl1a: folds 
PepperDM: calls $0.04
*** FLOP *** [5d 9d 9c]
antony240913: bets $1.53 and is all-in
PepperDM: folds 
Uncalled bet ($1.53) returned to antony240913
antony240913 collected $0.14 from pot
*** SUMMARY ***
Total pot $0.14 | Rake $0 
Board [5d 9d 9c]
Seat 1: vas.fegaris folded before Flop (didn't bet)
Seat 2: FACCHETADE$ (button) folded before Flop (didn't bet)
Seat 3: antony240913 (small blind) collected ($0.14)
Seat 5: 4opl1a (big blind) folded before Flop
Seat 6: Dorex2007 folded before Flop (didn't bet)
Seat 7: PepperDM folded on the Flop
Seat 8: Ricoisbored folded before Flop (didn't bet)



PokerStars Hand #228125678328:  Hold'em No Limit ($0.01/$0.02 USD) - 2021/07/07 13:21:50 PT [2021/07/07 16:21:50 ET]
Table 'Suvanto IV' 9-max Seat #3 is the button
Seat 1: vas.fegaris ($1.17 in chips) 
Seat 2: FACCHETADE$ ($5.40 in chips) 
Seat 3: antony240913 ($1.67 in chips) 
Seat 5: 4opl1a ($2.81 in chips) 
Seat 6: Dorex2007 ($2.08 in chips) 
Seat 7: PepperDM ($1.52 in chips) 
Seat 8: Ricoisbored ($2 in chips) 
4opl1a: posts small blind $0.01
Dorex2007: posts big blind $0.02
*** HOLE CARDS ***
Dealt to Dorex2007 [Ah Ad]
PepperDM: folds 
Ricoisbored: folds 
e.a.den72 joins the table at seat #9 
vas.fegaris: folds 
FACCHETADE$: folds 
antony240913: folds 
4opl1a: folds 
Uncalled bet ($0.01) returned to Dorex2007
Dorex2007 collected $0.02 from pot
Dorex2007: doesn't show hand 
*** SUMMARY ***
Total pot $0.02 | Rake $0 
Seat 1: vas.fegaris folded before Flop (didn't bet)
Seat 2: FACCHETADE$ folded before Flop (didn't bet)
Seat 3: antony240913 (button) folded before Flop (didn't bet)
Seat 5: 4opl1a (small blind) folded before Flop
Seat 6: Dorex2007 (big blind) collected ($0.02)
Seat 7: PepperDM folded before Flop (didn't bet)
Seat 8: Ricoisbored folded before Flop (didn't bet)



PokerStars Hand #228125684988:  Hold'em No Limit ($0.01/$0.02 USD) - 2021/07/07 13:22:06 PT [2021/07/07 16:22:06 ET]
Table 'Suvanto IV' 9-max Seat #5 is the button
Seat 1: vas.fegaris ($1.17 in chips) 
Seat 2: FACCHETADE$ ($5.40 in chips) 
Seat 3: antony240913 ($1.67 in chips) 
Seat 5: 4opl1a ($2.80 in chips) 
Seat 6: Dorex2007 ($2.09 in chips) 
Seat 7: PepperDM ($1.52 in chips) 
Seat 8: Ricoisbored ($2 in chips) 
Dorex2007: posts small blind $0.01
PepperDM: posts big blind $0.02
e.a.den72: sits out 
*** HOLE CARDS ***
Dealt to Dorex2007 [As Js]
Ricoisbored: raises $0.04 to $0.06
vas.fegaris: folds 
FACCHETADE$: folds 
antony240913: folds 
4opl1a: folds 
Dorex2007: calls $0.05
PepperDM: folds 
*** FLOP *** [Qd 7s 4s]
Dorex2007: bets $0.14
Ricoisbored: folds 
Uncalled bet ($0.14) returned to Dorex2007
Dorex2007 collected $0.14 from pot
Dorex2007: doesn't show hand 
*** SUMMARY ***
Total pot $0.14 | Rake $0 
Board [Qd 7s 4s]
Seat 1: vas.fegaris folded before Flop (didn't bet)
Seat 2: FACCHETADE$ folded before Flop (didn't bet)
Seat 3: antony240913 folded before Flop (didn't bet)
Seat 5: 4opl1a (button) folded before Flop (didn't bet)
Seat 6: Dorex2007 (small blind) collected ($0.14)
Seat 7: PepperDM (big blind) folded before Flop
Seat 8: Ricoisbored folded on the Flop



PokerStars Hand #228125694853:  Hold'em No Limit ($0.01/$0.02 USD) - 2021/07/07 13:22:29 PT [2021/07/07 16:22:29 ET]
Table 'Suvanto IV' 9-max Seat #6 is the button
Seat 1: vas.fegaris ($1.17 in chips) 
Seat 2: FACCHETADE$ ($5.40 in chips) 
Seat 3: antony240913 ($1.67 in chips) 
Seat 5: 4opl1a ($2.80 in chips) 
Seat 6: Dorex2007 ($2.17 in chips) 
Seat 7: PepperDM ($1.50 in chips) 
Seat 8: Ricoisbored ($2 in chips) 
PepperDM: posts small blind $0.01
Ricoisbored: posts big blind $0.02
e.a.den72: sits out 
*** HOLE CARDS ***
Dealt to Dorex2007 [2c 3h]
vas.fegaris: raises $0.02 to $0.04
FACCHETADE$: folds 
antony240913: folds 
4opl1a: folds 
Dorex2007: folds 
PepperDM: calls $0.03
Ricoisbored: folds 
*** FLOP *** [Kd Jd 8s]
PepperDM: checks 
vas.fegaris: checks 
*** TURN *** [Kd Jd 8s] [Ts]
PepperDM: bets $0.10
vas.fegaris: folds 
Uncalled bet ($0.10) returned to PepperDM
PepperDM collected $0.10 from pot
PepperDM: doesn't show hand 
*** SUMMARY ***
Total pot $0.10 | Rake $0 
Board [Kd Jd 8s Ts]
Seat 1: vas.fegaris folded on the Turn
Seat 2: FACCHETADE$ folded before Flop (didn't bet)
Seat 3: antony240913 folded before Flop (didn't bet)
Seat 5: 4opl1a folded before Flop (didn't bet)
Seat 6: Dorex2007 (button) folded before Flop (didn't bet)
Seat 7: PepperDM (small blind) collected ($0.10)
Seat 8: Ricoisbored (big blind) folded before Flop



PokerStars Hand #228125706893:  Hold'em No Limit ($0.01/$0.02 USD) - 2021/07/07 13:22:58 PT [2021/07/07 16:22:58 ET]
Table 'Suvanto IV' 9-max Seat #7 is the button
Seat 1: vas.fegaris ($1.13 in chips) 
Seat 2: FACCHETADE$ ($5.40 in chips) 
Seat 3: antony240913 ($1.67 in chips) 
Seat 5: 4opl1a ($2.80 in chips) 
Seat 6: Dorex2007 ($2.17 in chips) 
Seat 7: PepperDM ($1.56 in chips) 
Seat 8: Ricoisbored ($2 in chips) 
Seat 9: e.a.den72 ($2 in chips) 
Ricoisbored: posts small blind $0.01
e.a.den72: posts big blind $0.02
*** HOLE CARDS ***
Dealt to Dorex2007 [Ah 6h]
vas.fegaris: folds 
FACCHETADE$: folds 
antony240913: folds 
4opl1a: folds 
Dorex2007: raises $0.04 to $0.06
PepperDM: folds 
Ricoisbored: calls $0.05
e.a.den72: folds 
*** FLOP *** [Ks 3d 4h]
Ricoisbored: checks 
Dorex2007: bets $0.14
Ricoisbored: folds 
Uncalled bet ($0.14) returned to Dorex2007
Dorex2007 collected $0.14 from pot
Dorex2007: doesn't show hand 
*** SUMMARY ***
Total pot $0.14 | Rake $0 
Board [Ks 3d 4h]
Seat 1: vas.fegaris folded before Flop (didn't bet)
Seat 2: FACCHETADE$ folded before Flop (didn't bet)
Seat 3: antony240913 folded before Flop (didn't bet)
Seat 5: 4opl1a folded before Flop (didn't bet)
Seat 6: Dorex2007 collected ($0.14)
Seat 7: PepperDM (button) folded before Flop (didn't bet)
Seat 8: Ricoisbored (small blind) folded on the Flop
Seat 9: e.a.den72 (big blind) folded before Flop



PokerStars Hand #228125718579:  Hold'em No Limit ($0.01/$0.02 USD) - 2021/07/07 13:23:26 PT [2021/07/07 16:23:26 ET]
Table 'Suvanto IV' 9-max Seat #8 is the button
Seat 1: vas.fegaris ($1.13 in chips) 
Seat 2: FACCHETADE$ ($5.40 in chips) 
Seat 3: antony240913 ($1.67 in chips) 
Seat 5: 4opl1a ($2.80 in chips) 
Seat 6: Dorex2007 ($2.25 in chips) 
Seat 7: PepperDM ($1.56 in chips) 
Seat 8: Ricoisbored ($2 in chips) 
Seat 9: e.a.den72 ($1.98 in chips) 
e.a.den72: posts small blind $0.01
vas.fegaris: posts big blind $0.02
*** HOLE CARDS ***
Dealt to Dorex2007 [4d Ks]
FACCHETADE$: folds 
antony240913: calls $0.02
4opl1a: folds 
Dorex2007: folds 
PepperDM: folds 
Ricoisbored: calls $0.02
e.a.den72: folds 
vas.fegaris: checks 
*** FLOP *** [5d Kh 8d]
vas.fegaris: checks 
antony240913: checks 
Ricoisbored: checks 
*** TURN *** [5d Kh 8d] [5c]
vas.fegaris: checks 
antony240913: checks 
Ricoisbored: checks 
*** RIVER *** [5d Kh 8d 5c] [9d]
vas.fegaris: checks 
antony240913: checks 
Ricoisbored: checks 
*** SHOW DOWN ***
vas.fegaris: shows [2d 9c] (two pair, Nines and Fives)
antony240913: mucks hand 
Ricoisbored: mucks hand 
vas.fegaris collected $0.07 from pot
*** SUMMARY ***
Total pot $0.07 | Rake $0 
Board [5d Kh 8d 5c 9d]
Seat 1: vas.fegaris (big blind) showed [2d 9c] and won ($0.07) with two pair, Nines and Fives
Seat 2: FACCHETADE$ folded before Flop (didn't bet)
Seat 3: antony240913 mucked [6h 6c]
Seat 5: 4opl1a folded before Flop (didn't bet)
Seat 6: Dorex2007 folded before Flop (didn't bet)
Seat 7: PepperDM folded before Flop (didn't bet)
Seat 8: Ricoisbored (button) mucked [Ts Ac]
Seat 9: e.a.den72 (small blind) folded before Flop



PokerStars Hand #228125737149:  Hold'em No Limit ($0.01/$0.02 USD) - 2021/07/07 13:24:08 PT [2021/07/07 16:24:08 ET]
Table 'Suvanto IV' 9-max Seat #9 is the button
Seat 1: vas.fegaris ($1.18 in chips) 
Seat 2: FACCHETADE$ ($5.40 in chips) 
Seat 3: antony240913 ($1.65 in chips) 
Seat 5: 4opl1a ($2.80 in chips) 
Seat 6: Dorex2007 ($2.25 in chips) 
Seat 7: PepperDM ($1.56 in chips) 
Seat 8: Ricoisbored ($2 in chips) 
Seat 9: e.a.den72 ($1.97 in chips) 
vas.fegaris: posts small blind $0.01
FACCHETADE$: posts big blind $0.02
*** HOLE CARDS ***
Dealt to Dorex2007 [8s 4c]
antony240913: folds 
4opl1a: raises $0.04 to $0.06
Dorex2007: folds 
PepperDM: folds 
Ricoisbored: calls $0.06
e.a.den72: folds 
vas.fegaris: folds 
FACCHETADE$: calls $0.04
*** FLOP *** [3d 8d 2d]
FACCHETADE$: checks 
4opl1a: bets $0.08
Ricoisbored: calls $0.08
FACCHETADE$: calls $0.08
*** TURN *** [3d 8d 2d] [6h]
FACCHETADE$: checks 
4opl1a: checks 
Ricoisbored: checks 
*** RIVER *** [3d 8d 2d 6h] [Kd]
FACCHETADE$: bets $0.41
4opl1a: folds 
Ricoisbored: calls $0.41
*** SHOW DOWN ***
FACCHETADE$: shows [Ad 3c] (a flush, Ace high)
Ricoisbored: mucks hand 
FACCHETADE$ collected $1.21 from pot
*** SUMMARY ***
Total pot $1.25 | Rake $0.04 
Board [3d 8d 2d 6h Kd]
Seat 1: vas.fegaris (small blind) folded before Flop
Seat 2: FACCHETADE$ (big blind) showed [Ad 3c] and won ($1.21) with a flush, Ace high
Seat 3: antony240913 folded before Flop (didn't bet)
Seat 5: 4opl1a folded on the River
Seat 6: Dorex2007 folded before Flop (didn't bet)
Seat 7: PepperDM folded before Flop (didn't bet)
Seat 8: Ricoisbored mucked [Kc Qd]
Seat 9: e.a.den72 (button) folded before Flop (didn't bet)



PokerStars Hand #228125757145:  Hold'em No Limit ($0.01/$0.02 USD) - 2021/07/07 13:24:56 PT [2021/07/07 16:24:56 ET]
Table 'Suvanto IV' 9-max Seat #1 is the button
Seat 1: vas.fegaris ($1.17 in chips) 
Seat 2: FACCHETADE$ ($6.06 in chips) 
Seat 3: antony240913 ($1.65 in chips) 
Seat 4: SANTOSFILHO2 ($1.19 in chips) 
Seat 5: 4opl1a ($2.66 in chips) 
Seat 6: Dorex2007 ($2.25 in chips) 
Seat 7: PepperDM ($1.56 in chips) 
Seat 8: Ricoisbored ($2 in chips) 
Seat 9: e.a.den72 ($1.97 in chips) 
FACCHETADE$: posts small blind $0.01
antony240913: posts big blind $0.02
SANTOSFILHO2: posts small & big blinds $0.03
*** HOLE CARDS ***
Dealt to Dorex2007 [5s 8h]
SANTOSFILHO2: checks 
4opl1a: folds 
Dorex2007: folds 
PepperDM: folds 
Ricoisbored: folds 
e.a.den72: raises $0.03 to $0.05
vas.fegaris: folds 
FACCHETADE$: folds 
antony240913: folds 
SANTOSFILHO2: calls $0.03
*** FLOP *** [7h Ad 2s]
SANTOSFILHO2: checks 
e.a.den72: checks 
*** TURN *** [7h Ad 2s] [Jc]
SANTOSFILHO2: checks 
e.a.den72: checks 
*** RIVER *** [7h Ad 2s Jc] [Ts]
SANTOSFILHO2: checks 
e.a.den72: checks 
*** SHOW DOWN ***
SANTOSFILHO2: shows [4c 9d] (high card Ace)
e.a.den72: shows [Tc Qc] (a pair of Tens)
e.a.den72 collected $0.14 from pot
*** SUMMARY ***
Total pot $0.14 | Rake $0 
Board [7h Ad 2s Jc Ts]
Seat 1: vas.fegaris (button) folded before Flop (didn't bet)
Seat 2: FACCHETADE$ (small blind) folded before Flop
Seat 3: antony240913 (big blind) folded before Flop
Seat 4: SANTOSFILHO2 showed [4c 9d] and lost with high card Ace
Seat 5: 4opl1a folded before Flop (didn't bet)
Seat 6: Dorex2007 folded before Flop (didn't bet)
Seat 7: PepperDM folded before Flop (didn't bet)
Seat 8: Ricoisbored folded before Flop (didn't bet)
Seat 9: e.a.den72 showed [Tc Qc] and won ($0.14) with a pair of Tens



PokerStars Hand #228125787012:  Hold'em No Limit ($0.01/$0.02 USD) - 2021/07/07 13:25:54 PT [2021/07/07 16:25:54 ET]
Table 'Suvanto IV' 9-max Seat #2 is the button
Seat 1: vas.fegaris ($1.17 in chips) 
Seat 2: FACCHETADE$ ($6.05 in chips) 
Seat 3: antony240913 ($1.63 in chips) 
Seat 4: SANTOSFILHO2 ($1.13 in chips) 
Seat 5: 4opl1a ($2.66 in chips) 
Seat 6: Dorex2007 ($2.25 in chips) 
Seat 7: PepperDM ($1.56 in chips) 
Seat 8: Ricoisbored ($2 in chips) 
Seat 9: e.a.den72 ($2.06 in chips) 
antony240913: posts small blind $0.01
SANTOSFILHO2: posts big blind $0.02
*** HOLE CARDS ***
Dealt to Dorex2007 [Jd 3s]
4opl1a: folds 
Dorex2007: folds 
PepperDM: folds 
Ricoisbored: folds 
e.a.den72: folds 
vas.fegaris: raises $0.02 to $0.04
FACCHETADE$: folds 
antony240913: folds 
SANTOSFILHO2: calls $0.02
*** FLOP *** [Qd 8c Jc]
SANTOSFILHO2: checks 
vas.fegaris: checks 
*** TURN *** [Qd 8c Jc] [Ts]
SANTOSFILHO2: checks 
vas.fegaris: bets $0.04
SANTOSFILHO2: calls $0.04
*** RIVER *** [Qd 8c Jc Ts] [3c]
SANTOSFILHO2: checks 
vas.fegaris: checks 
*** SHOW DOWN ***
SANTOSFILHO2: shows [5h Ks] (high card King)
vas.fegaris: shows [Kd As] (a straight, Ten to Ace)
vas.fegaris collected $0.16 from pot
*** SUMMARY ***
Total pot $0.17 | Rake $0.01 
Board [Qd 8c Jc Ts 3c]
Seat 1: vas.fegaris showed [Kd As] and won ($0.16) with a straight, Ten to Ace
Seat 2: FACCHETADE$ (button) folded before Flop (didn't bet)
Seat 3: antony240913 (small blind) folded before Flop
Seat 4: SANTOSFILHO2 (big blind) showed [5h Ks] and lost with high card King
Seat 5: 4opl1a folded before Flop (didn't bet)
Seat 6: Dorex2007 folded before Flop (didn't bet)
Seat 7: PepperDM folded before Flop (didn't bet)
Seat 8: Ricoisbored folded before Flop (didn't bet)
Seat 9: e.a.den72 folded before Flop (didn't bet)



PokerStars Hand #228125808794:  Hold'em No Limit ($0.01/$0.02 USD) - 2021/07/07 13:26:46 PT [2021/07/07 16:26:46 ET]
Table 'Suvanto IV' 9-max Seat #3 is the button
Seat 1: vas.fegaris ($1.25 in chips) 
Seat 2: FACCHETADE$ ($6.05 in chips) 
Seat 3: antony240913 ($1.62 in chips) 
Seat 4: SANTOSFILHO2 ($1.05 in chips) 
Seat 5: 4opl1a ($2.66 in chips) 
Seat 6: Dorex2007 ($2.25 in chips) 
Seat 7: PepperDM ($1.56 in chips) 
Seat 8: Ricoisbored ($2 in chips) 
Seat 9: e.a.den72 ($2.06 in chips) 
SANTOSFILHO2: posts small blind $0.01
4opl1a: posts big blind $0.02
*** HOLE CARDS ***
Dealt to Dorex2007 [As Ah]
Dorex2007: raises $0.04 to $0.06
PepperDM: folds 
Ricoisbored: calls $0.06
e.a.den72: folds 
vas.fegaris: folds 
FACCHETADE$: folds 
antony240913: folds 
SANTOSFILHO2: folds 
4opl1a: folds 
*** FLOP *** [2s 3h Js]
Dorex2007: checks 
Ricoisbored: checks 
*** TURN *** [2s 3h Js] [3c]
Dorex2007: bets $0.14
Ricoisbored: calls $0.14
*** RIVER *** [2s 3h Js 3c] [Ks]
Dorex2007: bets $0.21
Ricoisbored: calls $0.21
*** SHOW DOWN ***
Dorex2007: shows [As Ah] (two pair, Aces and Threes)
Ricoisbored: mucks hand 
Dorex2007 collected $0.82 from pot
*** SUMMARY ***
Total pot $0.85 | Rake $0.03 
Board [2s 3h Js 3c Ks]
Seat 1: vas.fegaris folded before Flop (didn't bet)
Seat 2: FACCHETADE$ folded before Flop (didn't bet)
Seat 3: antony240913 (button) folded before Flop (didn't bet)
Seat 4: SANTOSFILHO2 (small blind) folded before Flop
Seat 5: 4opl1a (big blind) folded before Flop
Seat 6: Dorex2007 showed [As Ah] and won ($0.82) with two pair, Aces and Threes
Seat 7: PepperDM folded before Flop (didn't bet)
Seat 8: Ricoisbored mucked [4d 4s]
Seat 9: e.a.den72 folded before Flop (didn't bet)



PokerStars Hand #228125837236:  Hold'em No Limit ($0.01/$0.02 USD) - 2021/07/07 13:27:39 PT [2021/07/07 16:27:39 ET]
Table 'Suvanto IV' 9-max Seat #4 is the button
Seat 1: vas.fegaris ($1.25 in chips) 
Seat 2: FACCHETADE$ ($6.05 in chips) 
Seat 3: antony240913 ($1.62 in chips) 
Seat 4: SANTOSFILHO2 ($1.04 in chips) 
Seat 5: 4opl1a ($2.64 in chips) 
Seat 6: Dorex2007 ($2.66 in chips) 
Seat 7: PepperDM ($1.56 in chips) 
Seat 8: Ricoisbored ($2 in chips) 
Seat 9: e.a.den72 ($2.06 in chips) 
4opl1a: posts small blind $0.01
Dorex2007: posts big blind $0.02
*** HOLE CARDS ***
Dealt to Dorex2007 [5d Qh]
PepperDM has timed out
PepperDM: folds 
Ricoisbored: folds 
e.a.den72: calls $0.02
vas.fegaris: calls $0.02
FACCHETADE$: folds 
antony240913: folds 
PepperDM leaves the table
SANTOSFILHO2: folds 
4opl1a: folds 
Dorex2007: checks 
*** FLOP *** [5h Td 2c]
Dorex2007: checks 
e.a.den72: checks 
vas.fegaris: checks 
*** TURN *** [5h Td 2c] [Kh]
Dorex2007: checks 
e.a.den72: checks 
vas.fegaris: bets $0.04
Dorex2007: folds 
SawaBeton joins the table at seat #7 
e.a.den72: folds 
Uncalled bet ($0.04) returned to vas.fegaris
vas.fegaris collected $0.07 from pot
vas.fegaris: doesn't show hand 
*** SUMMARY ***
Total pot $0.07 | Rake $0 
Board [5h Td 2c Kh]
Seat 1: vas.fegaris collected ($0.07)
Seat 2: FACCHETADE$ folded before Flop (didn't bet)
Seat 3: antony240913 folded before Flop (didn't bet)
Seat 4: SANTOSFILHO2 (button) folded before Flop (didn't bet)
Seat 5: 4opl1a (small blind) folded before Flop
Seat 6: Dorex2007 (big blind) folded on the Turn
Seat 7: PepperDM folded before Flop (didn't bet)
Seat 8: Ricoisbored folded before Flop (didn't bet)
Seat 9: e.a.den72 folded on the Turn



PokerStars Hand #228125867311:  Hold'em No Limit ($0.01/$0.02 USD) - 2021/07/07 13:28:53 PT [2021/07/07 16:28:53 ET]
Table 'Suvanto IV' 9-max Seat #5 is the button
Seat 1: vas.fegaris ($1.30 in chips) 
Seat 2: FACCHETADE$ ($6.05 in chips) 
Seat 3: antony240913 ($1.62 in chips) 
Seat 4: SANTOSFILHO2 ($1.04 in chips) 
Seat 5: 4opl1a ($2.63 in chips) 
Seat 6: Dorex2007 ($2.64 in chips) 
Seat 7: SawaBeton ($2 in chips) 
Seat 8: Ricoisbored ($2 in chips) 
Seat 9: e.a.den72 ($2.04 in chips) 
Dorex2007: posts small blind $0.01
SawaBeton: posts big blind $0.02
*** HOLE CARDS ***
Dealt to Dorex2007 [6c 5h]
Ricoisbored: folds 
e.a.den72: folds 
vas.fegaris: folds 
FACCHETADE$ has timed out
FACCHETADE$: folds 
antony240913: folds 
SANTOSFILHO2: folds 
4opl1a: folds 
Dorex2007: folds 
Uncalled bet ($0.01) returned to SawaBeton
SawaBeton collected $0.02 from pot
*** SUMMARY ***
Total pot $0.02 | Rake $0 
Seat 1: vas.fegaris folded before Flop (didn't bet)
Seat 2: FACCHETADE$ folded before Flop (didn't bet)
Seat 3: antony240913 folded before Flop (didn't bet)
Seat 4: SANTOSFILHO2 folded before Flop (didn't bet)
Seat 5: 4opl1a (button) folded before Flop (didn't bet)
Seat 6: Dorex2007 (small blind) folded before Flop
Seat 7: SawaBeton (big blind) collected ($0.02)
Seat 8: Ricoisbored folded before Flop (didn't bet)
Seat 9: e.a.den72 folded before Flop (didn't bet)



PokerStars Hand #228125877862:  Hold'em No Limit ($0.01/$0.02 USD) - 2021/07/07 13:29:19 PT [2021/07/07 16:29:19 ET]
Table 'Suvanto IV' 9-max Seat #6 is the button
Seat 1: vas.fegaris ($1.30 in chips) 
Seat 3: antony240913 ($1.62 in chips) 
Seat 4: SANTOSFILHO2 ($1.04 in chips) 
Seat 5: 4opl1a ($2.63 in chips) 
Seat 6: Dorex2007 ($2.63 in chips) 
Seat 7: SawaBeton ($2.01 in chips) 
Seat 8: Ricoisbored ($2 in chips) 
Seat 9: e.a.den72 ($2.04 in chips) 
SawaBeton: posts small blind $0.01
Ricoisbored: posts big blind $0.02
*** HOLE CARDS ***
Dealt to Dorex2007 [4c 5d]
e.a.den72: folds 
vas.fegaris: folds 
antony240913: calls $0.02
vas.fegaris leaves the table
SANTOSFILHO2: raises $0.04 to $0.06
4opl1a: raises $0.14 to $0.20
Dorex2007: folds 
SawaBeton: folds 
Ricoisbored: folds 
antony240913: calls $0.18
SANTOSFILHO2: calls $0.14
*** FLOP *** [6h 3s 7s]
antony240913: bets $1.42 and is all-in
StarWing4230 joins the table at seat #1 
SANTOSFILHO2: folds 
4opl1a: calls $1.42
*** TURN *** [6h 3s 7s] [2c]
*** RIVER *** [6h 3s 7s 2c] [Kd]
*** SHOW DOWN ***
antony240913: shows [9s 9c] (a pair of Nines)
4opl1a: shows [Jd Jc] (a pair of Jacks)
4opl1a cashed out the hand for $2.76 | Cash Out Fee $0.03
*** SUMMARY ***
Total pot $3.47 | Rake $0.12 
Board [6h 3s 7s 2c Kd]
Seat 1: vas.fegaris folded before Flop (didn't bet)
Seat 3: antony240913 showed [9s 9c] and lost with a pair of Nines
Seat 4: SANTOSFILHO2 folded on the Flop
Seat 5: 4opl1a showed [Jd Jc] and won ($3.35) with a pair of Jacks (pot not awarded as player cashed out)
Seat 6: Dorex2007 (button) folded before Flop (didn't bet)
Seat 7: SawaBeton (small blind) folded before Flop
Seat 8: Ricoisbored (big blind) folded before Flop
Seat 9: e.a.den72 folded before Flop (didn't bet)



PokerStars Hand #228125899861:  Hold'em No Limit ($0.01/$0.02 USD) - 2021/07/07 13:30:15 PT [2021/07/07 16:30:15 ET]
Table 'Suvanto IV' 9-max Seat #7 is the button
Seat 1: StarWing4230 ($2 in chips) 
Seat 2: FACCHETADE$ ($6.05 in chips) 
Seat 4: SANTOSFILHO2 ($0.84 in chips) 
Seat 5: 4opl1a ($3.77 in chips) 
Seat 6: Dorex2007 ($2.63 in chips) 
Seat 7: SawaBeton ($2 in chips) 
Seat 9: e.a.den72 ($2.04 in chips) 
Ricoisbored is disconnected 
Ricoisbored has timed out while disconnected
Ricoisbored: is sitting out 
e.a.den72: posts small blind $0.01
StarWing4230: posts big blind $0.02
*** HOLE CARDS ***
Dealt to Dorex2007 [5s Kh]
FACCHETADE$: folds 
antony240913 leaves the table
SANTOSFILHO2: folds 
4opl1a: raises $0.04 to $0.06
Dorex2007: folds 
SawaBeton: folds 
e.a.den72: calls $0.05
StarWing4230: folds 
*** FLOP *** [6h Th 7h]
951965 joins the table at seat #3 
e.a.den72: bets $0.06
4opl1a: folds 
Uncalled bet ($0.06) returned to e.a.den72
e.a.den72 collected $0.14 from pot
e.a.den72: doesn't show hand 
*** SUMMARY ***
Total pot $0.14 | Rake $0 
Board [6h Th 7h]
Seat 1: StarWing4230 (big blind) folded before Flop
Seat 2: FACCHETADE$ folded before Flop (didn't bet)
Seat 4: SANTOSFILHO2 folded before Flop (didn't bet)
Seat 5: 4opl1a folded on the Flop
Seat 6: Dorex2007 folded before Flop (didn't bet)
Seat 7: SawaBeton (button) folded before Flop (didn't bet)
Seat 9: e.a.den72 (small blind) collected ($0.14)



PokerStars Hand #228125917663:  Hold'em No Limit ($0.01/$0.02 USD) - 2021/07/07 13:31:00 PT [2021/07/07 16:31:00 ET]
Table 'Suvanto IV' 9-max Seat #9 is the button
Seat 1: StarWing4230 ($1.98 in chips) 
Seat 2: FACCHETADE$ ($6.05 in chips) 
Seat 4: SANTOSFILHO2 ($0.84 in chips) 
Seat 5: 4opl1a ($3.71 in chips) 
Seat 6: Dorex2007 ($2.63 in chips) 
Seat 7: SawaBeton ($2 in chips) 
Seat 8: Ricoisbored ($2 in chips) 
Seat 9: e.a.den72 ($2.12 in chips) 
StarWing4230: posts small blind $0.01
FACCHETADE$: posts big blind $0.02
951965: sits out 
Ricoisbored: posts small blind $0.01
*** HOLE CARDS ***
Dealt to Dorex2007 [Ks 9h]
SANTOSFILHO2: folds 
4opl1a: folds 
Dorex2007: folds 
SawaBeton: raises $0.02 to $0.04
Ricoisbored: folds 
e.a.den72: folds 
StarWing4230: calls $0.03
FACCHETADE$: calls $0.02
*** FLOP *** [5d Jc Jd]
StarWing4230: checks 
FACCHETADE$: checks 
SawaBeton: checks 
*** TURN *** [5d Jc Jd] [2h]
StarWing4230: bets $0.07
FACCHETADE$: folds 
SawaBeton: folds 
Uncalled bet ($0.07) returned to StarWing4230
StarWing4230 collected $0.13 from pot
StarWing4230: doesn't show hand 
*** SUMMARY ***
Total pot $0.13 | Rake $0 
Board [5d Jc Jd 2h]
Seat 1: StarWing4230 (small blind) collected ($0.13)
Seat 2: FACCHETADE$ (big blind) folded on the Turn
Seat 4: SANTOSFILHO2 folded before Flop (didn't bet)
Seat 5: 4opl1a folded before Flop (didn't bet)
Seat 6: Dorex2007 folded before Flop (didn't bet)
Seat 7: SawaBeton folded on the Turn
Seat 8: Ricoisbored folded before Flop (didn't bet)
Seat 9: e.a.den72 (button) folded before Flop (didn't bet)



PokerStars Hand #228125939503:  Hold'em No Limit ($0.01/$0.02 USD) - 2021/07/07 13:31:54 PT [2021/07/07 16:31:54 ET]
Table 'Suvanto IV' 9-max Seat #1 is the button
Seat 1: StarWing4230 ($2.07 in chips) 
Seat 2: FACCHETADE$ ($6.01 in chips) 
Seat 3: 951965 ($2 in chips) 
Seat 4: SANTOSFILHO2 ($0.84 in chips) 
Seat 5: 4opl1a ($3.71 in chips) 
Seat 6: Dorex2007 ($2.63 in chips) 
Seat 7: SawaBeton ($1.96 in chips) 
Seat 8: Ricoisbored ($2 in chips) 
Seat 9: e.a.den72 ($2.12 in chips) 
FACCHETADE$: posts small blind $0.01
951965: posts big blind $0.02
*** HOLE CARDS ***
Dealt to Dorex2007 [Qc 5h]
SANTOSFILHO2: folds 
4opl1a: folds 
Dorex2007: folds 
SawaBeton: folds 
Ricoisbored: folds 
e.a.den72: folds 
StarWing4230: raises $0.02 to $0.04
FACCHETADE$: folds 
951965: folds 
Uncalled bet ($0.02) returned to StarWing4230
StarWing4230 collected $0.05 from pot
StarWing4230: doesn't show hand 
*** SUMMARY ***
Total pot $0.05 | Rake $0 
Seat 1: StarWing4230 (button) collected ($0.05)
Seat 2: FACCHETADE$ (small blind) folded before Flop
Seat 3: 951965 (big blind) folded before Flop
Seat 4: SANTOSFILHO2 folded before Flop (didn't bet)
Seat 5: 4opl1a folded before Flop (didn't bet)
Seat 6: Dorex2007 folded before Flop (didn't bet)
Seat 7: SawaBeton folded before Flop (didn't bet)
Seat 8: Ricoisbored folded before Flop (didn't bet)
Seat 9: e.a.den72 folded before Flop (didn't bet)



PokerStars Hand #228125951743:  Hold'em No Limit ($0.01/$0.02 USD) - 2021/07/07 13:32:24 PT [2021/07/07 16:32:24 ET]
Table 'Suvanto IV' 9-max Seat #2 is the button
Seat 1: StarWing4230 ($2.10 in chips) 
Seat 2: FACCHETADE$ ($6 in chips) 
Seat 3: 951965 ($1.98 in chips) 
Seat 4: SANTOSFILHO2 ($0.84 in chips) 
Seat 5: 4opl1a ($3.71 in chips) 
Seat 6: Dorex2007 ($2.63 in chips) 
Seat 7: SawaBeton ($1.96 in chips) 
Seat 8: Ricoisbored ($2 in chips) 
Seat 9: e.a.den72 ($2.12 in chips) 
951965: posts small blind $0.01
SANTOSFILHO2: posts big blind $0.02
*** HOLE CARDS ***
Dealt to Dorex2007 [5h 7d]
4opl1a: folds 
Dorex2007: folds 
SawaBeton: folds 
Ricoisbored: calls $0.02
e.a.den72: folds 
StarWing4230: folds 
FACCHETADE$: folds 
951965: calls $0.01
SANTOSFILHO2: checks 
*** FLOP *** [5s Th 8c]
951965: checks 
SANTOSFILHO2: bets $0.04
Ricoisbored: calls $0.04
951965: folds 
*** TURN *** [5s Th 8c] [Qc]
SANTOSFILHO2: bets $0.08
Ricoisbored: raises $0.14 to $0.22
SANTOSFILHO2: folds 
Uncalled bet ($0.14) returned to Ricoisbored
Ricoisbored collected $0.29 from pot
Ricoisbored: doesn't show hand 
*** SUMMARY ***
Total pot $0.30 | Rake $0.01 
Board [5s Th 8c Qc]
Seat 1: StarWing4230 folded before Flop (didn't bet)
Seat 2: FACCHETADE$ (button) folded before Flop (didn't bet)
Seat 3: 951965 (small blind) folded on the Flop
Seat 4: SANTOSFILHO2 (big blind) folded on the Turn
Seat 5: 4opl1a folded before Flop (didn't bet)
Seat 6: Dorex2007 folded before Flop (didn't bet)
Seat 7: SawaBeton folded before Flop (didn't bet)
Seat 8: Ricoisbored collected ($0.29)
Seat 9: e.a.den72 folded before Flop (didn't bet)



PokerStars Hand #228125975360:  Hold'em No Limit ($0.01/$0.02 USD) - 2021/07/07 13:33:22 PT [2021/07/07 16:33:22 ET]
Table 'Suvanto IV' 9-max Seat #3 is the button
Seat 1: StarWing4230 ($2.10 in chips) 
Seat 2: FACCHETADE$ ($6 in chips) 
Seat 3: 951965 ($1.96 in chips) 
Seat 4: SANTOSFILHO2 ($0.70 in chips) 
Seat 5: 4opl1a ($3.71 in chips) 
Seat 6: Dorex2007 ($2.63 in chips) 
Seat 7: SawaBeton ($1.96 in chips) 
Seat 8: Ricoisbored ($2.15 in chips) 
Seat 9: e.a.den72 ($2.12 in chips) 
SANTOSFILHO2: posts small blind $0.01
4opl1a: posts big blind $0.02
*** HOLE CARDS ***
Dealt to Dorex2007 [Qh 7c]
Dorex2007: folds 
SawaBeton: folds 
Ricoisbored: folds 
e.a.den72: folds 
StarWing4230: raises $0.04 to $0.06
FACCHETADE$: calls $0.06
951965: folds 
SANTOSFILHO2: folds 
4opl1a: folds 
*** FLOP *** [4h 3s As]
StarWing4230: bets $0.07
FACCHETADE$: calls $0.07
*** TURN *** [4h 3s As] [Jd]
StarWing4230: bets $0.28
FACCHETADE$: calls $0.28
*** RIVER *** [4h 3s As Jd] [4d]
StarWing4230: checks 
FACCHETADE$: checks 
*** SHOW DOWN ***
StarWing4230: shows [Jc 2c] (two pair, Jacks and Fours)
FACCHETADE$: shows [Ah Qc] (two pair, Aces and Fours)
FACCHETADE$ collected $0.82 from pot
*** SUMMARY ***
Total pot $0.85 | Rake $0.03 
Board [4h 3s As Jd 4d]
Seat 1: StarWing4230 showed [Jc 2c] and lost with two pair, Jacks and Fours
Seat 2: FACCHETADE$ showed [Ah Qc] and won ($0.82) with two pair, Aces and Fours
Seat 3: 951965 (button) folded before Flop (didn't bet)
Seat 4: SANTOSFILHO2 (small blind) folded before Flop
Seat 5: 4opl1a (big blind) folded before Flop
Seat 6: Dorex2007 folded before Flop (didn't bet)
Seat 7: SawaBeton folded before Flop (didn't bet)
Seat 8: Ricoisbored folded before Flop (didn't bet)
Seat 9: e.a.den72 folded before Flop (didn't bet)



PokerStars Hand #228126000789:  Hold'em No Limit ($0.01/$0.02 USD) - 2021/07/07 13:34:25 PT [2021/07/07 16:34:25 ET]
Table 'Suvanto IV' 9-max Seat #4 is the button
Seat 1: StarWing4230 ($1.69 in chips) 
Seat 2: FACCHETADE$ ($6.41 in chips) 
Seat 3: 951965 ($1.96 in chips) 
Seat 4: SANTOSFILHO2 ($0.69 in chips) 
Seat 5: 4opl1a ($3.69 in chips) 
Seat 6: Dorex2007 ($2.63 in chips) 
Seat 7: SawaBeton ($1.96 in chips) 
Seat 8: Ricoisbored ($2.15 in chips) 
Seat 9: e.a.den72 ($2.12 in chips) 
4opl1a: posts small blind $0.01
Dorex2007: posts big blind $0.02
*** HOLE CARDS ***
Dealt to Dorex2007 [Kd 5s]
SawaBeton: folds 
Ricoisbored: folds 
Ricoisbored leaves the table
e.a.den72: folds 
StarWing4230: folds 
FACCHETADE$: raises $0.02 to $0.04
951965: folds 
SANTOSFILHO2: raises $0.65 to $0.69 and is all-in
4opl1a: folds 
Dorex2007: folds 
FACCHETADE$: folds 
Uncalled bet ($0.65) returned to SANTOSFILHO2
SANTOSFILHO2 collected $0.11 from pot
*** SUMMARY ***
Total pot $0.11 | Rake $0 
Seat 1: StarWing4230 folded before Flop (didn't bet)
Seat 2: FACCHETADE$ folded before Flop
Seat 3: 951965 folded before Flop (didn't bet)
Seat 4: SANTOSFILHO2 (button) collected ($0.11)
Seat 5: 4opl1a (small blind) folded before Flop
Seat 6: Dorex2007 (big blind) folded before Flop
Seat 7: SawaBeton folded before Flop (didn't bet)
Seat 8: Ricoisbored folded before Flop (didn't bet)
Seat 9: e.a.den72 folded before Flop (didn't bet)



PokerStars Hand #228126015775:  Hold'em No Limit ($0.01/$0.02 USD) - 2021/07/07 13:35:02 PT [2021/07/07 16:35:02 ET]
Table 'Suvanto IV' 9-max Seat #5 is the button
Seat 1: StarWing4230 ($1.69 in chips) 
Seat 2: FACCHETADE$ ($6.37 in chips) 
Seat 3: 951965 ($1.96 in chips) 
Seat 4: SANTOSFILHO2 ($0.76 in chips) 
Seat 5: 4opl1a ($3.68 in chips) 
Seat 6: Dorex2007 ($2.61 in chips) 
Seat 7: SawaBeton ($1.96 in chips) 
Seat 9: e.a.den72 ($2.12 in chips) 
Dorex2007: posts small blind $0.01
SawaBeton: posts big blind $0.02
*** HOLE CARDS ***
Dealt to Dorex2007 [As 6s]
e.a.den72: folds 
StarWing4230: folds 
FACCHETADE$: folds 
951965: folds 
SANTOSFILHO2: folds 
4opl1a: folds 
Dorex2007: raises $0.04 to $0.06
SawaBeton: folds 
Uncalled bet ($0.04) returned to Dorex2007
Dorex2007 collected $0.04 from pot
Dorex2007: doesn't show hand 
*** SUMMARY ***
Total pot $0.04 | Rake $0 
Seat 1: StarWing4230 folded before Flop (didn't bet)
Seat 2: FACCHETADE$ folded before Flop (didn't bet)
Seat 3: 951965 folded before Flop (didn't bet)
Seat 4: SANTOSFILHO2 folded before Flop (didn't bet)
Seat 5: 4opl1a (button) folded before Flop (didn't bet)
Seat 6: Dorex2007 (small blind) collected ($0.04)
Seat 7: SawaBeton (big blind) folded before Flop
Seat 9: e.a.den72 folded before Flop (didn't bet)



PokerStars Hand #228126023678:  Hold'em No Limit ($0.01/$0.02 USD) - 2021/07/07 13:35:21 PT [2021/07/07 16:35:21 ET]
Table 'Suvanto IV' 9-max Seat #6 is the button
Seat 1: StarWing4230 ($1.69 in chips) 
Seat 2: FACCHETADE$ ($6.37 in chips) 
Seat 3: 951965 ($1.96 in chips) 
Seat 4: SANTOSFILHO2 ($0.76 in chips) 
Seat 5: 4opl1a ($3.68 in chips) 
Seat 6: Dorex2007 ($2.63 in chips) 
Seat 7: SawaBeton ($1.94 in chips) 
Seat 9: e.a.den72 ($2.12 in chips) 
SawaBeton: posts small blind $0.01
e.a.den72: posts big blind $0.02
*** HOLE CARDS ***
Dealt to Dorex2007 [9s 4h]
StarWing4230: folds 
FACCHETADE$: folds 
951965: folds 
SANTOSFILHO2: folds 
4opl1a: folds 
Dorex2007: calls $0.02
SawaBeton: raises $0.06 to $0.08
e.a.den72: folds 
Dorex2007: folds 
Uncalled bet ($0.06) returned to SawaBeton
SawaBeton collected $0.06 from pot
*** SUMMARY ***
Total pot $0.06 | Rake $0 
Seat 1: StarWing4230 folded before Flop (didn't bet)
Seat 2: FACCHETADE$ folded before Flop (didn't bet)
Seat 3: 951965 folded before Flop (didn't bet)
Seat 4: SANTOSFILHO2 folded before Flop (didn't bet)
Seat 5: 4opl1a folded before Flop (didn't bet)
Seat 6: Dorex2007 (button) folded before Flop
Seat 7: SawaBeton (small blind) collected ($0.06)
Seat 9: e.a.den72 (big blind) folded before Flop



PokerStars Hand #228126033359:  Hold'em No Limit ($0.01/$0.02 USD) - 2021/07/07 13:35:46 PT [2021/07/07 16:35:46 ET]
Table 'Suvanto IV' 9-max Seat #7 is the button
Seat 1: StarWing4230 ($1.69 in chips) 
Seat 2: FACCHETADE$ ($6.37 in chips) 
Seat 3: 951965 ($1.96 in chips) 
Seat 4: SANTOSFILHO2 ($0.76 in chips) 
Seat 5: 4opl1a ($3.68 in chips) 
Seat 6: Dorex2007 ($2.61 in chips) 
Seat 7: SawaBeton ($1.98 in chips) 
Seat 9: e.a.den72 ($2.10 in chips) 
e.a.den72: posts small blind $0.01
StarWing4230: posts big blind $0.02
*** HOLE CARDS ***
Dealt to Dorex2007 [2c 4d]
FACCHETADE$: folds 
951965: folds 
SANTOSFILHO2: folds 
4opl1a: folds 
Dorex2007: folds 
SawaBeton: folds 
e.a.den72: folds 
Uncalled bet ($0.01) returned to StarWing4230
StarWing4230 collected $0.02 from pot
StarWing4230: doesn't show hand 
*** SUMMARY ***
Total pot $0.02 | Rake $0 
Seat 1: StarWing4230 (big blind) collected ($0.02)
Seat 2: FACCHETADE$ folded before Flop (didn't bet)
Seat 3: 951965 folded before Flop (didn't bet)
Seat 4: SANTOSFILHO2 folded before Flop (didn't bet)
Seat 5: 4opl1a folded before Flop (didn't bet)
Seat 6: Dorex2007 folded before Flop (didn't bet)
Seat 7: SawaBeton (button) folded before Flop (didn't bet)
Seat 9: e.a.den72 (small blind) folded before Flop



PokerStars Hand #228126044061:  Hold'em No Limit ($0.01/$0.02 USD) - 2021/07/07 13:36:13 PT [2021/07/07 16:36:13 ET]
Table 'Suvanto IV' 9-max Seat #9 is the button
Seat 1: StarWing4230 ($1.70 in chips) 
Seat 2: FACCHETADE$ ($6.37 in chips) 
Seat 3: 951965 ($1.96 in chips) 
Seat 4: SANTOSFILHO2 ($0.76 in chips) 
Seat 5: 4opl1a ($3.68 in chips) 
Seat 6: Dorex2007 ($2.61 in chips) 
Seat 7: SawaBeton ($1.98 in chips) 
Seat 9: e.a.den72 ($2.09 in chips) 
StarWing4230: posts small blind $0.01
FACCHETADE$: posts big blind $0.02
*** HOLE CARDS ***
Dealt to Dorex2007 [Js 2d]
951965: folds 
SANTOSFILHO2: folds 
4opl1a: folds 
Dorex2007: folds 
SawaBeton: folds 
e.a.den72: calls $0.02
StarWing4230: folds 
FACCHETADE$: checks 
*** FLOP *** [Th 9c 5s]
FACCHETADE$: checks 
e.a.den72: bets $0.03
FACCHETADE$: folds 
Uncalled bet ($0.03) returned to e.a.den72
e.a.den72 collected $0.05 from pot
e.a.den72: doesn't show hand 
*** SUMMARY ***
Total pot $0.05 | Rake $0 
Board [Th 9c 5s]
Seat 1: StarWing4230 (small blind) folded before Flop
Seat 2: FACCHETADE$ (big blind) folded on the Flop
Seat 3: 951965 folded before Flop (didn't bet)
Seat 4: SANTOSFILHO2 folded before Flop (didn't bet)
Seat 5: 4opl1a folded before Flop (didn't bet)
Seat 6: Dorex2007 folded before Flop (didn't bet)
Seat 7: SawaBeton folded before Flop (didn't bet)
Seat 9: e.a.den72 (button) collected ($0.05)



PokerStars Hand #228126058283:  Hold'em No Limit ($0.01/$0.02 USD) - 2021/07/07 13:36:49 PT [2021/07/07 16:36:49 ET]
Table 'Suvanto IV' 9-max Seat #1 is the button
Seat 1: StarWing4230 ($1.69 in chips) 
Seat 2: FACCHETADE$ ($6.35 in chips) 
Seat 3: 951965 ($1.96 in chips) 
Seat 4: SANTOSFILHO2 ($0.76 in chips) 
Seat 5: 4opl1a ($3.68 in chips) 
Seat 6: Dorex2007 ($2.61 in chips) 
Seat 7: SawaBeton ($1.98 in chips) 
Seat 9: e.a.den72 ($2.12 in chips) 
FACCHETADE$: posts small blind $0.01
951965: posts big blind $0.02
*** HOLE CARDS ***
Dealt to Dorex2007 [3h Td]
SANTOSFILHO2: folds 
4opl1a: folds 
Dorex2007: folds 
SawaBeton: folds 
e.a.den72: folds 
StarWing4230: calls $0.02
FACCHETADE$: calls $0.01
951965: checks 
*** FLOP *** [Qh As Js]
FACCHETADE$: checks 
samihind joins the table at seat #8 
951965: checks 
StarWing4230: checks 
*** TURN *** [Qh As Js] [9d]
FACCHETADE$: checks 
951965: bets $0.06
StarWing4230: folds 
FACCHETADE$: folds 
Uncalled bet ($0.06) returned to 951965
951965 collected $0.06 from pot
*** SUMMARY ***
Total pot $0.06 | Rake $0 
Board [Qh As Js 9d]
Seat 1: StarWing4230 (button) folded on the Turn
Seat 2: FACCHETADE$ (small blind) folded on the Turn
Seat 3: 951965 (big blind) collected ($0.06)
Seat 4: SANTOSFILHO2 folded before Flop (didn't bet)
Seat 5: 4opl1a folded before Flop (didn't bet)
Seat 6: Dorex2007 folded before Flop (didn't bet)
Seat 7: SawaBeton folded before Flop (didn't bet)
Seat 9: e.a.den72 folded before Flop (didn't bet)



PokerStars Hand #228126078342:  Hold'em No Limit ($0.01/$0.02 USD) - 2021/07/07 13:37:39 PT [2021/07/07 16:37:39 ET]
Table 'Suvanto IV' 9-max Seat #2 is the button
Seat 1: StarWing4230 ($1.67 in chips) 
Seat 2: FACCHETADE$ ($6.33 in chips) 
Seat 3: 951965 ($2 in chips) 
Seat 4: SANTOSFILHO2 ($0.76 in chips) 
Seat 5: 4opl1a ($3.68 in chips) 
Seat 6: Dorex2007 ($2.61 in chips) 
Seat 7: SawaBeton ($1.98 in chips) 
Seat 9: e.a.den72 ($2.12 in chips) 
951965: posts small blind $0.01
SANTOSFILHO2: posts big blind $0.02
samihind: sits out 
*** HOLE CARDS ***
Dealt to Dorex2007 [2h 4c]
4opl1a: folds 
Dorex2007: folds 
SawaBeton: raises $0.04 to $0.06
e.a.den72: folds 
StarWing4230: raises $0.04 to $0.10
FACCHETADE$: folds 
951965: folds 
SANTOSFILHO2: folds 
SawaBeton: calls $0.04
*** FLOP *** [4h Kh 6d]
SawaBeton: checks 
StarWing4230: bets $0.22
SawaBeton: folds 
Uncalled bet ($0.22) returned to StarWing4230
StarWing4230 collected $0.22 from pot
StarWing4230: doesn't show hand 
*** SUMMARY ***
Total pot $0.23 | Rake $0.01 
Board [4h Kh 6d]
Seat 1: StarWing4230 collected ($0.22)
Seat 2: FACCHETADE$ (button) folded before Flop (didn't bet)
Seat 3: 951965 (small blind) folded before Flop
Seat 4: SANTOSFILHO2 (big blind) folded before Flop
Seat 5: 4opl1a folded before Flop (didn't bet)
Seat 6: Dorex2007 folded before Flop (didn't bet)
Seat 7: SawaBeton folded on the Flop
Seat 9: e.a.den72 folded before Flop (didn't bet)



PokerStars Hand #228126094908:  Hold'em No Limit ($0.01/$0.02 USD) - 2021/07/07 13:38:21 PT [2021/07/07 16:38:21 ET]
Table 'Suvanto IV' 9-max Seat #3 is the button
Seat 1: StarWing4230 ($1.79 in chips) 
Seat 2: FACCHETADE$ ($6.33 in chips) 
Seat 3: 951965 ($1.99 in chips) 
Seat 4: SANTOSFILHO2 ($0.74 in chips) 
Seat 5: 4opl1a ($3.68 in chips) 
Seat 6: Dorex2007 ($2.61 in chips) 
Seat 7: SawaBeton ($1.88 in chips) 
Seat 9: e.a.den72 ($2.12 in chips) 
SANTOSFILHO2: posts small blind $0.01
4opl1a: posts big blind $0.02
samihind: sits out 
*** HOLE CARDS ***
Dealt to Dorex2007 [9h 5d]
Dorex2007: folds 
SawaBeton: folds 
e.a.den72: folds 
StarWing4230: folds 
FACCHETADE$: folds 
951965: folds 
SANTOSFILHO2: calls $0.01
4opl1a: checks 
*** FLOP *** [9s 9c Qs]
SANTOSFILHO2: checks 
4opl1a: checks 
*** TURN *** [9s 9c Qs] [5h]
SANTOSFILHO2: checks 
4opl1a: checks 
*** RIVER *** [9s 9c Qs 5h] [9d]
SANTOSFILHO2: bets $0.06
4opl1a: folds 
Uncalled bet ($0.06) returned to SANTOSFILHO2
SANTOSFILHO2 collected $0.04 from pot
*** SUMMARY ***
Total pot $0.04 | Rake $0 
Board [9s 9c Qs 5h 9d]
Seat 1: StarWing4230 folded before Flop (didn't bet)
Seat 2: FACCHETADE$ folded before Flop (didn't bet)
Seat 3: 951965 (button) folded before Flop (didn't bet)
Seat 4: SANTOSFILHO2 (small blind) collected ($0.04)
Seat 5: 4opl1a (big blind) folded on the River
Seat 6: Dorex2007 folded before Flop (didn't bet)
Seat 7: SawaBeton folded before Flop (didn't bet)
Seat 9: e.a.den72 folded before Flop (didn't bet)



PokerStars Hand #228126130112:  Hold'em No Limit ($0.01/$0.02 USD) - 2021/07/07 13:39:50 PT [2021/07/07 16:39:50 ET]
Table 'Suvanto IV' 9-max Seat #4 is the button
Seat 1: StarWing4230 ($1.79 in chips) 
Seat 2: FACCHETADE$ ($6.33 in chips) 
Seat 3: 951965 ($1.99 in chips) 
Seat 4: SANTOSFILHO2 ($0.76 in chips) 
Seat 5: 4opl1a ($3.66 in chips) 
Seat 6: Dorex2007 ($2.61 in chips) 
Seat 7: SawaBeton ($2 in chips) 
Seat 9: e.a.den72 ($2.12 in chips) 
4opl1a: posts small blind $0.01
Dorex2007: posts big blind $0.02
samihind: sits out 
*** HOLE CARDS ***
Dealt to Dorex2007 [6d 6c]
SawaBeton: folds 
e.a.den72: folds 
StarWing4230: folds 
FACCHETADE$: raises $0.05 to $0.07
951965: folds 
SANTOSFILHO2: calls $0.07
4opl1a: calls $0.06
Dorex2007: folds 
*** FLOP *** [5c Js 5s]
SawaBeton leaves the table
4opl1a: checks 
FACCHETADE$: checks 
SANTOSFILHO2: bets $0.69 and is all-in
4opl1a: folds 
FACCHETADE$: folds 
Uncalled bet ($0.69) returned to SANTOSFILHO2
SANTOSFILHO2 collected $0.22 from pot
*** SUMMARY ***
Total pot $0.23 | Rake $0.01 
Board [5c Js 5s]
Seat 1: StarWing4230 folded before Flop (didn't bet)
Seat 2: FACCHETADE$ folded on the Flop
Seat 3: 951965 folded before Flop (didn't bet)
Seat 4: SANTOSFILHO2 (button) collected ($0.22)
Seat 5: 4opl1a (small blind) folded on the Flop
Seat 6: Dorex2007 (big blind) folded before Flop
Seat 7: SawaBeton folded before Flop (didn't bet)
Seat 9: e.a.den72 folded before Flop (didn't bet)



PokerStars Hand #228126152145:  Hold'em No Limit ($0.01/$0.02 USD) - 2021/07/07 13:40:46 PT [2021/07/07 16:40:46 ET]
Table 'Suvanto IV' 9-max Seat #5 is the button
Seat 1: StarWing4230 ($1.79 in chips) 
Seat 2: FACCHETADE$ ($6.26 in chips) 
Seat 3: 951965 ($1.99 in chips) 
Seat 4: SANTOSFILHO2 ($0.91 in chips) 
Seat 5: 4opl1a ($3.59 in chips) 
Seat 6: Dorex2007 ($2.59 in chips) 
Seat 8: samihind ($0.86 in chips) 
Seat 9: e.a.den72 ($2.12 in chips) 
Dorex2007: posts small blind $0.01
samihind: posts big blind $0.02
*** HOLE CARDS ***
Dealt to Dorex2007 [5s Kh]
e.a.den72: folds 
StarWing4230: folds 
FACCHETADE$: raises $0.02 to $0.04
951965: calls $0.04
SANTOSFILHO2: folds 
4opl1a: folds 
Dorex2007: folds 
tarasikB joins the table at seat #7 
samihind: folds 
*** FLOP *** [6d 8h 6h]
FACCHETADE$: checks 
951965: checks 
*** TURN *** [6d 8h 6h] [7s]
FACCHETADE$: checks 
951965: checks 
*** RIVER *** [6d 8h 6h 7s] [Tc]
FACCHETADE$: bets $0.06
951965: folds 
Uncalled bet ($0.06) returned to FACCHETADE$
FACCHETADE$ collected $0.11 from pot
FACCHETADE$: doesn't show hand 
*** SUMMARY ***
Total pot $0.11 | Rake $0 
Board [6d 8h 6h 7s Tc]
Seat 1: StarWing4230 folded before Flop (didn't bet)
Seat 2: FACCHETADE$ collected ($0.11)
Seat 3: 951965 folded on the River
Seat 4: SANTOSFILHO2 folded before Flop (didn't bet)
Seat 5: 4opl1a (button) folded before Flop (didn't bet)
Seat 6: Dorex2007 (small blind) folded before Flop
Seat 8: samihind (big blind) folded before Flop
Seat 9: e.a.den72 folded before Flop (didn't bet)



PokerStars Hand #228126174806:  Hold'em No Limit ($0.01/$0.02 USD) - 2021/07/07 13:41:44 PT [2021/07/07 16:41:44 ET]
Table 'Suvanto IV' 9-max Seat #6 is the button
Seat 1: StarWing4230 ($1.79 in chips) 
Seat 2: FACCHETADE$ ($6.33 in chips) 
Seat 3: 951965 ($1.95 in chips) 
Seat 4: SANTOSFILHO2 ($0.91 in chips) 
Seat 5: 4opl1a ($3.59 in chips) 
Seat 6: Dorex2007 ($2.58 in chips) 
Seat 8: samihind ($0.84 in chips) 
Seat 9: e.a.den72 ($2.12 in chips) 
samihind: posts small blind $0.01
e.a.den72: posts big blind $0.02
*** HOLE CARDS ***
Dealt to Dorex2007 [9h Jc]
StarWing4230: raises $0.04 to $0.06
FACCHETADE$: folds 
951965: folds 
SANTOSFILHO2: folds 
4opl1a: folds 
Dorex2007: folds 
samihind: raises $0.14 to $0.20
e.a.den72: folds 
StarWing4230: calls $0.14
*** FLOP *** [Ks 4h 5d]
samihind: bets $0.64 and is all-in
StarWing4230: folds 
Uncalled bet ($0.64) returned to samihind
samihind collected $0.41 from pot
samihind: doesn't show hand 
*** SUMMARY ***
Total pot $0.42 | Rake $0.01 
Board [Ks 4h 5d]
Seat 1: StarWing4230 folded on the Flop
Seat 2: FACCHETADE$ folded before Flop (didn't bet)
Seat 3: 951965 folded before Flop (didn't bet)
Seat 4: SANTOSFILHO2 folded before Flop (didn't bet)
Seat 5: 4opl1a folded before Flop (didn't bet)
Seat 6: Dorex2007 (button) folded before Flop (didn't bet)
Seat 8: samihind (small blind) collected ($0.41)
Seat 9: e.a.den72 (big blind) folded before Flop



PokerStars Hand #228126186413:  Hold'em No Limit ($0.01/$0.02 USD) - 2021/07/07 13:42:14 PT [2021/07/07 16:42:14 ET]
Table 'Suvanto IV' 9-max Seat #8 is the button
Seat 1: StarWing4230 ($1.59 in chips) 
Seat 2: FACCHETADE$ ($6.33 in chips) 
Seat 3: 951965 ($1.95 in chips) 
Seat 4: SANTOSFILHO2 ($0.91 in chips) 
Seat 5: 4opl1a ($3.59 in chips) 
Seat 6: Dorex2007 ($2.58 in chips) 
Seat 7: tarasikB ($0.80 in chips) 
Seat 8: samihind ($1.05 in chips) 
Seat 9: e.a.den72 ($2.10 in chips) 
e.a.den72: posts small blind $0.01
StarWing4230: posts big blind $0.02
tarasikB: posts big blind $0.02
*** HOLE CARDS ***
Dealt to Dorex2007 [2d 3s]
FACCHETADE$: folds 
951965: folds 
SANTOSFILHO2: folds 
4opl1a: folds 
Dorex2007: folds 
tarasikB: checks 
samihind: calls $0.02
e.a.den72: folds 
StarWing4230: checks 
*** FLOP *** [Ac 9h 3h]
StarWing4230: checks 
tarasikB: checks 
samihind: bets $0.07
StarWing4230: folds 
tarasikB: folds 
Uncalled bet ($0.07) returned to samihind
samihind collected $0.07 from pot
samihind: doesn't show hand 
*** SUMMARY ***
Total pot $0.07 | Rake $0 
Board [Ac 9h 3h]
Seat 1: StarWing4230 (big blind) folded on the Flop
Seat 2: FACCHETADE$ folded before Flop (didn't bet)
Seat 3: 951965 folded before Flop (didn't bet)
Seat 4: SANTOSFILHO2 folded before Flop (didn't bet)
Seat 5: 4opl1a folded before Flop (didn't bet)
Seat 6: Dorex2007 folded before Flop (didn't bet)
Seat 7: tarasikB folded on the Flop (didn't bet)
Seat 8: samihind (button) collected ($0.07)
Seat 9: e.a.den72 (small blind) folded before Flop



PokerStars Hand #228126208452:  Hold'em No Limit ($0.01/$0.02 USD) - 2021/07/07 13:43:12 PT [2021/07/07 16:43:12 ET]
Table 'Suvanto IV' 9-max Seat #9 is the button
Seat 1: StarWing4230 ($1.57 in chips) 
Seat 2: FACCHETADE$ ($6.33 in chips) 
Seat 3: 951965 ($1.95 in chips) 
Seat 4: SANTOSFILHO2 ($0.91 in chips) 
Seat 5: 4opl1a ($3.59 in chips) 
Seat 6: Dorex2007 ($2.58 in chips) 
Seat 7: tarasikB ($0.78 in chips) 
Seat 8: samihind ($1.10 in chips) 
Seat 9: e.a.den72 ($2.09 in chips) 
StarWing4230: posts small blind $0.01
FACCHETADE$: posts big blind $0.02
*** HOLE CARDS ***
Dealt to Dorex2007 [4h 8s]
951965: calls $0.02
SANTOSFILHO2: raises $0.04 to $0.06
4opl1a: folds 
Dorex2007: folds 
tarasikB: folds 
samihind: folds 
e.a.den72: folds 
StarWing4230: folds 
FACCHETADE$: folds 
951965: calls $0.04
*** FLOP *** [9c 6c Qc]
951965: checks 
SANTOSFILHO2: bets $0.14
951965: calls $0.14
*** TURN *** [9c 6c Qc] [5c]
951965: bets $0.41
SANTOSFILHO2: folds 
Uncalled bet ($0.41) returned to 951965
951965 collected $0.41 from pot
*** SUMMARY ***
Total pot $0.43 | Rake $0.02 
Board [9c 6c Qc 5c]
Seat 1: StarWing4230 (small blind) folded before Flop
Seat 2: FACCHETADE$ (big blind) folded before Flop
Seat 3: 951965 collected ($0.41)
Seat 4: SANTOSFILHO2 folded on the Turn
Seat 5: 4opl1a folded before Flop (didn't bet)
Seat 6: Dorex2007 folded before Flop (didn't bet)
Seat 7: tarasikB folded before Flop (didn't bet)
Seat 8: samihind folded before Flop (didn't bet)
Seat 9: e.a.den72 (button) folded before Flop (didn't bet)



PokerStars Hand #228126234359:  Hold'em No Limit ($0.01/$0.02 USD) - 2021/07/07 13:44:19 PT [2021/07/07 16:44:19 ET]
Table 'Suvanto IV' 9-max Seat #1 is the button
Seat 1: StarWing4230 ($1.56 in chips) 
Seat 2: FACCHETADE$ ($6.31 in chips) 
Seat 3: 951965 ($2.16 in chips) 
Seat 4: SANTOSFILHO2 ($0.71 in chips) 
Seat 5: 4opl1a ($3.59 in chips) 
Seat 6: Dorex2007 ($2.58 in chips) 
Seat 7: tarasikB ($0.78 in chips) 
Seat 8: samihind ($1.10 in chips) 
Seat 9: e.a.den72 ($2.09 in chips) 
FACCHETADE$: posts small blind $0.01
951965: posts big blind $0.02
*** HOLE CARDS ***
Dealt to Dorex2007 [8s Kh]
SANTOSFILHO2: folds 
4opl1a: folds 
Dorex2007: folds 
tarasikB: raises $0.02 to $0.04
samihind: folds 
SANTOSFILHO2 leaves the table
e.a.den72: raises $0.08 to $0.12
StarWing4230: folds 
FACCHETADE$: calls $0.11
JugEars88 joins the table at seat #4 
951965: folds 
tarasikB: folds 
*** FLOP *** [Qc 6c 5h]
FACCHETADE$: checks 
e.a.den72: bets $0.20
FACCHETADE$: folds 
Uncalled bet ($0.20) returned to e.a.den72
e.a.den72 collected $0.29 from pot
e.a.den72: doesn't show hand 
*** SUMMARY ***
Total pot $0.30 | Rake $0.01 
Board [Qc 6c 5h]
Seat 1: StarWing4230 (button) folded before Flop (didn't bet)
Seat 2: FACCHETADE$ (small blind) folded on the Flop
Seat 3: 951965 (big blind) folded before Flop
Seat 4: SANTOSFILHO2 folded before Flop (didn't bet)
Seat 5: 4opl1a folded before Flop (didn't bet)
Seat 6: Dorex2007 folded before Flop (didn't bet)
Seat 7: tarasikB folded before Flop
Seat 8: samihind folded before Flop (didn't bet)
Seat 9: e.a.den72 collected ($0.29)



PokerStars Hand #228126256467:  Hold'em No Limit ($0.01/$0.02 USD) - 2021/07/07 13:45:15 PT [2021/07/07 16:45:15 ET]
Table 'Suvanto IV' 9-max Seat #2 is the button
Seat 1: StarWing4230 ($1.56 in chips) 
Seat 2: FACCHETADE$ ($6.19 in chips) 
Seat 3: 951965 ($2.14 in chips) 
Seat 4: JugEars88 ($1.51 in chips) 
Seat 5: 4opl1a ($3.59 in chips) 
Seat 6: Dorex2007 ($2.58 in chips) 
Seat 7: tarasikB ($0.74 in chips) 
Seat 8: samihind ($1.10 in chips) 
Seat 9: e.a.den72 ($2.26 in chips) 
951965: posts small blind $0.01
JugEars88: posts big blind $0.02
*** HOLE CARDS ***
Dealt to Dorex2007 [3s 6d]
4opl1a: folds 
Dorex2007: folds 
tarasikB: folds 
samihind: folds 
e.a.den72: folds 
StarWing4230: folds 
FACCHETADE$: folds 
951965: raises $0.02 to $0.04
JugEars88 is disconnected 
JugEars88 is connected 
JugEars88 has timed out
JugEars88: folds 
Uncalled bet ($0.02) returned to 951965
951965 collected $0.04 from pot
*** SUMMARY ***
Total pot $0.04 | Rake $0 
Seat 1: StarWing4230 folded before Flop (didn't bet)
Seat 2: FACCHETADE$ (button) folded before Flop (didn't bet)
Seat 3: 951965 (small blind) collected ($0.04)
Seat 4: JugEars88 (big blind) folded before Flop
Seat 5: 4opl1a folded before Flop (didn't bet)
Seat 6: Dorex2007 folded before Flop (didn't bet)
Seat 7: tarasikB folded before Flop (didn't bet)
Seat 8: samihind folded before Flop (didn't bet)
Seat 9: e.a.den72 folded before Flop (didn't bet)



PokerStars Hand #228126278439:  Hold'em No Limit ($0.01/$0.02 USD) - 2021/07/07 13:46:12 PT [2021/07/07 16:46:12 ET]
Table 'Suvanto IV' 9-max Seat #3 is the button
Seat 1: StarWing4230 ($1.56 in chips) 
Seat 2: FACCHETADE$ ($6.19 in chips) 
Seat 3: 951965 ($2.16 in chips) 
Seat 4: JugEars88 ($1.49 in chips) 
Seat 5: 4opl1a ($3.59 in chips) 
Seat 6: Dorex2007 ($2.58 in chips) 
Seat 7: tarasikB ($0.74 in chips) 
Seat 8: samihind ($1.10 in chips) 
Seat 9: e.a.den72 ($2.26 in chips) 
JugEars88: posts small blind $0.01
4opl1a: posts big blind $0.02
*** HOLE CARDS ***
Dealt to Dorex2007 [7h 8h]
Dorex2007: folds 
tarasikB: folds 
samihind: raises $0.04 to $0.06
e.a.den72: calls $0.06
StarWing4230: calls $0.06
FACCHETADE$: folds 
951965: folds 
JugEars88: folds 
4opl1a: calls $0.04
*** FLOP *** [5h 8c 2d]
4opl1a: checks 
samihind: bets $0.12
e.a.den72: calls $0.12
StarWing4230: folds 
4opl1a: calls $0.12
*** TURN *** [5h 8c 2d] [6c]
4opl1a: checks 
samihind: checks 
e.a.den72: checks 
*** RIVER *** [5h 8c 2d 6c] [3d]
4opl1a: checks 
samihind: checks 
e.a.den72: bets $0.42
4opl1a: folds 
samihind: folds 
Uncalled bet ($0.42) returned to e.a.den72
e.a.den72 collected $0.59 from pot
e.a.den72: doesn't show hand 
*** SUMMARY ***
Total pot $0.61 | Rake $0.02 
Board [5h 8c 2d 6c 3d]
Seat 1: StarWing4230 folded on the Flop
Seat 2: FACCHETADE$ folded before Flop (didn't bet)
Seat 3: 951965 (button) folded before Flop (didn't bet)
Seat 4: JugEars88 (small blind) folded before Flop
Seat 5: 4opl1a (big blind) folded on the River
Seat 6: Dorex2007 folded before Flop (didn't bet)
Seat 7: tarasikB folded before Flop (didn't bet)
Seat 8: samihind folded on the River
Seat 9: e.a.den72 collected ($0.59)



PokerStars Hand #228126307454:  Hold'em No Limit ($0.01/$0.02 USD) - 2021/07/07 13:47:27 PT [2021/07/07 16:47:27 ET]
Table 'Suvanto IV' 9-max Seat #4 is the button
Seat 1: StarWing4230 ($1.50 in chips) 
Seat 2: FACCHETADE$ ($6.19 in chips) 
Seat 3: 951965 ($2.16 in chips) 
Seat 4: JugEars88 ($1.48 in chips) 
Seat 5: 4opl1a ($3.41 in chips) 
Seat 6: Dorex2007 ($2.58 in chips) 
Seat 7: tarasikB ($0.74 in chips) 
Seat 8: samihind ($0.92 in chips) 
Seat 9: e.a.den72 ($2.67 in chips) 
4opl1a: posts small blind $0.01
Dorex2007: posts big blind $0.02
*** HOLE CARDS ***
Dealt to Dorex2007 [4h 2d]
tarasikB: folds 
samihind: raises $0.04 to $0.06
e.a.den72: calls $0.06
StarWing4230: folds 
FACCHETADE$: folds 
951965: folds 
JugEars88: calls $0.06
4opl1a: folds 
Dorex2007: folds 
*** FLOP *** [Kc 8d 8s]
samihind: checks 
e.a.den72: checks 
JugEars88: bets $0.10
samihind: calls $0.10
e.a.den72: folds 
*** TURN *** [Kc 8d 8s] [Jh]
samihind: checks 
JugEars88: checks 
*** RIVER *** [Kc 8d 8s Jh] [Qs]
samihind: bets $0.20
JugEars88: folds 
Uncalled bet ($0.20) returned to samihind
samihind collected $0.40 from pot
samihind: doesn't show hand 
*** SUMMARY ***
Total pot $0.41 | Rake $0.01 
Board [Kc 8d 8s Jh Qs]
Seat 1: StarWing4230 folded before Flop (didn't bet)
Seat 2: FACCHETADE$ folded before Flop (didn't bet)
Seat 3: 951965 folded before Flop (didn't bet)
Seat 4: JugEars88 (button) folded on the River
Seat 5: 4opl1a (small blind) folded before Flop
Seat 6: Dorex2007 (big blind) folded before Flop
Seat 7: tarasikB folded before Flop (didn't bet)
Seat 8: samihind collected ($0.40)
Seat 9: e.a.den72 folded on the Flop



PokerStars Hand #228126328228:  Hold'em No Limit ($0.01/$0.02 USD) - 2021/07/07 13:48:21 PT [2021/07/07 16:48:21 ET]
Table 'Suvanto IV' 9-max Seat #5 is the button
Seat 1: StarWing4230 ($1.50 in chips) 
Seat 2: FACCHETADE$ ($6.19 in chips) 
Seat 3: 951965 ($2.16 in chips) 
Seat 4: JugEars88 ($1.32 in chips) 
Seat 5: 4opl1a ($3.40 in chips) 
Seat 6: Dorex2007 ($2.56 in chips) 
Seat 7: tarasikB ($0.74 in chips) 
Seat 8: samihind ($1.16 in chips) 
Seat 9: e.a.den72 ($2.61 in chips) 
Dorex2007: posts small blind $0.01
tarasikB: posts big blind $0.02
*** HOLE CARDS ***
Dealt to Dorex2007 [8h 9c]
samihind: raises $0.04 to $0.06
e.a.den72: folds 
StarWing4230: folds 
FACCHETADE$: folds 
951965: folds 
JugEars88: calls $0.06
4opl1a: folds 
Dorex2007: folds 
tarasikB: calls $0.04
*** FLOP *** [Kc 5h Js]
tarasikB: checks 
samihind: checks 
JugEars88: bets $0.09
tarasikB: folds 
samihind: calls $0.09
*** TURN *** [Kc 5h Js] [6h]
samihind: checks 
JugEars88: checks 
*** RIVER *** [Kc 5h Js 6h] [Tc]
samihind: checks 
JugEars88: checks 
*** SHOW DOWN ***
samihind: shows [Qh Jc] (a pair of Jacks)
JugEars88: mucks hand 
samihind collected $0.36 from pot
*** SUMMARY ***
Total pot $0.37 | Rake $0.01 
Board [Kc 5h Js 6h Tc]
Seat 1: StarWing4230 folded before Flop (didn't bet)
Seat 2: FACCHETADE$ folded before Flop (didn't bet)
Seat 3: 951965 folded before Flop (didn't bet)
Seat 4: JugEars88 mucked [Ts Qc]
Seat 5: 4opl1a (button) folded before Flop (didn't bet)
Seat 6: Dorex2007 (small blind) folded before Flop
Seat 7: tarasikB (big blind) folded on the Flop
Seat 8: samihind showed [Qh Jc] and won ($0.36) with a pair of Jacks
Seat 9: e.a.den72 folded before Flop (didn't bet)



PokerStars Hand #228126361178:  Hold'em No Limit ($0.01/$0.02 USD) - 2021/07/07 13:49:35 PT [2021/07/07 16:49:35 ET]
Table 'Suvanto IV' 9-max Seat #6 is the button
Seat 1: StarWing4230 ($1.50 in chips) 
Seat 2: FACCHETADE$ ($6.19 in chips) 
Seat 3: 951965 ($2.16 in chips) 
Seat 4: JugEars88 ($1.17 in chips) 
Seat 5: 4opl1a ($3.40 in chips) 
Seat 6: Dorex2007 ($2.55 in chips) 
Seat 7: tarasikB ($0.68 in chips) 
Seat 8: samihind ($1.37 in chips) 
Seat 9: e.a.den72 ($2.61 in chips) 
tarasikB: posts small blind $0.01
samihind: posts big blind $0.02
*** HOLE CARDS ***
Dealt to Dorex2007 [3c 7c]
e.a.den72: folds 
StarWing4230: folds 
FACCHETADE$: folds 
951965: raises $0.02 to $0.04
JugEars88: folds 
4opl1a: folds 
Dorex2007: folds 
tarasikB: folds 
samihind: calls $0.02
*** FLOP *** [Kh 5h Ac]
samihind: checks 
951965: bets $0.09
samihind: folds 
Uncalled bet ($0.09) returned to 951965
951965 collected $0.09 from pot
*** SUMMARY ***
Total pot $0.09 | Rake $0 
Board [Kh 5h Ac]
Seat 1: StarWing4230 folded before Flop (didn't bet)
Seat 2: FACCHETADE$ folded before Flop (didn't bet)
Seat 3: 951965 collected ($0.09)
Seat 4: JugEars88 folded before Flop (didn't bet)
Seat 5: 4opl1a folded before Flop (didn't bet)
Seat 6: Dorex2007 (button) folded before Flop (didn't bet)
Seat 7: tarasikB (small blind) folded before Flop
Seat 8: samihind (big blind) folded on the Flop
Seat 9: e.a.den72 folded before Flop (didn't bet)



PokerStars Hand #228126373550:  Hold'em No Limit ($0.01/$0.02 USD) - 2021/07/07 13:50:07 PT [2021/07/07 16:50:07 ET]
Table 'Suvanto IV' 9-max Seat #7 is the button
Seat 1: StarWing4230 ($1.50 in chips) 
Seat 2: FACCHETADE$ ($6.19 in chips) 
Seat 3: 951965 ($2.21 in chips) 
Seat 4: JugEars88 ($1.17 in chips) 
Seat 5: 4opl1a ($3.40 in chips) 
Seat 6: Dorex2007 ($2.55 in chips) 
Seat 7: tarasikB ($0.67 in chips) 
Seat 8: samihind ($1.33 in chips) 
Seat 9: e.a.den72 ($2.61 in chips) 
samihind: posts small blind $0.01
e.a.den72: posts big blind $0.02
*** HOLE CARDS ***
Dealt to Dorex2007 [5c Tc]
StarWing4230: folds 
FACCHETADE$: folds 
951965: folds 
JugEars88: folds 
4opl1a: folds 
Dorex2007: folds 
tarasikB: raises $0.04 to $0.06
samihind: folds 
e.a.den72: folds 
Uncalled bet ($0.04) returned to tarasikB
tarasikB collected $0.05 from pot
*** SUMMARY ***
Total pot $0.05 | Rake $0 
Seat 1: StarWing4230 folded before Flop (didn't bet)
Seat 2: FACCHETADE$ folded before Flop (didn't bet)
Seat 3: 951965 folded before Flop (didn't bet)
Seat 4: JugEars88 folded before Flop (didn't bet)
Seat 5: 4opl1a folded before Flop (didn't bet)
Seat 6: Dorex2007 folded before Flop (didn't bet)
Seat 7: tarasikB (button) collected ($0.05)
Seat 8: samihind (small blind) folded before Flop
Seat 9: e.a.den72 (big blind) folded before Flop



PokerStars Hand #228126382450:  Hold'em No Limit ($0.01/$0.02 USD) - 2021/07/07 13:50:30 PT [2021/07/07 16:50:30 ET]
Table 'Suvanto IV' 9-max Seat #8 is the button
Seat 1: StarWing4230 ($1.50 in chips) 
Seat 2: FACCHETADE$ ($6.19 in chips) 
Seat 3: 951965 ($2.21 in chips) 
Seat 4: JugEars88 ($1.17 in chips) 
Seat 5: 4opl1a ($3.40 in chips) 
Seat 6: Dorex2007 ($2.55 in chips) 
Seat 7: tarasikB ($0.70 in chips) 
Seat 8: samihind ($1.32 in chips) 
Seat 9: e.a.den72 ($2.59 in chips) 
e.a.den72: posts small blind $0.01
StarWing4230: posts big blind $0.02
*** HOLE CARDS ***
Dealt to Dorex2007 [8s 9c]
FACCHETADE$: folds 
951965: raises $0.02 to $0.04
JugEars88: calls $0.04
4opl1a: folds 
Dorex2007: folds 
tarasikB: folds 
samihind: folds 
e.a.den72: folds 
StarWing4230: folds 
*** FLOP *** [Th 3h 6c]
951965: checks 
JugEars88: checks 
*** TURN *** [Th 3h 6c] [4d]
951965: checks 
JugEars88: bets $0.05
951965: folds 
Uncalled bet ($0.05) returned to JugEars88
JugEars88 collected $0.11 from pot
JugEars88: doesn't show hand 
*** SUMMARY ***
Total pot $0.11 | Rake $0 
Board [Th 3h 6c 4d]
Seat 1: StarWing4230 (big blind) folded before Flop
Seat 2: FACCHETADE$ folded before Flop (didn't bet)
Seat 3: 951965 folded on the Turn
Seat 4: JugEars88 collected ($0.11)
Seat 5: 4opl1a folded before Flop (didn't bet)
Seat 6: Dorex2007 folded before Flop (didn't bet)
Seat 7: tarasikB folded before Flop (didn't bet)
Seat 8: samihind (button) folded before Flop (didn't bet)
Seat 9: e.a.den72 (small blind) folded before Flop



PokerStars Hand #228126403708:  Hold'em No Limit ($0.01/$0.02 USD) - 2021/07/07 13:51:20 PT [2021/07/07 16:51:20 ET]
Table 'Suvanto IV' 9-max Seat #9 is the button
Seat 1: StarWing4230 ($1.48 in chips) 
Seat 2: FACCHETADE$ ($6.19 in chips) 
Seat 3: 951965 ($2.17 in chips) 
Seat 4: JugEars88 ($1.24 in chips) 
Seat 5: 4opl1a ($3.40 in chips) 
Seat 6: Dorex2007 ($2.55 in chips) 
Seat 7: tarasikB ($0.70 in chips) 
Seat 8: samihind ($1.32 in chips) 
Seat 9: e.a.den72 ($2.58 in chips) 
StarWing4230: posts small blind $0.01
FACCHETADE$: posts big blind $0.02
*** HOLE CARDS ***
Dealt to Dorex2007 [7c 8h]
951965: folds 
JugEars88: raises $0.04 to $0.06
4opl1a: folds 
Dorex2007: folds 
tarasikB: folds 
samihind: calls $0.06
e.a.den72: folds 
StarWing4230: folds 
FACCHETADE$: folds 
*** FLOP *** [Td 4c Ah]
JugEars88: checks 
samihind: bets $0.14
JugEars88: folds 
Uncalled bet ($0.14) returned to samihind
samihind collected $0.14 from pot
samihind: doesn't show hand 
*** SUMMARY ***
Total pot $0.15 | Rake $0.01 
Board [Td 4c Ah]
Seat 1: StarWing4230 (small blind) folded before Flop
Seat 2: FACCHETADE$ (big blind) folded before Flop
Seat 3: 951965 folded before Flop (didn't bet)
Seat 4: JugEars88 folded on the Flop
Seat 5: 4opl1a folded before Flop (didn't bet)
Seat 6: Dorex2007 folded before Flop (didn't bet)
Seat 7: tarasikB folded before Flop (didn't bet)
Seat 8: samihind collected ($0.14)
Seat 9: e.a.den72 (button) folded before Flop (didn't bet)



PokerStars Hand #228126417380:  Hold'em No Limit ($0.01/$0.02 USD) - 2021/07/07 13:51:55 PT [2021/07/07 16:51:55 ET]
Table 'Suvanto IV' 9-max Seat #1 is the button
Seat 1: StarWing4230 ($1.47 in chips) 
Seat 2: FACCHETADE$ ($6.17 in chips) 
Seat 3: 951965 ($2.17 in chips) 
Seat 4: JugEars88 ($1.18 in chips) 
Seat 5: 4opl1a ($3.40 in chips) 
Seat 6: Dorex2007 ($2.55 in chips) 
Seat 7: tarasikB ($0.70 in chips) 
Seat 8: samihind ($1.40 in chips) 
Seat 9: e.a.den72 ($2.58 in chips) 
FACCHETADE$: posts small blind $0.01
951965: posts big blind $0.02
*** HOLE CARDS ***
Dealt to Dorex2007 [Td 8c]
JugEars88: folds 
4opl1a: folds 
Dorex2007: folds 
tarasikB: raises $0.02 to $0.04
samihind: calls $0.04
e.a.den72: folds 
StarWing4230: folds 
FACCHETADE$: calls $0.03
951965: folds 
*** FLOP *** [5d 2h 7d]
FACCHETADE$: checks 
tarasikB: bets $0.07
samihind: folds 
FACCHETADE$: folds 
Uncalled bet ($0.07) returned to tarasikB
tarasikB collected $0.14 from pot
*** SUMMARY ***
Total pot $0.14 | Rake $0 
Board [5d 2h 7d]
Seat 1: StarWing4230 (button) folded before Flop (didn't bet)
Seat 2: FACCHETADE$ (small blind) folded on the Flop
Seat 3: 951965 (big blind) folded before Flop
Seat 4: JugEars88 folded before Flop (didn't bet)
Seat 5: 4opl1a folded before Flop (didn't bet)
Seat 6: Dorex2007 folded before Flop (didn't bet)
Seat 7: tarasikB collected ($0.14)
Seat 8: samihind folded on the Flop
Seat 9: e.a.den72 folded before Flop (didn't bet)



PokerStars Hand #228126436800:  Hold'em No Limit ($0.01/$0.02 USD) - 2021/07/07 13:52:47 PT [2021/07/07 16:52:47 ET]
Table 'Suvanto IV' 9-max Seat #2 is the button
Seat 1: StarWing4230 ($1.47 in chips) 
Seat 2: FACCHETADE$ ($6.13 in chips) 
Seat 3: 951965 ($2.15 in chips) 
Seat 4: JugEars88 ($1.18 in chips) 
Seat 5: 4opl1a ($3.40 in chips) 
Seat 6: Dorex2007 ($2.55 in chips) 
Seat 7: tarasikB ($0.80 in chips) 
Seat 8: samihind ($1.36 in chips) 
Seat 9: e.a.den72 ($2.58 in chips) 
951965: posts small blind $0.01
JugEars88: posts big blind $0.02
*** HOLE CARDS ***
Dealt to Dorex2007 [Qs Kh]
4opl1a: folds 
Dorex2007: folds 
tarasikB has timed out
tarasikB: folds 
samihind: folds 
e.a.den72: folds 
StarWing4230: raises $0.04 to $0.06
FACCHETADE$: folds 
951965: folds 
JugEars88: calls $0.04
*** FLOP *** [4s 3h 5s]
JugEars88: checks 
StarWing4230: bets $0.13
JugEars88: calls $0.13
*** TURN *** [4s 3h 5s] [Qh]
JugEars88: checks 
tarasikB leaves the table
StarWing4230: bets $0.26
JugEars88: calls $0.26
*** RIVER *** [4s 3h 5s Qh] [Kd]
JugEars88: checks 
StarWing4230: bets $1.02 and is all-in
JugEars88: folds 
Uncalled bet ($1.02) returned to StarWing4230
StarWing4230 collected $0.88 from pot
StarWing4230: doesn't show hand 
*** SUMMARY ***
Total pot $0.91 | Rake $0.03 
Board [4s 3h 5s Qh Kd]
Seat 1: StarWing4230 collected ($0.88)
Seat 2: FACCHETADE$ (button) folded before Flop (didn't bet)
Seat 3: 951965 (small blind) folded before Flop
Seat 4: JugEars88 (big blind) folded on the River
Seat 5: 4opl1a folded before Flop (didn't bet)
Seat 6: Dorex2007 folded before Flop (didn't bet)
Seat 7: tarasikB folded before Flop (didn't bet)
Seat 8: samihind folded before Flop (didn't bet)
Seat 9: e.a.den72 folded before Flop (didn't bet)



PokerStars Hand #228126462142:  Hold'em No Limit ($0.01/$0.02 USD) - 2021/07/07 13:53:57 PT [2021/07/07 16:53:57 ET]
Table 'Suvanto IV' 9-max Seat #3 is the button
Seat 1: StarWing4230 ($1.90 in chips) 
Seat 2: FACCHETADE$ ($6.13 in chips) 
Seat 3: 951965 ($2.14 in chips) 
Seat 4: JugEars88 ($0.73 in chips) 
Seat 5: 4opl1a ($3.40 in chips) 
Seat 6: Dorex2007 ($2.55 in chips) 
Seat 8: samihind ($1.36 in chips) 
Seat 9: e.a.den72 ($2.58 in chips) 
JugEars88: posts small blind $0.01
4opl1a: posts big blind $0.02
*** HOLE CARDS ***
Dealt to Dorex2007 [2c 7c]
Dorex2007: folds 
samihind: calls $0.02
Junior_GreyM joins the table at seat #7 
e.a.den72: folds 
StarWing4230: folds 
FACCHETADE$: folds 
951965: folds 
JugEars88: raises $0.06 to $0.08
4opl1a: folds 
samihind: folds 
Uncalled bet ($0.06) returned to JugEars88
JugEars88 collected $0.06 from pot
JugEars88: doesn't show hand 
*** SUMMARY ***
Total pot $0.06 | Rake $0 
Seat 1: StarWing4230 folded before Flop (didn't bet)
Seat 2: FACCHETADE$ folded before Flop (didn't bet)
Seat 3: 951965 (button) folded before Flop (didn't bet)
Seat 4: JugEars88 (small blind) collected ($0.06)
Seat 5: 4opl1a (big blind) folded before Flop
Seat 6: Dorex2007 folded before Flop (didn't bet)
Seat 8: samihind folded before Flop
Seat 9: e.a.den72 folded before Flop (didn't bet)



PokerStars Hand #228126471578:  Hold'em No Limit ($0.01/$0.02 USD) - 2021/07/07 13:54:22 PT [2021/07/07 16:54:22 ET]
Table 'Suvanto IV' 9-max Seat #4 is the button
Seat 1: StarWing4230 ($1.90 in chips) 
Seat 2: FACCHETADE$ ($6.13 in chips) 
Seat 3: 951965 ($2.14 in chips) 
Seat 4: JugEars88 ($0.77 in chips) 
Seat 5: 4opl1a ($3.38 in chips) 
Seat 6: Dorex2007 ($2.55 in chips) 
Seat 7: Junior_GreyM ($1.60 in chips) 
Seat 8: samihind ($1.34 in chips) 
Seat 9: e.a.den72 ($2.58 in chips) 
4opl1a: posts small blind $0.01
Dorex2007: posts big blind $0.02
Junior_GreyM: posts big blind $0.02
*** HOLE CARDS ***
Dealt to Dorex2007 [Qh 7c]
Junior_GreyM: checks 
samihind: calls $0.02
e.a.den72: folds 
StarWing4230: folds 
FACCHETADE$: folds 
951965: folds 
JugEars88: folds 
4opl1a: folds 
Dorex2007: checks 
*** FLOP *** [6h Kh Jd]
Dorex2007: checks 
Junior_GreyM: checks 
samihind: bets $0.02
Dorex2007: folds 
Junior_GreyM: folds 
Uncalled bet ($0.02) returned to samihind
samihind collected $0.07 from pot
samihind: doesn't show hand 
*** SUMMARY ***
Total pot $0.07 | Rake $0 
Board [6h Kh Jd]
Seat 1: StarWing4230 folded before Flop (didn't bet)
Seat 2: FACCHETADE$ folded before Flop (didn't bet)
Seat 3: 951965 folded before Flop (didn't bet)
Seat 4: JugEars88 (button) folded before Flop (didn't bet)
Seat 5: 4opl1a (small blind) folded before Flop
Seat 6: Dorex2007 (big blind) folded on the Flop
Seat 7: Junior_GreyM folded on the Flop (didn't bet)
Seat 8: samihind collected ($0.07)
Seat 9: e.a.den72 folded before Flop (didn't bet)



PokerStars Hand #228126484185:  Hold'em No Limit ($0.01/$0.02 USD) - 2021/07/07 13:54:56 PT [2021/07/07 16:54:56 ET]
Table 'Suvanto IV' 9-max Seat #5 is the button
Seat 1: StarWing4230 ($1.90 in chips) 
Seat 2: FACCHETADE$ ($6.13 in chips) 
Seat 3: 951965 ($2.14 in chips) 
Seat 4: JugEars88 ($0.77 in chips) 
Seat 5: 4opl1a ($3.37 in chips) 
Seat 6: Dorex2007 ($2.53 in chips) 
Seat 7: Junior_GreyM ($1.58 in chips) 
Seat 8: samihind ($1.39 in chips) 
Seat 9: e.a.den72 ($2.58 in chips) 
Dorex2007: posts small blind $0.01
Junior_GreyM: posts big blind $0.02
*** HOLE CARDS ***
Dealt to Dorex2007 [5d 5c]
samihind: folds 
samihind leaves the table
e.a.den72: raises $0.04 to $0.06
StarWing4230: folds 
Roma_O._777 joins the table at seat #8 
FACCHETADE$: folds 
951965: folds 
JugEars88 has timed out
JugEars88: folds 
4opl1a: folds 
Dorex2007: folds 
Junior_GreyM: calls $0.04
*** FLOP *** [2d Ts Ah]
Junior_GreyM: checks 
e.a.den72: checks 
*** TURN *** [2d Ts Ah] [Qh]
Junior_GreyM: checks 
e.a.den72: bets $0.10
Junior_GreyM: folds 
Uncalled bet ($0.10) returned to e.a.den72
e.a.den72 collected $0.13 from pot
e.a.den72: doesn't show hand 
*** SUMMARY ***
Total pot $0.13 | Rake $0 
Board [2d Ts Ah Qh]
Seat 1: StarWing4230 folded before Flop (didn't bet)
Seat 2: FACCHETADE$ folded before Flop (didn't bet)
Seat 3: 951965 folded before Flop (didn't bet)
Seat 4: JugEars88 folded before Flop (didn't bet)
Seat 5: 4opl1a (button) folded before Flop (didn't bet)
Seat 6: Dorex2007 (small blind) folded before Flop
Seat 7: Junior_GreyM (big blind) folded on the Turn
Seat 8: samihind folded before Flop (didn't bet)
Seat 9: e.a.den72 collected ($0.13)



PokerStars Hand #228126512052:  Hold'em No Limit ($0.01/$0.02 USD) - 2021/07/07 13:56:03 PT [2021/07/07 16:56:03 ET]
Table 'Suvanto IV' 9-max Seat #6 is the button
Seat 1: StarWing4230 ($1.90 in chips) 
Seat 2: FACCHETADE$ ($6.13 in chips) 
Seat 3: 951965 ($2.14 in chips) 
Seat 5: 4opl1a ($3.37 in chips) 
Seat 6: Dorex2007 ($2.52 in chips) 
Seat 7: Junior_GreyM ($1.52 in chips) 
Seat 8: Roma_O._777 ($1.14 in chips) 
Seat 9: e.a.den72 ($2.65 in chips) 
Junior_GreyM: posts small blind $0.01
Roma_O._777: posts big blind $0.02
*** HOLE CARDS ***
Dealt to Dorex2007 [Ks Qc]
e.a.den72: folds 
StarWing4230: folds 
FACCHETADE$: raises $0.02 to $0.04
951965: folds 
4opl1a: folds 
Dorex2007: calls $0.04
Junior_GreyM: folds 
Roma_O._777: calls $0.02
*** FLOP *** [Jc 6h 2d]
Roma_O._777: checks 
FACCHETADE$: checks 
Dorex2007: bets $0.09
Roma_O._777: folds 
FACCHETADE$: folds 
Uncalled bet ($0.09) returned to Dorex2007
Dorex2007 collected $0.13 from pot
Dorex2007: doesn't show hand 
*** SUMMARY ***
Total pot $0.13 | Rake $0 
Board [Jc 6h 2d]
Seat 1: StarWing4230 folded before Flop (didn't bet)
Seat 2: FACCHETADE$ folded on the Flop
Seat 3: 951965 folded before Flop (didn't bet)
Seat 5: 4opl1a folded before Flop (didn't bet)
Seat 6: Dorex2007 (button) collected ($0.13)
Seat 7: Junior_GreyM (small blind) folded before Flop
Seat 8: Roma_O._777 (big blind) folded on the Flop
Seat 9: e.a.den72 folded before Flop (didn't bet)



PokerStars Hand #228126523596:  Hold'em No Limit ($0.01/$0.02 USD) - 2021/07/07 13:56:44 PT [2021/07/07 16:56:44 ET]
Table 'Suvanto IV' 9-max Seat #7 is the button
Seat 1: StarWing4230 ($1.90 in chips) 
Seat 2: FACCHETADE$ ($6.09 in chips) 
Seat 3: 951965 ($2.14 in chips) 
Seat 5: 4opl1a ($3.37 in chips) 
Seat 6: Dorex2007 ($2.61 in chips) 
Seat 7: Junior_GreyM ($1.51 in chips) 
Seat 8: Roma_O._777 ($1.10 in chips) 
Seat 9: e.a.den72 ($2.65 in chips) 
Roma_O._777: posts small blind $0.01
e.a.den72: posts big blind $0.02
*** HOLE CARDS ***
Dealt to Dorex2007 [Jc 5c]
StarWing4230: raises $0.04 to $0.06
FACCHETADE$: calls $0.06
951965: folds 
4opl1a: folds 
Dorex2007: folds 
Junior_GreyM: folds 
Roma_O._777: calls $0.05
e.a.den72: calls $0.04
*** FLOP *** [3h 4d 8h]
Roma_O._777: checks 
e.a.den72: checks 
StarWing4230: bets $0.12
FACCHETADE$: folds 
Roma_O._777: folds 
e.a.den72: calls $0.12
*** TURN *** [3h 4d 8h] [Kc]
e.a.den72: checks 
StarWing4230: bets $1.72 and is all-in
e.a.den72: folds 
Uncalled bet ($1.72) returned to StarWing4230
StarWing4230 collected $0.46 from pot
StarWing4230: doesn't show hand 
*** SUMMARY ***
Total pot $0.48 | Rake $0.02 
Board [3h 4d 8h Kc]
Seat 1: StarWing4230 collected ($0.46)
Seat 2: FACCHETADE$ folded on the Flop
Seat 3: 951965 folded before Flop (didn't bet)
Seat 5: 4opl1a folded before Flop (didn't bet)
Seat 6: Dorex2007 folded before Flop (didn't bet)
Seat 7: Junior_GreyM (button) folded before Flop (didn't bet)
Seat 8: Roma_O._777 (small blind) folded on the Flop
Seat 9: e.a.den72 (big blind) folded on the Turn



PokerStars Hand #228126549094:  Hold'em No Limit ($0.01/$0.02 USD) - 2021/07/07 13:58:10 PT [2021/07/07 16:58:10 ET]
Table 'Suvanto IV' 9-max Seat #8 is the button
Seat 1: StarWing4230 ($2.18 in chips) 
Seat 2: FACCHETADE$ ($6.03 in chips) 
Seat 3: 951965 ($2.14 in chips) 
Seat 4: JugEars88 ($0.77 in chips) 
Seat 5: 4opl1a ($3.37 in chips) 
Seat 6: Dorex2007 ($2.61 in chips) 
Seat 7: Junior_GreyM ($1.51 in chips) 
Seat 8: Roma_O._777 ($1.04 in chips) 
Seat 9: e.a.den72 ($2.47 in chips) 
e.a.den72: posts small blind $0.01
StarWing4230: posts big blind $0.02
*** HOLE CARDS ***
Dealt to Dorex2007 [6d Qd]
FACCHETADE$: raises $0.02 to $0.04
951965: folds 
JugEars88: raises $0.06 to $0.10
4opl1a: folds 
Dorex2007: folds 
Junior_GreyM: folds 
Roma_O._777: folds 
e.a.den72: folds 
StarWing4230: folds 
FACCHETADE$: calls $0.06
*** FLOP *** [3d Ts Kd]
FACCHETADE$: checks 
JugEars88: checks 
*** TURN *** [3d Ts Kd] [4d]
FACCHETADE$: checks 
JugEars88: checks 
*** RIVER *** [3d Ts Kd 4d] [Qc]
FACCHETADE$: checks 
JugEars88: checks 
*** SHOW DOWN ***
FACCHETADE$: shows [8s As] (high card Ace)
JugEars88: shows [7c 7d] (a pair of Sevens)
JugEars88 collected $0.22 from pot
*** SUMMARY ***
Total pot $0.23 | Rake $0.01 
Board [3d Ts Kd 4d Qc]
Seat 1: StarWing4230 (big blind) folded before Flop
Seat 2: FACCHETADE$ showed [8s As] and lost with high card Ace
Seat 3: 951965 folded before Flop (didn't bet)
Seat 4: JugEars88 showed [7c 7d] and won ($0.22) with a pair of Sevens
Seat 5: 4opl1a folded before Flop (didn't bet)
Seat 6: Dorex2007 folded before Flop (didn't bet)
Seat 7: Junior_GreyM folded before Flop (didn't bet)
Seat 8: Roma_O._777 (button) folded before Flop (didn't bet)
Seat 9: e.a.den72 (small blind) folded before Flop



PokerStars Hand #228126563119:  Hold'em No Limit ($0.01/$0.02 USD) - 2021/07/07 13:58:58 PT [2021/07/07 16:58:58 ET]
Table 'Suvanto IV' 9-max Seat #9 is the button
Seat 1: StarWing4230 ($2.16 in chips) 
Seat 2: FACCHETADE$ ($5.93 in chips) 
Seat 3: 951965 ($2.14 in chips) 
Seat 4: JugEars88 ($0.89 in chips) 
Seat 5: 4opl1a ($3.37 in chips) 
Seat 6: Dorex2007 ($2.61 in chips) 
Seat 7: Junior_GreyM ($1.51 in chips) 
Seat 8: Roma_O._777 ($1.04 in chips) 
Seat 9: e.a.den72 ($2.46 in chips) 
StarWing4230: posts small blind $0.01
FACCHETADE$: posts big blind $0.02
*** HOLE CARDS ***
Dealt to Dorex2007 [Tc Kh]
951965: folds 
JugEars88: raises $0.04 to $0.06
4opl1a: folds 
Dorex2007: folds 
Junior_GreyM: raises $0.06 to $0.12
Roma_O._777: folds 
e.a.den72: folds 
StarWing4230: folds 
FACCHETADE$: folds 
JugEars88: calls $0.06
*** FLOP *** [9c 4h 6d]
JugEars88: checks 
Junior_GreyM: bets $0.13
JugEars88: folds 
Uncalled bet ($0.13) returned to Junior_GreyM
Junior_GreyM collected $0.26 from pot
Junior_GreyM: doesn't show hand 
*** SUMMARY ***
Total pot $0.27 | Rake $0.01 
Board [9c 4h 6d]
Seat 1: StarWing4230 (small blind) folded before Flop
Seat 2: FACCHETADE$ (big blind) folded before Flop
Seat 3: 951965 folded before Flop (didn't bet)
Seat 4: JugEars88 folded on the Flop
Seat 5: 4opl1a folded before Flop (didn't bet)
Seat 6: Dorex2007 folded before Flop (didn't bet)
Seat 7: Junior_GreyM collected ($0.26)
Seat 8: Roma_O._777 folded before Flop (didn't bet)
Seat 9: e.a.den72 (button) folded before Flop (didn't bet)



PokerStars Hand #228126576865:  Hold'em No Limit ($0.01/$0.02 USD) - 2021/07/07 13:59:44 PT [2021/07/07 16:59:44 ET]
Table 'Suvanto IV' 9-max Seat #1 is the button
Seat 1: StarWing4230 ($2.15 in chips) 
Seat 2: FACCHETADE$ ($5.91 in chips) 
Seat 3: 951965 ($2.14 in chips) 
Seat 4: JugEars88 ($0.77 in chips) 
Seat 5: 4opl1a ($3.37 in chips) 
Seat 6: Dorex2007 ($2.61 in chips) 
Seat 7: Junior_GreyM ($1.65 in chips) 
Seat 8: Roma_O._777 ($1.04 in chips) 
Seat 9: e.a.den72 ($2.46 in chips) 
FACCHETADE$: posts small blind $0.01
951965: posts big blind $0.02
*** HOLE CARDS ***
Dealt to Dorex2007 [Tc 8h]
JugEars88: folds 
4opl1a: folds 
Dorex2007: folds 
Junior_GreyM: folds 
Roma_O._777: folds 
e.a.den72: raises $0.04 to $0.06
StarWing4230: folds 
FACCHETADE$: folds 
951965: calls $0.04
*** FLOP *** [3s 7c 9h]
951965: checks 
e.a.den72: bets $0.06
951965: folds 
Uncalled bet ($0.06) returned to e.a.den72
e.a.den72 collected $0.13 from pot
e.a.den72: doesn't show hand 
*** SUMMARY ***
Total pot $0.13 | Rake $0 
Board [3s 7c 9h]
Seat 1: StarWing4230 (button) folded before Flop (didn't bet)
Seat 2: FACCHETADE$ (small blind) folded before Flop
Seat 3: 951965 (big blind) folded on the Flop
Seat 4: JugEars88 folded before Flop (didn't bet)
Seat 5: 4opl1a folded before Flop (didn't bet)
Seat 6: Dorex2007 folded before Flop (didn't bet)
Seat 7: Junior_GreyM folded before Flop (didn't bet)
Seat 8: Roma_O._777 folded before Flop (didn't bet)
Seat 9: e.a.den72 collected ($0.13)



PokerStars Hand #228126592297:  Hold'em No Limit ($0.01/$0.02 USD) - 2021/07/07 14:00:34 PT [2021/07/07 17:00:34 ET]
Table 'Suvanto IV' 9-max Seat #2 is the button
Seat 1: StarWing4230 ($2.15 in chips) 
Seat 2: FACCHETADE$ ($5.90 in chips) 
Seat 3: 951965 ($2.08 in chips) 
Seat 4: JugEars88 ($0.77 in chips) 
Seat 5: 4opl1a ($3.37 in chips) 
Seat 6: Dorex2007 ($2.61 in chips) 
Seat 7: Junior_GreyM ($1.65 in chips) 
Seat 8: Roma_O._777 ($1.04 in chips) 
Seat 9: e.a.den72 ($2.53 in chips) 
951965: posts small blind $0.01
JugEars88: posts big blind $0.02
*** HOLE CARDS ***
Dealt to Dorex2007 [2h 4c]
4opl1a: folds 
Dorex2007: folds 
Junior_GreyM: folds 
Roma_O._777: calls $0.02
e.a.den72: folds 
StarWing4230: raises $0.04 to $0.06
FACCHETADE$: calls $0.06
951965: folds 
JugEars88: folds 
Roma_O._777: calls $0.04
*** FLOP *** [Ts Kc 5c]
Roma_O._777: checks 
StarWing4230: bets $0.10
FACCHETADE$: folds 
Roma_O._777: folds 
Uncalled bet ($0.10) returned to StarWing4230
StarWing4230 collected $0.20 from pot
StarWing4230: doesn't show hand 
*** SUMMARY ***
Total pot $0.21 | Rake $0.01 
Board [Ts Kc 5c]
Seat 1: StarWing4230 collected ($0.20)
Seat 2: FACCHETADE$ (button) folded on the Flop
Seat 3: 951965 (small blind) folded before Flop
Seat 4: JugEars88 (big blind) folded before Flop
Seat 5: 4opl1a folded before Flop (didn't bet)
Seat 6: Dorex2007 folded before Flop (didn't bet)
Seat 7: Junior_GreyM folded before Flop (didn't bet)
Seat 8: Roma_O._777 folded on the Flop
Seat 9: e.a.den72 folded before Flop (didn't bet)



PokerStars Hand #228126612887:  Hold'em No Limit ($0.01/$0.02 USD) - 2021/07/07 14:01:32 PT [2021/07/07 17:01:32 ET]
Table 'Suvanto IV' 9-max Seat #3 is the button
Seat 1: StarWing4230 ($2.29 in chips) 
Seat 2: FACCHETADE$ ($5.84 in chips) 
Seat 3: 951965 ($2.07 in chips) 
Seat 4: JugEars88 ($0.75 in chips) 
Seat 5: 4opl1a ($3.37 in chips) 
Seat 6: Dorex2007 ($2.61 in chips) 
Seat 7: Junior_GreyM ($1.65 in chips) 
Seat 8: Roma_O._777 ($0.98 in chips) 
Seat 9: e.a.den72 ($2.53 in chips) 
JugEars88: posts small blind $0.01
4opl1a: posts big blind $0.02
*** HOLE CARDS ***
Dealt to Dorex2007 [Jc Ah]
Dorex2007: folds 
Junior_GreyM: folds 
Roma_O._777 has timed out
Roma_O._777: folds 
e.a.den72: raises $0.03 to $0.05
StarWing4230: folds 
FACCHETADE$: folds 
951965: folds 
JugEars88: folds 
4opl1a: folds 
Uncalled bet ($0.03) returned to e.a.den72
e.a.den72 collected $0.05 from pot
e.a.den72: doesn't show hand 
*** SUMMARY ***
Total pot $0.05 | Rake $0 
Seat 1: StarWing4230 folded before Flop (didn't bet)
Seat 2: FACCHETADE$ folded before Flop (didn't bet)
Seat 3: 951965 (button) folded before Flop (didn't bet)
Seat 4: JugEars88 (small blind) folded before Flop
Seat 5: 4opl1a (big blind) folded before Flop
Seat 6: Dorex2007 folded before Flop (didn't bet)
Seat 7: Junior_GreyM folded before Flop (didn't bet)
Seat 8: Roma_O._777 folded before Flop (didn't bet)
Seat 9: e.a.den72 collected ($0.05)



PokerStars Hand #228126623755:  Hold'em No Limit ($0.01/$0.02 USD) - 2021/07/07 14:02:01 PT [2021/07/07 17:02:01 ET]
Table 'Suvanto IV' 9-max Seat #4 is the button
Seat 1: StarWing4230 ($2.29 in chips) 
Seat 2: FACCHETADE$ ($5.84 in chips) 
Seat 3: 951965 ($2.07 in chips) 
Seat 4: JugEars88 ($0.74 in chips) 
Seat 5: 4opl1a ($3.35 in chips) 
Seat 6: Dorex2007 ($2.61 in chips) 
Seat 7: Junior_GreyM ($1.65 in chips) 
Seat 8: Roma_O._777 ($0.98 in chips) 
Seat 9: e.a.den72 ($2.56 in chips) 
4opl1a: posts small blind $0.01
Dorex2007: posts big blind $0.02
*** HOLE CARDS ***
Dealt to Dorex2007 [Jd 5h]
Junior_GreyM: folds 
Roma_O._777: folds 
e.a.den72: raises $0.04 to $0.06
StarWing4230: raises $0.06 to $0.12
FACCHETADE$: folds 
951965: folds 
JugEars88: folds 
4opl1a: folds 
Dorex2007: folds 
e.a.den72: calls $0.06
*** FLOP *** [7c Js Ah]
e.a.den72: checks 
StarWing4230: bets $0.13
e.a.den72: raises $0.52 to $0.65
StarWing4230: folds 
Uncalled bet ($0.52) returned to e.a.den72
e.a.den72 collected $0.51 from pot
e.a.den72: doesn't show hand 
*** SUMMARY ***
Total pot $0.53 | Rake $0.02 
Board [7c Js Ah]
Seat 1: StarWing4230 folded on the Flop
Seat 2: FACCHETADE$ folded before Flop (didn't bet)
Seat 3: 951965 folded before Flop (didn't bet)
Seat 4: JugEars88 (button) folded before Flop (didn't bet)
Seat 5: 4opl1a (small blind) folded before Flop
Seat 6: Dorex2007 (big blind) folded before Flop
Seat 7: Junior_GreyM folded before Flop (didn't bet)
Seat 8: Roma_O._777 folded before Flop (didn't bet)
Seat 9: e.a.den72 collected ($0.51)



PokerStars Hand #228126643931:  Hold'em No Limit ($0.01/$0.02 USD) - 2021/07/07 14:02:54 PT [2021/07/07 17:02:54 ET]
Table 'Suvanto IV' 9-max Seat #5 is the button
Seat 1: StarWing4230 ($2.04 in chips) 
Seat 2: FACCHETADE$ ($5.84 in chips) 
Seat 3: 951965 ($2.07 in chips) 
Seat 4: JugEars88 ($0.74 in chips) 
Seat 5: 4opl1a ($3.34 in chips) 
Seat 6: Dorex2007 ($2.59 in chips) 
Seat 7: Junior_GreyM ($1.65 in chips) 
Seat 8: Roma_O._777 ($0.98 in chips) 
Seat 9: e.a.den72 ($2.82 in chips) 
Dorex2007: posts small blind $0.01
Junior_GreyM: posts big blind $0.02
*** HOLE CARDS ***
Dealt to Dorex2007 [3h Kd]
Roma_O._777: calls $0.02
e.a.den72: raises $0.04 to $0.06
StarWing4230: folds 
FACCHETADE$: folds 
951965: folds 
JugEars88: folds 
4opl1a: folds 
Dorex2007: folds 
Junior_GreyM: folds 
Roma_O._777: calls $0.04
*** FLOP *** [Js 5s 8d]
Roma_O._777: bets $0.07
e.a.den72: calls $0.07
*** TURN *** [Js 5s 8d] [Jh]
Roma_O._777: bets $0.16
e.a.den72: folds 
Uncalled bet ($0.16) returned to Roma_O._777
Roma_O._777 collected $0.28 from pot
Roma_O._777: doesn't show hand 
*** SUMMARY ***
Total pot $0.29 | Rake $0.01 
Board [Js 5s 8d Jh]
Seat 1: StarWing4230 folded before Flop (didn't bet)
Seat 2: FACCHETADE$ folded before Flop (didn't bet)
Seat 3: 951965 folded before Flop (didn't bet)
Seat 4: JugEars88 folded before Flop (didn't bet)
Seat 5: 4opl1a (button) folded before Flop (didn't bet)
Seat 6: Dorex2007 (small blind) folded before Flop
Seat 7: Junior_GreyM (big blind) folded before Flop
Seat 8: Roma_O._777 collected ($0.28)
Seat 9: e.a.den72 folded on the Turn



PokerStars Hand #228126665822:  Hold'em No Limit ($0.01/$0.02 USD) - 2021/07/07 14:03:40 PT [2021/07/07 17:03:40 ET]
Table 'Suvanto IV' 9-max Seat #6 is the button
Seat 1: StarWing4230 ($2.04 in chips) 
Seat 2: FACCHETADE$ ($5.84 in chips) 
Seat 3: 951965 ($2.07 in chips) 
Seat 4: JugEars88 ($0.74 in chips) 
Seat 5: 4opl1a ($3.34 in chips) 
Seat 6: Dorex2007 ($2.58 in chips) 
Seat 7: Junior_GreyM ($1.63 in chips) 
Seat 8: Roma_O._777 ($1.13 in chips) 
Seat 9: e.a.den72 ($2.69 in chips) 
Junior_GreyM: posts small blind $0.01
Roma_O._777: posts big blind $0.02
*** HOLE CARDS ***
Dealt to Dorex2007 [5c 2c]
e.a.den72: calls $0.02
StarWing4230: folds 
FACCHETADE$: folds 
951965: folds 
JugEars88: raises $0.06 to $0.08
4opl1a: folds 
Dorex2007: folds 
Junior_GreyM: folds 
Roma_O._777: folds 
e.a.den72: calls $0.06
*** FLOP *** [5d 2h 3s]
e.a.den72: checks 
JugEars88: bets $0.09
e.a.den72: folds 
Uncalled bet ($0.09) returned to JugEars88
JugEars88 collected $0.18 from pot
JugEars88: doesn't show hand 
*** SUMMARY ***
Total pot $0.19 | Rake $0.01 
Board [5d 2h 3s]
Seat 1: StarWing4230 folded before Flop (didn't bet)
Seat 2: FACCHETADE$ folded before Flop (didn't bet)
Seat 3: 951965 folded before Flop (didn't bet)
Seat 4: JugEars88 collected ($0.18)
Seat 5: 4opl1a folded before Flop (didn't bet)
Seat 6: Dorex2007 (button) folded before Flop (didn't bet)
Seat 7: Junior_GreyM (small blind) folded before Flop
Seat 8: Roma_O._777 (big blind) folded before Flop
Seat 9: e.a.den72 folded on the Flop



PokerStars Hand #228126684556:  Hold'em No Limit ($0.01/$0.02 USD) - 2021/07/07 14:04:28 PT [2021/07/07 17:04:28 ET]
Table 'Suvanto IV' 9-max Seat #7 is the button
Seat 1: StarWing4230 ($2.04 in chips) 
Seat 2: FACCHETADE$ ($5.84 in chips) 
Seat 3: 951965 ($2.07 in chips) 
Seat 4: JugEars88 ($0.84 in chips) 
Seat 5: 4opl1a ($3.34 in chips) 
Seat 6: Dorex2007 ($2.58 in chips) 
Seat 7: Junior_GreyM ($1.62 in chips) 
Seat 8: Roma_O._777 ($1.11 in chips) 
Seat 9: e.a.den72 ($2.61 in chips) 
Roma_O._777: posts small blind $0.01
e.a.den72: posts big blind $0.02
*** HOLE CARDS ***
Dealt to Dorex2007 [7d 9s]
StarWing4230: folds 
FACCHETADE$: folds 
951965: raises $0.02 to $0.04
JugEars88: folds 
Roma_O._777 is disconnected 
4opl1a: folds 
Dorex2007: folds 
Junior_GreyM: folds 
Roma_O._777 has timed out while disconnected
Roma_O._777: folds 
e.a.den72: folds 
Uncalled bet ($0.02) returned to 951965
951965 collected $0.05 from pot
*** SUMMARY ***
Total pot $0.05 | Rake $0 
Seat 1: StarWing4230 folded before Flop (didn't bet)
Seat 2: FACCHETADE$ folded before Flop (didn't bet)
Seat 3: 951965 collected ($0.05)
Seat 4: JugEars88 folded before Flop (didn't bet)
Seat 5: 4opl1a folded before Flop (didn't bet)
Seat 6: Dorex2007 folded before Flop (didn't bet)
Seat 7: Junior_GreyM (button) folded before Flop (didn't bet)
Seat 8: Roma_O._777 (small blind) folded before Flop
Seat 9: e.a.den72 (big blind) folded before Flop



PokerStars Hand #228126700779:  Hold'em No Limit ($0.01/$0.02 USD) - 2021/07/07 14:05:11 PT [2021/07/07 17:05:11 ET]
Table 'Suvanto IV' 9-max Seat #9 is the button
Seat 1: StarWing4230 ($2.04 in chips) 
Seat 2: FACCHETADE$ ($5.84 in chips) 
Seat 3: 951965 ($2.10 in chips) 
Seat 4: JugEars88 ($0.84 in chips) 
Seat 5: 4opl1a ($3.34 in chips) 
Seat 6: Dorex2007 ($2.58 in chips) 
Seat 7: Junior_GreyM ($1.62 in chips) 
Seat 9: e.a.den72 ($2.59 in chips) 
StarWing4230: posts small blind $0.01
FACCHETADE$: posts big blind $0.02
*** HOLE CARDS ***
Dealt to Dorex2007 [Jd Qc]
951965: folds 
JugEars88: folds 
4opl1a: folds 
Dorex2007: raises $0.04 to $0.06
Junior_GreyM: folds 
e.a.den72: folds 
StarWing4230: folds 
FACCHETADE$: folds 
Uncalled bet ($0.04) returned to Dorex2007
Dorex2007 collected $0.05 from pot
Dorex2007: doesn't show hand 
*** SUMMARY ***
Total pot $0.05 | Rake $0 
Seat 1: StarWing4230 (small blind) folded before Flop
Seat 2: FACCHETADE$ (big blind) folded before Flop
Seat 3: 951965 folded before Flop (didn't bet)
Seat 4: JugEars88 folded before Flop (didn't bet)
Seat 5: 4opl1a folded before Flop (didn't bet)
Seat 6: Dorex2007 collected ($0.05)
Seat 7: Junior_GreyM folded before Flop (didn't bet)
Seat 9: e.a.den72 (button) folded before Flop (didn't bet)



PokerStars Hand #228126715392:  Hold'em No Limit ($0.01/$0.02 USD) - 2021/07/07 14:05:49 PT [2021/07/07 17:05:49 ET]
Table 'Suvanto IV' 9-max Seat #1 is the button
Seat 1: StarWing4230 ($2.03 in chips) 
Seat 2: FACCHETADE$ ($5.82 in chips) 
Seat 3: 951965 ($2.10 in chips) 
Seat 4: JugEars88 ($0.84 in chips) 
Seat 5: 4opl1a ($3.34 in chips) 
Seat 6: Dorex2007 ($2.61 in chips) 
Seat 7: Junior_GreyM ($1.62 in chips) 
Seat 9: e.a.den72 ($2.59 in chips) 
FACCHETADE$: posts small blind $0.01
951965: posts big blind $0.02
*** HOLE CARDS ***
Dealt to Dorex2007 [3s 6h]
JugEars88: folds 
4opl1a: folds 
Dorex2007: folds 
Junior_GreyM: raises $0.06 to $0.08
e.a.den72: folds 
StarWing4230: folds 
FACCHETADE$: raises $5.74 to $5.82 and is all-in
951965: folds 
Junior_GreyM: folds 
Uncalled bet ($5.74) returned to FACCHETADE$
FACCHETADE$ collected $0.18 from pot
FACCHETADE$: doesn't show hand 
*** SUMMARY ***
Total pot $0.18 | Rake $0 
Seat 1: StarWing4230 (button) folded before Flop (didn't bet)
Seat 2: FACCHETADE$ (small blind) collected ($0.18)
Seat 3: 951965 (big blind) folded before Flop
Seat 4: JugEars88 folded before Flop (didn't bet)
Seat 5: 4opl1a folded before Flop (didn't bet)
Seat 6: Dorex2007 folded before Flop (didn't bet)
Seat 7: Junior_GreyM folded before Flop
Seat 9: e.a.den72 folded before Flop (didn't bet)



PokerStars Hand #228126726529:  Hold'em No Limit ($0.01/$0.02 USD) - 2021/07/07 14:06:18 PT [2021/07/07 17:06:18 ET]
Table 'Suvanto IV' 9-max Seat #2 is the button
Seat 1: StarWing4230 ($2.03 in chips) 
Seat 2: FACCHETADE$ ($5.92 in chips) 
Seat 3: 951965 ($2.08 in chips) 
Seat 4: JugEars88 ($0.84 in chips) 
Seat 5: 4opl1a ($3.34 in chips) 
Seat 6: Dorex2007 ($2.61 in chips) 
Seat 7: Junior_GreyM ($1.54 in chips) 
Seat 9: e.a.den72 ($2.59 in chips) 
951965: posts small blind $0.01
JugEars88: posts big blind $0.02
*** HOLE CARDS ***
Dealt to Dorex2007 [Kd 2c]
4opl1a: folds 
Dorex2007: folds 
Junior_GreyM: folds 
e.a.den72: calls $0.02
StarWing4230: calls $0.02
FACCHETADE$: folds 
951965: calls $0.01
JugEars88: checks 
*** FLOP *** [8s 6d 9s]
951965: bets $0.02
JugEars88: calls $0.02
e.a.den72: calls $0.02
StarWing4230: folds 
*** TURN *** [8s 6d 9s] [Jd]
951965: bets $0.02
JugEars88: calls $0.02
e.a.den72: calls $0.02
*** RIVER *** [8s 6d 9s Jd] [Qd]
951965: bets $0.19
JugEars88: folds 
e.a.den72: raises $0.19 to $0.38
951965: calls $0.19
*** SHOW DOWN ***
e.a.den72: shows [8d Ad] (a flush, Ace high)
951965: mucks hand 
e.a.den72 collected $0.93 from pot
*** SUMMARY ***
Total pot $0.96 | Rake $0.03 
Board [8s 6d 9s Jd Qd]
Seat 1: StarWing4230 folded on the Flop
Seat 2: FACCHETADE$ (button) folded before Flop (didn't bet)
Seat 3: 951965 (small blind) mucked [Td Jc]
Seat 4: JugEars88 (big blind) folded on the River
Seat 5: 4opl1a folded before Flop (didn't bet)
Seat 6: Dorex2007 folded before Flop (didn't bet)
Seat 7: Junior_GreyM folded before Flop (didn't bet)
Seat 9: e.a.den72 showed [8d Ad] and won ($0.93) with a flush, Ace high



PokerStars Hand #228126759335:  Hold'em No Limit ($0.01/$0.02 USD) - 2021/07/07 14:07:42 PT [2021/07/07 17:07:42 ET]
Table 'Suvanto IV' 9-max Seat #3 is the button
Seat 1: StarWing4230 ($2.01 in chips) 
Seat 2: FACCHETADE$ ($5.92 in chips) 
Seat 3: 951965 ($1.64 in chips) 
Seat 4: JugEars88 ($0.78 in chips) 
Seat 5: 4opl1a ($3.34 in chips) 
Seat 6: Dorex2007 ($2.61 in chips) 
Seat 7: Junior_GreyM ($1.54 in chips) 
Seat 8: Roma_O._777 ($1.10 in chips) 
Seat 9: e.a.den72 ($3.08 in chips) 
JugEars88: posts small blind $0.01
4opl1a: posts big blind $0.02
*** HOLE CARDS ***
Dealt to Dorex2007 [3c 7h]
Dorex2007: folds 
Junior_GreyM: folds 
Roma_O._777: folds 
e.a.den72: folds 
StarWing4230: folds 
FACCHETADE$: folds 
951965: raises $0.02 to $0.04
JugEars88: calls $0.03
4opl1a: folds 
*** FLOP *** [2h 5s Jh]
JugEars88: checks 
951965: checks 
*** TURN *** [2h 5s Jh] [Qd]
JugEars88: checks 
951965: bets $0.05
JugEars88: folds 
Uncalled bet ($0.05) returned to 951965
951965 collected $0.10 from pot
*** SUMMARY ***
Total pot $0.10 | Rake $0 
Board [2h 5s Jh Qd]
Seat 1: StarWing4230 folded before Flop (didn't bet)
Seat 2: FACCHETADE$ folded before Flop (didn't bet)
Seat 3: 951965 (button) collected ($0.10)
Seat 4: JugEars88 (small blind) folded on the Turn
Seat 5: 4opl1a (big blind) folded before Flop
Seat 6: Dorex2007 folded before Flop (didn't bet)
Seat 7: Junior_GreyM folded before Flop (didn't bet)
Seat 8: Roma_O._777 folded before Flop (didn't bet)
Seat 9: e.a.den72 folded before Flop (didn't bet)



PokerStars Hand #228126771514:  Hold'em No Limit ($0.01/$0.02 USD) - 2021/07/07 14:08:13 PT [2021/07/07 17:08:13 ET]
Table 'Suvanto IV' 9-max Seat #4 is the button
Seat 1: StarWing4230 ($2.01 in chips) 
Seat 2: FACCHETADE$ ($5.92 in chips) 
Seat 3: 951965 ($1.70 in chips) 
Seat 4: JugEars88 ($0.74 in chips) 
Seat 5: 4opl1a ($3.32 in chips) 
Seat 6: Dorex2007 ($2.61 in chips) 
Seat 7: Junior_GreyM ($1.54 in chips) 
Seat 8: Roma_O._777 ($1.10 in chips) 
Seat 9: e.a.den72 ($3.08 in chips) 
4opl1a: posts small blind $0.01
Dorex2007: posts big blind $0.02
*** HOLE CARDS ***
Dealt to Dorex2007 [9c Js]
Junior_GreyM: calls $0.02
Roma_O._777: calls $0.02
e.a.den72: folds 
StarWing4230: calls $0.02
FACCHETADE$: folds 
951965: folds 
JugEars88: folds 
4opl1a: folds 
Dorex2007: checks 
*** FLOP *** [7s 7d Qs]
Dorex2007: checks 
Junior_GreyM: bets $0.06
Roma_O._777: calls $0.06
StarWing4230: folds 
Dorex2007: folds 
*** TURN *** [7s 7d Qs] [Jc]
Junior_GreyM: bets $0.10
Roma_O._777: calls $0.10
*** RIVER *** [7s 7d Qs Jc] [Ah]
Junior_GreyM: checks 
Roma_O._777: checks 
*** SHOW DOWN ***
Junior_GreyM: shows [Qh 9h] (two pair, Queens and Sevens)
Roma_O._777: shows [Ts Qc] (two pair, Queens and Sevens)
Junior_GreyM collected $0.20 from pot
Roma_O._777 collected $0.20 from pot
*** SUMMARY ***
Total pot $0.41 | Rake $0.01 
Board [7s 7d Qs Jc Ah]
Seat 1: StarWing4230 folded on the Flop
Seat 2: FACCHETADE$ folded before Flop (didn't bet)
Seat 3: 951965 folded before Flop (didn't bet)
Seat 4: JugEars88 (button) folded before Flop (didn't bet)
Seat 5: 4opl1a (small blind) folded before Flop
Seat 6: Dorex2007 (big blind) folded on the Flop
Seat 7: Junior_GreyM showed [Qh 9h] and won ($0.20) with two pair, Queens and Sevens
Seat 8: Roma_O._777 showed [Ts Qc] and won ($0.20) with two pair, Queens and Sevens
Seat 9: e.a.den72 folded before Flop (didn't bet)



PokerStars Hand #228126794666:  Hold'em No Limit ($0.01/$0.02 USD) - 2021/07/07 14:09:13 PT [2021/07/07 17:09:13 ET]
Table 'Suvanto IV' 9-max Seat #5 is the button
Seat 1: StarWing4230 ($1.99 in chips) 
Seat 2: FACCHETADE$ ($5.92 in chips) 
Seat 3: 951965 ($1.70 in chips) 
Seat 4: JugEars88 ($0.74 in chips) 
Seat 5: 4opl1a ($3.31 in chips) 
Seat 6: Dorex2007 ($2.59 in chips) 
Seat 7: Junior_GreyM ($1.56 in chips) 
Seat 8: Roma_O._777 ($1.12 in chips) 
Seat 9: e.a.den72 ($3.08 in chips) 
Dorex2007: posts small blind $0.01
Junior_GreyM: posts big blind $0.02
*** HOLE CARDS ***
Dealt to Dorex2007 [Td As]
Roma_O._777: raises $0.04 to $0.06
e.a.den72: calls $0.06
StarWing4230: folds 
FACCHETADE$: folds 
951965: folds 
JugEars88: folds 
4opl1a: folds 
Dorex2007: folds 
Junior_GreyM: folds 
*** FLOP *** [Qc 9s 7h]
Roma_O._777: bets $0.09
e.a.den72: folds 
Uncalled bet ($0.09) returned to Roma_O._777
Roma_O._777 collected $0.14 from pot
Roma_O._777: doesn't show hand 
*** SUMMARY ***
Total pot $0.15 | Rake $0.01 
Board [Qc 9s 7h]
Seat 1: StarWing4230 folded before Flop (didn't bet)
Seat 2: FACCHETADE$ folded before Flop (didn't bet)
Seat 3: 951965 folded before Flop (didn't bet)
Seat 4: JugEars88 folded before Flop (didn't bet)
Seat 5: 4opl1a (button) folded before Flop (didn't bet)
Seat 6: Dorex2007 (small blind) folded before Flop
Seat 7: Junior_GreyM (big blind) folded before Flop
Seat 8: Roma_O._777 collected ($0.14)
Seat 9: e.a.den72 folded on the Flop



PokerStars Hand #228126807047:  Hold'em No Limit ($0.01/$0.02 USD) - 2021/07/07 14:09:45 PT [2021/07/07 17:09:45 ET]
Table 'Suvanto IV' 9-max Seat #6 is the button
Seat 1: StarWing4230 ($1.99 in chips) 
Seat 2: FACCHETADE$ ($5.92 in chips) 
Seat 3: 951965 ($1.70 in chips) 
Seat 4: JugEars88 ($0.74 in chips) 
Seat 5: 4opl1a ($3.31 in chips) 
Seat 6: Dorex2007 ($2.58 in chips) 
Seat 7: Junior_GreyM ($1.54 in chips) 
Seat 8: Roma_O._777 ($1.20 in chips) 
Seat 9: e.a.den72 ($3.02 in chips) 
Junior_GreyM: posts small blind $0.01
Roma_O._777: posts big blind $0.02
*** HOLE CARDS ***
Dealt to Dorex2007 [3h Ah]
e.a.den72: calls $0.02
StarWing4230: raises $0.04 to $0.06
FACCHETADE$: folds 
951965: folds 
JugEars88: raises $0.14 to $0.20
4opl1a: folds 
Dorex2007: folds 
Junior_GreyM: folds 
Roma_O._777: folds 
e.a.den72: folds 
StarWing4230: calls $0.14
*** FLOP *** [4h 5s 9s]
StarWing4230: checks 
JugEars88: bets $0.54 and is all-in
StarWing4230: folds 
Uncalled bet ($0.54) returned to JugEars88
JugEars88 collected $0.43 from pot
JugEars88: doesn't show hand 
*** SUMMARY ***
Total pot $0.45 | Rake $0.02 
Board [4h 5s 9s]
Seat 1: StarWing4230 folded on the Flop
Seat 2: FACCHETADE$ folded before Flop (didn't bet)
Seat 3: 951965 folded before Flop (didn't bet)
Seat 4: JugEars88 collected ($0.43)
Seat 5: 4opl1a folded before Flop (didn't bet)
Seat 6: Dorex2007 (button) folded before Flop (didn't bet)
Seat 7: Junior_GreyM (small blind) folded before Flop
Seat 8: Roma_O._777 (big blind) folded before Flop
Seat 9: e.a.den72 folded before Flop



PokerStars Hand #228126833920:  Hold'em No Limit ($0.01/$0.02 USD) - 2021/07/07 14:10:58 PT [2021/07/07 17:10:58 ET]
Table 'Suvanto IV' 9-max Seat #7 is the button
Seat 1: StarWing4230 ($1.79 in chips) 
Seat 2: FACCHETADE$ ($5.92 in chips) 
Seat 3: 951965 ($1.70 in chips) 
Seat 4: JugEars88 ($0.97 in chips) 
Seat 5: 4opl1a ($3.31 in chips) 
Seat 6: Dorex2007 ($2.58 in chips) 
Seat 7: Junior_GreyM ($1.53 in chips) 
Seat 8: Roma_O._777 ($1.18 in chips) 
Seat 9: e.a.den72 ($3 in chips) 
Roma_O._777: posts small blind $0.01
e.a.den72: posts big blind $0.02
*** HOLE CARDS ***
Dealt to Dorex2007 [8s 7h]
StarWing4230: raises $0.04 to $0.06
FACCHETADE$: folds 
951965: folds 
JugEars88: folds 
4opl1a: folds 
Dorex2007: folds 
Junior_GreyM: calls $0.06
Roma_O._777: calls $0.05
e.a.den72: folds 
*** FLOP *** [3s 2h 3c]
Roma_O._777: checks 
StarWing4230: checks 
Junior_GreyM: bets $0.10
Roma_O._777: folds 
StarWing4230: calls $0.10
*** TURN *** [3s 2h 3c] [4d]
StarWing4230: checks 
Junior_GreyM: bets $0.20
StarWing4230: calls $0.20
*** RIVER *** [3s 2h 3c 4d] [5c]
StarWing4230: bets $0.77
Junior_GreyM: raises $0.40 to $1.17 and is all-in
StarWing4230: calls $0.40
*** SHOW DOWN ***
Junior_GreyM: shows [3d 4h] (a full house, Threes full of Fours)
StarWing4230: shows [Th Ad] (a straight, Ace to Five)
Junior_GreyM collected $3.03 from pot
*** SUMMARY ***
Total pot $3.14 | Rake $0.11 
Board [3s 2h 3c 4d 5c]
Seat 1: StarWing4230 showed [Th Ad] and lost with a straight, Ace to Five
Seat 2: FACCHETADE$ folded before Flop (didn't bet)
Seat 3: 951965 folded before Flop (didn't bet)
Seat 4: JugEars88 folded before Flop (didn't bet)
Seat 5: 4opl1a folded before Flop (didn't bet)
Seat 6: Dorex2007 folded before Flop (didn't bet)
Seat 7: Junior_GreyM (button) showed [3d 4h] and won ($3.03) with a full house, Threes full of Fours
Seat 8: Roma_O._777 (small blind) folded on the Flop
Seat 9: e.a.den72 (big blind) folded before Flop



PokerStars Hand #228126860186:  Hold'em No Limit ($0.01/$0.02 USD) - 2021/07/07 14:12:10 PT [2021/07/07 17:12:10 ET]
Table 'Suvanto IV' 9-max Seat #8 is the button
Seat 1: StarWing4230 ($0.26 in chips) 
Seat 2: FACCHETADE$ ($5.92 in chips) 
Seat 3: 951965 ($1.70 in chips) 
Seat 4: JugEars88 ($0.97 in chips) 
Seat 5: 4opl1a ($3.31 in chips) 
Seat 6: Dorex2007 ($2.58 in chips) 
Seat 7: Junior_GreyM ($3.03 in chips) 
Seat 8: Roma_O._777 ($1.12 in chips) 
Seat 9: e.a.den72 ($2.98 in chips) 
e.a.den72: posts small blind $0.01
StarWing4230: posts big blind $0.02
*** HOLE CARDS ***
Dealt to Dorex2007 [Qc 3s]
FACCHETADE$: raises $0.02 to $0.04
951965: folds 
JugEars88 has timed out
JugEars88: folds 
4opl1a: folds 
Dorex2007: folds 
Junior_GreyM: folds 
Roma_O._777: folds 
e.a.den72: folds 
StarWing4230: raises $0.22 to $0.26 and is all-in
FACCHETADE$: calls $0.22
*** FLOP *** [8h 5s Qd]
*** TURN *** [8h 5s Qd] [Ks]
*** RIVER *** [8h 5s Qd Ks] [Js]
*** SHOW DOWN ***
StarWing4230: shows [9h 9s] (a pair of Nines)
FACCHETADE$: shows [2c 2h] (a pair of Deuces)
StarWing4230 cashed out the hand for $0.42
FACCHETADE$ cashed out the hand for $0.09
*** SUMMARY ***
Total pot $0.53 | Rake $0.02 
Board [8h 5s Qd Ks Js]
Seat 1: StarWing4230 (big blind) showed [9h 9s] and won ($0.51) with a pair of Nines (pot not awarded as player cashed out)
Seat 2: FACCHETADE$ showed [2c 2h] and lost with a pair of Deuces (cashed out).
Seat 3: 951965 folded before Flop (didn't bet)
Seat 4: JugEars88 folded before Flop (didn't bet)
Seat 5: 4opl1a folded before Flop (didn't bet)
Seat 6: Dorex2007 folded before Flop (didn't bet)
Seat 7: Junior_GreyM folded before Flop (didn't bet)
Seat 8: Roma_O._777 (button) folded before Flop (didn't bet)
Seat 9: e.a.den72 (small blind) folded before Flop



PokerStars Hand #228126881550:  Hold'em No Limit ($0.01/$0.02 USD) - 2021/07/07 14:13:10 PT [2021/07/07 17:13:10 ET]
Table 'Suvanto IV' 9-max Seat #9 is the button
Seat 1: StarWing4230 ($0.42 in chips) 
Seat 2: FACCHETADE$ ($5.75 in chips) 
Seat 3: 951965 ($1.70 in chips) 
Seat 4: JugEars88 ($0.97 in chips) 
Seat 5: 4opl1a ($3.31 in chips) 
Seat 6: Dorex2007 ($2.58 in chips) 
Seat 7: Junior_GreyM ($3.03 in chips) 
Seat 8: Roma_O._777 ($1.12 in chips) 
Seat 9: e.a.den72 ($2.97 in chips) 
StarWing4230: posts small blind $0.01
FACCHETADE$: posts big blind $0.02
*** HOLE CARDS ***
Dealt to Dorex2007 [5h 8s]
951965: raises $0.02 to $0.04
JugEars88: folds 
4opl1a: folds 
Dorex2007: folds 
Junior_GreyM: folds 
Roma_O._777: folds 
e.a.den72: calls $0.04
StarWing4230: folds 
FACCHETADE$: calls $0.02
*** FLOP *** [5s Jc 3s]
FACCHETADE$: bets $5.71 and is all-in
951965: folds 
e.a.den72: folds 
Uncalled bet ($5.71) returned to FACCHETADE$
FACCHETADE$ collected $0.13 from pot
FACCHETADE$: doesn't show hand 
*** SUMMARY ***
Total pot $0.13 | Rake $0 
Board [5s Jc 3s]
Seat 1: StarWing4230 (small blind) folded before Flop
Seat 2: FACCHETADE$ (big blind) collected ($0.13)
Seat 3: 951965 folded on the Flop
Seat 4: JugEars88 folded before Flop (didn't bet)
Seat 5: 4opl1a folded before Flop (didn't bet)
Seat 6: Dorex2007 folded before Flop (didn't bet)
Seat 7: Junior_GreyM folded before Flop (didn't bet)
Seat 8: Roma_O._777 folded before Flop (didn't bet)
Seat 9: e.a.den72 (button) folded on the Flop



PokerStars Hand #228126897614:  Hold'em No Limit ($0.01/$0.02 USD) - 2021/07/07 14:13:55 PT [2021/07/07 17:13:55 ET]
Table 'Suvanto IV' 9-max Seat #1 is the button
Seat 1: StarWing4230 ($0.41 in chips) 
Seat 2: FACCHETADE$ ($5.84 in chips) 
Seat 3: 951965 ($1.66 in chips) 
Seat 4: JugEars88 ($0.97 in chips) 
Seat 5: 4opl1a ($3.31 in chips) 
Seat 6: Dorex2007 ($2.58 in chips) 
Seat 7: Junior_GreyM ($3.03 in chips) 
Seat 8: Roma_O._777 ($1.12 in chips) 
Seat 9: e.a.den72 ($2.93 in chips) 
FACCHETADE$: posts small blind $0.01
951965: posts big blind $0.02
*** HOLE CARDS ***
Dealt to Dorex2007 [5d Kd]
JugEars88 is disconnected 
JugEars88 has timed out while being disconnected
JugEars88: folds 
4opl1a: folds 
Dorex2007: folds 
Junior_GreyM: folds 
Roma_O._777: folds 
e.a.den72: folds 
StarWing4230: calls $0.02
FACCHETADE$: folds 
951965: checks 
*** FLOP *** [Ah 2c 7h]
951965: checks 
StarWing4230: bets $0.05
951965: folds 
Uncalled bet ($0.05) returned to StarWing4230
StarWing4230 collected $0.05 from pot
StarWing4230: doesn't show hand 
*** SUMMARY ***
Total pot $0.05 | Rake $0 
Board [Ah 2c 7h]
Seat 1: StarWing4230 (button) collected ($0.05)
Seat 2: FACCHETADE$ (small blind) folded before Flop
Seat 3: 951965 (big blind) folded on the Flop
Seat 4: JugEars88 folded before Flop (didn't bet)
Seat 5: 4opl1a folded before Flop (didn't bet)
Seat 6: Dorex2007 folded before Flop (didn't bet)
Seat 7: Junior_GreyM folded before Flop (didn't bet)
Seat 8: Roma_O._777 folded before Flop (didn't bet)
Seat 9: e.a.den72 folded before Flop (didn't bet)



PokerStars Hand #228126916462:  Hold'em No Limit ($0.01/$0.02 USD) - 2021/07/07 14:14:46 PT [2021/07/07 17:14:46 ET]
Table 'Suvanto IV' 9-max Seat #2 is the button
Seat 1: StarWing4230 ($0.44 in chips) 
Seat 2: FACCHETADE$ ($5.83 in chips) 
Seat 3: 951965 ($1.64 in chips) 
Seat 4: JugEars88 ($0.97 in chips) 
Seat 5: 4opl1a ($3.31 in chips) 
Seat 6: Dorex2007 ($2.58 in chips) 
Seat 7: Junior_GreyM ($3.03 in chips) 
Seat 8: Roma_O._777 ($1.12 in chips) 
Seat 9: e.a.den72 ($2.93 in chips) 
951965: posts small blind $0.01
JugEars88: posts big blind $0.02
*** HOLE CARDS ***
Dealt to Dorex2007 [Ah 2s]
4opl1a: raises $0.04 to $0.06
Dorex2007: folds 
Junior_GreyM: folds 
Junior_GreyM leaves the table
Roma_O._777: calls $0.06
e.a.den72: folds 
StarWing4230: folds 
DivadD7 joins the table at seat #7 
FACCHETADE$: folds 
951965: folds 
JugEars88: folds 
*** FLOP *** [3s 6d 6h]
4opl1a: bets $0.06
Roma_O._777: calls $0.06
*** TURN *** [3s 6d 6h] [3c]
4opl1a: bets $0.14
Roma_O._777: calls $0.14
*** RIVER *** [3s 6d 6h 3c] [Ks]
4opl1a: checks 
Roma_O._777: checks 
*** SHOW DOWN ***
4opl1a: shows [7h 7d] (two pair, Sevens and Sixes)
Roma_O._777: shows [8h 8c] (two pair, Eights and Sixes)
Roma_O._777 collected $0.53 from pot
*** SUMMARY ***
Total pot $0.55 | Rake $0.02 
Board [3s 6d 6h 3c Ks]
Seat 1: StarWing4230 folded before Flop (didn't bet)
Seat 2: FACCHETADE$ (button) folded before Flop (didn't bet)
Seat 3: 951965 (small blind) folded before Flop
Seat 4: JugEars88 (big blind) folded before Flop
Seat 5: 4opl1a showed [7h 7d] and lost with two pair, Sevens and Sixes
Seat 6: Dorex2007 folded before Flop (didn't bet)
Seat 7: Junior_GreyM folded before Flop (didn't bet)
Seat 8: Roma_O._777 showed [8h 8c] and won ($0.53) with two pair, Eights and Sixes
Seat 9: e.a.den72 folded before Flop (didn't bet)



PokerStars Hand #228126935722:  Hold'em No Limit ($0.01/$0.02 USD) - 2021/07/07 14:15:38 PT [2021/07/07 17:15:38 ET]
Table 'Suvanto IV' 9-max Seat #3 is the button
Seat 1: StarWing4230 ($0.44 in chips) 
Seat 2: FACCHETADE$ ($5.83 in chips) 
Seat 3: 951965 ($1.63 in chips) 
Seat 4: JugEars88 ($0.95 in chips) 
Seat 5: 4opl1a ($3.05 in chips) 
Seat 6: Dorex2007 ($2.58 in chips) 
Seat 8: Roma_O._777 ($1.39 in chips) 
Seat 9: e.a.den72 ($2.93 in chips) 
JugEars88: posts small blind $0.01
4opl1a: posts big blind $0.02
DivadD7: sits out 
*** HOLE CARDS ***
Dealt to Dorex2007 [Kd Qh]
Dorex2007: folds 
Roma_O._777: calls $0.02
e.a.den72: folds 
StarWing4230: folds 
FACCHETADE$: folds 
951965: folds 
JugEars88: folds 
4opl1a: raises $0.05 to $0.07
Roma_O._777: calls $0.05
*** FLOP *** [5s 5h Jc]
4opl1a: bets $0.04
Roma_O._777 has timed out
Roma_O._777: folds 
Uncalled bet ($0.04) returned to 4opl1a
4opl1a collected $0.14 from pot
4opl1a: doesn't show hand 
*** SUMMARY ***
Total pot $0.15 | Rake $0.01 
Board [5s 5h Jc]
Seat 1: StarWing4230 folded before Flop (didn't bet)
Seat 2: FACCHETADE$ folded before Flop (didn't bet)
Seat 3: 951965 (button) folded before Flop (didn't bet)
Seat 4: JugEars88 (small blind) folded before Flop
Seat 5: 4opl1a (big blind) collected ($0.14)
Seat 6: Dorex2007 folded before Flop (didn't bet)
Seat 8: Roma_O._777 folded on the Flop
Seat 9: e.a.den72 folded before Flop (didn't bet)



PokerStars Hand #228126958908:  Hold'em No Limit ($0.01/$0.02 USD) - 2021/07/07 14:16:42 PT [2021/07/07 17:16:42 ET]
Table 'Suvanto IV' 9-max Seat #4 is the button
Seat 1: StarWing4230 ($0.44 in chips) 
Seat 2: FACCHETADE$ ($5.83 in chips) 
Seat 3: 951965 ($1.63 in chips) 
Seat 4: JugEars88 ($0.94 in chips) 
Seat 5: 4opl1a ($3.12 in chips) 
Seat 6: Dorex2007 ($2.58 in chips) 
Seat 9: e.a.den72 ($2.93 in chips) 
4opl1a: posts small blind $0.01
Dorex2007: posts big blind $0.02
DivadD7: sits out 
*** HOLE CARDS ***
Dealt to Dorex2007 [6d Ts]
e.a.den72: folds 
StarWing4230: raises $0.04 to $0.06
FACCHETADE$: folds 
951965: folds 
JugEars88: folds 
4opl1a: folds 
Dorex2007: folds 
Uncalled bet ($0.04) returned to StarWing4230
StarWing4230 collected $0.05 from pot
StarWing4230: doesn't show hand 
*** SUMMARY ***
Total pot $0.05 | Rake $0 
Seat 1: StarWing4230 collected ($0.05)
Seat 2: FACCHETADE$ folded before Flop (didn't bet)
Seat 3: 951965 folded before Flop (didn't bet)
Seat 4: JugEars88 (button) folded before Flop (didn't bet)
Seat 5: 4opl1a (small blind) folded before Flop
Seat 6: Dorex2007 (big blind) folded before Flop
Seat 9: e.a.den72 folded before Flop (didn't bet)



PokerStars Hand #228126966021:  Hold'em No Limit ($0.01/$0.02 USD) - 2021/07/07 14:17:01 PT [2021/07/07 17:17:01 ET]
Table 'Suvanto IV' 9-max Seat #5 is the button
Seat 1: StarWing4230 ($0.47 in chips) 
Seat 2: FACCHETADE$ ($5.83 in chips) 
Seat 3: 951965 ($1.63 in chips) 
Seat 4: JugEars88 ($0.94 in chips) 
Seat 5: 4opl1a ($3.11 in chips) 
Seat 6: Dorex2007 ($2.56 in chips) 
Seat 7: DivadD7 ($2 in chips) 
Seat 8: Roma_O._777 ($1.32 in chips) 
Seat 9: e.a.den72 ($2.93 in chips) 
Dorex2007: posts small blind $0.01
DivadD7: posts big blind $0.02
*** HOLE CARDS ***
Dealt to Dorex2007 [Ks Kc]
Roma_O._777 has timed out
Roma_O._777: folds 
e.a.den72: folds 
StarWing4230: folds 
FACCHETADE$: folds 
951965: raises $0.02 to $0.04
JugEars88: folds 
4opl1a: folds 
Dorex2007: raises $0.06 to $0.10
DivadD7: calls $0.08
951965: calls $0.06
*** FLOP *** [Kd Qc Qh]
Dorex2007: checks 
DivadD7: checks 
951965: checks 
*** TURN *** [Kd Qc Qh] [9s]
Dorex2007: bets $0.15
DivadD7: folds 
951965: folds 
Uncalled bet ($0.15) returned to Dorex2007
Dorex2007 collected $0.29 from pot
Dorex2007: doesn't show hand 
*** SUMMARY ***
Total pot $0.30 | Rake $0.01 
Board [Kd Qc Qh 9s]
Seat 1: StarWing4230 folded before Flop (didn't bet)
Seat 2: FACCHETADE$ folded before Flop (didn't bet)
Seat 3: 951965 folded on the Turn
Seat 4: JugEars88 folded before Flop (didn't bet)
Seat 5: 4opl1a (button) folded before Flop (didn't bet)
Seat 6: Dorex2007 (small blind) collected ($0.29)
Seat 7: DivadD7 (big blind) folded on the Turn
Seat 8: Roma_O._777 folded before Flop (didn't bet)
Seat 9: e.a.den72 folded before Flop (didn't bet)



PokerStars Hand #228126991933:  Hold'em No Limit ($0.01/$0.02 USD) - 2021/07/07 14:18:11 PT [2021/07/07 17:18:11 ET]
Table 'Suvanto IV' 9-max Seat #6 is the button
Seat 1: StarWing4230 ($0.47 in chips) 
Seat 2: FACCHETADE$ ($5.83 in chips) 
Seat 3: 951965 ($1.53 in chips) 
Seat 4: JugEars88 ($0.94 in chips) 
Seat 5: 4opl1a ($3.11 in chips) 
Seat 6: Dorex2007 ($2.75 in chips) 
Seat 7: DivadD7 ($2 in chips) 
Seat 9: e.a.den72 ($2.93 in chips) 
DivadD7: posts small blind $0.01
e.a.den72: posts big blind $0.02
*** HOLE CARDS ***
Dealt to Dorex2007 [6h 4c]
StarWing4230: folds 
FACCHETADE$: folds 
951965: folds 
JugEars88: folds 
4opl1a: folds 
Dorex2007: folds 
DivadD7: raises $0.04 to $0.06
e.a.den72: calls $0.04
*** FLOP *** [9s 8d 3h]
DivadD7: checks 
e.a.den72: checks 
*** TURN *** [9s 8d 3h] [Ah]
DivadD7: checks 
e.a.den72: bets $0.06
DivadD7: calls $0.06
*** RIVER *** [9s 8d 3h Ah] [3c]
DivadD7: checks 
e.a.den72: checks 
*** SHOW DOWN ***
DivadD7: shows [Ac 2d] (two pair, Aces and Threes)
e.a.den72: shows [Td As] (two pair, Aces and Threes - Ten kicker)
e.a.den72 collected $0.23 from pot
*** SUMMARY ***
Total pot $0.24 | Rake $0.01 
Board [9s 8d 3h Ah 3c]
Seat 1: StarWing4230 folded before Flop (didn't bet)
Seat 2: FACCHETADE$ folded before Flop (didn't bet)
Seat 3: 951965 folded before Flop (didn't bet)
Seat 4: JugEars88 folded before Flop (didn't bet)
Seat 5: 4opl1a folded before Flop (didn't bet)
Seat 6: Dorex2007 (button) folded before Flop (didn't bet)
Seat 7: DivadD7 (small blind) showed [Ac 2d] and lost with two pair, Aces and Threes
Seat 9: e.a.den72 (big blind) showed [Td As] and won ($0.23) with two pair, Aces and Threes



PokerStars Hand #228127008878:  Hold'em No Limit ($0.01/$0.02 USD) - 2021/07/07 14:18:57 PT [2021/07/07 17:18:57 ET]
Table 'Suvanto IV' 9-max Seat #7 is the button
Seat 1: StarWing4230 ($0.47 in chips) 
Seat 2: FACCHETADE$ ($5.83 in chips) 
Seat 3: 951965 ($1.53 in chips) 
Seat 4: JugEars88 ($0.94 in chips) 
Seat 5: 4opl1a ($3.11 in chips) 
Seat 6: Dorex2007 ($2.75 in chips) 
Seat 7: DivadD7 ($2 in chips) 
Seat 9: e.a.den72 ($3.04 in chips) 
e.a.den72: posts small blind $0.01
StarWing4230: posts big blind $0.02
*** HOLE CARDS ***
Dealt to Dorex2007 [8d 6d]
FACCHETADE$: folds 
951965: folds 
JugEars88: folds 
4opl1a: folds 
Dorex2007: folds 
DivadD7: folds 
e.a.den72: raises $0.04 to $0.06
StarWing4230: calls $0.04
*** FLOP *** [Jd Kd 5s]
e.a.den72: bets $0.06
StarWing4230: calls $0.06
*** TURN *** [Jd Kd 5s] [4s]
e.a.den72: bets $0.23
StarWing4230: folds 
Uncalled bet ($0.23) returned to e.a.den72
e.a.den72 collected $0.23 from pot
e.a.den72: doesn't show hand 
*** SUMMARY ***
Total pot $0.24 | Rake $0.01 
Board [Jd Kd 5s 4s]
Seat 1: StarWing4230 (big blind) folded on the Turn
Seat 2: FACCHETADE$ folded before Flop (didn't bet)
Seat 3: 951965 folded before Flop (didn't bet)
Seat 4: JugEars88 folded before Flop (didn't bet)
Seat 5: 4opl1a folded before Flop (didn't bet)
Seat 6: Dorex2007 folded before Flop (didn't bet)
Seat 7: DivadD7 (button) folded before Flop (didn't bet)
Seat 9: e.a.den72 (small blind) collected ($0.23)



PokerStars Hand #228127020340:  Hold'em No Limit ($0.01/$0.02 USD) - 2021/07/07 14:19:28 PT [2021/07/07 17:19:28 ET]
Table 'Suvanto IV' 9-max Seat #9 is the button
Seat 1: StarWing4230 ($0.35 in chips) 
Seat 2: FACCHETADE$ ($5.83 in chips) 
Seat 3: 951965 ($1.53 in chips) 
Seat 4: JugEars88 ($0.94 in chips) 
Seat 5: 4opl1a ($3.11 in chips) 
Seat 6: Dorex2007 ($2.75 in chips) 
Seat 7: DivadD7 ($2 in chips) 
Seat 9: e.a.den72 ($3.15 in chips) 
StarWing4230: posts small blind $0.01
FACCHETADE$: posts big blind $0.02
*** HOLE CARDS ***
Dealt to Dorex2007 [7d Js]
951965: folds 
JugEars88 has timed out
JugEars88: folds 
4opl1a: folds 
Dorex2007: folds 
DivadD7: folds 
e.a.den72: folds 
StarWing4230: calls $0.01
FACCHETADE$: checks 
*** FLOP *** [Jh 2h 6s]
StarWing4230: bets $0.02
FACCHETADE$: folds 
Uncalled bet ($0.02) returned to StarWing4230
StarWing4230 collected $0.04 from pot
StarWing4230: doesn't show hand 
*** SUMMARY ***
Total pot $0.04 | Rake $0 
Board [Jh 2h 6s]
Seat 1: StarWing4230 (small blind) collected ($0.04)
Seat 2: FACCHETADE$ (big blind) folded on the Flop
Seat 3: 951965 folded before Flop (didn't bet)
Seat 4: JugEars88 folded before Flop (didn't bet)
Seat 5: 4opl1a folded before Flop (didn't bet)
Seat 6: Dorex2007 folded before Flop (didn't bet)
Seat 7: DivadD7 folded before Flop (didn't bet)
Seat 9: e.a.den72 (button) folded before Flop (didn't bet)



PokerStars Hand #228127039554:  Hold'em No Limit ($0.01/$0.02 USD) - 2021/07/07 14:20:20 PT [2021/07/07 17:20:20 ET]
Table 'Suvanto IV' 9-max Seat #1 is the button
Seat 1: StarWing4230 ($0.37 in chips) 
Seat 2: FACCHETADE$ ($5.81 in chips) 
Seat 3: 951965 ($1.53 in chips) 
Seat 4: JugEars88 ($0.94 in chips) 
Seat 5: 4opl1a ($3.11 in chips) 
Seat 6: Dorex2007 ($2.75 in chips) 
Seat 7: DivadD7 ($2 in chips) 
Seat 9: e.a.den72 ($3.15 in chips) 
FACCHETADE$: posts small blind $0.01
951965: posts big blind $0.02
*** HOLE CARDS ***
Dealt to Dorex2007 [Kh Tc]
JugEars88: calls $0.02
4opl1a: folds 
Dorex2007: folds 
DivadD7: folds 
e.a.den72: calls $0.02
StarWing4230: folds 
FACCHETADE$: calls $0.01
951965: checks 
*** FLOP *** [9h 5d 2d]
FACCHETADE$: checks 
951965: bets $1.51 and is all-in
JugEars88: folds 
e.a.den72: folds 
FACCHETADE$: folds 
Uncalled bet ($1.51) returned to 951965
951965 collected $0.08 from pot
*** SUMMARY ***
Total pot $0.08 | Rake $0 
Board [9h 5d 2d]
Seat 1: StarWing4230 (button) folded before Flop (didn't bet)
Seat 2: FACCHETADE$ (small blind) folded on the Flop
Seat 3: 951965 (big blind) collected ($0.08)
Seat 4: JugEars88 folded on the Flop
Seat 5: 4opl1a folded before Flop (didn't bet)
Seat 6: Dorex2007 folded before Flop (didn't bet)
Seat 7: DivadD7 folded before Flop (didn't bet)
Seat 9: e.a.den72 folded on the Flop



PokerStars Hand #228127064348:  Hold'em No Limit ($0.01/$0.02 USD) - 2021/07/07 14:21:06 PT [2021/07/07 17:21:06 ET]
Table 'Suvanto IV' 9-max Seat #2 is the button
Seat 1: StarWing4230 ($0.37 in chips) 
Seat 2: FACCHETADE$ ($5.79 in chips) 
Seat 3: 951965 ($1.59 in chips) 
Seat 4: JugEars88 ($0.92 in chips) 
Seat 5: 4opl1a ($3.11 in chips) 
Seat 6: Dorex2007 ($2.75 in chips) 
Seat 7: DivadD7 ($2 in chips) 
Seat 8: Roma_O._777 ($1.32 in chips) 
Seat 9: e.a.den72 ($3.13 in chips) 
951965: posts small blind $0.01
JugEars88: posts big blind $0.02
Roma_O._777: posts small & big blinds $0.03
*** HOLE CARDS ***
Dealt to Dorex2007 [3c Kh]
4opl1a: folds 
Dorex2007: folds 
DivadD7: folds 
Roma_O._777: checks 
e.a.den72: folds 
StarWing4230: folds 
FACCHETADE$: folds 
951965: calls $0.01
JugEars88: raises $0.06 to $0.08
Roma_O._777: folds 
951965: folds 
Uncalled bet ($0.06) returned to JugEars88
JugEars88 collected $0.07 from pot
JugEars88: doesn't show hand 
*** SUMMARY ***
Total pot $0.07 | Rake $0 
Seat 1: StarWing4230 folded before Flop (didn't bet)
Seat 2: FACCHETADE$ (button) folded before Flop (didn't bet)
Seat 3: 951965 (small blind) folded before Flop
Seat 4: JugEars88 (big blind) collected ($0.07)
Seat 5: 4opl1a folded before Flop (didn't bet)
Seat 6: Dorex2007 folded before Flop (didn't bet)
Seat 7: DivadD7 folded before Flop (didn't bet)
Seat 8: Roma_O._777 folded before Flop (didn't bet)
Seat 9: e.a.den72 folded before Flop (didn't bet)



