PokerStars Hand #237365092969:  Hold'em No Limit ($0.01/$0.02 USD) - 2022/07/14 18:34:48 PT [2022/07/14 21:34:48 ET]
Table 'Hypsipyle III' 9-max Seat #7 is the button
Seat 1: Teddy_KG8 ($2.45 in chips) 
Seat 2: erlis82 ($1.77 in chips) 
Seat 3: NMF222 ($2.62 in chips) 
Seat 4: 9Black3 ($2 in chips) 
Seat 5: Dorex2007 ($2 in chips) 
Seat 7: Rochossauro ($2.62 in chips) 
Seat 8: INISHTE ($1.36 in chips) 
Seat 9: J3D4Y4 ($0.73 in chips) 
INISHTE: posts small blind $0.01
J3D4Y4: posts big blind $0.02
Dorex2007: posts big blind $0.02
*** HOLE CARDS ***
Dealt to Dorex2007 [9d Kd]
Teddy_KG8: folds 
erlis82: calls $0.02
NMF222: raises $0.20 to $0.22
9Black3: folds 
Dorex2007: folds 
Rochossauro: folds 
Rochossauro leaves the table
INISHTE: calls $0.21
J3D4Y4: folds 
erlis82: folds 
*** FLOP *** [2h Kc 2c]
INISHTE: checks 
NMF222: checks 
*** TURN *** [2h Kc 2c] [4c]
INISHTE: checks 
NMF222: checks 
*** RIVER *** [2h Kc 2c 4c] [Jd]
INISHTE: checks 
NMF222: bets $0.48
dboulay1979 joins the table at seat #7 
INISHTE: folds 
Uncalled bet ($0.48) returned to NMF222
NMF222 collected $0.48 from pot
*** SUMMARY ***
Total pot $0.50 | Rake $0.02 
Board [2h Kc 2c 4c Jd]
Seat 1: Teddy_KG8 folded before Flop (didn't bet)
Seat 2: erlis82 folded before Flop
Seat 3: NMF222 collected ($0.48)
Seat 4: 9Black3 folded before Flop (didn't bet)
Seat 5: Dorex2007 folded before Flop (didn't bet)
Seat 7: Rochossauro (button) folded before Flop (didn't bet)
Seat 8: INISHTE (small blind) folded on the River
Seat 9: J3D4Y4 (big blind) folded before Flop



PokerStars Hand #237365108151:  Hold'em No Limit ($0.01/$0.02 USD) - 2022/07/14 18:35:50 PT [2022/07/14 21:35:50 ET]
Table 'Hypsipyle III' 9-max Seat #8 is the button
Seat 1: Teddy_KG8 ($2.45 in chips) 
Seat 2: erlis82 ($1.75 in chips) 
Seat 3: NMF222 ($2.88 in chips) 
Seat 4: 9Black3 ($2 in chips) 
Seat 5: Dorex2007 ($2 in chips) 
Seat 8: INISHTE ($1.14 in chips) 
Seat 9: J3D4Y4 ($0.71 in chips) 
J3D4Y4: posts small blind $0.01
Teddy_KG8: posts big blind $0.02
dboulay1979: sits out 
*** HOLE CARDS ***
Dealt to Dorex2007 [Ah Kd]
erlis82: folds 
NMF222: folds 
9Black3: folds 
Dorex2007: raises $0.06 to $0.08
INISHTE: calls $0.08
J3D4Y4: folds 
Teddy_KG8: calls $0.06
*** FLOP *** [Kc Qd 6c]
dboulay1979 leaves the table
Teddy_KG8: checks 
Dorex2007: bets $0.16
INISHTE: calls $0.16
Teddy_KG8: calls $0.16
*** TURN *** [Kc Qd 6c] [5h]
Teddy_KG8: checks 
Dorex2007: bets $0.70
INISHTE: folds 
Teddy_KG8: folds 
Uncalled bet ($0.70) returned to Dorex2007
Dorex2007 collected $0.70 from pot
*** SUMMARY ***
Total pot $0.73 | Rake $0.03 
Board [Kc Qd 6c 5h]
Seat 1: Teddy_KG8 (big blind) folded on the Turn
Seat 2: erlis82 folded before Flop (didn't bet)
Seat 3: NMF222 folded before Flop (didn't bet)
Seat 4: 9Black3 folded before Flop (didn't bet)
Seat 5: Dorex2007 collected ($0.70)
Seat 8: INISHTE (button) folded on the Turn
Seat 9: J3D4Y4 (small blind) folded before Flop



PokerStars Hand #237365124696:  Hold'em No Limit ($0.01/$0.02 USD) - 2022/07/14 18:37:13 PT [2022/07/14 21:37:13 ET]
Table 'Hypsipyle III' 9-max Seat #1 is the button
Seat 1: Teddy_KG8 ($2.21 in chips) 
Seat 2: erlis82 ($1.75 in chips) 
Seat 3: NMF222 ($2.88 in chips) 
Seat 4: 9Black3 ($2 in chips) 
Seat 5: Dorex2007 ($2.46 in chips) 
Seat 8: INISHTE ($0.90 in chips) 
erlis82: posts small blind $0.01
NMF222: posts big blind $0.02
*** HOLE CARDS ***
Dealt to Dorex2007 [4s 3h]
9Black3: folds 
Dorex2007: folds 
INISHTE: folds 
Teddy_KG8: raises $0.02 to $0.04
erlis82: folds 
NMF222: calls $0.02
*** FLOP *** [5h 3c 2d]
NMF222: checks 
Teddy_KG8: checks 
*** TURN *** [5h 3c 2d] [5c]
NMF222: checks 
Teddy_KG8: checks 
*** RIVER *** [5h 3c 2d 5c] [6h]
NMF222: checks 
Teddy_KG8: checks 
*** SHOW DOWN ***
NMF222: shows [Ad Js] (a pair of Fives)
Teddy_KG8: mucks hand 
NMF222 collected $0.09 from pot
*** SUMMARY ***
Total pot $0.09 | Rake $0 
Board [5h 3c 2d 5c 6h]
Seat 1: Teddy_KG8 (button) mucked [Th Kh]
Seat 2: erlis82 (small blind) folded before Flop
Seat 3: NMF222 (big blind) showed [Ad Js] and won ($0.09) with a pair of Fives
Seat 4: 9Black3 folded before Flop (didn't bet)
Seat 5: Dorex2007 folded before Flop (didn't bet)
Seat 8: INISHTE folded before Flop (didn't bet)



PokerStars Hand #237365135133:  Hold'em No Limit ($0.01/$0.02 USD) - 2022/07/14 18:38:06 PT [2022/07/14 21:38:06 ET]
Table 'Hypsipyle III' 9-max Seat #2 is the button
Seat 1: Teddy_KG8 ($2.17 in chips) 
Seat 2: erlis82 ($1.74 in chips) 
Seat 3: NMF222 ($2.93 in chips) 
Seat 4: 9Black3 ($2 in chips) 
Seat 5: Dorex2007 ($2.46 in chips) 
Seat 8: INISHTE ($0.90 in chips) 
NMF222: posts small blind $0.01
9Black3: posts big blind $0.02
*** HOLE CARDS ***
Dealt to Dorex2007 [6d Ah]
Dorex2007: folds 
INISHTE: folds 
Teddy_KG8: folds 
erlis82: calls $0.02
NMF222: calls $0.01
9Black3: checks 
*** FLOP *** [6c 4c 6h]
NMF222: checks 
9Black3: bets $0.03
erlis82: calls $0.03
NMF222: folds 
*** TURN *** [6c 4c 6h] [9s]
9Black3: bets $0.09
erlis82: calls $0.09
*** RIVER *** [6c 4c 6h 9s] [Kh]
9Black3: bets $0.15
erlis82: calls $0.15
*** SHOW DOWN ***
9Black3: shows [6s 3h] (three of a kind, Sixes)
erlis82: mucks hand 
9Black3 collected $0.58 from pot
*** SUMMARY ***
Total pot $0.60 | Rake $0.02 
Board [6c 4c 6h 9s Kh]
Seat 1: Teddy_KG8 folded before Flop (didn't bet)
Seat 2: erlis82 (button) mucked [Kc 5c]
Seat 3: NMF222 (small blind) folded on the Flop
Seat 4: 9Black3 (big blind) showed [6s 3h] and won ($0.58) with three of a kind, Sixes
Seat 5: Dorex2007 folded before Flop (didn't bet)
Seat 8: INISHTE folded before Flop (didn't bet)



PokerStars Hand #237365146741:  Hold'em No Limit ($0.01/$0.02 USD) - 2022/07/14 18:39:04 PT [2022/07/14 21:39:04 ET]
Table 'Hypsipyle III' 9-max Seat #3 is the button
Seat 1: Teddy_KG8 ($2.17 in chips) 
Seat 2: erlis82 ($1.45 in chips) 
Seat 3: NMF222 ($2.91 in chips) 
Seat 4: 9Black3 ($2.29 in chips) 
Seat 5: Dorex2007 ($2.46 in chips) 
Seat 8: INISHTE ($0.90 in chips) 
9Black3: posts small blind $0.01
Dorex2007: posts big blind $0.02
*** HOLE CARDS ***
Dealt to Dorex2007 [5h 4h]
Samir1384 joins the table at seat #7 
INISHTE: folds 
Teddy_KG8: folds 
erlis82: folds 
NMF222: folds 
9Black3: raises $0.04 to $0.06
Dorex2007: folds 
Uncalled bet ($0.04) returned to 9Black3
9Black3 collected $0.04 from pot
*** SUMMARY ***
Total pot $0.04 | Rake $0 
Seat 1: Teddy_KG8 folded before Flop (didn't bet)
Seat 2: erlis82 folded before Flop (didn't bet)
Seat 3: NMF222 (button) folded before Flop (didn't bet)
Seat 4: 9Black3 (small blind) collected ($0.04)
Seat 5: Dorex2007 (big blind) folded before Flop
Seat 8: INISHTE folded before Flop (didn't bet)



PokerStars Hand #237365151146:  Hold'em No Limit ($0.01/$0.02 USD) - 2022/07/14 18:39:26 PT [2022/07/14 21:39:26 ET]
Table 'Hypsipyle III' 9-max Seat #4 is the button
Seat 1: Teddy_KG8 ($2.17 in chips) 
Seat 2: erlis82 ($1.45 in chips) 
Seat 3: NMF222 ($2.91 in chips) 
Seat 4: 9Black3 ($2.31 in chips) 
Seat 5: Dorex2007 ($2.44 in chips) 
Seat 7: Samir1384 ($0.80 in chips) 
Seat 8: INISHTE ($0.90 in chips) 
Dorex2007: posts small blind $0.01
Samir1384: posts big blind $0.02
*** HOLE CARDS ***
Dealt to Dorex2007 [2c 8d]
INISHTE: folds 
Teddy_KG8: folds 
erlis82: folds 
NMF222: raises $0.04 to $0.06
9Black3: folds 
Dorex2007: folds 
Samir1384: calls $0.04
*** FLOP *** [Kh 4h 3c]
Samir1384: checks 
NMF222: checks 
*** TURN *** [Kh 4h 3c] [7h]
Samir1384: checks 
NMF222: checks 
*** RIVER *** [Kh 4h 3c 7h] [Js]
Samir1384: checks 
NMF222: checks 
*** SHOW DOWN ***
Samir1384: shows [8h 7s] (a pair of Sevens)
NMF222: mucks hand 
Samir1384 collected $0.13 from pot
*** SUMMARY ***
Total pot $0.13 | Rake $0 
Board [Kh 4h 3c 7h Js]
Seat 1: Teddy_KG8 folded before Flop (didn't bet)
Seat 2: erlis82 folded before Flop (didn't bet)
Seat 3: NMF222 mucked [Qc Ad]
Seat 4: 9Black3 (button) folded before Flop (didn't bet)
Seat 5: Dorex2007 (small blind) folded before Flop
Seat 7: Samir1384 (big blind) showed [8h 7s] and won ($0.13) with a pair of Sevens
Seat 8: INISHTE folded before Flop (didn't bet)



PokerStars Hand #237365170302:  Hold'em No Limit ($0.01/$0.02 USD) - 2022/07/14 18:40:10 PT [2022/07/14 21:40:10 ET]
Table 'Hypsipyle III' 9-max Seat #5 is the button
Seat 1: Teddy_KG8 ($2.17 in chips) 
Seat 2: erlis82 ($1.45 in chips) 
Seat 3: NMF222 ($2.85 in chips) 
Seat 4: 9Black3 ($2.31 in chips) 
Seat 5: Dorex2007 ($2.43 in chips) 
Seat 7: Samir1384 ($0.87 in chips) 
Seat 8: INISHTE ($0.90 in chips) 
Samir1384: posts small blind $0.01
INISHTE: posts big blind $0.02
*** HOLE CARDS ***
Dealt to Dorex2007 [9d Td]
Teddy_KG8: folds 
erlis82: folds 
NMF222: folds 
9Black3: folds 
Dorex2007: raises $0.04 to $0.06
Samir1384: calls $0.05
INISHTE: folds 
*** FLOP *** [As 4c Qc]
Samir1384: bets $0.02
Dorex2007: folds 
Uncalled bet ($0.02) returned to Samir1384
Samir1384 collected $0.14 from pot
*** SUMMARY ***
Total pot $0.14 | Rake $0 
Board [As 4c Qc]
Seat 1: Teddy_KG8 folded before Flop (didn't bet)
Seat 2: erlis82 folded before Flop (didn't bet)
Seat 3: NMF222 folded before Flop (didn't bet)
Seat 4: 9Black3 folded before Flop (didn't bet)
Seat 5: Dorex2007 (button) folded on the Flop
Seat 7: Samir1384 (small blind) collected ($0.14)
Seat 8: INISHTE (big blind) folded before Flop



PokerStars Hand #237365175828:  Hold'em No Limit ($0.01/$0.02 USD) - 2022/07/14 18:40:37 PT [2022/07/14 21:40:37 ET]
Table 'Hypsipyle III' 9-max Seat #7 is the button
Seat 1: Teddy_KG8 ($2.17 in chips) 
Seat 2: erlis82 ($1.45 in chips) 
Seat 3: NMF222 ($2.85 in chips) 
Seat 4: 9Black3 ($2.31 in chips) 
Seat 5: Dorex2007 ($2.37 in chips) 
Seat 7: Samir1384 ($0.95 in chips) 
Seat 8: INISHTE ($0.88 in chips) 
INISHTE: posts small blind $0.01
Teddy_KG8: posts big blind $0.02
*** HOLE CARDS ***
Dealt to Dorex2007 [5s 3c]
erlis82: folds 
NMF222: calls $0.02
9Black3: folds 
Dorex2007: folds 
Samir1384: calls $0.02
INISHTE: folds 
Teddy_KG8: checks 
*** FLOP *** [4d 3d 2c]
Teddy_KG8: checks 
NMF222: checks 
Samir1384: bets $0.02
Teddy_KG8: calls $0.02
NMF222: folds 
*** TURN *** [4d 3d 2c] [Ad]
Teddy_KG8: checks 
Samir1384: bets $0.02
Teddy_KG8: raises $0.04 to $0.06
Samir1384: calls $0.04
*** RIVER *** [4d 3d 2c Ad] [5h]
Teddy_KG8: bets $0.30
Samir1384: calls $0.30
*** SHOW DOWN ***
Teddy_KG8: shows [8d Jd] (a flush, Ace high)
Samir1384: mucks hand 
Teddy_KG8 collected $0.80 from pot
*** SUMMARY ***
Total pot $0.83 | Rake $0.03 
Board [4d 3d 2c Ad 5h]
Seat 1: Teddy_KG8 (big blind) showed [8d Jd] and won ($0.80) with a flush, Ace high
Seat 2: erlis82 folded before Flop (didn't bet)
Seat 3: NMF222 folded on the Flop
Seat 4: 9Black3 folded before Flop (didn't bet)
Seat 5: Dorex2007 folded before Flop (didn't bet)
Seat 7: Samir1384 (button) mucked [9s Ac]
Seat 8: INISHTE (small blind) folded before Flop



PokerStars Hand #237365195755:  Hold'em No Limit ($0.01/$0.02 USD) - 2022/07/14 18:42:16 PT [2022/07/14 21:42:16 ET]
Table 'Hypsipyle III' 9-max Seat #8 is the button
Seat 1: Teddy_KG8 ($2.57 in chips) 
Seat 2: erlis82 ($1.45 in chips) 
Seat 3: NMF222 ($2.83 in chips) 
Seat 4: 9Black3 ($2.31 in chips) 
Seat 5: Dorex2007 ($2.37 in chips) 
Seat 7: Samir1384 ($0.55 in chips) 
Seat 8: INISHTE ($0.87 in chips) 
Teddy_KG8: posts small blind $0.01
erlis82: posts big blind $0.02
*** HOLE CARDS ***
Dealt to Dorex2007 [4h 3s]
NMF222: calls $0.02
9Black3: folds 
Dorex2007: folds 
Samir1384: calls $0.02
INISHTE: raises $0.03 to $0.05
Teddy_KG8: folds 
erlis82: folds 
NMF222: calls $0.03
Samir1384: calls $0.03
*** FLOP *** [Ts Jd Kd]
NMF222: bets $0.17
Samir1384: folds 
INISHTE: calls $0.17
*** TURN *** [Ts Jd Kd] [Ah]
NMF222: bets $0.25
INISHTE: folds 
Uncalled bet ($0.25) returned to NMF222
NMF222 collected $0.50 from pot
*** SUMMARY ***
Total pot $0.52 | Rake $0.02 
Board [Ts Jd Kd Ah]
Seat 1: Teddy_KG8 (small blind) folded before Flop
Seat 2: erlis82 (big blind) folded before Flop
Seat 3: NMF222 collected ($0.50)
Seat 4: 9Black3 folded before Flop (didn't bet)
Seat 5: Dorex2007 folded before Flop (didn't bet)
Seat 7: Samir1384 folded on the Flop
Seat 8: INISHTE (button) folded on the Turn



PokerStars Hand #237365209761:  Hold'em No Limit ($0.01/$0.02 USD) - 2022/07/14 18:43:25 PT [2022/07/14 21:43:25 ET]
Table 'Hypsipyle III' 9-max Seat #1 is the button
Seat 1: Teddy_KG8 ($2.56 in chips) 
Seat 2: erlis82 ($1.43 in chips) 
Seat 3: NMF222 ($3.11 in chips) 
Seat 4: 9Black3 ($2.31 in chips) 
Seat 5: Dorex2007 ($2.37 in chips) 
Seat 7: Samir1384 ($0.50 in chips) 
Seat 8: INISHTE ($0.65 in chips) 
Seat 9: J3D4Y4 ($0.70 in chips) 
erlis82: posts small blind $0.01
NMF222: posts big blind $0.02
ondawarpaf: sits out 
J3D4Y4: posts small & big blinds $0.03
*** HOLE CARDS ***
Dealt to Dorex2007 [2s 4c]
9Black3: folds 
Dorex2007: folds 
9Black3 leaves the table
Samir1384: raises $0.02 to $0.04
INISHTE: folds 
J3D4Y4: calls $0.02
Teddy_KG8: folds 
erlis82: folds 
NMF222: calls $0.02
*** FLOP *** [9h 3d Kh]
NMF222: checks 
Samir1384: bets $0.02
J3D4Y4: calls $0.02
NMF222: calls $0.02
*** TURN *** [9h 3d Kh] [6h]
NMF222: checks 
Monta521 joins the table at seat #4 
Samir1384: bets $0.06
J3D4Y4: folds 
NMF222: calls $0.06
*** RIVER *** [9h 3d Kh 6h] [Ah]
NMF222: checks 
Samir1384: checks 
*** SHOW DOWN ***
NMF222: shows [4s Ks] (a pair of Kings)
Samir1384: shows [As 9s] (two pair, Aces and Nines)
Samir1384 collected $0.31 from pot
*** SUMMARY ***
Total pot $0.32 | Rake $0.01 
Board [9h 3d Kh 6h Ah]
Seat 1: Teddy_KG8 (button) folded before Flop (didn't bet)
Seat 2: erlis82 (small blind) folded before Flop
Seat 3: NMF222 (big blind) showed [4s Ks] and lost with a pair of Kings
Seat 4: 9Black3 folded before Flop (didn't bet)
Seat 5: Dorex2007 folded before Flop (didn't bet)
Seat 7: Samir1384 showed [As 9s] and won ($0.31) with two pair, Aces and Nines
Seat 8: INISHTE folded before Flop (didn't bet)
Seat 9: J3D4Y4 folded on the Turn



PokerStars Hand #237365228767:  Hold'em No Limit ($0.01/$0.02 USD) - 2022/07/14 18:44:33 PT [2022/07/14 21:44:33 ET]
Table 'Hypsipyle III' 9-max Seat #2 is the button
Seat 1: Teddy_KG8 ($2.56 in chips) 
Seat 2: erlis82 ($1.42 in chips) 
Seat 3: NMF222 ($2.99 in chips) 
Seat 4: Monta521 ($1.76 in chips) 
Seat 5: Dorex2007 ($2.37 in chips) 
Seat 6: ondawarpaf ($1.89 in chips) 
Seat 7: Samir1384 ($0.69 in chips) 
Seat 8: INISHTE ($0.65 in chips) 
Seat 9: J3D4Y4 ($0.63 in chips) 
NMF222: posts small blind $0.01
Monta521: posts big blind $0.02
ondawarpaf: posts small & big blinds $0.03
*** HOLE CARDS ***
Dealt to Dorex2007 [5d Qc]
Dorex2007: folds 
ondawarpaf: checks 
Samir1384: calls $0.02
INISHTE: folds 
J3D4Y4: calls $0.02
Teddy_KG8: folds 
erlis82: folds 
erlis82 leaves the table
NMF222: calls $0.01
Monta521: checks 
*** FLOP *** [2h 8d 7c]
NMF222: checks 
Monta521: checks 
ondawarpaf: checks 
Samir1384: bets $0.02
J3D4Y4: folds 
NMF222: folds 
Monta521: folds 
ondawarpaf: folds 
Uncalled bet ($0.02) returned to Samir1384
Samir1384 collected $0.11 from pot
*** SUMMARY ***
Total pot $0.11 | Rake $0 
Board [2h 8d 7c]
Seat 1: Teddy_KG8 folded before Flop (didn't bet)
Seat 2: erlis82 (button) folded before Flop (didn't bet)
Seat 3: NMF222 (small blind) folded on the Flop
Seat 4: Monta521 (big blind) folded on the Flop
Seat 5: Dorex2007 folded before Flop (didn't bet)
Seat 6: ondawarpaf folded on the Flop (didn't bet)
Seat 7: Samir1384 collected ($0.11)
Seat 8: INISHTE folded before Flop (didn't bet)
Seat 9: J3D4Y4 folded on the Flop



PokerStars Hand #237365237508:  Hold'em No Limit ($0.01/$0.02 USD) - 2022/07/14 18:45:17 PT [2022/07/14 21:45:17 ET]
Table 'Hypsipyle III' 9-max Seat #3 is the button
Seat 1: Teddy_KG8 ($2.56 in chips) 
Seat 3: NMF222 ($2.97 in chips) 
Seat 4: Monta521 ($1.74 in chips) 
Seat 5: Dorex2007 ($2.37 in chips) 
Seat 6: ondawarpaf ($1.86 in chips) 
Seat 7: Samir1384 ($0.78 in chips) 
Seat 8: INISHTE ($0.65 in chips) 
Seat 9: J3D4Y4 ($0.61 in chips) 
Monta521: posts small blind $0.01
Dorex2007: posts big blind $0.02
*** HOLE CARDS ***
Dealt to Dorex2007 [Qd Ah]
ondawarpaf: folds 
Samir1384: calls $0.02
INISHTE: folds 
J3D4Y4: calls $0.02
Teddy_KG8: folds 
Arthurbarbosa99 joins the table at seat #2 
NMF222: folds 
Monta521: calls $0.01
Dorex2007: checks 
*** FLOP *** [Qh Ks Qs]
Monta521: checks 
Dorex2007: bets $0.08
Samir1384: folds 
J3D4Y4: folds 
Monta521: calls $0.08
*** TURN *** [Qh Ks Qs] [Tc]
Monta521: checks 
Dorex2007: bets $0.23
Monta521: calls $0.23
*** RIVER *** [Qh Ks Qs Tc] [4c]
Monta521: checks 
Dorex2007: bets $0.68
Monta521: calls $0.68
*** SHOW DOWN ***
Dorex2007: shows [Qd Ah] (three of a kind, Queens)
Monta521: mucks hand 
Dorex2007 collected $1.99 from pot
*** SUMMARY ***
Total pot $2.06 | Rake $0.07 
Board [Qh Ks Qs Tc 4c]
Seat 1: Teddy_KG8 folded before Flop (didn't bet)
Seat 3: NMF222 (button) folded before Flop (didn't bet)
Seat 4: Monta521 (small blind) mucked [Td Jc]
Seat 5: Dorex2007 (big blind) showed [Qd Ah] and won ($1.99) with three of a kind, Queens
Seat 6: ondawarpaf folded before Flop (didn't bet)
Seat 7: Samir1384 folded on the Flop
Seat 8: INISHTE folded before Flop (didn't bet)
Seat 9: J3D4Y4 folded on the Flop



PokerStars Hand #237365250352:  Hold'em No Limit ($0.01/$0.02 USD) - 2022/07/14 18:46:21 PT [2022/07/14 21:46:21 ET]
Table 'Hypsipyle III' 9-max Seat #4 is the button
Seat 1: Teddy_KG8 ($2.56 in chips) 
Seat 2: Arthurbarbosa99 ($1.32 in chips) 
Seat 3: NMF222 ($2.97 in chips) 
Seat 4: Monta521 ($0.73 in chips) 
Seat 5: Dorex2007 ($3.35 in chips) 
Seat 7: Samir1384 ($0.76 in chips) 
Seat 8: INISHTE ($0.65 in chips) 
Seat 9: J3D4Y4 ($0.59 in chips) 
Dorex2007: posts small blind $0.01
Samir1384: posts big blind $0.02
Arthurbarbosa99: posts big blind $0.02
*** HOLE CARDS ***
Dealt to Dorex2007 [2h Qh]
INISHTE: folds 
J3D4Y4: calls $0.02
Teddy_KG8: folds 
Arthurbarbosa99: checks 
NMF222: folds 
Monta521: folds 
Dorex2007: calls $0.01
Samir1384: checks 
*** FLOP *** [2d 3s Ah]
Dorex2007: checks 
Samir1384: bets $0.02
J3D4Y4: raises $0.06 to $0.08
Arthurbarbosa99: folds 
Dorex2007: folds 
Samir1384: folds 
Uncalled bet ($0.06) returned to J3D4Y4
J3D4Y4 collected $0.12 from pot
*** SUMMARY ***
Total pot $0.12 | Rake $0 
Board [2d 3s Ah]
Seat 1: Teddy_KG8 folded before Flop (didn't bet)
Seat 2: Arthurbarbosa99 folded on the Flop (didn't bet)
Seat 3: NMF222 folded before Flop (didn't bet)
Seat 4: Monta521 (button) folded before Flop (didn't bet)
Seat 5: Dorex2007 (small blind) folded on the Flop
Seat 7: Samir1384 (big blind) folded on the Flop
Seat 8: INISHTE folded before Flop (didn't bet)
Seat 9: J3D4Y4 collected ($0.12)



PokerStars Hand #237365261002:  Hold'em No Limit ($0.01/$0.02 USD) - 2022/07/14 18:47:15 PT [2022/07/14 21:47:15 ET]
Table 'Hypsipyle III' 9-max Seat #5 is the button
Seat 1: Teddy_KG8 ($2.56 in chips) 
Seat 2: Arthurbarbosa99 ($1.30 in chips) 
Seat 3: NMF222 ($2.97 in chips) 
Seat 4: Monta521 ($0.73 in chips) 
Seat 5: Dorex2007 ($3.33 in chips) 
Seat 7: Samir1384 ($0.72 in chips) 
Seat 8: INISHTE ($0.65 in chips) 
Seat 9: J3D4Y4 ($0.67 in chips) 
Samir1384: posts small blind $0.01
INISHTE: posts big blind $0.02
*** HOLE CARDS ***
Dealt to Dorex2007 [6d 9h]
J3D4Y4: folds 
Teddy_KG8: raises $0.02 to $0.04
Arthurbarbosa99: calls $0.04
NMF222: calls $0.04
Monta521: folds 
Dorex2007: folds 
Samir1384: calls $0.03
INISHTE: calls $0.02
*** FLOP *** [Ts 3c 3d]
Samir1384: bets $0.02
INISHTE: calls $0.02
Teddy_KG8: folds 
Arthurbarbosa99: raises $0.21 to $0.23
NMF222: folds 
Samir1384: calls $0.21
INISHTE: folds 
*** TURN *** [Ts 3c 3d] [Jh]
Samir1384: checks 
Arthurbarbosa99: bets $0.33
Samir1384: calls $0.33
*** RIVER *** [Ts 3c 3d Jh] [Td]
Samir1384: bets $0.12 and is all-in
Arthurbarbosa99: folds 
Uncalled bet ($0.12) returned to Samir1384
Samir1384 collected $1.29 from pot
*** SUMMARY ***
Total pot $1.34 | Rake $0.05 
Board [Ts 3c 3d Jh Td]
Seat 1: Teddy_KG8 folded on the Flop
Seat 2: Arthurbarbosa99 folded on the River
Seat 3: NMF222 folded on the Flop
Seat 4: Monta521 folded before Flop (didn't bet)
Seat 5: Dorex2007 (button) folded before Flop (didn't bet)
Seat 7: Samir1384 (small blind) collected ($1.29)
Seat 8: INISHTE (big blind) folded on the Flop
Seat 9: J3D4Y4 folded before Flop (didn't bet)



PokerStars Hand #237365279121:  Hold'em No Limit ($0.01/$0.02 USD) - 2022/07/14 18:48:47 PT [2022/07/14 21:48:47 ET]
Table 'Hypsipyle III' 9-max Seat #7 is the button
Seat 1: Teddy_KG8 ($2.52 in chips) 
Seat 2: Arthurbarbosa99 ($0.70 in chips) 
Seat 3: NMF222 ($2.93 in chips) 
Seat 4: Monta521 ($0.73 in chips) 
Seat 5: Dorex2007 ($3.33 in chips) 
Seat 7: Samir1384 ($1.41 in chips) 
Seat 8: INISHTE ($0.59 in chips) 
Seat 9: J3D4Y4 ($0.67 in chips) 
INISHTE: posts small blind $0.01
J3D4Y4: posts big blind $0.02
*** HOLE CARDS ***
Dealt to Dorex2007 [5c 7s]
Teddy_KG8: calls $0.02
Arthurbarbosa99: raises $0.02 to $0.04
NMF222: folds 
Monta521: folds 
Dorex2007: folds 
Samir1384: folds 
INISHTE: folds 
J3D4Y4: calls $0.02
Teddy_KG8: calls $0.02
*** FLOP *** [Ks 9c 3c]
J3D4Y4: bets $0.13
Teddy_KG8: calls $0.13
Arthurbarbosa99: folds 
*** TURN *** [Ks 9c 3c] [2c]
J3D4Y4: bets $0.50 and is all-in
Teddy_KG8: calls $0.50
*** RIVER *** [Ks 9c 3c 2c] [2s]
*** SHOW DOWN ***
J3D4Y4: shows [As Kd] (two pair, Kings and Deuces)
Teddy_KG8: shows [Tc 8c] (a flush, Ten high)
Teddy_KG8 collected $1.34 from pot
*** SUMMARY ***
Total pot $1.39 | Rake $0.05 
Board [Ks 9c 3c 2c 2s]
Seat 1: Teddy_KG8 showed [Tc 8c] and won ($1.34) with a flush, Ten high
Seat 2: Arthurbarbosa99 folded on the Flop
Seat 3: NMF222 folded before Flop (didn't bet)
Seat 4: Monta521 folded before Flop (didn't bet)
Seat 5: Dorex2007 folded before Flop (didn't bet)
Seat 7: Samir1384 (button) folded before Flop (didn't bet)
Seat 8: INISHTE (small blind) folded before Flop
Seat 9: J3D4Y4 (big blind) showed [As Kd] and lost with two pair, Kings and Deuces



PokerStars Hand #237365290486:  Hold'em No Limit ($0.01/$0.02 USD) - 2022/07/14 18:49:45 PT [2022/07/14 21:49:45 ET]
Table 'Hypsipyle III' 9-max Seat #8 is the button
Seat 1: Teddy_KG8 ($3.19 in chips) 
Seat 2: Arthurbarbosa99 ($0.66 in chips) 
Seat 3: NMF222 ($2.93 in chips) 
Seat 4: Monta521 ($0.73 in chips) 
Seat 5: Dorex2007 ($3.33 in chips) 
Seat 7: Samir1384 ($1.41 in chips) 
Seat 8: INISHTE ($0.58 in chips) 
Teddy_KG8: posts small blind $0.01
Arthurbarbosa99: posts big blind $0.02
*** HOLE CARDS ***
Dealt to Dorex2007 [7h 3c]
NMF222: folds 
Monta521: folds 
Dorex2007: folds 
Samir1384: calls $0.02
J3D4Y4 leaves the table
INISHTE: raises $0.03 to $0.05
Teddy_KG8: folds 
j.kaucic joins the table at seat #9 
Arthurbarbosa99: raises $0.03 to $0.08
Samir1384: calls $0.06
INISHTE: raises $0.50 to $0.58 and is all-in
Arthurbarbosa99: raises $0.08 to $0.66 and is all-in
Samir1384: folds 
Uncalled bet ($0.08) returned to Arthurbarbosa99
*** FLOP *** [Kh 6s Td]
*** TURN *** [Kh 6s Td] [Qs]
*** RIVER *** [Kh 6s Td Qs] [2h]
*** SHOW DOWN ***
Arthurbarbosa99: shows [4c 4h] (a pair of Fours)
INISHTE: shows [Qd Qc] (three of a kind, Queens)
INISHTE collected $1.21 from pot
*** SUMMARY ***
Total pot $1.25 | Rake $0.04 
Board [Kh 6s Td Qs 2h]
Seat 1: Teddy_KG8 (small blind) folded before Flop
Seat 2: Arthurbarbosa99 (big blind) showed [4c 4h] and lost with a pair of Fours
Seat 3: NMF222 folded before Flop (didn't bet)
Seat 4: Monta521 folded before Flop (didn't bet)
Seat 5: Dorex2007 folded before Flop (didn't bet)
Seat 7: Samir1384 folded before Flop
Seat 8: INISHTE (button) showed [Qd Qc] and won ($1.21) with three of a kind, Queens



PokerStars Hand #237365300931:  Hold'em No Limit ($0.01/$0.02 USD) - 2022/07/14 18:50:39 PT [2022/07/14 21:50:39 ET]
Table 'Hypsipyle III' 9-max Seat #1 is the button
Seat 1: Teddy_KG8 ($3.18 in chips) 
Seat 2: Arthurbarbosa99 ($0.08 in chips) 
Seat 3: NMF222 ($2.93 in chips) 
Seat 4: Monta521 ($0.73 in chips) 
Seat 5: Dorex2007 ($3.33 in chips) 
Seat 7: Samir1384 ($1.33 in chips) 
Seat 8: INISHTE ($1.21 in chips) 
Seat 9: j.kaucic ($0.95 in chips) 
Arthurbarbosa99: posts small blind $0.01
NMF222: posts big blind $0.02
j.kaucic: posts big blind $0.02
*** HOLE CARDS ***
Dealt to Dorex2007 [Qc As]
Monta521: raises $0.02 to $0.04
Dorex2007: calls $0.04
Samir1384: calls $0.04
INISHTE: folds 
j.kaucic: calls $0.02
Teddy_KG8: calls $0.04
Arthurbarbosa99: raises $0.02 to $0.06
NMF222: calls $0.04
Monta521: calls $0.02
Dorex2007: raises $0.02 to $0.08
Samir1384: calls $0.04
j.kaucic: folds 
Teddy_KG8: calls $0.04
Arthurbarbosa99: calls $0.02 and is all-in
NMF222: calls $0.02
Monta521: calls $0.02
*** FLOP *** [5h 2d Jd]
NMF222: checks 
Monta521: checks 
Dorex2007: bets $0.25
Samir1384: folds 
Teddy_KG8: folds 
NMF222: folds 
Monta521: raises $0.40 to $0.65 and is all-in
Dorex2007: calls $0.40
*** TURN *** [5h 2d Jd] [2s]
*** RIVER *** [5h 2d Jd 2s] [9c]
*** SHOW DOWN ***
Monta521: shows [6h 4h] (a pair of Deuces)
Dorex2007: shows [Qc As] (a pair of Deuces - Ace kicker)
Arthurbarbosa99: shows [Ac 7d] (a pair of Deuces - lower kicker)
Dorex2007 cashed out the hand for $0.92 | Cash Out Fee $0.01
*** SUMMARY ***
Total pot $1.82 Main pot $0.50. Side pot $1.26. | Rake $0.06 
Board [5h 2d Jd 2s 9c]
Seat 1: Teddy_KG8 (button) folded on the Flop
Seat 2: Arthurbarbosa99 (small blind) showed [Ac 7d] and lost with a pair of Deuces
Seat 3: NMF222 (big blind) folded on the Flop
Seat 4: Monta521 showed [6h 4h] and lost with a pair of Deuces
Seat 5: Dorex2007 showed [Qc As] and won ($1.76) with a pair of Deuces (pot not awarded as player cashed out)
Seat 7: Samir1384 folded on the Flop
Seat 8: INISHTE folded before Flop (didn't bet)
Seat 9: j.kaucic folded before Flop



PokerStars Hand #237365321219:  Hold'em No Limit ($0.01/$0.02 USD) - 2022/07/14 18:52:07 PT [2022/07/14 21:52:07 ET]
Table 'Hypsipyle III' 9-max Seat #3 is the button
Seat 1: Teddy_KG8 ($3.10 in chips) 
Seat 3: NMF222 ($2.85 in chips) 
Seat 5: Dorex2007 ($3.52 in chips) 
Seat 7: Samir1384 ($1.25 in chips) 
Seat 8: INISHTE ($1.21 in chips) 
Seat 9: j.kaucic ($0.91 in chips) 
Dorex2007: posts small blind $0.01
Samir1384: posts big blind $0.02
*** HOLE CARDS ***
Dealt to Dorex2007 [3d 6c]
INISHTE: folds 
j.kaucic: raises $0.02 to $0.04
Monta521 leaves the table
Teddy_KG8: folds 
Arthurbarbosa99 leaves the table
NMF222: raises $0.02 to $0.06
Dorex2007: folds 
Samir1384: calls $0.04
j.kaucic: raises $0.02 to $0.08
NMF222: calls $0.02
Samir1384: calls $0.02
*** FLOP *** [2h 6d 2s]
Samir1384: bets $0.02
j.kaucic: calls $0.02
NMF222: calls $0.02
*** TURN *** [2h 6d 2s] [8h]
Samir1384: bets $0.06
j.kaucic: calls $0.06
NMF222: folds 
*** RIVER *** [2h 6d 2s 8h] [4s]
Samir1384: bets $0.20
j.kaucic: raises $0.55 to $0.75 and is all-in
Samir1384: calls $0.55
*** SHOW DOWN ***
j.kaucic: shows [Js Ks] (a pair of Deuces)
Samir1384: shows [2d 5h] (three of a kind, Deuces)
Samir1384 collected $1.86 from pot
*** SUMMARY ***
Total pot $1.93 | Rake $0.07 
Board [2h 6d 2s 8h 4s]
Seat 1: Teddy_KG8 folded before Flop (didn't bet)
Seat 3: NMF222 (button) folded on the Turn
Seat 5: Dorex2007 (small blind) folded before Flop
Seat 7: Samir1384 (big blind) showed [2d 5h] and won ($1.86) with three of a kind, Deuces
Seat 8: INISHTE folded before Flop (didn't bet)
Seat 9: j.kaucic showed [Js Ks] and lost with a pair of Deuces



PokerStars Hand #237365333043:  Hold'em No Limit ($0.01/$0.02 USD) - 2022/07/14 18:53:08 PT [2022/07/14 21:53:08 ET]
Table 'Hypsipyle III' 9-max Seat #5 is the button
Seat 1: Teddy_KG8 ($3.10 in chips) 
Seat 3: NMF222 ($2.75 in chips) 
Seat 5: Dorex2007 ($3.51 in chips) 
Seat 7: Samir1384 ($2.20 in chips) 
Seat 8: INISHTE ($1.21 in chips) 
Samir1384: posts small blind $0.01
INISHTE: posts big blind $0.02
*** HOLE CARDS ***
Dealt to Dorex2007 [Kc 7c]
Teddy_KG8: folds 
j.kaucic leaves the table
NMF222: calls $0.02
Dorex2007: folds 
Samir1384: calls $0.01
INISHTE: checks 
*** FLOP *** [Kh 4h 9c]
Samir1384: checks 
INISHTE: checks 
NMF222: checks 
*** TURN *** [Kh 4h 9c] [2h]
Samir1384: checks 
INISHTE: checks 
NMF222: checks 
*** RIVER *** [Kh 4h 9c 2h] [6d]
Samir1384: checks 
INISHTE: checks 
NMF222: checks 
*** SHOW DOWN ***
Samir1384: shows [Ac 8h] (high card Ace)
INISHTE: mucks hand 
NMF222: shows [Jd 9d] (a pair of Nines)
NMF222 collected $0.06 from pot
*** SUMMARY ***
Total pot $0.06 | Rake $0 
Board [Kh 4h 9c 2h 6d]
Seat 1: Teddy_KG8 folded before Flop (didn't bet)
Seat 3: NMF222 showed [Jd 9d] and won ($0.06) with a pair of Nines
Seat 5: Dorex2007 (button) folded before Flop (didn't bet)
Seat 7: Samir1384 (small blind) showed [Ac 8h] and lost with high card Ace
Seat 8: INISHTE (big blind) mucked [7h 5s]



PokerStars Hand #237365346126:  Hold'em No Limit ($0.01/$0.02 USD) - 2022/07/14 18:54:16 PT [2022/07/14 21:54:16 ET]
Table 'Hypsipyle III' 9-max Seat #7 is the button
Seat 1: Teddy_KG8 ($3.10 in chips) 
Seat 3: NMF222 ($2.79 in chips) 
Seat 5: Dorex2007 ($3.51 in chips) 
Seat 7: Samir1384 ($2.18 in chips) 
Seat 8: INISHTE ($1.19 in chips) 
INISHTE: posts small blind $0.01
Teddy_KG8: posts big blind $0.02
ondawarpaf: sits out 
*** HOLE CARDS ***
Dealt to Dorex2007 [7c 5s]
NMF222: calls $0.02
Dorex2007: folds 
Samir1384: calls $0.02
INISHTE: folds 
Teddy_KG8: checks 
*** FLOP *** [9s As 5h]
Teddy_KG8: checks 
NMF222: checks 
Samir1384: checks 
*** TURN *** [9s As 5h] [6c]
Teddy_KG8: checks 
NMF222: checks 
Samir1384: checks 
*** RIVER *** [9s As 5h 6c] [8h]
ondawarpaf leaves the table
Teddy_KG8: checks 
NMF222: checks 
Samir1384: checks 
*** SHOW DOWN ***
Teddy_KG8: shows [7h 3s] (a straight, Five to Nine)
NMF222: mucks hand 
Samir1384: mucks hand 
Teddy_KG8 collected $0.07 from pot
*** SUMMARY ***
Total pot $0.07 | Rake $0 
Board [9s As 5h 6c 8h]
Seat 1: Teddy_KG8 (big blind) showed [7h 3s] and won ($0.07) with a straight, Five to Nine
Seat 3: NMF222 mucked [Kd Qc]
Seat 5: Dorex2007 folded before Flop (didn't bet)
Seat 7: Samir1384 (button) mucked [4s Jd]
Seat 8: INISHTE (small blind) folded before Flop



PokerStars Hand #237365354772:  Hold'em No Limit ($0.01/$0.02 USD) - 2022/07/14 18:55:01 PT [2022/07/14 21:55:01 ET]
Table 'Hypsipyle III' 9-max Seat #8 is the button
Seat 1: Teddy_KG8 ($3.15 in chips) 
Seat 3: NMF222 ($2.77 in chips) 
Seat 5: Dorex2007 ($3.51 in chips) 
Seat 7: Samir1384 ($2.16 in chips) 
Seat 8: INISHTE ($1.18 in chips) 
Teddy_KG8: posts small blind $0.01
NMF222: posts big blind $0.02
*** HOLE CARDS ***
Dealt to Dorex2007 [Jh Th]
Dorex2007: calls $0.02
Samir1384: raises $0.02 to $0.04
INISHTE: folds 
Teddy_KG8: folds 
NMF222: folds 
Dorex2007: calls $0.02
*** FLOP *** [6d 8h 4h]
Dorex2007: bets $0.05
Samir1384: calls $0.05
*** TURN *** [6d 8h 4h] [Ac]
Dorex2007: checks 
Samir1384: bets $0.06
Dorex2007: calls $0.06
*** RIVER *** [6d 8h 4h Ac] [Kh]
Dorex2007: bets $0.32
Samir1384: folds 
Uncalled bet ($0.32) returned to Dorex2007
Dorex2007 collected $0.32 from pot
*** SUMMARY ***
Total pot $0.33 | Rake $0.01 
Board [6d 8h 4h Ac Kh]
Seat 1: Teddy_KG8 (small blind) folded before Flop
Seat 3: NMF222 (big blind) folded before Flop
Seat 5: Dorex2007 collected ($0.32)
Seat 7: Samir1384 folded on the River
Seat 8: INISHTE (button) folded before Flop (didn't bet)



