PokerStars Hand #224568958499:  Hold'em No Limit ($0.01/$0.02 USD) - 2021/03/07 12:38:10 PT [2021/03/07 15:38:10 ET]
Table 'Epeios III' 9-max Seat #6 is the button
Seat 1: KnewEat ($2 in chips) 
Seat 2: TR@BU ($5.50 in chips) 
Seat 3: Dorex2007 ($1.50 in chips) 
Seat 4: CheloMc2H ($0.73 in chips) 
Seat 5: regina.sena ($0.60 in chips) 
Seat 6: MPut8 ($4.02 in chips) 
Seat 7: highrolling420 ($2 in chips) 
Seat 9: Shreyu ($2.19 in chips) 
highrolling420: posts small blind $0.01
Goodcat-ch23: is sitting out 
Shreyu: posts big blind $0.02
Dorex2007: posts big blind $0.02
regina.sena: posts small & big blinds $0.03
*** HOLE CARDS ***
Dealt to Dorex2007 [7s 7h]
KnewEat: folds 
TR@BU: calls $0.02
Goodcat-ch23 leaves the table
Dorex2007: checks 
s923 joins the table at seat #8 
CheloMc2H has timed out
CheloMc2H: folds 
regina.sena: checks 
MPut8: folds 
highrolling420: folds 
Shreyu: checks 
*** FLOP *** [Ad 2c Ac]
Shreyu: checks 
TR@BU: checks 
Dorex2007: checks 
regina.sena: checks 
*** TURN *** [Ad 2c Ac] [4d]
Shreyu: checks 
TR@BU: checks 
Dorex2007: checks 
regina.sena: checks 
*** RIVER *** [Ad 2c Ac 4d] [Td]
Shreyu: checks 
TR@BU: checks 
Dorex2007: checks 
regina.sena: checks 
*** SHOW DOWN ***
Shreyu: shows [2d Jh] (two pair, Aces and Deuces)
TR@BU: shows [6d 6s] (two pair, Aces and Sixes)
Dorex2007: shows [7s 7h] (two pair, Aces and Sevens)
regina.sena: mucks hand 
Dorex2007 collected $0.10 from pot
*** SUMMARY ***
Total pot $0.10 | Rake $0 
Board [Ad 2c Ac 4d Td]
Seat 1: KnewEat folded before Flop (didn't bet)
Seat 2: TR@BU showed [6d 6s] and lost with two pair, Aces and Sixes
Seat 3: Dorex2007 showed [7s 7h] and won ($0.10) with two pair, Aces and Sevens
Seat 4: CheloMc2H folded before Flop (didn't bet)
Seat 5: regina.sena mucked [9c Qd]
Seat 6: MPut8 (button) folded before Flop (didn't bet)
Seat 7: highrolling420 (small blind) folded before Flop
Seat 9: Shreyu (big blind) showed [2d Jh] and lost with two pair, Aces and Deuces



PokerStars Hand #224569038654:  Hold'em No Limit ($0.01/$0.02 USD) - 2021/03/07 12:39:35 PT [2021/03/07 15:39:35 ET]
Table 'Epeios III' 9-max Seat #7 is the button
Seat 1: KnewEat ($2 in chips) 
Seat 2: TR@BU ($5.48 in chips) 
Seat 3: Dorex2007 ($1.58 in chips) 
Seat 4: CheloMc2H ($0.73 in chips) 
Seat 5: regina.sena ($0.57 in chips) 
Seat 6: MPut8 ($4.02 in chips) 
Seat 7: highrolling420 ($2 in chips) 
Seat 9: Shreyu ($2.17 in chips) 
Shreyu: posts small blind $0.01
KnewEat: posts big blind $0.02
*** HOLE CARDS ***
Dealt to Dorex2007 [8d 6h]
TR@BU: folds 
Dorex2007: folds 
CheloMc2H has timed out
CheloMc2H: folds 
regina.sena: folds 
MPut8: raises $0.04 to $0.06
highrolling420: folds 
Shreyu: folds 
KnewEat: calls $0.04
*** FLOP *** [6d 3d Td]
KnewEat: checks 
MPut8: checks 
*** TURN *** [6d 3d Td] [3h]
KnewEat: checks 
MPut8: checks 
*** RIVER *** [6d 3d Td 3h] [9c]
KnewEat: bets $0.07
MPut8: calls $0.07
*** SHOW DOWN ***
KnewEat: shows [8s 8h] (two pair, Eights and Threes)
MPut8: shows [Ad 2d] (a flush, Ace high)
MPut8 collected $0.26 from pot
*** SUMMARY ***
Total pot $0.27 | Rake $0.01 
Board [6d 3d Td 3h 9c]
Seat 1: KnewEat (big blind) showed [8s 8h] and lost with two pair, Eights and Threes
Seat 2: TR@BU folded before Flop (didn't bet)
Seat 3: Dorex2007 folded before Flop (didn't bet)
Seat 4: CheloMc2H folded before Flop (didn't bet)
Seat 5: regina.sena folded before Flop (didn't bet)
Seat 6: MPut8 showed [Ad 2d] and won ($0.26) with a flush, Ace high
Seat 7: highrolling420 (button) folded before Flop (didn't bet)
Seat 9: Shreyu (small blind) folded before Flop



PokerStars Hand #224569082589:  Hold'em No Limit ($0.01/$0.02 USD) - 2021/03/07 12:40:26 PT [2021/03/07 15:40:26 ET]
Table 'Epeios III' 9-max Seat #9 is the button
Seat 1: KnewEat ($2 in chips) 
Seat 2: TR@BU ($5.48 in chips) 
Seat 3: Dorex2007 ($1.58 in chips) 
Seat 4: CheloMc2H ($0.73 in chips) 
Seat 5: regina.sena ($0.57 in chips) 
Seat 6: MPut8 ($4.15 in chips) 
Seat 7: highrolling420 ($2 in chips) 
Seat 9: Shreyu ($2.16 in chips) 
KnewEat: posts small blind $0.01
TR@BU: posts big blind $0.02
s923: sits out 
*** HOLE CARDS ***
Dealt to Dorex2007 [5d Ac]
Dorex2007: folds 
CheloMc2H has timed out
CheloMc2H: folds 
regina.sena: folds 
MPut8: folds 
highrolling420: folds 
Shreyu: folds 
KnewEat: folds 
Uncalled bet ($0.01) returned to TR@BU
TR@BU collected $0.02 from pot
TR@BU: doesn't show hand 
*** SUMMARY ***
Total pot $0.02 | Rake $0 
Seat 1: KnewEat (small blind) folded before Flop
Seat 2: TR@BU (big blind) collected ($0.02)
Seat 3: Dorex2007 folded before Flop (didn't bet)
Seat 4: CheloMc2H folded before Flop (didn't bet)
Seat 5: regina.sena folded before Flop (didn't bet)
Seat 6: MPut8 folded before Flop (didn't bet)
Seat 7: highrolling420 folded before Flop (didn't bet)
Seat 9: Shreyu (button) folded before Flop (didn't bet)



PokerStars Hand #224569102558:  Hold'em No Limit ($0.01/$0.02 USD) - 2021/03/07 12:40:50 PT [2021/03/07 15:40:50 ET]
Table 'Epeios III' 9-max Seat #1 is the button
Seat 1: KnewEat ($2 in chips) 
Seat 2: TR@BU ($5.49 in chips) 
Seat 3: Dorex2007 ($1.58 in chips) 
Seat 5: regina.sena ($0.57 in chips) 
Seat 6: MPut8 ($4.15 in chips) 
Seat 7: highrolling420 ($2 in chips) 
Seat 9: Shreyu ($2.16 in chips) 
TR@BU: posts small blind $0.01
Dorex2007: posts big blind $0.02
s923: sits out 
*** HOLE CARDS ***
Dealt to Dorex2007 [9h 8c]
regina.sena: calls $0.02
MPut8: folds 
highrolling420: folds 
Shreyu: folds 
KnewEat: folds 
TR@BU: folds 
Dorex2007: checks 
*** FLOP *** [6s 7h Th]
Dorex2007: checks 
regina.sena: checks 
*** TURN *** [6s 7h Th] [Kd]
Dorex2007: bets $0.03
regina.sena: calls $0.03
*** RIVER *** [6s 7h Th Kd] [Qd]
Dorex2007: bets $0.08
regina.sena: calls $0.08
*** SHOW DOWN ***
Dorex2007: shows [9h 8c] (a straight, Six to Ten)
regina.sena: mucks hand 
Dorex2007 collected $0.26 from pot
*** SUMMARY ***
Total pot $0.27 | Rake $0.01 
Board [6s 7h Th Kd Qd]
Seat 1: KnewEat (button) folded before Flop (didn't bet)
Seat 2: TR@BU (small blind) folded before Flop
Seat 3: Dorex2007 (big blind) showed [9h 8c] and won ($0.26) with a straight, Six to Ten
Seat 5: regina.sena mucked [9c Kh]
Seat 6: MPut8 folded before Flop (didn't bet)
Seat 7: highrolling420 folded before Flop (didn't bet)
Seat 9: Shreyu folded before Flop (didn't bet)



PokerStars Hand #224569135957:  Hold'em No Limit ($0.01/$0.02 USD) - 2021/03/07 12:41:29 PT [2021/03/07 15:41:29 ET]
Table 'Epeios III' 9-max Seat #2 is the button
Seat 1: KnewEat ($2 in chips) 
Seat 2: TR@BU ($5.48 in chips) 
Seat 3: Dorex2007 ($1.71 in chips) 
Seat 4: CheloMc2H ($0.73 in chips) 
Seat 5: regina.sena ($0.44 in chips) 
Seat 6: MPut8 ($4.15 in chips) 
Seat 7: highrolling420 ($2 in chips) 
Seat 9: Shreyu ($2.16 in chips) 
Dorex2007: posts small blind $0.01
CheloMc2H: posts big blind $0.02
s923: sits out 
*** HOLE CARDS ***
Dealt to Dorex2007 [Kc Qh]
regina.sena: raises $0.02 to $0.04
MPut8: folds 
highrolling420: folds 
Shreyu: folds 
KnewEat: folds 
TR@BU: calls $0.04
Dorex2007: calls $0.03
CheloMc2H: calls $0.02
*** FLOP *** [Th 9c 2c]
Dorex2007: checks 
CheloMc2H: checks 
regina.sena: checks 
TR@BU: checks 
*** TURN *** [Th 9c 2c] [2s]
Dorex2007: bets $0.08
CheloMc2H: calls $0.08
regina.sena: folds 
TR@BU: folds 
*** RIVER *** [Th 9c 2c 2s] [7h]
Dorex2007: checks 
CheloMc2H: bets $0.12
Dorex2007: folds 
Uncalled bet ($0.12) returned to CheloMc2H
CheloMc2H collected $0.31 from pot
CheloMc2H: doesn't show hand 
*** SUMMARY ***
Total pot $0.32 | Rake $0.01 
Board [Th 9c 2c 2s 7h]
Seat 1: KnewEat folded before Flop (didn't bet)
Seat 2: TR@BU (button) folded on the Turn
Seat 3: Dorex2007 (small blind) folded on the River
Seat 4: CheloMc2H (big blind) collected ($0.31)
Seat 5: regina.sena folded on the Turn
Seat 6: MPut8 folded before Flop (didn't bet)
Seat 7: highrolling420 folded before Flop (didn't bet)
Seat 9: Shreyu folded before Flop (didn't bet)



PokerStars Hand #224569201886:  Hold'em No Limit ($0.01/$0.02 USD) - 2021/03/07 12:42:46 PT [2021/03/07 15:42:46 ET]
Table 'Epeios III' 9-max Seat #3 is the button
Seat 1: KnewEat ($2 in chips) 
Seat 2: TR@BU ($5.44 in chips) 
Seat 3: Dorex2007 ($1.59 in chips) 
Seat 4: CheloMc2H ($0.92 in chips) 
Seat 5: regina.sena ($0.40 in chips) 
Seat 6: MPut8 ($4.15 in chips) 
Seat 7: highrolling420 ($2 in chips) 
Seat 9: Shreyu ($2.16 in chips) 
CheloMc2H: posts small blind $0.01
regina.sena: posts big blind $0.02
s923: sits out 
*** HOLE CARDS ***
Dealt to Dorex2007 [9d Th]
MPut8: folds 
highrolling420: folds 
Shreyu: folds 
KnewEat: folds 
TR@BU: folds 
Dorex2007: folds 
CheloMc2H: calls $0.01
regina.sena: checks 
*** FLOP *** [Tc Ad 4h]
CheloMc2H: checks 
regina.sena: checks 
*** TURN *** [Tc Ad 4h] [Ah]
CheloMc2H: bets $0.04
regina.sena: folds 
Uncalled bet ($0.04) returned to CheloMc2H
CheloMc2H collected $0.04 from pot
CheloMc2H: doesn't show hand 
*** SUMMARY ***
Total pot $0.04 | Rake $0 
Board [Tc Ad 4h Ah]
Seat 1: KnewEat folded before Flop (didn't bet)
Seat 2: TR@BU folded before Flop (didn't bet)
Seat 3: Dorex2007 (button) folded before Flop (didn't bet)
Seat 4: CheloMc2H (small blind) collected ($0.04)
Seat 5: regina.sena (big blind) folded on the Turn
Seat 6: MPut8 folded before Flop (didn't bet)
Seat 7: highrolling420 folded before Flop (didn't bet)
Seat 9: Shreyu folded before Flop (didn't bet)



PokerStars Hand #224569237688:  Hold'em No Limit ($0.01/$0.02 USD) - 2021/03/07 12:43:28 PT [2021/03/07 15:43:28 ET]
Table 'Epeios III' 9-max Seat #4 is the button
Seat 1: KnewEat ($2 in chips) 
Seat 2: TR@BU ($5.44 in chips) 
Seat 3: Dorex2007 ($1.59 in chips) 
Seat 4: CheloMc2H ($0.94 in chips) 
Seat 5: regina.sena ($0.38 in chips) 
Seat 6: MPut8 ($4.15 in chips) 
Seat 7: highrolling420 ($2 in chips) 
Seat 9: Shreyu ($2.16 in chips) 
regina.sena: posts small blind $0.01
MPut8: posts big blind $0.02
s923: sits out 
*** HOLE CARDS ***
Dealt to Dorex2007 [7d Ts]
highrolling420: folds 
Shreyu: raises $0.04 to $0.06
KnewEat: folds 
TR@BU: folds 
Dorex2007: folds 
CheloMc2H: folds 
regina.sena: calls $0.05
MPut8: calls $0.04
*** FLOP *** [3d 4h Ah]
regina.sena: checks 
MPut8: checks 
Shreyu: bets $0.17
regina.sena: folds 
MPut8: calls $0.17
*** TURN *** [3d 4h Ah] [3s]
MPut8: checks 
Shreyu: bets $0.25
MPut8: calls $0.25
*** RIVER *** [3d 4h Ah 3s] [6h]
MPut8: checks 
Shreyu: checks 
*** SHOW DOWN ***
MPut8: shows [Ad Kd] (two pair, Aces and Threes)
Shreyu: mucks hand 
MPut8 collected $0.98 from pot
*** SUMMARY ***
Total pot $1.02 | Rake $0.04 
Board [3d 4h Ah 3s 6h]
Seat 1: KnewEat folded before Flop (didn't bet)
Seat 2: TR@BU folded before Flop (didn't bet)
Seat 3: Dorex2007 folded before Flop (didn't bet)
Seat 4: CheloMc2H (button) folded before Flop (didn't bet)
Seat 5: regina.sena (small blind) folded on the Flop
Seat 6: MPut8 (big blind) showed [Ad Kd] and won ($0.98) with two pair, Aces and Threes
Seat 7: highrolling420 folded before Flop (didn't bet)
Seat 9: Shreyu mucked [Qd Qc]



PokerStars Hand #224569322602:  Hold'em No Limit ($0.01/$0.02 USD) - 2021/03/07 12:44:57 PT [2021/03/07 15:44:57 ET]
Table 'Epeios III' 9-max Seat #5 is the button
Seat 1: KnewEat ($2 in chips) 
Seat 2: TR@BU ($5.44 in chips) 
Seat 3: Dorex2007 ($1.59 in chips) 
Seat 4: CheloMc2H ($0.94 in chips) 
Seat 5: regina.sena ($0.32 in chips) 
Seat 6: MPut8 ($4.65 in chips) 
Seat 7: highrolling420 ($2 in chips) 
Seat 9: Shreyu ($1.68 in chips) 
MPut8: posts small blind $0.01
highrolling420: posts big blind $0.02
s923: sits out 
*** HOLE CARDS ***
Dealt to Dorex2007 [6h 4d]
Shreyu: folds 
KnewEat: folds 
TR@BU: raises $0.04 to $0.06
Dorex2007: folds 
CheloMc2H: folds 
regina.sena: raises $0.26 to $0.32 and is all-in
MPut8: folds 
highrolling420: folds 
TR@BU: calls $0.26
*** FLOP *** [6s Ts 3h]
*** TURN *** [6s Ts 3h] [8h]
*** RIVER *** [6s Ts 3h 8h] [Ac]
*** SHOW DOWN ***
TR@BU: shows [Jc Kd] (high card Ace)
regina.sena: shows [As 6c] (two pair, Aces and Sixes)
regina.sena collected $0.65 from pot
*** SUMMARY ***
Total pot $0.67 | Rake $0.02 
Board [6s Ts 3h 8h Ac]
Seat 1: KnewEat folded before Flop (didn't bet)
Seat 2: TR@BU showed [Jc Kd] and lost with high card Ace
Seat 3: Dorex2007 folded before Flop (didn't bet)
Seat 4: CheloMc2H folded before Flop (didn't bet)
Seat 5: regina.sena (button) showed [As 6c] and won ($0.65) with two pair, Aces and Sixes
Seat 6: MPut8 (small blind) folded before Flop
Seat 7: highrolling420 (big blind) folded before Flop
Seat 9: Shreyu folded before Flop (didn't bet)



PokerStars Hand #224569358870:  Hold'em No Limit ($0.01/$0.02 USD) - 2021/03/07 12:45:40 PT [2021/03/07 15:45:40 ET]
Table 'Epeios III' 9-max Seat #6 is the button
Seat 1: KnewEat ($2 in chips) 
Seat 2: TR@BU ($5.12 in chips) 
Seat 3: Dorex2007 ($1.59 in chips) 
Seat 4: CheloMc2H ($0.94 in chips) 
Seat 5: regina.sena ($0.65 in chips) 
Seat 6: MPut8 ($4.64 in chips) 
Seat 7: highrolling420 ($2 in chips) 
Seat 8: s923 ($2 in chips) 
Seat 9: Shreyu ($1.68 in chips) 
highrolling420: posts small blind $0.01
s923: posts big blind $0.02
*** HOLE CARDS ***
Dealt to Dorex2007 [Jc 2h]
Shreyu: folds 
KnewEat: folds 
TR@BU: raises $0.05 to $0.07
Dorex2007: folds 
CheloMc2H: folds 
regina.sena: folds 
MPut8: folds 
highrolling420: folds 
s923: folds 
Uncalled bet ($0.05) returned to TR@BU
TR@BU collected $0.05 from pot
TR@BU: doesn't show hand 
*** SUMMARY ***
Total pot $0.05 | Rake $0 
Seat 1: KnewEat folded before Flop (didn't bet)
Seat 2: TR@BU collected ($0.05)
Seat 3: Dorex2007 folded before Flop (didn't bet)
Seat 4: CheloMc2H folded before Flop (didn't bet)
Seat 5: regina.sena folded before Flop (didn't bet)
Seat 6: MPut8 (button) folded before Flop (didn't bet)
Seat 7: highrolling420 (small blind) folded before Flop
Seat 8: s923 (big blind) folded before Flop
Seat 9: Shreyu folded before Flop (didn't bet)



PokerStars Hand #224569376038:  Hold'em No Limit ($0.01/$0.02 USD) - 2021/03/07 12:46:00 PT [2021/03/07 15:46:00 ET]
Table 'Epeios III' 9-max Seat #7 is the button
Seat 1: KnewEat ($2 in chips) 
Seat 2: TR@BU ($5.15 in chips) 
Seat 3: Dorex2007 ($1.59 in chips) 
Seat 4: CheloMc2H ($0.94 in chips) 
Seat 5: regina.sena ($0.65 in chips) 
Seat 6: MPut8 ($4.64 in chips) 
Seat 7: highrolling420 ($2 in chips) 
Seat 8: s923 ($1.98 in chips) 
Seat 9: Shreyu ($1.68 in chips) 
s923: posts small blind $0.01
Shreyu: posts big blind $0.02
*** HOLE CARDS ***
Dealt to Dorex2007 [Th 7c]
KnewEat: folds 
TR@BU: folds 
Dorex2007: folds 
CheloMc2H: folds 
regina.sena: calls $0.02
MPut8: raises $0.04 to $0.06
highrolling420: folds 
s923: calls $0.05
Shreyu: folds 
regina.sena: calls $0.04
*** FLOP *** [7d 9c 5h]
s923: bets $0.10
regina.sena: folds 
MPut8: folds 
Uncalled bet ($0.10) returned to s923
s923 collected $0.19 from pot
s923: doesn't show hand 
*** SUMMARY ***
Total pot $0.20 | Rake $0.01 
Board [7d 9c 5h]
Seat 1: KnewEat folded before Flop (didn't bet)
Seat 2: TR@BU folded before Flop (didn't bet)
Seat 3: Dorex2007 folded before Flop (didn't bet)
Seat 4: CheloMc2H folded before Flop (didn't bet)
Seat 5: regina.sena folded on the Flop
Seat 6: MPut8 folded on the Flop
Seat 7: highrolling420 (button) folded before Flop (didn't bet)
Seat 8: s923 (small blind) collected ($0.19)
Seat 9: Shreyu (big blind) folded before Flop



PokerStars Hand #224569416200:  Hold'em No Limit ($0.01/$0.02 USD) - 2021/03/07 12:46:47 PT [2021/03/07 15:46:47 ET]
Table 'Epeios III' 9-max Seat #8 is the button
Seat 1: KnewEat ($2 in chips) 
Seat 2: TR@BU ($5.15 in chips) 
Seat 3: Dorex2007 ($1.59 in chips) 
Seat 4: CheloMc2H ($0.94 in chips) 
Seat 5: regina.sena ($0.59 in chips) 
Seat 6: MPut8 ($4.58 in chips) 
Seat 7: highrolling420 ($2 in chips) 
Seat 8: s923 ($2.11 in chips) 
Seat 9: Shreyu ($1.66 in chips) 
Shreyu: posts small blind $0.01
KnewEat: posts big blind $0.02
*** HOLE CARDS ***
Dealt to Dorex2007 [4d Kc]
TR@BU: folds 
Dorex2007: folds 
CheloMc2H: calls $0.02
regina.sena: folds 
MPut8: folds 
highrolling420: folds 
s923: folds 
Shreyu: folds 
KnewEat: checks 
*** FLOP *** [8s Qc 3h]
KnewEat: checks 
CheloMc2H: bets $0.02
KnewEat: folds 
Uncalled bet ($0.02) returned to CheloMc2H
CheloMc2H collected $0.05 from pot
CheloMc2H: doesn't show hand 
*** SUMMARY ***
Total pot $0.05 | Rake $0 
Board [8s Qc 3h]
Seat 1: KnewEat (big blind) folded on the Flop
Seat 2: TR@BU folded before Flop (didn't bet)
Seat 3: Dorex2007 folded before Flop (didn't bet)
Seat 4: CheloMc2H collected ($0.05)
Seat 5: regina.sena folded before Flop (didn't bet)
Seat 6: MPut8 folded before Flop (didn't bet)
Seat 7: highrolling420 folded before Flop (didn't bet)
Seat 8: s923 (button) folded before Flop (didn't bet)
Seat 9: Shreyu (small blind) folded before Flop



PokerStars Hand #224569454655:  Hold'em No Limit ($0.01/$0.02 USD) - 2021/03/07 12:47:26 PT [2021/03/07 15:47:26 ET]
Table 'Epeios III' 9-max Seat #9 is the button
Seat 1: KnewEat ($2 in chips) 
Seat 2: TR@BU ($5.15 in chips) 
Seat 3: Dorex2007 ($1.59 in chips) 
Seat 4: CheloMc2H ($0.97 in chips) 
Seat 5: regina.sena ($0.59 in chips) 
Seat 6: MPut8 ($4.58 in chips) 
Seat 7: highrolling420 ($2 in chips) 
Seat 8: s923 ($2.11 in chips) 
Seat 9: Shreyu ($1.65 in chips) 
KnewEat: posts small blind $0.01
TR@BU: posts big blind $0.02
*** HOLE CARDS ***
Dealt to Dorex2007 [2s 6h]
Dorex2007: folds 
CheloMc2H: calls $0.02
regina.sena: calls $0.02
MPut8: raises $0.10 to $0.12
highrolling420: folds 
s923: folds 
Shreyu: folds 
KnewEat: folds 
TR@BU: calls $0.10
CheloMc2H: folds 
regina.sena: calls $0.10
*** FLOP *** [Ks Jh 7c]
TR@BU: checks 
regina.sena: checks 
MPut8: checks 
*** TURN *** [Ks Jh 7c] [Kc]
TR@BU: checks 
regina.sena: checks 
MPut8: bets $0.26
TR@BU: calls $0.26
regina.sena: calls $0.26
*** RIVER *** [Ks Jh 7c Kc] [3s]
TR@BU: checks 
regina.sena: checks 
MPut8: checks 
*** SHOW DOWN ***
TR@BU: shows [Jc 9c] (two pair, Kings and Jacks)
regina.sena: mucks hand 
MPut8: mucks hand 
TR@BU collected $1.13 from pot
*** SUMMARY ***
Total pot $1.17 | Rake $0.04 
Board [Ks Jh 7c Kc 3s]
Seat 1: KnewEat (small blind) folded before Flop
Seat 2: TR@BU (big blind) showed [Jc 9c] and won ($1.13) with two pair, Kings and Jacks
Seat 3: Dorex2007 folded before Flop (didn't bet)
Seat 4: CheloMc2H folded before Flop
Seat 5: regina.sena mucked [Qd Th]
Seat 6: MPut8 mucked [Ac 8c]
Seat 7: highrolling420 folded before Flop (didn't bet)
Seat 8: s923 folded before Flop (didn't bet)
Seat 9: Shreyu (button) folded before Flop (didn't bet)



PokerStars Hand #224569527190:  Hold'em No Limit ($0.01/$0.02 USD) - 2021/03/07 12:48:52 PT [2021/03/07 15:48:52 ET]
Table 'Epeios III' 9-max Seat #1 is the button
Seat 1: KnewEat ($2 in chips) 
Seat 2: TR@BU ($5.90 in chips) 
Seat 3: Dorex2007 ($1.59 in chips) 
Seat 4: CheloMc2H ($0.95 in chips) 
Seat 5: regina.sena ($0.21 in chips) 
Seat 6: MPut8 ($4.20 in chips) 
Seat 7: highrolling420 ($2 in chips) 
Seat 8: s923 ($2.11 in chips) 
Seat 9: Shreyu ($1.65 in chips) 
TR@BU: posts small blind $0.01
Dorex2007: posts big blind $0.02
*** HOLE CARDS ***
Dealt to Dorex2007 [Qs Js]
CheloMc2H: folds 
regina.sena: folds 
MPut8: folds 
CheloMc2H leaves the table
highrolling420: folds 
s923: calls $0.02
Shreyu: folds 
KnewEat: folds 
TR@BU: calls $0.01
Dorex2007: checks 
*** FLOP *** [Kc 2c 6d]
TR@BU: checks 
Dorex2007: checks 
s923: checks 
*** TURN *** [Kc 2c 6d] [Kd]
TR@BU: bets $0.06
Dorex2007: folds 
s923: folds 
Uncalled bet ($0.06) returned to TR@BU
TR@BU collected $0.06 from pot
TR@BU: doesn't show hand 
*** SUMMARY ***
Total pot $0.06 | Rake $0 
Board [Kc 2c 6d Kd]
Seat 1: KnewEat (button) folded before Flop (didn't bet)
Seat 2: TR@BU (small blind) collected ($0.06)
Seat 3: Dorex2007 (big blind) folded on the Turn
Seat 4: CheloMc2H folded before Flop (didn't bet)
Seat 5: regina.sena folded before Flop (didn't bet)
Seat 6: MPut8 folded before Flop (didn't bet)
Seat 7: highrolling420 folded before Flop (didn't bet)
Seat 8: s923 folded on the Turn
Seat 9: Shreyu folded before Flop (didn't bet)



PokerStars Hand #224569563353:  Hold'em No Limit ($0.01/$0.02 USD) - 2021/03/07 12:49:35 PT [2021/03/07 15:49:35 ET]
Table 'Epeios III' 9-max Seat #2 is the button
Seat 1: KnewEat ($2 in chips) 
Seat 2: TR@BU ($5.94 in chips) 
Seat 3: Dorex2007 ($1.57 in chips) 
Seat 5: regina.sena ($0.21 in chips) 
Seat 6: MPut8 ($4.20 in chips) 
Seat 7: highrolling420 ($2 in chips) 
Seat 8: s923 ($2.09 in chips) 
Seat 9: Shreyu ($1.65 in chips) 
Dorex2007: posts small blind $0.01
regina.sena: posts big blind $0.02
*** HOLE CARDS ***
Dealt to Dorex2007 [Ts 8d]
MPut8: folds 
highrolling420: folds 
s923: calls $0.02
Shreyu: folds 
KnewEat: folds 
TR@BU: calls $0.02
Dorex2007: folds 
regina.sena: checks 
*** FLOP *** [Jh 8s Jd]
regina.sena: checks 
s923: checks 
TR@BU: checks 
*** TURN *** [Jh 8s Jd] [Kh]
regina.sena: checks 
s923: checks 
TR@BU: checks 
*** RIVER *** [Jh 8s Jd Kh] [Qc]
lexa2541 joins the table at seat #4 
regina.sena: checks 
s923: checks 
TR@BU: checks 
*** SHOW DOWN ***
regina.sena: shows [2d 4h] (a pair of Jacks)
s923: shows [5s 6s] (a pair of Jacks)
TR@BU: shows [2s 2h] (two pair, Jacks and Deuces)
TR@BU collected $0.07 from pot
*** SUMMARY ***
Total pot $0.07 | Rake $0 
Board [Jh 8s Jd Kh Qc]
Seat 1: KnewEat folded before Flop (didn't bet)
Seat 2: TR@BU (button) showed [2s 2h] and won ($0.07) with two pair, Jacks and Deuces
Seat 3: Dorex2007 (small blind) folded before Flop
Seat 5: regina.sena (big blind) showed [2d 4h] and lost with a pair of Jacks
Seat 6: MPut8 folded before Flop (didn't bet)
Seat 7: highrolling420 folded before Flop (didn't bet)
Seat 8: s923 showed [5s 6s] and lost with a pair of Jacks
Seat 9: Shreyu folded before Flop (didn't bet)



PokerStars Hand #224569610582:  Hold'em No Limit ($0.01/$0.02 USD) - 2021/03/07 12:50:31 PT [2021/03/07 15:50:31 ET]
Table 'Epeios III' 9-max Seat #3 is the button
Seat 1: KnewEat ($2 in chips) 
Seat 2: TR@BU ($5.99 in chips) 
Seat 3: Dorex2007 ($1.56 in chips) 
Seat 5: regina.sena ($0.19 in chips) 
Seat 6: MPut8 ($4.20 in chips) 
Seat 7: highrolling420 ($2 in chips) 
Seat 8: s923 ($2.07 in chips) 
Seat 9: Shreyu ($1.65 in chips) 
regina.sena: posts small blind $0.01
MPut8: posts big blind $0.02
*** HOLE CARDS ***
Dealt to Dorex2007 [7c 4c]
highrolling420: folds 
s923: raises $0.04 to $0.06
Shreyu: folds 
KnewEat: folds 
TR@BU: folds 
Dorex2007: folds 
regina.sena: folds 
MPut8: folds 
Uncalled bet ($0.04) returned to s923
s923 collected $0.05 from pot
s923: doesn't show hand 
*** SUMMARY ***
Total pot $0.05 | Rake $0 
Seat 1: KnewEat folded before Flop (didn't bet)
Seat 2: TR@BU folded before Flop (didn't bet)
Seat 3: Dorex2007 (button) folded before Flop (didn't bet)
Seat 5: regina.sena (small blind) folded before Flop
Seat 6: MPut8 (big blind) folded before Flop
Seat 7: highrolling420 folded before Flop (didn't bet)
Seat 8: s923 collected ($0.05)
Seat 9: Shreyu folded before Flop (didn't bet)



PokerStars Hand #224569627332:  Hold'em No Limit ($0.01/$0.02 USD) - 2021/03/07 12:50:51 PT [2021/03/07 15:50:51 ET]
Table 'Epeios III' 9-max Seat #5 is the button
Seat 1: KnewEat ($2 in chips) 
Seat 2: TR@BU ($5.99 in chips) 
Seat 3: Dorex2007 ($1.56 in chips) 
Seat 4: lexa2541 ($0.82 in chips) 
Seat 5: regina.sena ($0.18 in chips) 
Seat 6: MPut8 ($4.18 in chips) 
Seat 7: highrolling420 ($2 in chips) 
Seat 8: s923 ($2.10 in chips) 
Seat 9: Shreyu ($1.65 in chips) 
MPut8: posts small blind $0.01
highrolling420: posts big blind $0.02
lexa2541: posts big blind $0.02
*** HOLE CARDS ***
Dealt to Dorex2007 [2c 4d]
s923: folds 
Shreyu: folds 
KnewEat: calls $0.02
TR@BU: raises $0.09 to $0.11
Dorex2007: folds 
lexa2541: folds 
regina.sena: calls $0.11
MPut8: folds 
highrolling420: folds 
KnewEat: calls $0.09
*** FLOP *** [Qd Ac 5d]
MPut8 leaves the table
KnewEat: checks 
TR@BU: bets $0.08
regina.sena: calls $0.07 and is all-in
KnewEat: folds 
Uncalled bet ($0.01) returned to TR@BU
*** TURN *** [Qd Ac 5d] [4h]
*** RIVER *** [Qd Ac 5d 4h] [6c]
*** SHOW DOWN ***
TR@BU: shows [Kh Kc] (a pair of Kings)
regina.sena: shows [As 6h] (two pair, Aces and Sixes)
regina.sena collected $0.50 from pot
*** SUMMARY ***
Total pot $0.52 | Rake $0.02 
Board [Qd Ac 5d 4h 6c]
Seat 1: KnewEat folded on the Flop
Seat 2: TR@BU showed [Kh Kc] and lost with a pair of Kings
Seat 3: Dorex2007 folded before Flop (didn't bet)
Seat 4: lexa2541 folded before Flop (didn't bet)
Seat 5: regina.sena (button) showed [As 6h] and won ($0.50) with two pair, Aces and Sixes
Seat 6: MPut8 (small blind) folded before Flop
Seat 7: highrolling420 (big blind) folded before Flop
Seat 8: s923 folded before Flop (didn't bet)
Seat 9: Shreyu folded before Flop (didn't bet)



PokerStars Hand #224569666399:  Hold'em No Limit ($0.01/$0.02 USD) - 2021/03/07 12:51:37 PT [2021/03/07 15:51:37 ET]
Table 'Epeios III' 9-max Seat #7 is the button
Seat 1: KnewEat ($2 in chips) 
Seat 2: TR@BU ($5.81 in chips) 
Seat 3: Dorex2007 ($1.56 in chips) 
Seat 4: lexa2541 ($0.80 in chips) 
Seat 5: regina.sena ($0.50 in chips) 
Seat 7: highrolling420 ($2 in chips) 
Seat 8: s923 ($2.10 in chips) 
Seat 9: Shreyu ($1.65 in chips) 
s923: posts small blind $0.01
Shreyu: posts big blind $0.02
*** HOLE CARDS ***
Dealt to Dorex2007 [Tc Js]
KnewEat: folds 
TR@BU: folds 
comeback199 joins the table at seat #6 
Dorex2007: folds 
lexa2541: folds 
regina.sena: folds 
comeback199 leaves the table
highrolling420: raises $0.02 to $0.04
Shelder87 joins the table at seat #6 
s923: folds 
Shreyu: folds 
Uncalled bet ($0.02) returned to highrolling420
highrolling420 collected $0.05 from pot
highrolling420: doesn't show hand 
*** SUMMARY ***
Total pot $0.05 | Rake $0 
Seat 1: KnewEat folded before Flop (didn't bet)
Seat 2: TR@BU folded before Flop (didn't bet)
Seat 3: Dorex2007 folded before Flop (didn't bet)
Seat 4: lexa2541 folded before Flop (didn't bet)
Seat 5: regina.sena folded before Flop (didn't bet)
Seat 7: highrolling420 (button) collected ($0.05)
Seat 8: s923 (small blind) folded before Flop
Seat 9: Shreyu (big blind) folded before Flop



PokerStars Hand #224569687532:  Hold'em No Limit ($0.01/$0.02 USD) - 2021/03/07 12:52:02 PT [2021/03/07 15:52:02 ET]
Table 'Epeios III' 9-max Seat #8 is the button
Seat 1: KnewEat ($2 in chips) 
Seat 2: TR@BU ($5.81 in chips) 
Seat 3: Dorex2007 ($1.56 in chips) 
Seat 4: lexa2541 ($0.80 in chips) 
Seat 5: regina.sena ($0.50 in chips) 
Seat 7: highrolling420 ($2.03 in chips) 
Seat 8: s923 ($2.09 in chips) 
Seat 9: Shreyu ($1.63 in chips) 
Shreyu: posts small blind $0.01
KnewEat: posts big blind $0.02
Shelder87: sits out 
*** HOLE CARDS ***
Dealt to Dorex2007 [3s 2s]
TR@BU: folds 
Dorex2007: folds 
lexa2541: folds 
regina.sena: folds 
highrolling420: folds 
s923: calls $0.02
Shreyu: raises $0.06 to $0.08
KnewEat: folds 
s923: folds 
Uncalled bet ($0.06) returned to Shreyu
Shreyu collected $0.06 from pot
Shreyu: doesn't show hand 
*** SUMMARY ***
Total pot $0.06 | Rake $0 
Seat 1: KnewEat (big blind) folded before Flop
Seat 2: TR@BU folded before Flop (didn't bet)
Seat 3: Dorex2007 folded before Flop (didn't bet)
Seat 4: lexa2541 folded before Flop (didn't bet)
Seat 5: regina.sena folded before Flop (didn't bet)
Seat 7: highrolling420 folded before Flop (didn't bet)
Seat 8: s923 (button) folded before Flop
Seat 9: Shreyu (small blind) collected ($0.06)



PokerStars Hand #224569716614:  Hold'em No Limit ($0.01/$0.02 USD) - 2021/03/07 12:52:37 PT [2021/03/07 15:52:37 ET]
Table 'Epeios III' 9-max Seat #9 is the button
Seat 1: KnewEat ($2 in chips) 
Seat 2: TR@BU ($5.81 in chips) 
Seat 3: Dorex2007 ($1.56 in chips) 
Seat 4: lexa2541 ($0.80 in chips) 
Seat 5: regina.sena ($0.50 in chips) 
Seat 7: highrolling420 ($2.03 in chips) 
Seat 8: s923 ($2.07 in chips) 
Seat 9: Shreyu ($1.67 in chips) 
KnewEat: posts small blind $0.01
TR@BU: posts big blind $0.02
Shelder87: sits out 
*** HOLE CARDS ***
Dealt to Dorex2007 [8d Th]
Dorex2007: folds 
lexa2541: calls $0.02
regina.sena: folds 
highrolling420: folds 
s923: raises $0.04 to $0.06
Shreyu: folds 
KnewEat: raises $0.18 to $0.24
TR@BU: folds 
lexa2541: calls $0.22
s923: folds 
*** FLOP *** [8c 6h 8s]
KnewEat: bets $0.56
lexa2541: calls $0.56 and is all-in
*** TURN *** [8c 6h 8s] [Ts]
*** RIVER *** [8c 6h 8s Ts] [6s]
*** SHOW DOWN ***
KnewEat: shows [Qs Qh] (two pair, Queens and Eights)
lexa2541: shows [As 4h] (two pair, Eights and Sixes)
KnewEat collected $1.62 from pot
*** SUMMARY ***
Total pot $1.68 | Rake $0.06 
Board [8c 6h 8s Ts 6s]
Seat 1: KnewEat (small blind) showed [Qs Qh] and won ($1.62) with two pair, Queens and Eights
Seat 2: TR@BU (big blind) folded before Flop
Seat 3: Dorex2007 folded before Flop (didn't bet)
Seat 4: lexa2541 showed [As 4h] and lost with two pair, Eights and Sixes
Seat 5: regina.sena folded before Flop (didn't bet)
Seat 7: highrolling420 folded before Flop (didn't bet)
Seat 8: s923 folded before Flop
Seat 9: Shreyu (button) folded before Flop (didn't bet)



PokerStars Hand #224569764178:  Hold'em No Limit ($0.01/$0.02 USD) - 2021/03/07 12:53:33 PT [2021/03/07 15:53:33 ET]
Table 'Epeios III' 9-max Seat #1 is the button
Seat 1: KnewEat ($2.82 in chips) 
Seat 2: TR@BU ($5.79 in chips) 
Seat 3: Dorex2007 ($1.56 in chips) 
Seat 5: regina.sena ($0.50 in chips) 
Seat 7: highrolling420 ($2.03 in chips) 
Seat 8: s923 ($2.01 in chips) 
Seat 9: Shreyu ($1.67 in chips) 
TR@BU: posts small blind $0.01
Dorex2007: posts big blind $0.02
Shelder87: sits out 
*** HOLE CARDS ***
Dealt to Dorex2007 [9s Th]
regina.sena: folds 
highrolling420: folds 
s923: folds 
Shreyu: folds 
KnewEat: folds 
TR@BU: raises $0.04 to $0.06
lexa2541 leaves the table
Dorex2007: folds 
Uncalled bet ($0.04) returned to TR@BU
TR@BU collected $0.04 from pot
TR@BU: doesn't show hand 
*** SUMMARY ***
Total pot $0.04 | Rake $0 
Seat 1: KnewEat (button) folded before Flop (didn't bet)
Seat 2: TR@BU (small blind) collected ($0.04)
Seat 3: Dorex2007 (big blind) folded before Flop
Seat 5: regina.sena folded before Flop (didn't bet)
Seat 7: highrolling420 folded before Flop (didn't bet)
Seat 8: s923 folded before Flop (didn't bet)
Seat 9: Shreyu folded before Flop (didn't bet)



PokerStars Hand #224569775835:  Hold'em No Limit ($0.01/$0.02 USD) - 2021/03/07 12:53:47 PT [2021/03/07 15:53:47 ET]
Table 'Epeios III' 9-max Seat #2 is the button
Seat 1: KnewEat ($2.82 in chips) 
Seat 2: TR@BU ($5.81 in chips) 
Seat 3: Dorex2007 ($1.54 in chips) 
Seat 5: regina.sena ($0.50 in chips) 
Seat 7: highrolling420 ($2.03 in chips) 
Seat 8: s923 ($2.01 in chips) 
Seat 9: Shreyu ($1.67 in chips) 
Dorex2007: posts small blind $0.01
regina.sena: posts big blind $0.02
Shelder87: sits out 
*** HOLE CARDS ***
Dealt to Dorex2007 [7c 8c]
highrolling420: raises $0.06 to $0.08
s923: calls $0.08
Shreyu: folds 
KnewEat: folds 
TR@BU: folds 
Dorex2007: folds 
regina.sena: folds 
*** FLOP *** [Jh 8s 8h]
highrolling420: bets $0.06
s923: calls $0.06
*** TURN *** [Jh 8s 8h] [3c]
highrolling420: checks 
s923: bets $0.12
whosrealme joins the table at seat #4 
highrolling420: calls $0.12
*** RIVER *** [Jh 8s 8h 3c] [Td]
highrolling420: checks 
s923: checks 
*** SHOW DOWN ***
highrolling420: shows [Kh Ah] (a pair of Eights)
s923: shows [Ac Js] (two pair, Jacks and Eights)
s923 collected $0.53 from pot
*** SUMMARY ***
Total pot $0.55 | Rake $0.02 
Board [Jh 8s 8h 3c Td]
Seat 1: KnewEat folded before Flop (didn't bet)
Seat 2: TR@BU (button) folded before Flop (didn't bet)
Seat 3: Dorex2007 (small blind) folded before Flop
Seat 5: regina.sena (big blind) folded before Flop
Seat 7: highrolling420 showed [Kh Ah] and lost with a pair of Eights
Seat 8: s923 showed [Ac Js] and won ($0.53) with two pair, Jacks and Eights
Seat 9: Shreyu folded before Flop (didn't bet)



PokerStars Hand #224569816145:  Hold'em No Limit ($0.01/$0.02 USD) - 2021/03/07 12:54:35 PT [2021/03/07 15:54:35 ET]
Table 'Epeios III' 9-max Seat #3 is the button
Seat 1: KnewEat ($2.82 in chips) 
Seat 2: TR@BU ($5.81 in chips) 
Seat 3: Dorex2007 ($1.53 in chips) 
Seat 5: regina.sena ($0.48 in chips) 
Seat 6: Shelder87 ($2 in chips) 
Seat 7: highrolling420 ($2 in chips) 
Seat 8: s923 ($2.28 in chips) 
Seat 9: Shreyu ($1.67 in chips) 
regina.sena: posts small blind $0.01
Shelder87: posts big blind $0.02
*** HOLE CARDS ***
Dealt to Dorex2007 [3s 4s]
highrolling420: folds 
s923: raises $0.04 to $0.06
Shreyu: folds 
KnewEat: folds 
TR@BU: folds 
Dorex2007: folds 
regina.sena: folds 
Shelder87: folds 
Uncalled bet ($0.04) returned to s923
s923 collected $0.05 from pot
s923: doesn't show hand 
*** SUMMARY ***
Total pot $0.05 | Rake $0 
Seat 1: KnewEat folded before Flop (didn't bet)
Seat 2: TR@BU folded before Flop (didn't bet)
Seat 3: Dorex2007 (button) folded before Flop (didn't bet)
Seat 5: regina.sena (small blind) folded before Flop
Seat 6: Shelder87 (big blind) folded before Flop
Seat 7: highrolling420 folded before Flop (didn't bet)
Seat 8: s923 collected ($0.05)
Seat 9: Shreyu folded before Flop (didn't bet)



PokerStars Hand #224569824720:  Hold'em No Limit ($0.01/$0.02 USD) - 2021/03/07 12:54:46 PT [2021/03/07 15:54:46 ET]
Table 'Epeios III' 9-max Seat #5 is the button
Seat 1: KnewEat ($2.82 in chips) 
Seat 2: TR@BU ($5.81 in chips) 
Seat 3: Dorex2007 ($1.53 in chips) 
Seat 5: regina.sena ($0.47 in chips) 
Seat 6: Shelder87 ($1.98 in chips) 
Seat 7: highrolling420 ($2 in chips) 
Seat 8: s923 ($2.31 in chips) 
Seat 9: Shreyu ($1.67 in chips) 
Shelder87: posts small blind $0.01
highrolling420: posts big blind $0.02
whosrealme: sits out 
*** HOLE CARDS ***
Dealt to Dorex2007 [Qd Jd]
s923: calls $0.02
Shreyu: folds 
KnewEat: folds 
TR@BU: raises $0.07 to $0.09
whosrealme leaves the table
Dorex2007: folds 
regina.sena: calls $0.09
Shelder87: folds 
highrolling420: folds 
s923: folds 
*** FLOP *** [Kd 3d 4c]
Domenico659 joins the table at seat #4 
TR@BU: bets $0.22
regina.sena: folds 
Uncalled bet ($0.22) returned to TR@BU
TR@BU collected $0.22 from pot
TR@BU: doesn't show hand 
*** SUMMARY ***
Total pot $0.23 | Rake $0.01 
Board [Kd 3d 4c]
Seat 1: KnewEat folded before Flop (didn't bet)
Seat 2: TR@BU collected ($0.22)
Seat 3: Dorex2007 folded before Flop (didn't bet)
Seat 5: regina.sena (button) folded on the Flop
Seat 6: Shelder87 (small blind) folded before Flop
Seat 7: highrolling420 (big blind) folded before Flop
Seat 8: s923 folded before Flop
Seat 9: Shreyu folded before Flop (didn't bet)



PokerStars Hand #224569859196:  Hold'em No Limit ($0.01/$0.02 USD) - 2021/03/07 12:55:37 PT [2021/03/07 15:55:37 ET]
Table 'Epeios III' 9-max Seat #6 is the button
Seat 1: KnewEat ($2.82 in chips) 
Seat 2: TR@BU ($5.94 in chips) 
Seat 3: Dorex2007 ($1.53 in chips) 
Seat 5: regina.sena ($0.38 in chips) 
Seat 6: Shelder87 ($1.97 in chips) 
Seat 7: highrolling420 ($2 in chips) 
Seat 8: s923 ($2.29 in chips) 
Seat 9: Shreyu ($1.67 in chips) 
highrolling420: posts small blind $0.01
s923: posts big blind $0.02
Domenico659: sits out 
*** HOLE CARDS ***
Dealt to Dorex2007 [Qh 6d]
Shreyu: folds 
KnewEat: folds 
TR@BU: calls $0.02
Dorex2007: folds 
regina.sena: raises $0.36 to $0.38 and is all-in
Shelder87: folds 
highrolling420: folds 
s923: folds 
TR@BU: calls $0.36
*** FLOP *** [8h Qc Ks]
*** TURN *** [8h Qc Ks] [3s]
*** RIVER *** [8h Qc Ks 3s] [5s]
*** SHOW DOWN ***
TR@BU: shows [As Ah] (a pair of Aces)
regina.sena: shows [8c Kh] (two pair, Kings and Eights)
regina.sena collected $0.76 from pot
TR@BU cashed out the hand for $0.66 | Cash Out Fee $0.01
*** SUMMARY ***
Total pot $0.79 | Rake $0.03 
Board [8h Qc Ks 3s 5s]
Seat 1: KnewEat folded before Flop (didn't bet)
Seat 2: TR@BU showed [As Ah] and lost with a pair of Aces (cashed out).
Seat 3: Dorex2007 folded before Flop (didn't bet)
Seat 5: regina.sena showed [8c Kh] and won ($0.76) with two pair, Kings and Eights
Seat 6: Shelder87 (button) folded before Flop (didn't bet)
Seat 7: highrolling420 (small blind) folded before Flop
Seat 8: s923 (big blind) folded before Flop
Seat 9: Shreyu folded before Flop (didn't bet)



PokerStars Hand #224569873554:  Hold'em No Limit ($0.01/$0.02 USD) - 2021/03/07 12:56:06 PT [2021/03/07 15:56:06 ET]
Table 'Epeios III' 9-max Seat #7 is the button
Seat 1: KnewEat ($2.82 in chips) 
Seat 2: TR@BU ($6.22 in chips) 
Seat 3: Dorex2007 ($1.53 in chips) 
Seat 4: Domenico659 ($0.80 in chips) 
Seat 5: regina.sena ($0.76 in chips) 
Seat 6: Shelder87 ($1.97 in chips) 
Seat 7: highrolling420 ($2 in chips) 
Seat 8: s923 ($2.27 in chips) 
Seat 9: Shreyu ($1.67 in chips) 
s923: posts small blind $0.01
Shreyu: posts big blind $0.02
Domenico659: posts big blind $0.02
*** HOLE CARDS ***
Dealt to Dorex2007 [3s 7s]
KnewEat: folds 
TR@BU: folds 
Dorex2007: folds 
Domenico659: checks 
regina.sena: folds 
Shelder87: raises $0.06 to $0.08
highrolling420: raises $0.25 to $0.33
s923: calls $0.32
Shreyu: folds 
Domenico659: folds 
Shelder87: folds 
*** FLOP *** [Ah 2h 9c]
s923: checks 
highrolling420: bets $0.25
s923: calls $0.25
*** TURN *** [Ah 2h 9c] [6h]
s923: checks 
highrolling420: checks 
*** RIVER *** [Ah 2h 9c 6h] [3c]
s923: bets $0.46
highrolling420: calls $0.46
*** SHOW DOWN ***
s923: shows [Kd Ad] (a pair of Aces)
highrolling420: mucks hand 
s923 collected $2.12 from pot
*** SUMMARY ***
Total pot $2.20 | Rake $0.08 
Board [Ah 2h 9c 6h 3c]
Seat 1: KnewEat folded before Flop (didn't bet)
Seat 2: TR@BU folded before Flop (didn't bet)
Seat 3: Dorex2007 folded before Flop (didn't bet)
Seat 4: Domenico659 folded before Flop (didn't bet)
Seat 5: regina.sena folded before Flop (didn't bet)
Seat 6: Shelder87 folded before Flop
Seat 7: highrolling420 (button) mucked [As Tc]
Seat 8: s923 (small blind) showed [Kd Ad] and won ($2.12) with a pair of Aces
Seat 9: Shreyu (big blind) folded before Flop



PokerStars Hand #224569907089:  Hold'em No Limit ($0.01/$0.02 USD) - 2021/03/07 12:57:06 PT [2021/03/07 15:57:06 ET]
Table 'Epeios III' 9-max Seat #8 is the button
Seat 2: TR@BU ($6.22 in chips) 
Seat 3: Dorex2007 ($1.53 in chips) 
Seat 4: Domenico659 ($0.78 in chips) 
Seat 5: regina.sena ($0.76 in chips) 
Seat 6: Shelder87 ($1.89 in chips) 
Seat 7: highrolling420 ($2 in chips) 
Seat 8: s923 ($3.35 in chips) 
Seat 9: Shreyu ($1.65 in chips) 
Shreyu: posts small blind $0.01
KnewEat: is sitting out 
TR@BU: posts big blind $0.02
*** HOLE CARDS ***
Dealt to Dorex2007 [7c Qc]
KnewEat leaves the table
Dorex2007: folds 
Domenico659: folds 
regina.sena: raises $0.02 to $0.04
Shelder87: folds 
highrolling420: folds 
s923: folds 
Shreyu: folds 
TR@BU: folds 
Uncalled bet ($0.02) returned to regina.sena
regina.sena collected $0.05 from pot
regina.sena: doesn't show hand 
*** SUMMARY ***
Total pot $0.05 | Rake $0 
Seat 2: TR@BU (big blind) folded before Flop
Seat 3: Dorex2007 folded before Flop (didn't bet)
Seat 4: Domenico659 folded before Flop (didn't bet)
Seat 5: regina.sena collected ($0.05)
Seat 6: Shelder87 folded before Flop (didn't bet)
Seat 7: highrolling420 folded before Flop (didn't bet)
Seat 8: s923 (button) folded before Flop (didn't bet)
Seat 9: Shreyu (small blind) folded before Flop



PokerStars Hand #224569916934:  Hold'em No Limit ($0.01/$0.02 USD) - 2021/03/07 12:57:26 PT [2021/03/07 15:57:26 ET]
Table 'Epeios III' 9-max Seat #9 is the button
Seat 2: TR@BU ($6.20 in chips) 
Seat 3: Dorex2007 ($1.53 in chips) 
Seat 4: Domenico659 ($0.78 in chips) 
Seat 5: regina.sena ($0.79 in chips) 
Seat 6: Shelder87 ($1.89 in chips) 
Seat 7: highrolling420 ($2 in chips) 
Seat 8: s923 ($3.35 in chips) 
Seat 9: Shreyu ($1.64 in chips) 
TR@BU: posts small blind $0.01
Dorex2007: posts big blind $0.02
*** HOLE CARDS ***
Dealt to Dorex2007 [6s Ks]
Domenico659: calls $0.02
regina.sena: folds 
Shelder87: folds 
highrolling420: folds 
s923: folds 
Shreyu: folds 
TR@BU: folds 
Dorex2007: checks 
*** FLOP *** [4c 6c 4d]
Dorex2007: checks 
Domenico659: bets $0.02
Dorex2007: calls $0.02
*** TURN *** [4c 6c 4d] [8h]
Dorex2007: bets $0.05
Domenico659: folds 
Uncalled bet ($0.05) returned to Dorex2007
Dorex2007 collected $0.09 from pot
Dorex2007: doesn't show hand 
*** SUMMARY ***
Total pot $0.09 | Rake $0 
Board [4c 6c 4d 8h]
Seat 2: TR@BU (small blind) folded before Flop
Seat 3: Dorex2007 (big blind) collected ($0.09)
Seat 4: Domenico659 folded on the Turn
Seat 5: regina.sena folded before Flop (didn't bet)
Seat 6: Shelder87 folded before Flop (didn't bet)
Seat 7: highrolling420 folded before Flop (didn't bet)
Seat 8: s923 folded before Flop (didn't bet)
Seat 9: Shreyu (button) folded before Flop (didn't bet)



PokerStars Hand #224569935847:  Hold'em No Limit ($0.01/$0.02 USD) - 2021/03/07 12:58:03 PT [2021/03/07 15:58:03 ET]
Table 'Epeios III' 9-max Seat #2 is the button
Seat 2: TR@BU ($6.19 in chips) 
Seat 3: Dorex2007 ($1.58 in chips) 
Seat 4: Domenico659 ($0.74 in chips) 
Seat 5: regina.sena ($0.79 in chips) 
Seat 6: Shelder87 ($1.89 in chips) 
Seat 7: highrolling420 ($2 in chips) 
Seat 8: s923 ($3.35 in chips) 
Seat 9: Shreyu ($1.64 in chips) 
Dorex2007: posts small blind $0.01
Domenico659: posts big blind $0.02
*** HOLE CARDS ***
Dealt to Dorex2007 [Kd 4d]
regina.sena: folds 
Shelder87: folds 
highrolling420: folds 
s923: folds 
Shreyu: folds 
TR@BU: calls $0.02
Dorex2007: calls $0.01
Domenico659: raises $0.02 to $0.04
TR@BU: calls $0.02
Dorex2007: calls $0.02
*** FLOP *** [7c Js 9s]
Dorex2007: checks 
Domenico659: bets $0.06
TR@BU: calls $0.06
Dorex2007: folds 
*** TURN *** [7c Js 9s] [Ac]
Domenico659: bets $0.02
TR@BU: calls $0.02
*** RIVER *** [7c Js 9s Ac] [6d]
zoltan7007 joins the table at seat #1 
Domenico659: checks 
TR@BU: checks 
*** SHOW DOWN ***
Domenico659: shows [Qd 8d] (high card Ace)
TR@BU: shows [6s Ts] (a pair of Sixes)
TR@BU collected $0.27 from pot
*** SUMMARY ***
Total pot $0.28 | Rake $0.01 
Board [7c Js 9s Ac 6d]
Seat 2: TR@BU (button) showed [6s Ts] and won ($0.27) with a pair of Sixes
Seat 3: Dorex2007 (small blind) folded on the Flop
Seat 4: Domenico659 (big blind) showed [Qd 8d] and lost with high card Ace
Seat 5: regina.sena folded before Flop (didn't bet)
Seat 6: Shelder87 folded before Flop (didn't bet)
Seat 7: highrolling420 folded before Flop (didn't bet)
Seat 8: s923 folded before Flop (didn't bet)
Seat 9: Shreyu folded before Flop (didn't bet)



PokerStars Hand #224569957862:  Hold'em No Limit ($0.01/$0.02 USD) - 2021/03/07 12:58:47 PT [2021/03/07 15:58:47 ET]
Table 'Epeios III' 9-max Seat #3 is the button
Seat 1: zoltan7007 ($0.80 in chips) 
Seat 2: TR@BU ($6.34 in chips) 
Seat 3: Dorex2007 ($1.54 in chips) 
Seat 4: Domenico659 ($0.62 in chips) 
Seat 5: regina.sena ($0.79 in chips) 
Seat 6: Shelder87 ($1.89 in chips) 
Seat 7: highrolling420 ($2 in chips) 
Seat 8: s923 ($3.35 in chips) 
Seat 9: Shreyu ($1.64 in chips) 
Domenico659: posts small blind $0.01
regina.sena: posts big blind $0.02
zoltan7007: posts big blind $0.02
*** HOLE CARDS ***
Dealt to Dorex2007 [2h 4h]
Shelder87: folds 
highrolling420: folds 
s923: folds 
Shreyu: folds 
zoltan7007: checks 
TR@BU: folds 
Dorex2007: folds 
Domenico659: raises $0.02 to $0.04
regina.sena: folds 
zoltan7007: folds 
Uncalled bet ($0.02) returned to Domenico659
Domenico659 collected $0.06 from pot
Domenico659: doesn't show hand 
*** SUMMARY ***
Total pot $0.06 | Rake $0 
Seat 1: zoltan7007 folded before Flop (didn't bet)
Seat 2: TR@BU folded before Flop (didn't bet)
Seat 3: Dorex2007 (button) folded before Flop (didn't bet)
Seat 4: Domenico659 (small blind) collected ($0.06)
Seat 5: regina.sena (big blind) folded before Flop
Seat 6: Shelder87 folded before Flop (didn't bet)
Seat 7: highrolling420 folded before Flop (didn't bet)
Seat 8: s923 folded before Flop (didn't bet)
Seat 9: Shreyu folded before Flop (didn't bet)



PokerStars Hand #224569974528:  Hold'em No Limit ($0.01/$0.02 USD) - 2021/03/07 12:59:21 PT [2021/03/07 15:59:21 ET]
Table 'Epeios III' 9-max Seat #4 is the button
Seat 1: zoltan7007 ($0.78 in chips) 
Seat 2: TR@BU ($6.34 in chips) 
Seat 3: Dorex2007 ($1.54 in chips) 
Seat 4: Domenico659 ($0.66 in chips) 
Seat 5: regina.sena ($0.77 in chips) 
Seat 6: Shelder87 ($1.89 in chips) 
Seat 7: highrolling420 ($2 in chips) 
Seat 8: s923 ($3.35 in chips) 
Seat 9: Shreyu ($1.64 in chips) 
regina.sena: posts small blind $0.01
Shelder87: posts big blind $0.02
*** HOLE CARDS ***
Dealt to Dorex2007 [4s 3c]
highrolling420: raises $0.04 to $0.06
s923: folds 
Shreyu: folds 
zoltan7007: raises $0.72 to $0.78 and is all-in
TR@BU: folds 
Dorex2007: folds 
Domenico659: folds 
regina.sena: folds 
Shelder87: folds 
highrolling420: folds 
Uncalled bet ($0.72) returned to zoltan7007
zoltan7007 collected $0.15 from pot
zoltan7007: doesn't show hand 
*** SUMMARY ***
Total pot $0.15 | Rake $0 
Seat 1: zoltan7007 collected ($0.15)
Seat 2: TR@BU folded before Flop (didn't bet)
Seat 3: Dorex2007 folded before Flop (didn't bet)
Seat 4: Domenico659 (button) folded before Flop (didn't bet)
Seat 5: regina.sena (small blind) folded before Flop
Seat 6: Shelder87 (big blind) folded before Flop
Seat 7: highrolling420 folded before Flop
Seat 8: s923 folded before Flop (didn't bet)
Seat 9: Shreyu folded before Flop (didn't bet)



PokerStars Hand #224570002509:  Hold'em No Limit ($0.01/$0.02 USD) - 2021/03/07 13:00:14 PT [2021/03/07 16:00:14 ET]
Table 'Epeios III' 9-max Seat #5 is the button
Seat 1: zoltan7007 ($0.87 in chips) 
Seat 2: TR@BU ($6.34 in chips) 
Seat 3: Dorex2007 ($1.54 in chips) 
Seat 4: Domenico659 ($0.66 in chips) 
Seat 5: regina.sena ($0.76 in chips) 
Seat 6: Shelder87 ($1.87 in chips) 
Seat 7: highrolling420 ($2 in chips) 
Seat 8: s923 ($3.35 in chips) 
Seat 9: Shreyu ($1.64 in chips) 
Shelder87: posts small blind $0.01
highrolling420: posts big blind $0.02
*** HOLE CARDS ***
Dealt to Dorex2007 [2d 9c]
s923: folds 
Shreyu: folds 
zoltan7007: folds 
TR@BU: calls $0.02
Dorex2007: folds 
Domenico659: raises $0.02 to $0.04
regina.sena: calls $0.04
Shelder87: folds 
highrolling420: calls $0.02
TR@BU: calls $0.02
*** FLOP *** [2c 3c Kh]
highrolling420: checks 
TR@BU: checks 
Domenico659: bets $0.16
regina.sena: calls $0.16
highrolling420: folds 
TR@BU: folds 
*** TURN *** [2c 3c Kh] [6h]
Domenico659: bets $0.23
regina.sena: raises $0.33 to $0.56 and is all-in
Domenico659: calls $0.23 and is all-in
Uncalled bet ($0.10) returned to regina.sena
*** RIVER *** [2c 3c Kh 6h] [Th]
*** SHOW DOWN ***
Domenico659: shows [Qh Qd] (a pair of Queens)
regina.sena: shows [7d Kc] (a pair of Kings)
regina.sena collected $1.36 from pot
*** SUMMARY ***
Total pot $1.41 | Rake $0.05 
Board [2c 3c Kh 6h Th]
Seat 1: zoltan7007 folded before Flop (didn't bet)
Seat 2: TR@BU folded on the Flop
Seat 3: Dorex2007 folded before Flop (didn't bet)
Seat 4: Domenico659 showed [Qh Qd] and lost with a pair of Queens
Seat 5: regina.sena (button) showed [7d Kc] and won ($1.36) with a pair of Kings
Seat 6: Shelder87 (small blind) folded before Flop
Seat 7: highrolling420 (big blind) folded on the Flop
Seat 8: s923 folded before Flop (didn't bet)
Seat 9: Shreyu folded before Flop (didn't bet)



PokerStars Hand #224570054690:  Hold'em No Limit ($0.01/$0.02 USD) - 2021/03/07 13:01:27 PT [2021/03/07 16:01:27 ET]
Table 'Epeios III' 9-max Seat #6 is the button
Seat 1: zoltan7007 ($0.87 in chips) 
Seat 2: TR@BU ($6.30 in chips) 
Seat 3: Dorex2007 ($1.54 in chips) 
Seat 5: regina.sena ($1.46 in chips) 
Seat 6: Shelder87 ($1.86 in chips) 
Seat 7: highrolling420 ($2 in chips) 
Seat 8: s923 ($3.35 in chips) 
Seat 9: Shreyu ($1.64 in chips) 
highrolling420: posts small blind $0.01
s923: posts big blind $0.02
*** HOLE CARDS ***
Dealt to Dorex2007 [2c 4c]
Shreyu: folds 
zoltan7007: folds 
TR@BU: calls $0.02
Dorex2007: folds 
regina.sena: calls $0.02
Shelder87: folds 
highrolling420: folds 
s923: checks 
*** FLOP *** [9c 9s Kd]
s923: checks 
TR@BU: checks 
regina.sena: checks 
*** TURN *** [9c 9s Kd] [Ks]
s923: checks 
TR@BU: checks 
regina.sena: checks 
*** RIVER *** [9c 9s Kd Ks] [3s]
s923: bets $0.07
TR@BU: calls $0.07
regina.sena: calls $0.07
*** SHOW DOWN ***
s923: shows [9h Jc] (a full house, Nines full of Kings)
TR@BU: mucks hand 
regina.sena: mucks hand 
s923 collected $0.27 from pot
*** SUMMARY ***
Total pot $0.28 | Rake $0.01 
Board [9c 9s Kd Ks 3s]
Seat 1: zoltan7007 folded before Flop (didn't bet)
Seat 2: TR@BU mucked [As 4s]
Seat 3: Dorex2007 folded before Flop (didn't bet)
Seat 5: regina.sena mucked [5s Qs]
Seat 6: Shelder87 (button) folded before Flop (didn't bet)
Seat 7: highrolling420 (small blind) folded before Flop
Seat 8: s923 (big blind) showed [9h Jc] and won ($0.27) with a full house, Nines full of Kings
Seat 9: Shreyu folded before Flop (didn't bet)



PokerStars Hand #224570089618:  Hold'em No Limit ($0.01/$0.02 USD) - 2021/03/07 13:02:17 PT [2021/03/07 16:02:17 ET]
Table 'Epeios III' 9-max Seat #7 is the button
Seat 1: zoltan7007 ($0.87 in chips) 
Seat 2: TR@BU ($6.21 in chips) 
Seat 3: Dorex2007 ($1.54 in chips) 
Seat 5: regina.sena ($1.37 in chips) 
Seat 6: Shelder87 ($1.86 in chips) 
Seat 7: highrolling420 ($2 in chips) 
Seat 8: s923 ($3.53 in chips) 
Seat 9: Shreyu ($1.64 in chips) 
s923: posts small blind $0.01
Shreyu: posts big blind $0.02
*** HOLE CARDS ***
Dealt to Dorex2007 [3d 3h]
zoltan7007: raises $0.06 to $0.08
TR@BU: folds 
Dorex2007: folds 
regina.sena: folds 
Shelder87: folds 
highrolling420: folds 
s923: folds 
Shreyu: folds 
Uncalled bet ($0.06) returned to zoltan7007
zoltan7007 collected $0.05 from pot
zoltan7007: doesn't show hand 
*** SUMMARY ***
Total pot $0.05 | Rake $0 
Seat 1: zoltan7007 collected ($0.05)
Seat 2: TR@BU folded before Flop (didn't bet)
Seat 3: Dorex2007 folded before Flop (didn't bet)
Seat 5: regina.sena folded before Flop (didn't bet)
Seat 6: Shelder87 folded before Flop (didn't bet)
Seat 7: highrolling420 (button) folded before Flop (didn't bet)
Seat 8: s923 (small blind) folded before Flop
Seat 9: Shreyu (big blind) folded before Flop



PokerStars Hand #224570100662:  Hold'em No Limit ($0.01/$0.02 USD) - 2021/03/07 13:02:32 PT [2021/03/07 16:02:32 ET]
Table 'Epeios III' 9-max Seat #8 is the button
Seat 1: zoltan7007 ($0.90 in chips) 
Seat 2: TR@BU ($6.21 in chips) 
Seat 3: Dorex2007 ($1.54 in chips) 
Seat 5: regina.sena ($1.37 in chips) 
Seat 6: Shelder87 ($1.86 in chips) 
Seat 7: highrolling420 ($2 in chips) 
Seat 8: s923 ($3.52 in chips) 
Seat 9: Shreyu ($1.62 in chips) 
Shreyu: posts small blind $0.01
zoltan7007: posts big blind $0.02
*** HOLE CARDS ***
Dealt to Dorex2007 [2d 3h]
TR@BU: folds 
Dorex2007: folds 
regina.sena: folds 
regina.sena leaves the table
Shelder87: raises $0.04 to $0.06
highrolling420: folds 
s923: folds 
Shreyu: folds 
zoltan7007: raises $0.84 to $0.90 and is all-in
Shelder87: folds 
Uncalled bet ($0.84) returned to zoltan7007
zoltan7007 collected $0.13 from pot
zoltan7007: doesn't show hand 
*** SUMMARY ***
Total pot $0.13 | Rake $0 
Seat 1: zoltan7007 (big blind) collected ($0.13)
Seat 2: TR@BU folded before Flop (didn't bet)
Seat 3: Dorex2007 folded before Flop (didn't bet)
Seat 5: regina.sena folded before Flop (didn't bet)
Seat 6: Shelder87 folded before Flop
Seat 7: highrolling420 folded before Flop (didn't bet)
Seat 8: s923 (button) folded before Flop (didn't bet)
Seat 9: Shreyu (small blind) folded before Flop



PokerStars Hand #224570121858:  Hold'em No Limit ($0.01/$0.02 USD) - 2021/03/07 13:02:59 PT [2021/03/07 16:02:59 ET]
Table 'Epeios III' 9-max Seat #9 is the button
Seat 1: zoltan7007 ($0.97 in chips) 
Seat 2: TR@BU ($6.21 in chips) 
Seat 3: Dorex2007 ($1.54 in chips) 
Seat 6: Shelder87 ($1.80 in chips) 
Seat 7: highrolling420 ($2 in chips) 
Seat 8: s923 ($3.52 in chips) 
Seat 9: Shreyu ($1.61 in chips) 
zoltan7007: posts small blind $0.01
TR@BU: posts big blind $0.02
*** HOLE CARDS ***
Dealt to Dorex2007 [3d Jc]
Dorex2007: folds 
Shelder87: folds 
highrolling420: folds 
s923: folds 
Shreyu: folds 
zoltan7007: calls $0.01
TR@BU: checks 
*** FLOP *** [8d 9h 8h]
Domenico659 is disconnected 
zoltan7007: bets $0.02
TR@BU: calls $0.02
*** TURN *** [8d 9h 8h] [Qc]
zoltan7007: checks 
TR@BU: bets $0.08
zoltan7007: calls $0.08
*** RIVER *** [8d 9h 8h Qc] [6c]
zoltan7007: checks 
TR@BU: bets $0.12
zoltan7007: folds 
Uncalled bet ($0.12) returned to TR@BU
TR@BU collected $0.23 from pot
TR@BU: doesn't show hand 
*** SUMMARY ***
Total pot $0.24 | Rake $0.01 
Board [8d 9h 8h Qc 6c]
Seat 1: zoltan7007 (small blind) folded on the River
Seat 2: TR@BU (big blind) collected ($0.23)
Seat 3: Dorex2007 folded before Flop (didn't bet)
Seat 6: Shelder87 folded before Flop (didn't bet)
Seat 7: highrolling420 folded before Flop (didn't bet)
Seat 8: s923 folded before Flop (didn't bet)
Seat 9: Shreyu (button) folded before Flop (didn't bet)



PokerStars Hand #224570157761:  Hold'em No Limit ($0.01/$0.02 USD) - 2021/03/07 13:03:44 PT [2021/03/07 16:03:44 ET]
Table 'Epeios III' 9-max Seat #1 is the button
Seat 1: zoltan7007 ($0.85 in chips) 
Seat 2: TR@BU ($6.32 in chips) 
Seat 3: Dorex2007 ($1.54 in chips) 
Seat 6: Shelder87 ($1.80 in chips) 
Seat 7: highrolling420 ($2 in chips) 
Seat 8: s923 ($3.52 in chips) 
Seat 9: Shreyu ($1.61 in chips) 
TR@BU: posts small blind $0.01
Dorex2007: posts big blind $0.02
*** HOLE CARDS ***
Dealt to Dorex2007 [4h Jh]
Shelder87: folds 
BraveGirl joins the table at seat #5 
highrolling420: raises $0.04 to $0.06
s923: calls $0.06
Shreyu: raises $0.12 to $0.18
zoltan7007: folds 
TR@BU: folds 
Dorex2007: folds 
highrolling420: calls $0.12
s923: folds 
*** FLOP *** [3s 7c Jc]
highrolling420: checks 
Shreyu: bets $0.43
highrolling420: folds 
Uncalled bet ($0.43) returned to Shreyu
Shreyu collected $0.43 from pot
Shreyu: doesn't show hand 
*** SUMMARY ***
Total pot $0.45 | Rake $0.02 
Board [3s 7c Jc]
Seat 1: zoltan7007 (button) folded before Flop (didn't bet)
Seat 2: TR@BU (small blind) folded before Flop
Seat 3: Dorex2007 (big blind) folded before Flop
Seat 6: Shelder87 folded before Flop (didn't bet)
Seat 7: highrolling420 folded on the Flop
Seat 8: s923 folded before Flop
Seat 9: Shreyu collected ($0.43)



PokerStars Hand #224570202483:  Hold'em No Limit ($0.01/$0.02 USD) - 2021/03/07 13:04:36 PT [2021/03/07 16:04:36 ET]
Table 'Epeios III' 9-max Seat #3 is the button
Seat 1: zoltan7007 ($0.85 in chips) 
Seat 3: Dorex2007 ($1.52 in chips) 
Seat 6: Shelder87 ($1.80 in chips) 
Seat 7: highrolling420 ($2 in chips) 
Seat 8: s923 ($3.46 in chips) 
Seat 9: Shreyu ($1.86 in chips) 
Shelder87: posts small blind $0.01
highrolling420: posts big blind $0.02
*** HOLE CARDS ***
Dealt to Dorex2007 [4d 4s]
s923: calls $0.02
Shreyu: folds 
zoltan7007: folds 
Dorex2007: calls $0.02
Shelder87: calls $0.01
highrolling420: checks 
*** FLOP *** [Jc 9s 6s]
Shelder87: checks 
highrolling420: checks 
s923: checks 
Dorex2007: checks 
*** TURN *** [Jc 9s 6s] [Qh]
Shelder87: checks 
highrolling420: checks 
s923: bets $0.04
Dorex2007: folds 
Shelder87: folds 
highrolling420: folds 
Uncalled bet ($0.04) returned to s923
s923 collected $0.08 from pot
s923: doesn't show hand 
*** SUMMARY ***
Total pot $0.08 | Rake $0 
Board [Jc 9s 6s Qh]
Seat 1: zoltan7007 folded before Flop (didn't bet)
Seat 3: Dorex2007 (button) folded on the Turn
Seat 6: Shelder87 (small blind) folded on the Turn
Seat 7: highrolling420 (big blind) folded on the Turn
Seat 8: s923 collected ($0.08)
Seat 9: Shreyu folded before Flop (didn't bet)



PokerStars Hand #224570277671:  Hold'em No Limit ($0.01/$0.02 USD) - 2021/03/07 13:06:06 PT [2021/03/07 16:06:06 ET]
Table 'Epeios III' 9-max Seat #6 is the button
Seat 1: zoltan7007 ($0.85 in chips) 
Seat 2: TR@BU ($6.31 in chips) 
Seat 3: Dorex2007 ($1.50 in chips) 
Seat 5: BraveGirl ($0.80 in chips) 
Seat 6: Shelder87 ($1.78 in chips) 
Seat 7: highrolling420 ($2 in chips) 
Seat 8: s923 ($3.52 in chips) 
Seat 9: Shreyu ($1.86 in chips) 
highrolling420: posts small blind $0.01
s923: posts big blind $0.02
BraveGirl: posts big blind $0.02
*** HOLE CARDS ***
Dealt to Dorex2007 [9c 2h]
Shreyu: folds 
zoltan7007: folds 
TR@BU: calls $0.02
Dorex2007 has timed out
Dorex2007: folds 
BraveGirl: checks 
Shelder87: folds 
highrolling420: folds 
s923: checks 
*** FLOP *** [4c Kc Ad]
s923: checks 
TR@BU: bets $0.07
BraveGirl: folds 
s923: folds 
Uncalled bet ($0.07) returned to TR@BU
TR@BU collected $0.07 from pot
TR@BU: doesn't show hand 
*** SUMMARY ***
Total pot $0.07 | Rake $0 
Board [4c Kc Ad]
Seat 1: zoltan7007 folded before Flop (didn't bet)
Seat 2: TR@BU collected ($0.07)
Seat 3: Dorex2007 folded before Flop (didn't bet)
Seat 5: BraveGirl folded on the Flop (didn't bet)
Seat 6: Shelder87 (button) folded before Flop (didn't bet)
Seat 7: highrolling420 (small blind) folded before Flop
Seat 8: s923 (big blind) folded on the Flop
Seat 9: Shreyu folded before Flop (didn't bet)



PokerStars Hand #224570327328:  Hold'em No Limit ($0.01/$0.02 USD) - 2021/03/07 13:06:56 PT [2021/03/07 16:06:56 ET]
Table 'Epeios III' 9-max Seat #7 is the button
Seat 1: zoltan7007 ($0.85 in chips) 
Seat 2: TR@BU ($6.36 in chips) 
Seat 3: Dorex2007 ($1.50 in chips) 
Seat 5: BraveGirl ($0.78 in chips) 
Seat 6: Shelder87 ($1.78 in chips) 
Seat 7: highrolling420 ($2 in chips) 
Seat 8: s923 ($3.50 in chips) 
Seat 9: Shreyu ($1.86 in chips) 
s923: posts small blind $0.01
Shreyu: posts big blind $0.02
*** HOLE CARDS ***
Dealt to Dorex2007 [9h 6c]
zoltan7007: folds 
TR@BU: folds 
Dorex2007: folds 
BraveGirl: calls $0.02
Shelder87: folds 
highrolling420: folds 
s923: calls $0.01
Shreyu: checks 
*** FLOP *** [4h 7d 3d]
s923: checks 
Shreyu: checks 
BraveGirl: checks 
*** TURN *** [4h 7d 3d] [5c]
s923: checks 
Shreyu: checks 
BraveGirl: checks 
*** RIVER *** [4h 7d 3d 5c] [Ad]
s923: checks 
Shreyu: checks 
BraveGirl: checks 
*** SHOW DOWN ***
s923: shows [9d Qc] (high card Ace)
Shreyu: shows [8h 7c] (a pair of Sevens)
BraveGirl: mucks hand 
Shreyu collected $0.06 from pot
*** SUMMARY ***
Total pot $0.06 | Rake $0 
Board [4h 7d 3d 5c Ad]
Seat 1: zoltan7007 folded before Flop (didn't bet)
Seat 2: TR@BU folded before Flop (didn't bet)
Seat 3: Dorex2007 folded before Flop (didn't bet)
Seat 5: BraveGirl mucked [Jh Qh]
Seat 6: Shelder87 folded before Flop (didn't bet)
Seat 7: highrolling420 (button) folded before Flop (didn't bet)
Seat 8: s923 (small blind) showed [9d Qc] and lost with high card Ace
Seat 9: Shreyu (big blind) showed [8h 7c] and won ($0.06) with a pair of Sevens



PokerStars Hand #224570373955:  Hold'em No Limit ($0.01/$0.02 USD) - 2021/03/07 13:07:51 PT [2021/03/07 16:07:51 ET]
Table 'Epeios III' 9-max Seat #8 is the button
Seat 1: zoltan7007 ($0.85 in chips) 
Seat 2: TR@BU ($6.36 in chips) 
Seat 3: Dorex2007 ($1.50 in chips) 
Seat 5: BraveGirl ($0.76 in chips) 
Seat 6: Shelder87 ($1.78 in chips) 
Seat 7: highrolling420 ($2 in chips) 
Seat 8: s923 ($3.48 in chips) 
Seat 9: Shreyu ($1.90 in chips) 
Shreyu: posts small blind $0.01
zoltan7007: posts big blind $0.02
*** HOLE CARDS ***
Dealt to Dorex2007 [7h 8s]
TR@BU: folds 
Dorex2007: folds 
BraveGirl: folds 
Shelder87: folds 
highrolling420: folds 
s923: folds 
Shreyu: folds 
Uncalled bet ($0.01) returned to zoltan7007
zoltan7007 collected $0.02 from pot
zoltan7007: doesn't show hand 
*** SUMMARY ***
Total pot $0.02 | Rake $0 
Seat 1: zoltan7007 (big blind) collected ($0.02)
Seat 2: TR@BU folded before Flop (didn't bet)
Seat 3: Dorex2007 folded before Flop (didn't bet)
Seat 5: BraveGirl folded before Flop (didn't bet)
Seat 6: Shelder87 folded before Flop (didn't bet)
Seat 7: highrolling420 folded before Flop (didn't bet)
Seat 8: s923 (button) folded before Flop (didn't bet)
Seat 9: Shreyu (small blind) folded before Flop



PokerStars Hand #224570384042:  Hold'em No Limit ($0.01/$0.02 USD) - 2021/03/07 13:08:03 PT [2021/03/07 16:08:03 ET]
Table 'Epeios III' 9-max Seat #9 is the button
Seat 1: zoltan7007 ($0.86 in chips) 
Seat 2: TR@BU ($6.36 in chips) 
Seat 3: Dorex2007 ($1.50 in chips) 
Seat 5: BraveGirl ($0.76 in chips) 
Seat 6: Shelder87 ($1.78 in chips) 
Seat 7: highrolling420 ($2 in chips) 
Seat 8: s923 ($3.48 in chips) 
Seat 9: Shreyu ($1.89 in chips) 
zoltan7007: posts small blind $0.01
TR@BU: posts big blind $0.02
*** HOLE CARDS ***
Dealt to Dorex2007 [Ad 6d]
Dorex2007: folds 
BraveGirl: folds 
Shelder87: folds 
highrolling420: folds 
s923: folds 
Shreyu: folds 
zoltan7007: raises $0.04 to $0.06
TR@BU: folds 
Uncalled bet ($0.04) returned to zoltan7007
zoltan7007 collected $0.04 from pot
zoltan7007: doesn't show hand 
*** SUMMARY ***
Total pot $0.04 | Rake $0 
Seat 1: zoltan7007 (small blind) collected ($0.04)
Seat 2: TR@BU (big blind) folded before Flop
Seat 3: Dorex2007 folded before Flop (didn't bet)
Seat 5: BraveGirl folded before Flop (didn't bet)
Seat 6: Shelder87 folded before Flop (didn't bet)
Seat 7: highrolling420 folded before Flop (didn't bet)
Seat 8: s923 folded before Flop (didn't bet)
Seat 9: Shreyu (button) folded before Flop (didn't bet)



PokerStars Hand #224570403242:  Hold'em No Limit ($0.01/$0.02 USD) - 2021/03/07 13:08:27 PT [2021/03/07 16:08:27 ET]
Table 'Epeios III' 9-max Seat #1 is the button
Seat 1: zoltan7007 ($0.88 in chips) 
Seat 2: TR@BU ($6.34 in chips) 
Seat 3: Dorex2007 ($1.50 in chips) 
Seat 5: BraveGirl ($0.76 in chips) 
Seat 6: Shelder87 ($1.78 in chips) 
Seat 7: highrolling420 ($2 in chips) 
Seat 8: s923 ($3.48 in chips) 
Seat 9: Shreyu ($1.89 in chips) 
TR@BU: posts small blind $0.01
Dorex2007: posts big blind $0.02
*** HOLE CARDS ***
Dealt to Dorex2007 [9d Ks]
BraveGirl: calls $0.02
Shelder87: folds 
highrolling420: folds 
s923: calls $0.02
Shreyu: folds 
zoltan7007: calls $0.02
TR@BU: folds 
Dorex2007: checks 
*** FLOP *** [Jd 9s 5d]
Dorex2007: checks 
BraveGirl: checks 
s923: bets $0.05
zoltan7007: folds 
Dorex2007: calls $0.05
BraveGirl: folds 
*** TURN *** [Jd 9s 5d] [2s]
Dorex2007: checks 
s923: bets $0.09
Dorex2007: calls $0.09
*** RIVER *** [Jd 9s 5d 2s] [4h]
Dorex2007: checks 
s923: checks 
*** SHOW DOWN ***
Dorex2007: shows [9d Ks] (a pair of Nines)
s923: shows [Qd Jc] (a pair of Jacks)
s923 collected $0.36 from pot
*** SUMMARY ***
Total pot $0.37 | Rake $0.01 
Board [Jd 9s 5d 2s 4h]
Seat 1: zoltan7007 (button) folded on the Flop
Seat 2: TR@BU (small blind) folded before Flop
Seat 3: Dorex2007 (big blind) showed [9d Ks] and lost with a pair of Nines
Seat 5: BraveGirl folded on the Flop
Seat 6: Shelder87 folded before Flop (didn't bet)
Seat 7: highrolling420 folded before Flop (didn't bet)
Seat 8: s923 showed [Qd Jc] and won ($0.36) with a pair of Jacks
Seat 9: Shreyu folded before Flop (didn't bet)



PokerStars Hand #224570460898:  Hold'em No Limit ($0.01/$0.02 USD) - 2021/03/07 13:09:36 PT [2021/03/07 16:09:36 ET]
Table 'Epeios III' 9-max Seat #2 is the button
Seat 1: zoltan7007 ($0.86 in chips) 
Seat 2: TR@BU ($6.33 in chips) 
Seat 3: Dorex2007 ($1.34 in chips) 
Seat 5: BraveGirl ($0.74 in chips) 
Seat 6: Shelder87 ($1.78 in chips) 
Seat 7: highrolling420 ($2 in chips) 
Seat 8: s923 ($3.68 in chips) 
Seat 9: Shreyu ($1.89 in chips) 
Dorex2007: posts small blind $0.01
BraveGirl: posts big blind $0.02
*** HOLE CARDS ***
Dealt to Dorex2007 [Tc Js]
Shelder87: folds 
highrolling420: folds 
s923: raises $0.04 to $0.06
Shreyu: folds 
zoltan7007: raises $0.80 to $0.86 and is all-in
TR@BU: folds 
Dorex2007: folds 
BraveGirl: folds 
s923: folds 
Uncalled bet ($0.80) returned to zoltan7007
zoltan7007 collected $0.15 from pot
zoltan7007: doesn't show hand 
*** SUMMARY ***
Total pot $0.15 | Rake $0 
Seat 1: zoltan7007 collected ($0.15)
Seat 2: TR@BU (button) folded before Flop (didn't bet)
Seat 3: Dorex2007 (small blind) folded before Flop
Seat 5: BraveGirl (big blind) folded before Flop
Seat 6: Shelder87 folded before Flop (didn't bet)
Seat 7: highrolling420 folded before Flop (didn't bet)
Seat 8: s923 folded before Flop
Seat 9: Shreyu folded before Flop (didn't bet)



PokerStars Hand #224570486337:  Hold'em No Limit ($0.01/$0.02 USD) - 2021/03/07 13:10:07 PT [2021/03/07 16:10:07 ET]
Table 'Epeios III' 9-max Seat #3 is the button
Seat 1: zoltan7007 ($0.95 in chips) 
Seat 2: TR@BU ($6.33 in chips) 
Seat 3: Dorex2007 ($1.99 in chips) 
Seat 5: BraveGirl ($0.72 in chips) 
Seat 6: Shelder87 ($1.78 in chips) 
Seat 7: highrolling420 ($2 in chips) 
Seat 8: s923 ($3.62 in chips) 
Seat 9: Shreyu ($1.89 in chips) 
BraveGirl: posts small blind $0.01
Shelder87: posts big blind $0.02
*** HOLE CARDS ***
Dealt to Dorex2007 [8h Kd]
highrolling420: folds 
s923: folds 
Shreyu: folds 
zoltan7007: folds 
TR@BU: calls $0.02
Dorex2007: folds 
BraveGirl: folds 
Shelder87: checks 
*** FLOP *** [4s 9s Kh]
Shelder87: checks 
TR@BU: bets $0.05
Shelder87: folds 
Uncalled bet ($0.05) returned to TR@BU
TR@BU collected $0.05 from pot
TR@BU: doesn't show hand 
*** SUMMARY ***
Total pot $0.05 | Rake $0 
Board [4s 9s Kh]
Seat 1: zoltan7007 folded before Flop (didn't bet)
Seat 2: TR@BU collected ($0.05)
Seat 3: Dorex2007 (button) folded before Flop (didn't bet)
Seat 5: BraveGirl (small blind) folded before Flop
Seat 6: Shelder87 (big blind) folded on the Flop
Seat 7: highrolling420 folded before Flop (didn't bet)
Seat 8: s923 folded before Flop (didn't bet)
Seat 9: Shreyu folded before Flop (didn't bet)



