PokerStars Hand #225320300088:  Hold'em No Limit ($0.01/$0.02 USD) - 2021/03/29 16:50:49 PT [2021/03/29 19:50:49 ET]
Table 'Thuringia IV' 9-max Seat #7 is the button
Seat 1: McPartiZano ($3.01 in chips) 
Seat 2: josealfredonino ($1.90 in chips) 
Seat 3: riskalla10 ($1.91 in chips) 
Seat 4: Dorex2007 ($1.50 in chips) 
Seat 5: causavera ($0.54 in chips) 
Seat 6: Fugazi Nemesis ($1.92 in chips) 
Seat 7: k1haku ($0.52 in chips) 
Seat 8: Dami373 ($0.97 in chips) 
Seat 9: Ramellzee ($2.68 in chips) 
Dami373: posts small blind $0.01
Ramellzee: posts big blind $0.02
Dorex2007: posts big blind $0.02
*** HOLE CARDS ***
Dealt to Dorex2007 [Ks 8h]
McPartiZano: folds 
josealfredonino: folds 
McPartiZano leaves the table
riskalla10: raises $0.06 to $0.08
Dorex2007: folds 
causavera: folds 
Fugazi Nemesis: folds 
k1haku: folds 
Dami373: folds 
Kupec Danila joins the table at seat #1 
Ramellzee: calls $0.06
*** FLOP *** [8d Ts 9h]
Ramellzee: checks 
riskalla10: checks 
*** TURN *** [8d Ts 9h] [4s]
Ramellzee: checks 
riskalla10: checks 
*** RIVER *** [8d Ts 9h 4s] [9s]
Ramellzee: checks 
riskalla10: bets $0.09
Ramellzee: folds 
Uncalled bet ($0.09) returned to riskalla10
riskalla10 collected $0.18 from pot
riskalla10: doesn't show hand 
*** SUMMARY ***
Total pot $0.19 | Rake $0.01 
Board [8d Ts 9h 4s 9s]
Seat 1: McPartiZano folded before Flop (didn't bet)
Seat 2: josealfredonino folded before Flop (didn't bet)
Seat 3: riskalla10 collected ($0.18)
Seat 4: Dorex2007 folded before Flop (didn't bet)
Seat 5: causavera folded before Flop (didn't bet)
Seat 6: Fugazi Nemesis folded before Flop (didn't bet)
Seat 7: k1haku (button) folded before Flop (didn't bet)
Seat 8: Dami373 (small blind) folded before Flop
Seat 9: Ramellzee (big blind) folded on the River



PokerStars Hand #225320320985:  Hold'em No Limit ($0.01/$0.02 USD) - 2021/03/29 16:51:48 PT [2021/03/29 19:51:48 ET]
Table 'Thuringia IV' 9-max Seat #8 is the button
Seat 1: Kupec Danila ($1 in chips) 
Seat 2: josealfredonino ($1.90 in chips) 
Seat 3: riskalla10 ($2.01 in chips) 
Seat 4: Dorex2007 ($1.48 in chips) 
Seat 5: causavera ($0.54 in chips) 
Seat 6: Fugazi Nemesis ($1.92 in chips) 
Seat 7: k1haku ($0.52 in chips) 
Seat 8: Dami373 ($0.96 in chips) 
Seat 9: Ramellzee ($2.60 in chips) 
Ramellzee: posts small blind $0.01
Kupec Danila: posts big blind $0.02
*** HOLE CARDS ***
Dealt to Dorex2007 [2h Kh]
josealfredonino: folds 
riskalla10: folds 
Dorex2007: folds 
causavera: folds 
Fugazi Nemesis: folds 
k1haku: raises $0.02 to $0.04
Dami373: calls $0.04
Ramellzee: folds 
Kupec Danila: folds 
*** FLOP *** [4h 4c Kd]
k1haku: checks 
Dami373: checks 
*** TURN *** [4h 4c Kd] [Tc]
k1haku: bets $0.04
Dami373: folds 
Uncalled bet ($0.04) returned to k1haku
k1haku collected $0.11 from pot
k1haku: doesn't show hand 
*** SUMMARY ***
Total pot $0.11 | Rake $0 
Board [4h 4c Kd Tc]
Seat 1: Kupec Danila (big blind) folded before Flop
Seat 2: josealfredonino folded before Flop (didn't bet)
Seat 3: riskalla10 folded before Flop (didn't bet)
Seat 4: Dorex2007 folded before Flop (didn't bet)
Seat 5: causavera folded before Flop (didn't bet)
Seat 6: Fugazi Nemesis folded before Flop (didn't bet)
Seat 7: k1haku collected ($0.11)
Seat 8: Dami373 (button) folded on the Turn
Seat 9: Ramellzee (small blind) folded before Flop



PokerStars Hand #225320346098:  Hold'em No Limit ($0.01/$0.02 USD) - 2021/03/29 16:53:00 PT [2021/03/29 19:53:00 ET]
Table 'Thuringia IV' 9-max Seat #9 is the button
Seat 1: Kupec Danila ($1 in chips) 
Seat 2: josealfredonino ($1.90 in chips) 
Seat 3: riskalla10 ($2.01 in chips) 
Seat 4: Dorex2007 ($2 in chips) 
Seat 5: causavera ($0.54 in chips) 
Seat 6: Fugazi Nemesis ($1.92 in chips) 
Seat 7: k1haku ($0.59 in chips) 
Seat 8: Dami373 ($0.92 in chips) 
Seat 9: Ramellzee ($2.59 in chips) 
Kupec Danila: posts small blind $0.01
josealfredonino: posts big blind $0.02
*** HOLE CARDS ***
Dealt to Dorex2007 [Jc 8d]
riskalla10: folds 
Dorex2007: folds 
causavera: folds 
Fugazi Nemesis: folds 
k1haku: calls $0.02
Dami373: calls $0.02
Ramellzee: folds 
Kupec Danila: folds 
josealfredonino: checks 
*** FLOP *** [Qs 2s 5d]
josealfredonino: checks 
k1haku: bets $0.03
Dami373: calls $0.03
josealfredonino: folds 
*** TURN *** [Qs 2s 5d] [Jd]
k1haku: bets $0.04
Dami373: calls $0.04
*** RIVER *** [Qs 2s 5d Jd] [8c]
k1haku: checks 
Dami373: bets $0.20
k1haku: folds 
Uncalled bet ($0.20) returned to Dami373
Dami373 collected $0.20 from pot
Dami373: doesn't show hand 
*** SUMMARY ***
Total pot $0.21 | Rake $0.01 
Board [Qs 2s 5d Jd 8c]
Seat 1: Kupec Danila (small blind) folded before Flop
Seat 2: josealfredonino (big blind) folded on the Flop
Seat 3: riskalla10 folded before Flop (didn't bet)
Seat 4: Dorex2007 folded before Flop (didn't bet)
Seat 5: causavera folded before Flop (didn't bet)
Seat 6: Fugazi Nemesis folded before Flop (didn't bet)
Seat 7: k1haku folded on the River
Seat 8: Dami373 collected ($0.20)
Seat 9: Ramellzee (button) folded before Flop (didn't bet)



PokerStars Hand #225320388296:  Hold'em No Limit ($0.01/$0.02 USD) - 2021/03/29 16:55:02 PT [2021/03/29 19:55:02 ET]
Table 'Thuringia IV' 9-max Seat #1 is the button
Seat 1: Kupec Danila ($1 in chips) 
Seat 2: josealfredonino ($1.88 in chips) 
Seat 3: riskalla10 ($2.01 in chips) 
Seat 4: Dorex2007 ($2 in chips) 
Seat 5: causavera ($0.54 in chips) 
Seat 6: Fugazi Nemesis ($1.92 in chips) 
Seat 7: k1haku ($0.50 in chips) 
Seat 8: Dami373 ($1.03 in chips) 
Seat 9: Ramellzee ($2.59 in chips) 
josealfredonino: posts small blind $0.01
riskalla10: posts big blind $0.02
*** HOLE CARDS ***
Dealt to Dorex2007 [Kh Kc]
Dorex2007: raises $0.04 to $0.06
causavera: folds 
Fugazi Nemesis: folds 
k1haku: calls $0.06
Dami373: folds 
Ramellzee: folds 
Kupec Danila: folds 
josealfredonino: folds 
riskalla10: folds 
*** FLOP *** [3c 4d Ac]
Dorex2007: checks 
k1haku: bets $0.04
Dorex2007: calls $0.04
*** TURN *** [3c 4d Ac] [Tc]
Dorex2007: checks 
k1haku: bets $0.04
Dorex2007: calls $0.04
*** RIVER *** [3c 4d Ac Tc] [9c]
Dorex2007: checks 
k1haku: checks 
*** SHOW DOWN ***
Dorex2007: shows [Kh Kc] (a flush, Ace high)
k1haku: mucks hand 
Dorex2007 collected $0.30 from pot
*** SUMMARY ***
Total pot $0.31 | Rake $0.01 
Board [3c 4d Ac Tc 9c]
Seat 1: Kupec Danila (button) folded before Flop (didn't bet)
Seat 2: josealfredonino (small blind) folded before Flop
Seat 3: riskalla10 (big blind) folded before Flop
Seat 4: Dorex2007 showed [Kh Kc] and won ($0.30) with a flush, Ace high
Seat 5: causavera folded before Flop (didn't bet)
Seat 6: Fugazi Nemesis folded before Flop (didn't bet)
Seat 7: k1haku mucked [5d 5s]
Seat 8: Dami373 folded before Flop (didn't bet)
Seat 9: Ramellzee folded before Flop (didn't bet)



PokerStars Hand #225320404337:  Hold'em No Limit ($0.01/$0.02 USD) - 2021/03/29 16:55:56 PT [2021/03/29 19:55:56 ET]
Table 'Thuringia IV' 9-max Seat #2 is the button
Seat 1: Kupec Danila ($1 in chips) 
Seat 2: josealfredonino ($1.87 in chips) 
Seat 3: riskalla10 ($1.99 in chips) 
Seat 4: Dorex2007 ($2.16 in chips) 
Seat 5: causavera ($0.54 in chips) 
Seat 6: Fugazi Nemesis ($1.92 in chips) 
Seat 7: k1haku ($0.36 in chips) 
Seat 8: Dami373 ($1.03 in chips) 
Seat 9: Ramellzee ($2.59 in chips) 
riskalla10: posts small blind $0.01
Dorex2007: posts big blind $0.02
*** HOLE CARDS ***
Dealt to Dorex2007 [As 3h]
causavera: folds 
Fugazi Nemesis: folds 
k1haku: folds 
Dami373: calls $0.02
Ramellzee: folds 
Kupec Danila: folds 
josealfredonino: calls $0.02
riskalla10: folds 
Dorex2007: checks 
*** FLOP *** [7d Ts Qs]
Dorex2007: checks 
Dami373: bets $0.04
josealfredonino: folds 
Dorex2007: folds 
Uncalled bet ($0.04) returned to Dami373
Dami373 collected $0.07 from pot
Dami373: doesn't show hand 
*** SUMMARY ***
Total pot $0.07 | Rake $0 
Board [7d Ts Qs]
Seat 1: Kupec Danila folded before Flop (didn't bet)
Seat 2: josealfredonino (button) folded on the Flop
Seat 3: riskalla10 (small blind) folded before Flop
Seat 4: Dorex2007 (big blind) folded on the Flop
Seat 5: causavera folded before Flop (didn't bet)
Seat 6: Fugazi Nemesis folded before Flop (didn't bet)
Seat 7: k1haku folded before Flop (didn't bet)
Seat 8: Dami373 collected ($0.07)
Seat 9: Ramellzee folded before Flop (didn't bet)



PokerStars Hand #225320425121:  Hold'em No Limit ($0.01/$0.02 USD) - 2021/03/29 16:57:11 PT [2021/03/29 19:57:11 ET]
Table 'Thuringia IV' 9-max Seat #3 is the button
Seat 1: Kupec Danila ($1 in chips) 
Seat 2: josealfredonino ($1.85 in chips) 
Seat 3: riskalla10 ($1.98 in chips) 
Seat 4: Dorex2007 ($2.14 in chips) 
Seat 5: causavera ($0.54 in chips) 
Seat 6: Fugazi Nemesis ($1.92 in chips) 
Seat 7: k1haku ($0.36 in chips) 
Seat 8: Dami373 ($1.08 in chips) 
Seat 9: Ramellzee ($2.59 in chips) 
Dorex2007: posts small blind $0.01
causavera: posts big blind $0.02
*** HOLE CARDS ***
Dealt to Dorex2007 [3s As]
Fugazi Nemesis: raises $0.05 to $0.07
k1haku: folds 
Dami373: folds 
Ramellzee: folds 
Kupec Danila: raises $0.17 to $0.24
josealfredonino: folds 
riskalla10: folds 
Dorex2007: folds 
causavera: folds 
Fugazi Nemesis: raises $0.28 to $0.52
Kupec Danila: raises $0.48 to $1 and is all-in
Fugazi Nemesis: calls $0.48
Kupec Danila has timed out
*** FLOP *** [Jh 4c 3d]
*** TURN *** [Jh 4c 3d] [7h]
*** RIVER *** [Jh 4c 3d 7h] [9h]
*** SHOW DOWN ***
Fugazi Nemesis: shows [Ac Ad] (a pair of Aces)
Kupec Danila: shows [Kh Kc] (a pair of Kings)
Fugazi Nemesis collected $1.96 from pot
*** SUMMARY ***
Total pot $2.03 | Rake $0.07 
Board [Jh 4c 3d 7h 9h]
Seat 1: Kupec Danila showed [Kh Kc] and lost with a pair of Kings
Seat 2: josealfredonino folded before Flop (didn't bet)
Seat 3: riskalla10 (button) folded before Flop (didn't bet)
Seat 4: Dorex2007 (small blind) folded before Flop
Seat 5: causavera (big blind) folded before Flop
Seat 6: Fugazi Nemesis showed [Ac Ad] and won ($1.96) with a pair of Aces
Seat 7: k1haku folded before Flop (didn't bet)
Seat 8: Dami373 folded before Flop (didn't bet)
Seat 9: Ramellzee folded before Flop (didn't bet)



PokerStars Hand #225320441302:  Hold'em No Limit ($0.01/$0.02 USD) - 2021/03/29 16:58:09 PT [2021/03/29 19:58:09 ET]
Table 'Thuringia IV' 9-max Seat #4 is the button
Seat 1: Kupec Danila ($1 in chips) 
Seat 2: josealfredonino ($1.85 in chips) 
Seat 3: riskalla10 ($1.98 in chips) 
Seat 4: Dorex2007 ($2.13 in chips) 
Seat 5: causavera ($0.52 in chips) 
Seat 6: Fugazi Nemesis ($2.88 in chips) 
Seat 7: k1haku ($0.36 in chips) 
Seat 8: Dami373 ($1.08 in chips) 
Seat 9: Ramellzee ($2.59 in chips) 
causavera: posts small blind $0.01
Fugazi Nemesis: posts big blind $0.02
*** HOLE CARDS ***
Dealt to Dorex2007 [Ts 3s]
k1haku: raises $0.02 to $0.04
Dami373: folds 
Ramellzee: folds 
Ramellzee leaves the table
Kupec Danila: folds 
josealfredonino: folds 
riskalla10: folds 
Dorex2007: folds 
causavera: folds 
Fugazi Nemesis: folds 
Uncalled bet ($0.02) returned to k1haku
k1haku collected $0.05 from pot
k1haku: doesn't show hand 
*** SUMMARY ***
Total pot $0.05 | Rake $0 
Seat 1: Kupec Danila folded before Flop (didn't bet)
Seat 2: josealfredonino folded before Flop (didn't bet)
Seat 3: riskalla10 folded before Flop (didn't bet)
Seat 4: Dorex2007 (button) folded before Flop (didn't bet)
Seat 5: causavera (small blind) folded before Flop
Seat 6: Fugazi Nemesis (big blind) folded before Flop
Seat 7: k1haku collected ($0.05)
Seat 8: Dami373 folded before Flop (didn't bet)
Seat 9: Ramellzee folded before Flop (didn't bet)



PokerStars Hand #225320447308:  Hold'em No Limit ($0.01/$0.02 USD) - 2021/03/29 16:58:31 PT [2021/03/29 19:58:31 ET]
Table 'Thuringia IV' 9-max Seat #5 is the button
Seat 1: Kupec Danila ($1 in chips) 
Seat 2: josealfredonino ($1.85 in chips) 
Seat 3: riskalla10 ($1.98 in chips) 
Seat 4: Dorex2007 ($2.13 in chips) 
Seat 5: causavera ($0.51 in chips) 
Seat 6: Fugazi Nemesis ($2.86 in chips) 
Seat 7: k1haku ($0.39 in chips) 
Seat 8: Dami373 ($1.08 in chips) 
Fugazi Nemesis: posts small blind $0.01
k1haku: posts big blind $0.02
*** HOLE CARDS ***
Dealt to Dorex2007 [9c 2h]
Dami373: calls $0.02
Kupec Danila: folds 
josealfredonino: folds 
riskalla10: folds 
Dorex2007: folds 
causavera: folds 
Fugazi Nemesis: folds 
k1haku: checks 
*** FLOP *** [Tc 4c Kh]
k1haku: checks 
Dami373: bets $0.05
lolilolka joins the table at seat #9 
k1haku: folds 
Uncalled bet ($0.05) returned to Dami373
Dami373 collected $0.05 from pot
Dami373: doesn't show hand 
*** SUMMARY ***
Total pot $0.05 | Rake $0 
Board [Tc 4c Kh]
Seat 1: Kupec Danila folded before Flop (didn't bet)
Seat 2: josealfredonino folded before Flop (didn't bet)
Seat 3: riskalla10 folded before Flop (didn't bet)
Seat 4: Dorex2007 folded before Flop (didn't bet)
Seat 5: causavera (button) folded before Flop (didn't bet)
Seat 6: Fugazi Nemesis (small blind) folded before Flop
Seat 7: k1haku (big blind) folded on the Flop
Seat 8: Dami373 collected ($0.05)



PokerStars Hand #225320457808:  Hold'em No Limit ($0.01/$0.02 USD) - 2021/03/29 16:59:09 PT [2021/03/29 19:59:09 ET]
Table 'Thuringia IV' 9-max Seat #6 is the button
Seat 1: Kupec Danila ($1 in chips) 
Seat 2: josealfredonino ($1.85 in chips) 
Seat 3: riskalla10 ($1.98 in chips) 
Seat 4: Dorex2007 ($2.13 in chips) 
Seat 5: causavera ($0.51 in chips) 
Seat 6: Fugazi Nemesis ($2.85 in chips) 
Seat 7: k1haku ($0.37 in chips) 
Seat 8: Dami373 ($1.11 in chips) 
k1haku: posts small blind $0.01
Dami373: posts big blind $0.02
lolilolka: sits out 
*** HOLE CARDS ***
Dealt to Dorex2007 [Kh Qs]
Kupec Danila: raises $0.04 to $0.06
josealfredonino: folds 
riskalla10: folds 
Dorex2007: calls $0.06
causavera: calls $0.06
Fugazi Nemesis: folds 
k1haku: raises $0.31 to $0.37 and is all-in
Dami373: folds 
Kupec Danila: calls $0.31
Dorex2007: folds 
causavera: folds 
*** FLOP *** [3d 9c 4s]
*** TURN *** [3d 9c 4s] [Ah]
*** RIVER *** [3d 9c 4s Ah] [6c]
*** SHOW DOWN ***
k1haku: shows [7s Kd] (high card Ace)
Kupec Danila: shows [Jd Td] (high card Ace - lower kicker)
k1haku collected $0.85 from pot
Kupec Danila cashed out the hand for $0.40
*** SUMMARY ***
Total pot $0.88 | Rake $0.03 
Board [3d 9c 4s Ah 6c]
Seat 1: Kupec Danila showed [Jd Td] and lost with high card Ace (cashed out).
Seat 2: josealfredonino folded before Flop (didn't bet)
Seat 3: riskalla10 folded before Flop (didn't bet)
Seat 4: Dorex2007 folded before Flop
Seat 5: causavera folded before Flop
Seat 6: Fugazi Nemesis (button) folded before Flop (didn't bet)
Seat 7: k1haku (small blind) showed [7s Kd] and won ($0.85) with high card Ace
Seat 8: Dami373 (big blind) folded before Flop



PokerStars Hand #225320481658:  Hold'em No Limit ($0.01/$0.02 USD) - 2021/03/29 17:00:01 PT [2021/03/29 20:00:01 ET]
Table 'Thuringia IV' 9-max Seat #7 is the button
Seat 1: Kupec Danila ($1.03 in chips) 
Seat 2: josealfredonino ($1.85 in chips) 
Seat 3: riskalla10 ($1.98 in chips) 
Seat 4: Dorex2007 ($2.07 in chips) 
Seat 5: causavera ($0.45 in chips) 
Seat 6: Fugazi Nemesis ($2.85 in chips) 
Seat 7: k1haku ($0.85 in chips) 
Seat 8: Dami373 ($1.09 in chips) 
Seat 9: lolilolka ($2 in chips) 
Dami373: posts small blind $0.01
lolilolka: posts big blind $0.02
*** HOLE CARDS ***
Dealt to Dorex2007 [4h Jh]
Kupec Danila: folds 
josealfredonino: folds 
riskalla10: folds 
Dorex2007: folds 
causavera: folds 
Fugazi Nemesis: folds 
k1haku: raises $0.02 to $0.04
Dami373: calls $0.03
lolilolka: folds 
*** FLOP *** [Qh 9h 7d]
Dami373: checks 
k1haku: checks 
*** TURN *** [Qh 9h 7d] [Th]
Dami373: bets $0.05
k1haku: folds 
Uncalled bet ($0.05) returned to Dami373
Dami373 collected $0.10 from pot
Dami373: doesn't show hand 
*** SUMMARY ***
Total pot $0.10 | Rake $0 
Board [Qh 9h 7d Th]
Seat 1: Kupec Danila folded before Flop (didn't bet)
Seat 2: josealfredonino folded before Flop (didn't bet)
Seat 3: riskalla10 folded before Flop (didn't bet)
Seat 4: Dorex2007 folded before Flop (didn't bet)
Seat 5: causavera folded before Flop (didn't bet)
Seat 6: Fugazi Nemesis folded before Flop (didn't bet)
Seat 7: k1haku (button) folded on the Turn
Seat 8: Dami373 (small blind) collected ($0.10)
Seat 9: lolilolka (big blind) folded before Flop



PokerStars Hand #225320501447:  Hold'em No Limit ($0.01/$0.02 USD) - 2021/03/29 17:01:07 PT [2021/03/29 20:01:07 ET]
Table 'Thuringia IV' 9-max Seat #8 is the button
Seat 1: Kupec Danila ($1.03 in chips) 
Seat 2: josealfredonino ($1.85 in chips) 
Seat 3: riskalla10 ($1.98 in chips) 
Seat 4: Dorex2007 ($2.07 in chips) 
Seat 5: causavera ($0.45 in chips) 
Seat 6: Fugazi Nemesis ($2.85 in chips) 
Seat 7: k1haku ($0.81 in chips) 
Seat 8: Dami373 ($1.15 in chips) 
Seat 9: lolilolka ($1.98 in chips) 
lolilolka: posts small blind $0.01
Kupec Danila: posts big blind $0.02
*** HOLE CARDS ***
Dealt to Dorex2007 [Jh 7s]
josealfredonino: folds 
riskalla10: folds 
Dorex2007: folds 
causavera: folds 
Fugazi Nemesis: folds 
k1haku: raises $0.02 to $0.04
Dami373: folds 
lolilolka: folds 
Kupec Danila: calls $0.02
*** FLOP *** [5c Ts 4s]
Kupec Danila: checks 
k1haku: bets $0.03
Kupec Danila: raises $0.05 to $0.08
k1haku: folds 
Uncalled bet ($0.05) returned to Kupec Danila
Kupec Danila collected $0.14 from pot
*** SUMMARY ***
Total pot $0.15 | Rake $0.01 
Board [5c Ts 4s]
Seat 1: Kupec Danila (big blind) collected ($0.14)
Seat 2: josealfredonino folded before Flop (didn't bet)
Seat 3: riskalla10 folded before Flop (didn't bet)
Seat 4: Dorex2007 folded before Flop (didn't bet)
Seat 5: causavera folded before Flop (didn't bet)
Seat 6: Fugazi Nemesis folded before Flop (didn't bet)
Seat 7: k1haku folded on the Flop
Seat 8: Dami373 (button) folded before Flop (didn't bet)
Seat 9: lolilolka (small blind) folded before Flop



PokerStars Hand #225320517951:  Hold'em No Limit ($0.01/$0.02 USD) - 2021/03/29 17:01:57 PT [2021/03/29 20:01:57 ET]
Table 'Thuringia IV' 9-max Seat #9 is the button
Seat 1: Kupec Danila ($1.10 in chips) 
Seat 2: josealfredonino ($1.85 in chips) 
Seat 3: riskalla10 ($1.98 in chips) 
Seat 4: Dorex2007 ($2.07 in chips) 
Seat 5: causavera ($0.45 in chips) 
Seat 6: Fugazi Nemesis ($2.85 in chips) 
Seat 7: k1haku ($0.74 in chips) 
Seat 8: Dami373 ($1.15 in chips) 
Seat 9: lolilolka ($1.97 in chips) 
Kupec Danila: posts small blind $0.01
josealfredonino: posts big blind $0.02
*** HOLE CARDS ***
Dealt to Dorex2007 [Jd 5h]
riskalla10: folds 
Dorex2007: folds 
causavera: folds 
Fugazi Nemesis: folds 
k1haku: raises $0.02 to $0.04
Dami373: calls $0.04
lolilolka: folds 
Kupec Danila: folds 
josealfredonino: folds 
*** FLOP *** [4s 3c 7d]
k1haku: checks 
Dami373: checks 
*** TURN *** [4s 3c 7d] [Ah]
k1haku: checks 
Dami373: checks 
*** RIVER *** [4s 3c 7d Ah] [Td]
k1haku: checks 
Dami373: bets $0.05
k1haku: calls $0.05
*** SHOW DOWN ***
Dami373: shows [Kc Qs] (high card Ace)
k1haku: shows [6c Tc] (a pair of Tens)
k1haku collected $0.20 from pot
*** SUMMARY ***
Total pot $0.21 | Rake $0.01 
Board [4s 3c 7d Ah Td]
Seat 1: Kupec Danila (small blind) folded before Flop
Seat 2: josealfredonino (big blind) folded before Flop
Seat 3: riskalla10 folded before Flop (didn't bet)
Seat 4: Dorex2007 folded before Flop (didn't bet)
Seat 5: causavera folded before Flop (didn't bet)
Seat 6: Fugazi Nemesis folded before Flop (didn't bet)
Seat 7: k1haku showed [6c Tc] and won ($0.20) with a pair of Tens
Seat 8: Dami373 showed [Kc Qs] and lost with high card Ace
Seat 9: lolilolka (button) folded before Flop (didn't bet)



PokerStars Hand #225320538508:  Hold'em No Limit ($0.01/$0.02 USD) - 2021/03/29 17:02:58 PT [2021/03/29 20:02:58 ET]
Table 'Thuringia IV' 9-max Seat #1 is the button
Seat 1: Kupec Danila ($1.09 in chips) 
Seat 2: josealfredonino ($1.83 in chips) 
Seat 3: riskalla10 ($1.98 in chips) 
Seat 4: Dorex2007 ($2.07 in chips) 
Seat 5: causavera ($0.45 in chips) 
Seat 6: Fugazi Nemesis ($2.85 in chips) 
Seat 7: k1haku ($0.85 in chips) 
Seat 8: Dami373 ($1.06 in chips) 
Seat 9: lolilolka ($1.97 in chips) 
josealfredonino: posts small blind $0.01
riskalla10: posts big blind $0.02
*** HOLE CARDS ***
Dealt to Dorex2007 [Ac 5h]
Dorex2007: folds 
causavera: folds 
Fugazi Nemesis: folds 
k1haku: raises $0.02 to $0.04
Dami373: folds 
lolilolka: folds 
Kupec Danila: folds 
josealfredonino: folds 
riskalla10: folds 
Uncalled bet ($0.02) returned to k1haku
k1haku collected $0.05 from pot
k1haku: doesn't show hand 
*** SUMMARY ***
Total pot $0.05 | Rake $0 
Seat 1: Kupec Danila (button) folded before Flop (didn't bet)
Seat 2: josealfredonino (small blind) folded before Flop
Seat 3: riskalla10 (big blind) folded before Flop
Seat 4: Dorex2007 folded before Flop (didn't bet)
Seat 5: causavera folded before Flop (didn't bet)
Seat 6: Fugazi Nemesis folded before Flop (didn't bet)
Seat 7: k1haku collected ($0.05)
Seat 8: Dami373 folded before Flop (didn't bet)
Seat 9: lolilolka folded before Flop (didn't bet)



PokerStars Hand #225320675400:  Hold'em No Limit ($0.01/$0.02 USD) - 2021/03/29 17:09:44 PT [2021/03/29 20:09:44 ET]
Table 'Thuringia IV' 9-max Seat #2 is the button
Seat 1: Kupec Danila ($1.18 in chips) 
Seat 2: josealfredonino ($2.06 in chips) 
Seat 3: riskalla10 ($1.90 in chips) 
Seat 4: Dorex2007 ($2.07 in chips) 
Seat 5: causavera ($0.40 in chips) 
Seat 7: k1haku ($0.68 in chips) 
Seat 8: Dami373 ($1.01 in chips) 
Seat 9: lolilolka ($2.21 in chips) 
riskalla10: posts small blind $0.01
Dorex2007: posts big blind $0.02
pokers64ru: sits out 
*** HOLE CARDS ***
Dealt to Dorex2007 [Kh Qh]
causavera: folds 
k1haku: folds 
Dami373: folds 
lolilolka: folds 
Kupec Danila: raises $0.04 to $0.06
josealfredonino: folds 
riskalla10: folds 
Dorex2007: calls $0.04
*** FLOP *** [8d 2d 3h]
Dorex2007: checks 
Kupec Danila: checks 
*** TURN *** [8d 2d 3h] [As]
Dorex2007: bets $0.13
Kupec Danila: folds 
Uncalled bet ($0.13) returned to Dorex2007
Dorex2007 collected $0.13 from pot
Dorex2007: doesn't show hand 
*** SUMMARY ***
Total pot $0.13 | Rake $0 
Board [8d 2d 3h As]
Seat 1: Kupec Danila folded on the Turn
Seat 2: josealfredonino (button) folded before Flop (didn't bet)
Seat 3: riskalla10 (small blind) folded before Flop
Seat 4: Dorex2007 (big blind) collected ($0.13)
Seat 5: causavera folded before Flop (didn't bet)
Seat 7: k1haku folded before Flop (didn't bet)
Seat 8: Dami373 folded before Flop (didn't bet)
Seat 9: lolilolka folded before Flop (didn't bet)



PokerStars Hand #225320687131:  Hold'em No Limit ($0.01/$0.02 USD) - 2021/03/29 17:10:19 PT [2021/03/29 20:10:19 ET]
Table 'Thuringia IV' 9-max Seat #3 is the button
Seat 1: Kupec Danila ($1.12 in chips) 
Seat 2: josealfredonino ($2.06 in chips) 
Seat 3: riskalla10 ($1.89 in chips) 
Seat 4: Dorex2007 ($2.14 in chips) 
Seat 5: causavera ($0.40 in chips) 
Seat 7: k1haku ($0.68 in chips) 
Seat 8: Dami373 ($1.01 in chips) 
Seat 9: lolilolka ($2.21 in chips) 
Dorex2007: posts small blind $0.01
causavera: posts big blind $0.02
pokers64ru: sits out 
*** HOLE CARDS ***
Dealt to Dorex2007 [Tc 6c]
k1haku: raises $0.02 to $0.04
Dami373: folds 
lolilolka: calls $0.04
Kupec Danila: calls $0.04
josealfredonino: folds 
riskalla10: folds 
Dorex2007: folds 
causavera: folds 
*** FLOP *** [5c 6d 9c]
k1haku: bets $0.04
lolilolka: calls $0.04
Kupec Danila: folds 
*** TURN *** [5c 6d 9c] [7h]
k1haku: bets $0.04
lolilolka: calls $0.04
*** RIVER *** [5c 6d 9c 7h] [Ah]
k1haku: bets $0.15
lolilolka: raises $0.60 to $0.75
k1haku: calls $0.41 and is all-in
Uncalled bet ($0.19) returned to lolilolka
*** SHOW DOWN ***
lolilolka: shows [8c 8s] (a straight, Five to Nine)
k1haku: shows [9d As] (two pair, Aces and Nines)
lolilolka collected $1.38 from pot
*** SUMMARY ***
Total pot $1.43 | Rake $0.05 
Board [5c 6d 9c 7h Ah]
Seat 1: Kupec Danila folded on the Flop
Seat 2: josealfredonino folded before Flop (didn't bet)
Seat 3: riskalla10 (button) folded before Flop (didn't bet)
Seat 4: Dorex2007 (small blind) folded before Flop
Seat 5: causavera (big blind) folded before Flop
Seat 7: k1haku showed [9d As] and lost with two pair, Aces and Nines
Seat 8: Dami373 folded before Flop (didn't bet)
Seat 9: lolilolka showed [8c 8s] and won ($1.38) with a straight, Five to Nine



PokerStars Hand #225320709163:  Hold'em No Limit ($0.01/$0.02 USD) - 2021/03/29 17:11:25 PT [2021/03/29 20:11:25 ET]
Table 'Thuringia IV' 9-max Seat #4 is the button
Seat 1: Kupec Danila ($1.08 in chips) 
Seat 2: josealfredonino ($2.06 in chips) 
Seat 3: riskalla10 ($1.89 in chips) 
Seat 4: Dorex2007 ($2.13 in chips) 
Seat 5: causavera ($0.38 in chips) 
Seat 6: pokers64ru ($2 in chips) 
Seat 8: Dami373 ($1.01 in chips) 
Seat 9: lolilolka ($2.91 in chips) 
causavera: posts small blind $0.01
pokers64ru: posts big blind $0.02
*** HOLE CARDS ***
Dealt to Dorex2007 [6c 8s]
k1haku leaves the table
Dami373 has timed out
Dami373: folds 
yjqian23 joins the table at seat #7 
lolilolka: folds 
Kupec Danila: folds 
josealfredonino: folds 
riskalla10: folds 
Dorex2007: folds 
causavera: calls $0.01
pokers64ru: checks 
*** FLOP *** [Td 8d Ts]
causavera: checks 
pokers64ru: checks 
*** TURN *** [Td 8d Ts] [6d]
causavera: checks 
pokers64ru: checks 
*** RIVER *** [Td 8d Ts 6d] [3c]
causavera: checks 
pokers64ru: checks 
*** SHOW DOWN ***
causavera: shows [Kh 6h] (two pair, Tens and Sixes)
pokers64ru: mucks hand 
causavera collected $0.04 from pot
*** SUMMARY ***
Total pot $0.04 | Rake $0 
Board [Td 8d Ts 6d 3c]
Seat 1: Kupec Danila folded before Flop (didn't bet)
Seat 2: josealfredonino folded before Flop (didn't bet)
Seat 3: riskalla10 folded before Flop (didn't bet)
Seat 4: Dorex2007 (button) folded before Flop (didn't bet)
Seat 5: causavera (small blind) showed [Kh 6h] and won ($0.04) with two pair, Tens and Sixes
Seat 6: pokers64ru (big blind) mucked [2s 4h]
Seat 8: Dami373 folded before Flop (didn't bet)
Seat 9: lolilolka folded before Flop (didn't bet)



PokerStars Hand #225320725318:  Hold'em No Limit ($0.01/$0.02 USD) - 2021/03/29 17:12:14 PT [2021/03/29 20:12:14 ET]
Table 'Thuringia IV' 9-max Seat #5 is the button
Seat 1: Kupec Danila ($1.08 in chips) 
Seat 2: josealfredonino ($2.06 in chips) 
Seat 3: riskalla10 ($1.89 in chips) 
Seat 4: Dorex2007 ($2.13 in chips) 
Seat 5: causavera ($0.40 in chips) 
Seat 6: pokers64ru ($2 in chips) 
Seat 7: yjqian23 ($2 in chips) 
Seat 8: Dami373 ($1.01 in chips) 
Seat 9: lolilolka ($2.91 in chips) 
pokers64ru: posts small blind $0.01
yjqian23: posts big blind $0.02
*** HOLE CARDS ***
Dealt to Dorex2007 [Jc 8h]
Dami373 has timed out
Dami373: folds 
lolilolka: folds 
Kupec Danila: folds 
josealfredonino: calls $0.02
riskalla10: folds 
Dorex2007: folds 
causavera: calls $0.02
pokers64ru: folds 
yjqian23: checks 
*** FLOP *** [6d Kd 9d]
yjqian23: bets $0.02
josealfredonino: folds 
causavera: calls $0.02
*** TURN *** [6d Kd 9d] [9h]
yjqian23: bets $0.02
causavera: calls $0.02
*** RIVER *** [6d Kd 9d 9h] [Th]
yjqian23: bets $0.02
causavera: calls $0.02
*** SHOW DOWN ***
yjqian23: shows [Kc 9c] (a full house, Nines full of Kings)
causavera: mucks hand 
yjqian23 collected $0.18 from pot
*** SUMMARY ***
Total pot $0.19 | Rake $0.01 
Board [6d Kd 9d 9h Th]
Seat 1: Kupec Danila folded before Flop (didn't bet)
Seat 2: josealfredonino folded on the Flop
Seat 3: riskalla10 folded before Flop (didn't bet)
Seat 4: Dorex2007 folded before Flop (didn't bet)
Seat 5: causavera (button) mucked [Qh Qd]
Seat 6: pokers64ru (small blind) folded before Flop
Seat 7: yjqian23 (big blind) showed [Kc 9c] and won ($0.18) with a full house, Nines full of Kings
Seat 8: Dami373 folded before Flop (didn't bet)
Seat 9: lolilolka folded before Flop (didn't bet)



PokerStars Hand #225320751908:  Hold'em No Limit ($0.01/$0.02 USD) - 2021/03/29 17:13:20 PT [2021/03/29 20:13:20 ET]
Table 'Thuringia IV' 9-max Seat #6 is the button
Seat 1: Kupec Danila ($1.08 in chips) 
Seat 2: josealfredonino ($2.04 in chips) 
Seat 3: riskalla10 ($1.89 in chips) 
Seat 4: Dorex2007 ($2.13 in chips) 
Seat 5: causavera ($0.32 in chips) 
Seat 6: pokers64ru ($2 in chips) 
Seat 7: yjqian23 ($2.10 in chips) 
Seat 8: Dami373 ($1.01 in chips) 
Seat 9: lolilolka ($2.91 in chips) 
yjqian23: posts small blind $0.01
Dami373: posts big blind $0.02
*** HOLE CARDS ***
Dealt to Dorex2007 [Ks Ts]
lolilolka: folds 
Kupec Danila: folds 
josealfredonino: folds 
riskalla10: folds 
Dorex2007 has timed out
Dorex2007: folds 
causavera: folds 
pokers64ru: folds 
yjqian23: raises $0.02 to $0.04
Dami373: folds 
Uncalled bet ($0.02) returned to yjqian23
yjqian23 collected $0.04 from pot
yjqian23: doesn't show hand 
*** SUMMARY ***
Total pot $0.04 | Rake $0 
Seat 1: Kupec Danila folded before Flop (didn't bet)
Seat 2: josealfredonino folded before Flop (didn't bet)
Seat 3: riskalla10 folded before Flop (didn't bet)
Seat 4: Dorex2007 folded before Flop (didn't bet)
Seat 5: causavera folded before Flop (didn't bet)
Seat 6: pokers64ru (button) folded before Flop (didn't bet)
Seat 7: yjqian23 (small blind) collected ($0.04)
Seat 8: Dami373 (big blind) folded before Flop
Seat 9: lolilolka folded before Flop (didn't bet)



PokerStars Hand #225320764431:  Hold'em No Limit ($0.01/$0.02 USD) - 2021/03/29 17:13:58 PT [2021/03/29 20:13:58 ET]
Table 'Thuringia IV' 9-max Seat #7 is the button
Seat 1: Kupec Danila ($1.08 in chips) 
Seat 2: josealfredonino ($2.04 in chips) 
Seat 3: riskalla10 ($1.89 in chips) 
Seat 4: Dorex2007 ($2.13 in chips) 
Seat 5: causavera ($0.32 in chips) 
Seat 6: pokers64ru ($2 in chips) 
Seat 7: yjqian23 ($2.12 in chips) 
Seat 8: Dami373 ($0.99 in chips) 
Seat 9: lolilolka ($2.91 in chips) 
Dami373: posts small blind $0.01
lolilolka: posts big blind $0.02
*** HOLE CARDS ***
Dealt to Dorex2007 [Tc Ts]
Kupec Danila: folds 
josealfredonino: folds 
riskalla10: folds 
Dorex2007: calls $0.02
causavera: calls $0.02
pokers64ru: folds 
yjqian23: folds 
yjqian23 leaves the table
Dami373: folds 
lolilolka: checks 
*** FLOP *** [Qs Jh Ac]
lolilolka: checks 
Dorex2007: checks 
causavera: checks 
*** TURN *** [Qs Jh Ac] [4c]
lolilolka: checks 
Dorex2007: checks 
causavera: checks 
*** RIVER *** [Qs Jh Ac 4c] [Qh]
lolilolka: checks 
Dorex2007: bets $0.07
causavera: folds 
lolilolka: folds 
Uncalled bet ($0.07) returned to Dorex2007
Dorex2007 collected $0.07 from pot
Dorex2007: doesn't show hand 
*** SUMMARY ***
Total pot $0.07 | Rake $0 
Board [Qs Jh Ac 4c Qh]
Seat 1: Kupec Danila folded before Flop (didn't bet)
Seat 2: josealfredonino folded before Flop (didn't bet)
Seat 3: riskalla10 folded before Flop (didn't bet)
Seat 4: Dorex2007 collected ($0.07)
Seat 5: causavera folded on the River
Seat 6: pokers64ru folded before Flop (didn't bet)
Seat 7: yjqian23 (button) folded before Flop (didn't bet)
Seat 8: Dami373 (small blind) folded before Flop
Seat 9: lolilolka (big blind) folded on the River



PokerStars Hand #225320781886:  Hold'em No Limit ($0.01/$0.02 USD) - 2021/03/29 17:14:51 PT [2021/03/29 20:14:51 ET]
Table 'Thuringia IV' 9-max Seat #8 is the button
Seat 1: Kupec Danila ($1.08 in chips) 
Seat 2: josealfredonino ($2.04 in chips) 
Seat 3: riskalla10 ($1.89 in chips) 
Seat 4: Dorex2007 ($2.18 in chips) 
Seat 5: causavera ($0.30 in chips) 
Seat 6: pokers64ru ($2 in chips) 
Seat 8: Dami373 ($0.98 in chips) 
Seat 9: lolilolka ($2.89 in chips) 
lolilolka: posts small blind $0.01
Kupec Danila: posts big blind $0.02
*** HOLE CARDS ***
Dealt to Dorex2007 [6d 2s]
josealfredonino: folds 
riskalla10: raises $0.04 to $0.06
Dorex2007: folds 
causavera: folds 
pokers64ru: folds 
Dami373: folds 
lolilolka: folds 
MsModestyBlaise joins the table at seat #7 
Kupec Danila: calls $0.04
*** FLOP *** [Tc 4s 6h]
Kupec Danila: checks 
riskalla10: bets $0.07
Kupec Danila: folds 
Uncalled bet ($0.07) returned to riskalla10
riskalla10 collected $0.13 from pot
riskalla10: doesn't show hand 
*** SUMMARY ***
Total pot $0.13 | Rake $0 
Board [Tc 4s 6h]
Seat 1: Kupec Danila (big blind) folded on the Flop
Seat 2: josealfredonino folded before Flop (didn't bet)
Seat 3: riskalla10 collected ($0.13)
Seat 4: Dorex2007 folded before Flop (didn't bet)
Seat 5: causavera folded before Flop (didn't bet)
Seat 6: pokers64ru folded before Flop (didn't bet)
Seat 8: Dami373 (button) folded before Flop (didn't bet)
Seat 9: lolilolka (small blind) folded before Flop



PokerStars Hand #225320794965:  Hold'em No Limit ($0.01/$0.02 USD) - 2021/03/29 17:15:30 PT [2021/03/29 20:15:30 ET]
Table 'Thuringia IV' 9-max Seat #9 is the button
Seat 1: Kupec Danila ($1.02 in chips) 
Seat 2: josealfredonino ($2.04 in chips) 
Seat 3: riskalla10 ($1.96 in chips) 
Seat 4: Dorex2007 ($2.18 in chips) 
Seat 5: causavera ($0.30 in chips) 
Seat 6: pokers64ru ($2 in chips) 
Seat 7: MsModestyBlaise ($0.80 in chips) 
Seat 8: Dami373 ($0.98 in chips) 
Seat 9: lolilolka ($2.88 in chips) 
Kupec Danila: posts small blind $0.01
josealfredonino: posts big blind $0.02
MsModestyBlaise: posts big blind $0.02
*** HOLE CARDS ***
Dealt to Dorex2007 [Qh 9c]
riskalla10: folds 
Dorex2007: folds 
causavera: folds 
pokers64ru: folds 
MsModestyBlaise: raises $0.04 to $0.06
Dami373: folds 
lolilolka: calls $0.06
Kupec Danila: calls $0.05
josealfredonino: folds 
*** FLOP *** [5s 8s 9d]
Kupec Danila: checks 
MsModestyBlaise: bets $0.06
lolilolka: calls $0.06
Kupec Danila: calls $0.06
*** TURN *** [5s 8s 9d] [3s]
Kupec Danila: checks 
MsModestyBlaise: checks 
lolilolka: bets $0.24
Kupec Danila: folds 
MsModestyBlaise: calls $0.24
*** RIVER *** [5s 8s 9d 3s] [Kd]
MsModestyBlaise: checks 
lolilolka: checks 
*** SHOW DOWN ***
MsModestyBlaise: shows [Td Ts] (a pair of Tens)
lolilolka: mucks hand 
MsModestyBlaise collected $0.83 from pot
*** SUMMARY ***
Total pot $0.86 | Rake $0.03 
Board [5s 8s 9d 3s Kd]
Seat 1: Kupec Danila (small blind) folded on the Turn
Seat 2: josealfredonino (big blind) folded before Flop
Seat 3: riskalla10 folded before Flop (didn't bet)
Seat 4: Dorex2007 folded before Flop (didn't bet)
Seat 5: causavera folded before Flop (didn't bet)
Seat 6: pokers64ru folded before Flop (didn't bet)
Seat 7: MsModestyBlaise showed [Td Ts] and won ($0.83) with a pair of Tens
Seat 8: Dami373 folded before Flop (didn't bet)
Seat 9: lolilolka (button) mucked [6c 6d]



PokerStars Hand #225320821837:  Hold'em No Limit ($0.01/$0.02 USD) - 2021/03/29 17:16:51 PT [2021/03/29 20:16:51 ET]
Table 'Thuringia IV' 9-max Seat #1 is the button
Seat 1: Kupec Danila ($1 in chips) 
Seat 2: josealfredonino ($2.02 in chips) 
Seat 3: riskalla10 ($1.96 in chips) 
Seat 4: Dorex2007 ($2.18 in chips) 
Seat 5: causavera ($0.30 in chips) 
Seat 6: pokers64ru ($2 in chips) 
Seat 7: MsModestyBlaise ($1.27 in chips) 
Seat 8: Dami373 ($0.98 in chips) 
Seat 9: lolilolka ($2.52 in chips) 
josealfredonino: posts small blind $0.01
riskalla10: posts big blind $0.02
*** HOLE CARDS ***
Dealt to Dorex2007 [7s Ks]
Dorex2007: folds 
causavera: folds 
pokers64ru: folds 
MsModestyBlaise: calls $0.02
Dami373: folds 
lolilolka: folds 
Kupec Danila: calls $0.02
josealfredonino: folds 
riskalla10: checks 
*** FLOP *** [Ac 5c 3c]
riskalla10: checks 
MsModestyBlaise: checks 
Kupec Danila: bets $0.02
riskalla10: folds 
MsModestyBlaise: calls $0.02
*** TURN *** [Ac 5c 3c] [Qs]
MsModestyBlaise: bets $0.02
Kupec Danila: calls $0.02
*** RIVER *** [Ac 5c 3c Qs] [3h]
MsModestyBlaise: checks 
Kupec Danila: bets $0.04
MsModestyBlaise: folds 
Uncalled bet ($0.04) returned to Kupec Danila
Kupec Danila collected $0.14 from pot
*** SUMMARY ***
Total pot $0.15 | Rake $0.01 
Board [Ac 5c 3c Qs 3h]
Seat 1: Kupec Danila (button) collected ($0.14)
Seat 2: josealfredonino (small blind) folded before Flop
Seat 3: riskalla10 (big blind) folded on the Flop
Seat 4: Dorex2007 folded before Flop (didn't bet)
Seat 5: causavera folded before Flop (didn't bet)
Seat 6: pokers64ru folded before Flop (didn't bet)
Seat 7: MsModestyBlaise folded on the River
Seat 8: Dami373 folded before Flop (didn't bet)
Seat 9: lolilolka folded before Flop (didn't bet)



PokerStars Hand #225320845512:  Hold'em No Limit ($0.01/$0.02 USD) - 2021/03/29 17:18:02 PT [2021/03/29 20:18:02 ET]
Table 'Thuringia IV' 9-max Seat #2 is the button
Seat 1: Kupec Danila ($1.08 in chips) 
Seat 2: josealfredonino ($2.01 in chips) 
Seat 3: riskalla10 ($1.94 in chips) 
Seat 4: Dorex2007 ($2.18 in chips) 
Seat 5: causavera ($0.30 in chips) 
Seat 6: pokers64ru ($2 in chips) 
Seat 8: Dami373 ($0.98 in chips) 
Seat 9: lolilolka ($2.52 in chips) 
riskalla10: posts small blind $0.01
Dorex2007: posts big blind $0.02
*** HOLE CARDS ***
Dealt to Dorex2007 [5h Jh]
MsModestyBlaise leaves the table
causavera: folds 
pokers64ru: folds 
Dami373: folds 
lolilolka: folds 
Kupec Danila: raises $0.04 to $0.06
josealfredonino: folds 
riskalla10: folds 
Dorex2007: calls $0.04
*** FLOP *** [6d Jc Ts]
Dorex2007: bets $0.13
Kupec Danila: raises $0.39 to $0.52
Dorex2007: folds 
Uncalled bet ($0.39) returned to Kupec Danila
Kupec Danila collected $0.38 from pot
*** SUMMARY ***
Total pot $0.39 | Rake $0.01 
Board [6d Jc Ts]
Seat 1: Kupec Danila collected ($0.38)
Seat 2: josealfredonino (button) folded before Flop (didn't bet)
Seat 3: riskalla10 (small blind) folded before Flop
Seat 4: Dorex2007 (big blind) folded on the Flop
Seat 5: causavera folded before Flop (didn't bet)
Seat 6: pokers64ru folded before Flop (didn't bet)
Seat 8: Dami373 folded before Flop (didn't bet)
Seat 9: lolilolka folded before Flop (didn't bet)



PokerStars Hand #225320860497:  Hold'em No Limit ($0.01/$0.02 USD) - 2021/03/29 17:18:48 PT [2021/03/29 20:18:48 ET]
Table 'Thuringia IV' 9-max Seat #3 is the button
Seat 1: Kupec Danila ($1.27 in chips) 
Seat 2: josealfredonino ($2.01 in chips) 
Seat 3: riskalla10 ($1.93 in chips) 
Seat 4: Dorex2007 ($1.99 in chips) 
Seat 5: causavera ($0.30 in chips) 
Seat 6: pokers64ru ($2 in chips) 
Seat 8: Dami373 ($0.98 in chips) 
Seat 9: lolilolka ($2.52 in chips) 
Dorex2007: posts small blind $0.01
causavera: posts big blind $0.02
*** HOLE CARDS ***
Dealt to Dorex2007 [7h 9h]
pokers64ru: raises $0.04 to $0.06
Dami373 has timed out
Dami373: folds 
lolilolka: folds 
Kupec Danila: folds 
josealfredonino: folds 
riskalla10: folds 
Dorex2007: folds 
causavera: folds 
Uncalled bet ($0.04) returned to pokers64ru
pokers64ru collected $0.05 from pot
pokers64ru: doesn't show hand 
*** SUMMARY ***
Total pot $0.05 | Rake $0 
Seat 1: Kupec Danila folded before Flop (didn't bet)
Seat 2: josealfredonino folded before Flop (didn't bet)
Seat 3: riskalla10 (button) folded before Flop (didn't bet)
Seat 4: Dorex2007 (small blind) folded before Flop
Seat 5: causavera (big blind) folded before Flop
Seat 6: pokers64ru collected ($0.05)
Seat 8: Dami373 folded before Flop (didn't bet)
Seat 9: lolilolka folded before Flop (didn't bet)



PokerStars Hand #225320873126:  Hold'em No Limit ($0.01/$0.02 USD) - 2021/03/29 17:19:26 PT [2021/03/29 20:19:26 ET]
Table 'Thuringia IV' 9-max Seat #4 is the button
Seat 1: Kupec Danila ($1.27 in chips) 
Seat 2: josealfredonino ($2.01 in chips) 
Seat 3: riskalla10 ($1.93 in chips) 
Seat 4: Dorex2007 ($1.98 in chips) 
Seat 5: causavera ($0.28 in chips) 
Seat 6: pokers64ru ($2.03 in chips) 
Seat 8: Dami373 ($0.98 in chips) 
Seat 9: lolilolka ($2.52 in chips) 
causavera: posts small blind $0.01
pokers64ru: posts big blind $0.02
*** HOLE CARDS ***
Dealt to Dorex2007 [9s Kc]
sly23md joins the table at seat #7 
Dami373 has timed out
Dami373: folds 
lolilolka: folds 
Kupec Danila: raises $0.04 to $0.06
josealfredonino: folds 
riskalla10: folds 
Dorex2007: folds 
causavera: folds 
pokers64ru: calls $0.04
*** FLOP *** [3s 7s Ts]
pokers64ru: checks 
Kupec Danila: bets $0.04
pokers64ru: folds 
Uncalled bet ($0.04) returned to Kupec Danila
Kupec Danila collected $0.13 from pot
*** SUMMARY ***
Total pot $0.13 | Rake $0 
Board [3s 7s Ts]
Seat 1: Kupec Danila collected ($0.13)
Seat 2: josealfredonino folded before Flop (didn't bet)
Seat 3: riskalla10 folded before Flop (didn't bet)
Seat 4: Dorex2007 (button) folded before Flop (didn't bet)
Seat 5: causavera (small blind) folded before Flop
Seat 6: pokers64ru (big blind) folded on the Flop
Seat 8: Dami373 folded before Flop (didn't bet)
Seat 9: lolilolka folded before Flop (didn't bet)



PokerStars Hand #225320894239:  Hold'em No Limit ($0.01/$0.02 USD) - 2021/03/29 17:20:05 PT [2021/03/29 20:20:05 ET]
Table 'Thuringia IV' 9-max Seat #5 is the button
Seat 1: Kupec Danila ($1.34 in chips) 
Seat 2: josealfredonino ($2.01 in chips) 
Seat 3: riskalla10 ($1.93 in chips) 
Seat 4: Dorex2007 ($1.98 in chips) 
Seat 5: causavera ($0.27 in chips) 
Seat 6: pokers64ru ($2 in chips) 
Seat 7: sly23md ($2 in chips) 
Seat 9: lolilolka ($2.52 in chips) 
pokers64ru: posts small blind $0.01
sly23md: posts big blind $0.02
*** HOLE CARDS ***
Dealt to Dorex2007 [7c 6d]
lolilolka: folds 
Kupec Danila: folds 
josealfredonino: folds 
riskalla10: folds 
Dorex2007: folds 
causavera: folds 
pokers64ru: raises $0.04 to $0.06
sly23md: calls $0.04
*** FLOP *** [9h 3c 5h]
pokers64ru: bets $0.04
sly23md: folds 
Uncalled bet ($0.04) returned to pokers64ru
pokers64ru collected $0.12 from pot
pokers64ru: doesn't show hand 
*** SUMMARY ***
Total pot $0.12 | Rake $0 
Board [9h 3c 5h]
Seat 1: Kupec Danila folded before Flop (didn't bet)
Seat 2: josealfredonino folded before Flop (didn't bet)
Seat 3: riskalla10 folded before Flop (didn't bet)
Seat 4: Dorex2007 folded before Flop (didn't bet)
Seat 5: causavera (button) folded before Flop (didn't bet)
Seat 6: pokers64ru (small blind) collected ($0.12)
Seat 7: sly23md (big blind) folded on the Flop
Seat 9: lolilolka folded before Flop (didn't bet)



PokerStars Hand #225320907950:  Hold'em No Limit ($0.01/$0.02 USD) - 2021/03/29 17:20:46 PT [2021/03/29 20:20:46 ET]
Table 'Thuringia IV' 9-max Seat #6 is the button
Seat 1: Kupec Danila ($1.34 in chips) 
Seat 2: josealfredonino ($2.01 in chips) 
Seat 3: riskalla10 ($1.93 in chips) 
Seat 4: Dorex2007 ($1.98 in chips) 
Seat 5: causavera ($0.27 in chips) 
Seat 6: pokers64ru ($2.06 in chips) 
Seat 7: sly23md ($2 in chips) 
Seat 9: lolilolka ($2.52 in chips) 
sly23md: posts small blind $0.01
lolilolka: posts big blind $0.02
*** HOLE CARDS ***
Dealt to Dorex2007 [Tc 8s]
Kupec Danila: folds 
josealfredonino: folds 
riskalla10: folds 
Dorex2007: folds 
causavera: folds 
pokers64ru: folds 
sly23md: folds 
Uncalled bet ($0.01) returned to lolilolka
lolilolka collected $0.02 from pot
lolilolka: doesn't show hand 
*** SUMMARY ***
Total pot $0.02 | Rake $0 
Seat 1: Kupec Danila folded before Flop (didn't bet)
Seat 2: josealfredonino folded before Flop (didn't bet)
Seat 3: riskalla10 folded before Flop (didn't bet)
Seat 4: Dorex2007 folded before Flop (didn't bet)
Seat 5: causavera folded before Flop (didn't bet)
Seat 6: pokers64ru (button) folded before Flop (didn't bet)
Seat 7: sly23md (small blind) folded before Flop
Seat 9: lolilolka (big blind) collected ($0.02)



PokerStars Hand #225320913819:  Hold'em No Limit ($0.01/$0.02 USD) - 2021/03/29 17:21:04 PT [2021/03/29 20:21:04 ET]
Table 'Thuringia IV' 9-max Seat #7 is the button
Seat 1: Kupec Danila ($1.34 in chips) 
Seat 2: josealfredonino ($2.01 in chips) 
Seat 3: riskalla10 ($1.93 in chips) 
Seat 4: Dorex2007 ($1.98 in chips) 
Seat 5: causavera ($0.27 in chips) 
Seat 6: pokers64ru ($2.06 in chips) 
Seat 7: sly23md ($2 in chips) 
Seat 9: lolilolka ($2.53 in chips) 
lolilolka: posts small blind $0.01
Kupec Danila: posts big blind $0.02
*** HOLE CARDS ***
Dealt to Dorex2007 [Qc 9s]
josealfredonino: folds 
riskalla10: folds 
Dorex2007: folds 
causavera: calls $0.02
pokers64ru: folds 
sly23md: folds 
lolilolka: folds 
Kupec Danila: checks 
*** FLOP *** [Kc Ks Tc]
Kupec Danila: checks 
causavera: bets $0.02
Kupec Danila: folds 
Uncalled bet ($0.02) returned to causavera
causavera collected $0.05 from pot
causavera: doesn't show hand 
*** SUMMARY ***
Total pot $0.05 | Rake $0 
Board [Kc Ks Tc]
Seat 1: Kupec Danila (big blind) folded on the Flop
Seat 2: josealfredonino folded before Flop (didn't bet)
Seat 3: riskalla10 folded before Flop (didn't bet)
Seat 4: Dorex2007 folded before Flop (didn't bet)
Seat 5: causavera collected ($0.05)
Seat 6: pokers64ru folded before Flop (didn't bet)
Seat 7: sly23md (button) folded before Flop (didn't bet)
Seat 9: lolilolka (small blind) folded before Flop



PokerStars Hand #225320925117:  Hold'em No Limit ($0.01/$0.02 USD) - 2021/03/29 17:21:39 PT [2021/03/29 20:21:39 ET]
Table 'Thuringia IV' 9-max Seat #9 is the button
Seat 1: Kupec Danila ($1.32 in chips) 
Seat 2: josealfredonino ($2.01 in chips) 
Seat 3: riskalla10 ($1.93 in chips) 
Seat 4: Dorex2007 ($1.98 in chips) 
Seat 5: causavera ($0.30 in chips) 
Seat 6: pokers64ru ($2.06 in chips) 
Seat 7: sly23md ($2 in chips) 
Seat 9: lolilolka ($2.52 in chips) 
Kupec Danila: posts small blind $0.01
josealfredonino: posts big blind $0.02
*** HOLE CARDS ***
Dealt to Dorex2007 [Tc Ks]
riskalla10: folds 
Dorex2007: folds 
causavera: folds 
pokers64ru: folds 
sly23md: raises $0.03 to $0.05
lolilolka: folds 
Kupec Danila: folds 
josealfredonino: folds 
Uncalled bet ($0.03) returned to sly23md
sly23md collected $0.05 from pot
sly23md: doesn't show hand 
*** SUMMARY ***
Total pot $0.05 | Rake $0 
Seat 1: Kupec Danila (small blind) folded before Flop
Seat 2: josealfredonino (big blind) folded before Flop
Seat 3: riskalla10 folded before Flop (didn't bet)
Seat 4: Dorex2007 folded before Flop (didn't bet)
Seat 5: causavera folded before Flop (didn't bet)
Seat 6: pokers64ru folded before Flop (didn't bet)
Seat 7: sly23md collected ($0.05)
Seat 9: lolilolka (button) folded before Flop (didn't bet)



PokerStars Hand #225320933408:  Hold'em No Limit ($0.01/$0.02 USD) - 2021/03/29 17:22:02 PT [2021/03/29 20:22:02 ET]
Table 'Thuringia IV' 9-max Seat #1 is the button
Seat 1: Kupec Danila ($1.31 in chips) 
Seat 2: josealfredonino ($1.99 in chips) 
Seat 3: riskalla10 ($1.93 in chips) 
Seat 4: Dorex2007 ($1.98 in chips) 
Seat 5: causavera ($0.30 in chips) 
Seat 6: pokers64ru ($2.06 in chips) 
Seat 7: sly23md ($2.03 in chips) 
Seat 9: lolilolka ($2.52 in chips) 
josealfredonino: posts small blind $0.01
riskalla10: posts big blind $0.02
*** HOLE CARDS ***
Dealt to Dorex2007 [5h 4d]
Dorex2007: folds 
causavera: folds 
pokers64ru: folds 
sly23md: folds 
lolilolka: folds 
Kupec Danila: raises $0.04 to $0.06
josealfredonino: folds 
riskalla10: folds 
Uncalled bet ($0.04) returned to Kupec Danila
Kupec Danila collected $0.05 from pot
*** SUMMARY ***
Total pot $0.05 | Rake $0 
Seat 1: Kupec Danila (button) collected ($0.05)
Seat 2: josealfredonino (small blind) folded before Flop
Seat 3: riskalla10 (big blind) folded before Flop
Seat 4: Dorex2007 folded before Flop (didn't bet)
Seat 5: causavera folded before Flop (didn't bet)
Seat 6: pokers64ru folded before Flop (didn't bet)
Seat 7: sly23md folded before Flop (didn't bet)
Seat 9: lolilolka folded before Flop (didn't bet)



PokerStars Hand #225320942099:  Hold'em No Limit ($0.01/$0.02 USD) - 2021/03/29 17:22:28 PT [2021/03/29 20:22:28 ET]
Table 'Thuringia IV' 9-max Seat #2 is the button
Seat 1: Kupec Danila ($1.34 in chips) 
Seat 2: josealfredonino ($1.98 in chips) 
Seat 3: riskalla10 ($1.91 in chips) 
Seat 4: Dorex2007 ($1.98 in chips) 
Seat 5: causavera ($0.30 in chips) 
Seat 6: pokers64ru ($2.06 in chips) 
Seat 7: sly23md ($2.03 in chips) 
Seat 9: lolilolka ($2.52 in chips) 
riskalla10: posts small blind $0.01
Dorex2007: posts big blind $0.02
*** HOLE CARDS ***
Dealt to Dorex2007 [Qd 6d]
causavera: folds 
pokers64ru: folds 
sly23md: folds 
lolilolka: folds 
Kupec Danila: raises $0.04 to $0.06
josealfredonino: calls $0.06
riskalla10: folds 
Dorex2007: calls $0.04
*** FLOP *** [8c 7s Tc]
Dorex2007: checks 
Kupec Danila: bets $0.18
josealfredonino: calls $0.18
Dorex2007: folds 
*** TURN *** [8c 7s Tc] [Jh]
Kupec Danila: bets $1.10 and is all-in
josealfredonino: folds 
Uncalled bet ($1.10) returned to Kupec Danila
Kupec Danila collected $0.53 from pot
*** SUMMARY ***
Total pot $0.55 | Rake $0.02 
Board [8c 7s Tc Jh]
Seat 1: Kupec Danila collected ($0.53)
Seat 2: josealfredonino (button) folded on the Turn
Seat 3: riskalla10 (small blind) folded before Flop
Seat 4: Dorex2007 (big blind) folded on the Flop
Seat 5: causavera folded before Flop (didn't bet)
Seat 6: pokers64ru folded before Flop (didn't bet)
Seat 7: sly23md folded before Flop (didn't bet)
Seat 9: lolilolka folded before Flop (didn't bet)



PokerStars Hand #225320970652:  Hold'em No Limit ($0.01/$0.02 USD) - 2021/03/29 17:23:36 PT [2021/03/29 20:23:36 ET]
Table 'Thuringia IV' 9-max Seat #3 is the button
Seat 1: Kupec Danila ($1.63 in chips) 
Seat 2: josealfredonino ($1.74 in chips) 
Seat 3: riskalla10 ($1.90 in chips) 
Seat 4: Dorex2007 ($1.92 in chips) 
Seat 5: causavera ($0.30 in chips) 
Seat 6: pokers64ru ($2.06 in chips) 
Seat 7: sly23md ($2.03 in chips) 
Seat 8: Dami373 ($0.98 in chips) 
Seat 9: lolilolka ($2.52 in chips) 
Dorex2007: posts small blind $0.01
causavera: posts big blind $0.02
Dami373: posts small & big blinds $0.03
*** HOLE CARDS ***
Dealt to Dorex2007 [9d Kd]
pokers64ru: folds 
sly23md: folds 
Dami373: checks 
lolilolka: folds 
Kupec Danila: folds 
josealfredonino: folds 
riskalla10: folds 
Dorex2007: calls $0.01
causavera: checks 
*** FLOP *** [8d Qd 8h]
Dorex2007: bets $0.07
causavera: folds 
Dami373: folds 
Uncalled bet ($0.07) returned to Dorex2007
Dorex2007 collected $0.07 from pot
Dorex2007: doesn't show hand 
*** SUMMARY ***
Total pot $0.07 | Rake $0 
Board [8d Qd 8h]
Seat 1: Kupec Danila folded before Flop (didn't bet)
Seat 2: josealfredonino folded before Flop (didn't bet)
Seat 3: riskalla10 (button) folded before Flop (didn't bet)
Seat 4: Dorex2007 (small blind) collected ($0.07)
Seat 5: causavera (big blind) folded on the Flop
Seat 6: pokers64ru folded before Flop (didn't bet)
Seat 7: sly23md folded before Flop (didn't bet)
Seat 8: Dami373 folded on the Flop (didn't bet)
Seat 9: lolilolka folded before Flop (didn't bet)



PokerStars Hand #225320985709:  Hold'em No Limit ($0.01/$0.02 USD) - 2021/03/29 17:24:23 PT [2021/03/29 20:24:23 ET]
Table 'Thuringia IV' 9-max Seat #4 is the button
Seat 1: Kupec Danila ($1.63 in chips) 
Seat 2: josealfredonino ($1.74 in chips) 
Seat 3: riskalla10 ($1.90 in chips) 
Seat 4: Dorex2007 ($1.97 in chips) 
Seat 5: causavera ($0.28 in chips) 
Seat 6: pokers64ru ($2.06 in chips) 
Seat 7: sly23md ($2.03 in chips) 
Seat 8: Dami373 ($0.95 in chips) 
Seat 9: lolilolka ($2.52 in chips) 
causavera: posts small blind $0.01
pokers64ru: posts big blind $0.02
*** HOLE CARDS ***
Dealt to Dorex2007 [Qc 9d]
sly23md: folds 
Dami373: calls $0.02
lolilolka: folds 
Kupec Danila: folds 
josealfredonino: folds 
riskalla10: folds 
Dorex2007: folds 
causavera: folds 
pokers64ru: checks 
*** FLOP *** [4s 6h 5d]
pokers64ru: checks 
Dami373: bets $0.05
pokers64ru: folds 
Uncalled bet ($0.05) returned to Dami373
Dami373 collected $0.05 from pot
Dami373: doesn't show hand 
*** SUMMARY ***
Total pot $0.05 | Rake $0 
Board [4s 6h 5d]
Seat 1: Kupec Danila folded before Flop (didn't bet)
Seat 2: josealfredonino folded before Flop (didn't bet)
Seat 3: riskalla10 folded before Flop (didn't bet)
Seat 4: Dorex2007 (button) folded before Flop (didn't bet)
Seat 5: causavera (small blind) folded before Flop
Seat 6: pokers64ru (big blind) folded on the Flop
Seat 7: sly23md folded before Flop (didn't bet)
Seat 8: Dami373 collected ($0.05)
Seat 9: lolilolka folded before Flop (didn't bet)



PokerStars Hand #225321002247:  Hold'em No Limit ($0.01/$0.02 USD) - 2021/03/29 17:25:13 PT [2021/03/29 20:25:13 ET]
Table 'Thuringia IV' 9-max Seat #5 is the button
Seat 1: Kupec Danila ($1.63 in chips) 
Seat 2: josealfredonino ($1.74 in chips) 
Seat 3: riskalla10 ($1.90 in chips) 
Seat 4: Dorex2007 ($1.97 in chips) 
Seat 5: causavera ($0.27 in chips) 
Seat 6: pokers64ru ($2.04 in chips) 
Seat 7: sly23md ($2.03 in chips) 
Seat 8: Dami373 ($0.98 in chips) 
Seat 9: lolilolka ($2.52 in chips) 
pokers64ru: posts small blind $0.01
sly23md: posts big blind $0.02
*** HOLE CARDS ***
Dealt to Dorex2007 [Kh 8d]
Dami373 has timed out
Dami373: folds 
lolilolka: folds 
Kupec Danila: folds 
josealfredonino: folds 
riskalla10: folds 
Dorex2007: folds 
causavera: folds 
pokers64ru: raises $0.04 to $0.06
sly23md: calls $0.04
*** FLOP *** [6h 4h 5h]
pokers64ru: bets $0.06
sly23md: folds 
Uncalled bet ($0.06) returned to pokers64ru
pokers64ru collected $0.12 from pot
pokers64ru: doesn't show hand 
*** SUMMARY ***
Total pot $0.12 | Rake $0 
Board [6h 4h 5h]
Seat 1: Kupec Danila folded before Flop (didn't bet)
Seat 2: josealfredonino folded before Flop (didn't bet)
Seat 3: riskalla10 folded before Flop (didn't bet)
Seat 4: Dorex2007 folded before Flop (didn't bet)
Seat 5: causavera (button) folded before Flop (didn't bet)
Seat 6: pokers64ru (small blind) collected ($0.12)
Seat 7: sly23md (big blind) folded on the Flop
Seat 8: Dami373 folded before Flop (didn't bet)
Seat 9: lolilolka folded before Flop (didn't bet)



PokerStars Hand #225321016266:  Hold'em No Limit ($0.01/$0.02 USD) - 2021/03/29 17:25:57 PT [2021/03/29 20:25:57 ET]
Table 'Thuringia IV' 9-max Seat #6 is the button
Seat 1: Kupec Danila ($1.63 in chips) 
Seat 2: josealfredonino ($1.74 in chips) 
Seat 3: riskalla10 ($1.90 in chips) 
Seat 4: Dorex2007 ($1.97 in chips) 
Seat 5: causavera ($0.27 in chips) 
Seat 6: pokers64ru ($2.10 in chips) 
Seat 7: sly23md ($2 in chips) 
Seat 9: lolilolka ($2.52 in chips) 
sly23md: posts small blind $0.01
lolilolka: posts big blind $0.02
*** HOLE CARDS ***
Dealt to Dorex2007 [8s Kd]
Kupec Danila: folds 
josealfredonino: folds 
riskalla10: folds 
Dorex2007: folds 
causavera: folds 
pokers64ru: folds 
sly23md: folds 
Uncalled bet ($0.01) returned to lolilolka
lolilolka collected $0.02 from pot
lolilolka: doesn't show hand 
*** SUMMARY ***
Total pot $0.02 | Rake $0 
Seat 1: Kupec Danila folded before Flop (didn't bet)
Seat 2: josealfredonino folded before Flop (didn't bet)
Seat 3: riskalla10 folded before Flop (didn't bet)
Seat 4: Dorex2007 folded before Flop (didn't bet)
Seat 5: causavera folded before Flop (didn't bet)
Seat 6: pokers64ru (button) folded before Flop (didn't bet)
Seat 7: sly23md (small blind) folded before Flop
Seat 9: lolilolka (big blind) collected ($0.02)



PokerStars Hand #225321019671:  Hold'em No Limit ($0.01/$0.02 USD) - 2021/03/29 17:26:07 PT [2021/03/29 20:26:07 ET]
Table 'Thuringia IV' 9-max Seat #7 is the button
Seat 1: Kupec Danila ($1.63 in chips) 
Seat 2: josealfredonino ($1.74 in chips) 
Seat 3: riskalla10 ($1.90 in chips) 
Seat 4: Dorex2007 ($1.97 in chips) 
Seat 5: causavera ($0.27 in chips) 
Seat 6: pokers64ru ($2.10 in chips) 
Seat 7: sly23md ($2 in chips) 
Seat 9: lolilolka ($2.53 in chips) 
lolilolka: posts small blind $0.01
Kupec Danila: posts big blind $0.02
*** HOLE CARDS ***
Dealt to Dorex2007 [3c 5s]
josealfredonino: calls $0.02
riskalla10: folds 
Dorex2007: folds 
causavera: calls $0.02
pokers64ru: folds 
sly23md: raises $0.09 to $0.11
lolilolka: folds 
Kupec Danila: folds 
josealfredonino: folds 
causavera: calls $0.09
*** FLOP *** [3h Jc 8s]
causavera: checks 
sly23md: bets $0.18
causavera: calls $0.16 and is all-in
Uncalled bet ($0.02) returned to sly23md
*** TURN *** [3h Jc 8s] [9s]
*** RIVER *** [3h Jc 8s 9s] [5h]
*** SHOW DOWN ***
causavera: shows [9h 9c] (three of a kind, Nines)
sly23md: shows [Ts Td] (a pair of Tens)
causavera collected $0.57 from pot
*** SUMMARY ***
Total pot $0.59 | Rake $0.02 
Board [3h Jc 8s 9s 5h]
Seat 1: Kupec Danila (big blind) folded before Flop
Seat 2: josealfredonino folded before Flop
Seat 3: riskalla10 folded before Flop (didn't bet)
Seat 4: Dorex2007 folded before Flop (didn't bet)
Seat 5: causavera showed [9h 9c] and won ($0.57) with three of a kind, Nines
Seat 6: pokers64ru folded before Flop (didn't bet)
Seat 7: sly23md (button) showed [Ts Td] and lost with a pair of Tens
Seat 9: lolilolka (small blind) folded before Flop



PokerStars Hand #225321040291:  Hold'em No Limit ($0.01/$0.02 USD) - 2021/03/29 17:27:11 PT [2021/03/29 20:27:11 ET]
Table 'Thuringia IV' 9-max Seat #9 is the button
Seat 1: Kupec Danila ($1.61 in chips) 
Seat 2: josealfredonino ($1.72 in chips) 
Seat 3: riskalla10 ($1.90 in chips) 
Seat 4: Dorex2007 ($1.97 in chips) 
Seat 5: causavera ($0.57 in chips) 
Seat 6: pokers64ru ($2.10 in chips) 
Seat 7: sly23md ($2 in chips) 
Seat 9: lolilolka ($2.52 in chips) 
Kupec Danila: posts small blind $0.01
josealfredonino: posts big blind $0.02
*** HOLE CARDS ***
Dealt to Dorex2007 [3d 8h]
riskalla10: folds 
Dorex2007: folds 
causavera: raises $0.03 to $0.05
pokers64ru: folds 
sly23md: folds 
lolilolka: folds 
Kupec Danila: raises $0.13 to $0.18
josealfredonino: folds 
causavera: calls $0.13
*** FLOP *** [Tc 5c 7s]
Kupec Danila: bets $0.40
causavera: folds 
Uncalled bet ($0.40) returned to Kupec Danila
Kupec Danila collected $0.37 from pot
*** SUMMARY ***
Total pot $0.38 | Rake $0.01 
Board [Tc 5c 7s]
Seat 1: Kupec Danila (small blind) collected ($0.37)
Seat 2: josealfredonino (big blind) folded before Flop
Seat 3: riskalla10 folded before Flop (didn't bet)
Seat 4: Dorex2007 folded before Flop (didn't bet)
Seat 5: causavera folded on the Flop
Seat 6: pokers64ru folded before Flop (didn't bet)
Seat 7: sly23md folded before Flop (didn't bet)
Seat 9: lolilolka (button) folded before Flop (didn't bet)



PokerStars Hand #225321055902:  Hold'em No Limit ($0.01/$0.02 USD) - 2021/03/29 17:28:00 PT [2021/03/29 20:28:00 ET]
Table 'Thuringia IV' 9-max Seat #1 is the button
Seat 1: Kupec Danila ($1.80 in chips) 
Seat 2: josealfredonino ($1.70 in chips) 
Seat 4: Dorex2007 ($1.97 in chips) 
Seat 5: causavera ($0.39 in chips) 
Seat 6: pokers64ru ($2.10 in chips) 
Seat 7: sly23md ($2 in chips) 
Seat 9: lolilolka ($2.52 in chips) 
josealfredonino: posts small blind $0.01
riskalla10: is sitting out 
Dorex2007: posts big blind $0.02
*** HOLE CARDS ***
Dealt to Dorex2007 [Jc Js]
causavera: folds 
pokers64ru: folds 
sly23md: raises $0.04 to $0.06
lolilolka: folds 
Kupec Danila: folds 
josealfredonino: folds 
riskalla10 leaves the table
Dorex2007: raises $0.12 to $0.18
MelchiorF1 joins the table at seat #3 
sly23md: calls $0.12
*** FLOP *** [6c 6d 3h]
Dorex2007: bets $1.79 and is all-in
sly23md: folds 
Uncalled bet ($1.79) returned to Dorex2007
Dorex2007 collected $0.36 from pot
Dorex2007: doesn't show hand 
*** SUMMARY ***
Total pot $0.37 | Rake $0.01 
Board [6c 6d 3h]
Seat 1: Kupec Danila (button) folded before Flop (didn't bet)
Seat 2: josealfredonino (small blind) folded before Flop
Seat 4: Dorex2007 (big blind) collected ($0.36)
Seat 5: causavera folded before Flop (didn't bet)
Seat 6: pokers64ru folded before Flop (didn't bet)
Seat 7: sly23md folded on the Flop
Seat 9: lolilolka folded before Flop (didn't bet)



PokerStars Hand #225321070306:  Hold'em No Limit ($0.01/$0.02 USD) - 2021/03/29 17:28:45 PT [2021/03/29 20:28:45 ET]
Table 'Thuringia IV' 9-max Seat #2 is the button
Seat 1: Kupec Danila ($1.80 in chips) 
Seat 2: josealfredonino ($1.69 in chips) 
Seat 4: Dorex2007 ($2.15 in chips) 
Seat 5: causavera ($0.39 in chips) 
Seat 6: pokers64ru ($2.10 in chips) 
Seat 7: sly23md ($2 in chips) 
Seat 9: lolilolka ($2.52 in chips) 
Dorex2007: posts small blind $0.01
causavera: posts big blind $0.02
*** HOLE CARDS ***
Dealt to Dorex2007 [3h 6c]
pokers64ru: folds 
sly23md: folds 
lolilolka: folds 
Kupec Danila: folds 
josealfredonino: folds 
Dorex2007: folds 
Uncalled bet ($0.01) returned to causavera
causavera collected $0.02 from pot
causavera: doesn't show hand 
*** SUMMARY ***
Total pot $0.02 | Rake $0 
Seat 1: Kupec Danila folded before Flop (didn't bet)
Seat 2: josealfredonino (button) folded before Flop (didn't bet)
Seat 4: Dorex2007 (small blind) folded before Flop
Seat 5: causavera (big blind) collected ($0.02)
Seat 6: pokers64ru folded before Flop (didn't bet)
Seat 7: sly23md folded before Flop (didn't bet)
Seat 9: lolilolka folded before Flop (didn't bet)



PokerStars Hand #225321074581:  Hold'em No Limit ($0.01/$0.02 USD) - 2021/03/29 17:28:58 PT [2021/03/29 20:28:58 ET]
Table 'Thuringia IV' 9-max Seat #4 is the button
Seat 1: Kupec Danila ($1.80 in chips) 
Seat 2: josealfredonino ($1.69 in chips) 
Seat 4: Dorex2007 ($2.14 in chips) 
Seat 5: causavera ($0.40 in chips) 
Seat 6: pokers64ru ($2.10 in chips) 
Seat 7: sly23md ($2 in chips) 
Seat 9: lolilolka ($2.52 in chips) 
causavera: posts small blind $0.01
pokers64ru: posts big blind $0.02
MelchiorF1: sits out 
*** HOLE CARDS ***
Dealt to Dorex2007 [8h 5c]
sly23md: folds 
lolilolka: folds 
Kupec Danila: raises $0.04 to $0.06
josealfredonino: folds 
Dorex2007: folds 
causavera: folds 
pokers64ru: calls $0.04
*** FLOP *** [7d 2c 5d]
pokers64ru: checks 
Kupec Danila: checks 
*** TURN *** [7d 2c 5d] [Tc]
pokers64ru: checks 
Kupec Danila: bets $0.08
pokers64ru: folds 
Uncalled bet ($0.08) returned to Kupec Danila
Kupec Danila collected $0.13 from pot
*** SUMMARY ***
Total pot $0.13 | Rake $0 
Board [7d 2c 5d Tc]
Seat 1: Kupec Danila collected ($0.13)
Seat 2: josealfredonino folded before Flop (didn't bet)
Seat 4: Dorex2007 (button) folded before Flop (didn't bet)
Seat 5: causavera (small blind) folded before Flop
Seat 6: pokers64ru (big blind) folded on the Turn
Seat 7: sly23md folded before Flop (didn't bet)
Seat 9: lolilolka folded before Flop (didn't bet)



PokerStars Hand #225321086864:  Hold'em No Limit ($0.01/$0.02 USD) - 2021/03/29 17:29:36 PT [2021/03/29 20:29:36 ET]
Table 'Thuringia IV' 9-max Seat #5 is the button
Seat 1: Kupec Danila ($1.87 in chips) 
Seat 2: josealfredonino ($1.69 in chips) 
Seat 4: Dorex2007 ($2.14 in chips) 
Seat 5: causavera ($0.39 in chips) 
Seat 6: pokers64ru ($2.04 in chips) 
pokers64ru: posts small blind $0.01
sly23md: is sitting out 
lolilolka: is sitting out 
sly23md leaves the table
Kupec Danila: posts big blind $0.02
MelchiorF1: sits out 
*** HOLE CARDS ***
Dealt to Dorex2007 [5h 8h]
josealfredonino: folds 
Dorex2007: folds 
trujin joins the table at seat #7 
causavera: folds 
pokers64ru: raises $0.04 to $0.06
lolilolka leaves the table
Kupec Danila: calls $0.04
*** FLOP *** [6s Qc 7d]
pokers64ru: bets $0.04
Kupec Danila: calls $0.04
*** TURN *** [6s Qc 7d] [Jc]
sly23md joins the table at seat #9 
pokers64ru: bets $0.06
Kupec Danila: folds 
Uncalled bet ($0.06) returned to pokers64ru
pokers64ru collected $0.19 from pot
pokers64ru: doesn't show hand 
*** SUMMARY ***
Total pot $0.20 | Rake $0.01 
Board [6s Qc 7d Jc]
Seat 1: Kupec Danila (big blind) folded on the Turn
Seat 2: josealfredonino folded before Flop (didn't bet)
Seat 4: Dorex2007 folded before Flop (didn't bet)
Seat 5: causavera (button) folded before Flop (didn't bet)
Seat 6: pokers64ru (small blind) collected ($0.19)



PokerStars Hand #225321097194:  Hold'em No Limit ($0.01/$0.02 USD) - 2021/03/29 17:30:08 PT [2021/03/29 20:30:08 ET]
Table 'Thuringia IV' 9-max Seat #6 is the button
Seat 1: Kupec Danila ($1.77 in chips) 
Seat 2: josealfredonino ($1.69 in chips) 
Seat 4: Dorex2007 ($2.14 in chips) 
Seat 5: causavera ($0.39 in chips) 
Seat 6: pokers64ru ($2.13 in chips) 
Kupec Danila: posts small blind $0.01
josealfredonino: posts big blind $0.02
MelchiorF1: sits out 
*** HOLE CARDS ***
Dealt to Dorex2007 [9c 2h]
Dorex2007: folds 
causavera: folds 
pokers64ru: folds 
Kupec Danila: folds 
Uncalled bet ($0.01) returned to josealfredonino
josealfredonino collected $0.02 from pot
josealfredonino: doesn't show hand 
*** SUMMARY ***
Total pot $0.02 | Rake $0 
Seat 1: Kupec Danila (small blind) folded before Flop
Seat 2: josealfredonino (big blind) collected ($0.02)
Seat 4: Dorex2007 folded before Flop (didn't bet)
Seat 5: causavera folded before Flop (didn't bet)
Seat 6: pokers64ru (button) folded before Flop (didn't bet)



PokerStars Hand #225321101159:  Hold'em No Limit ($0.01/$0.02 USD) - 2021/03/29 17:30:20 PT [2021/03/29 20:30:20 ET]
Table 'Thuringia IV' 9-max Seat #1 is the button
Seat 1: Kupec Danila ($1.76 in chips) 
Seat 2: josealfredonino ($1.70 in chips) 
Seat 3: MelchiorF1 ($2 in chips) 
Seat 4: Dorex2007 ($2.14 in chips) 
Seat 5: causavera ($0.39 in chips) 
Seat 6: pokers64ru ($2.13 in chips) 
josealfredonino: posts small blind $0.01
MelchiorF1: posts big blind $0.02
trujin: sits out 
sly23md: sits out 
*** HOLE CARDS ***
Dealt to Dorex2007 [8c Jc]
Dorex2007: folds 
causavera: folds 
pokers64ru: folds 
Kupec Danila: raises $0.04 to $0.06
josealfredonino: folds 
MelchiorF1: folds 
Uncalled bet ($0.04) returned to Kupec Danila
Kupec Danila collected $0.05 from pot
*** SUMMARY ***
Total pot $0.05 | Rake $0 
Seat 1: Kupec Danila (button) collected ($0.05)
Seat 2: josealfredonino (small blind) folded before Flop
Seat 3: MelchiorF1 (big blind) folded before Flop
Seat 4: Dorex2007 folded before Flop (didn't bet)
Seat 5: causavera folded before Flop (didn't bet)
Seat 6: pokers64ru folded before Flop (didn't bet)



PokerStars Hand #225321106667:  Hold'em No Limit ($0.01/$0.02 USD) - 2021/03/29 17:30:37 PT [2021/03/29 20:30:37 ET]
Table 'Thuringia IV' 9-max Seat #2 is the button
Seat 1: Kupec Danila ($1.79 in chips) 
Seat 2: josealfredonino ($1.69 in chips) 
Seat 3: MelchiorF1 ($1.98 in chips) 
Seat 4: Dorex2007 ($2.14 in chips) 
Seat 5: causavera ($0.39 in chips) 
Seat 6: pokers64ru ($2.13 in chips) 
MelchiorF1: posts small blind $0.01
Dorex2007: posts big blind $0.02
trujin: sits out 
sly23md: sits out 
*** HOLE CARDS ***
Dealt to Dorex2007 [3h 5s]
causavera: folds 
pokers64ru: folds 
Kupec Danila: folds 
josealfredonino: calls $0.02
MelchiorF1: folds 
Dorex2007: checks 
*** FLOP *** [5c 3c Jd]
Dorex2007: checks 
josealfredonino: checks 
*** TURN *** [5c 3c Jd] [Qc]
Dorex2007: checks 
josealfredonino: bets $0.05
Dorex2007: calls $0.05
*** RIVER *** [5c 3c Jd Qc] [Kd]
Dorex2007: checks 
josealfredonino: bets $0.07
Dorex2007: calls $0.07
*** SHOW DOWN ***
josealfredonino: shows [6h Qd] (a pair of Queens)
Dorex2007: shows [3h 5s] (two pair, Fives and Threes)
Dorex2007 collected $0.28 from pot
*** SUMMARY ***
Total pot $0.29 | Rake $0.01 
Board [5c 3c Jd Qc Kd]
Seat 1: Kupec Danila folded before Flop (didn't bet)
Seat 2: josealfredonino (button) showed [6h Qd] and lost with a pair of Queens
Seat 3: MelchiorF1 (small blind) folded before Flop
Seat 4: Dorex2007 (big blind) showed [3h 5s] and won ($0.28) with two pair, Fives and Threes
Seat 5: causavera folded before Flop (didn't bet)
Seat 6: pokers64ru folded before Flop (didn't bet)



PokerStars Hand #225321123910:  Hold'em No Limit ($0.01/$0.02 USD) - 2021/03/29 17:31:31 PT [2021/03/29 20:31:31 ET]
Table 'Thuringia IV' 9-max Seat #3 is the button
Seat 1: Kupec Danila ($1.79 in chips) 
Seat 2: josealfredonino ($1.55 in chips) 
Seat 3: MelchiorF1 ($1.97 in chips) 
Seat 4: Dorex2007 ($2.28 in chips) 
Seat 5: causavera ($0.39 in chips) 
Seat 6: pokers64ru ($2.13 in chips) 
Dorex2007: posts small blind $0.01
causavera: posts big blind $0.02
trujin: sits out 
sly23md: sits out 
*** HOLE CARDS ***
Dealt to Dorex2007 [6h Jd]
pokers64ru: raises $0.04 to $0.06
Kupec Danila: folds 
josealfredonino: folds 
MelchiorF1: folds 
Dorex2007: folds 
causavera: folds 
Uncalled bet ($0.04) returned to pokers64ru
pokers64ru collected $0.05 from pot
pokers64ru: doesn't show hand 
*** SUMMARY ***
Total pot $0.05 | Rake $0 
Seat 1: Kupec Danila folded before Flop (didn't bet)
Seat 2: josealfredonino folded before Flop (didn't bet)
Seat 3: MelchiorF1 (button) folded before Flop (didn't bet)
Seat 4: Dorex2007 (small blind) folded before Flop
Seat 5: causavera (big blind) folded before Flop
Seat 6: pokers64ru collected ($0.05)



PokerStars Hand #225321132166:  Hold'em No Limit ($0.01/$0.02 USD) - 2021/03/29 17:31:57 PT [2021/03/29 20:31:57 ET]
Table 'Thuringia IV' 9-max Seat #4 is the button
Seat 1: Kupec Danila ($1.79 in chips) 
Seat 2: josealfredonino ($1.55 in chips) 
Seat 3: MelchiorF1 ($1.97 in chips) 
Seat 4: Dorex2007 ($2.27 in chips) 
Seat 5: causavera ($0.37 in chips) 
Seat 6: pokers64ru ($2.16 in chips) 
causavera: posts small blind $0.01
pokers64ru: posts big blind $0.02
trujin: sits out 
Dami373: sits out 
sly23md: sits out 
*** HOLE CARDS ***
Dealt to Dorex2007 [6h Kc]
Kupec Danila: folds 
josealfredonino: calls $0.02
MelchiorF1: raises $0.04 to $0.06
Dorex2007: folds 
causavera: calls $0.05
pokers64ru: folds 
josealfredonino: calls $0.04
*** FLOP *** [As 4c 3c]
causavera: checks 
josealfredonino: checks 
MelchiorF1: bets $0.11
causavera: calls $0.11
josealfredonino: folds 
*** TURN *** [As 4c 3c] [Qc]
causavera: checks 
MelchiorF1: checks 
*** RIVER *** [As 4c 3c Qc] [4s]
causavera: bets $0.20 and is all-in
MelchiorF1: calls $0.20
*** SHOW DOWN ***
causavera: shows [Tc Jc] (a flush, Queen high)
MelchiorF1: shows [7c Ad] (two pair, Aces and Fours)
causavera collected $0.79 from pot
*** SUMMARY ***
Total pot $0.82 | Rake $0.03 
Board [As 4c 3c Qc 4s]
Seat 1: Kupec Danila folded before Flop (didn't bet)
Seat 2: josealfredonino folded on the Flop
Seat 3: MelchiorF1 showed [7c Ad] and lost with two pair, Aces and Fours
Seat 4: Dorex2007 (button) folded before Flop (didn't bet)
Seat 5: causavera (small blind) showed [Tc Jc] and won ($0.79) with a flush, Queen high
Seat 6: pokers64ru (big blind) folded before Flop



PokerStars Hand #225321157989:  Hold'em No Limit ($0.01/$0.02 USD) - 2021/03/29 17:33:17 PT [2021/03/29 20:33:17 ET]
Table 'Thuringia IV' 9-max Seat #5 is the button
Seat 1: Kupec Danila ($1.79 in chips) 
Seat 2: josealfredonino ($1.49 in chips) 
Seat 3: MelchiorF1 ($1.60 in chips) 
Seat 4: Dorex2007 ($2.27 in chips) 
Seat 5: causavera ($0.79 in chips) 
Seat 6: pokers64ru ($2.14 in chips) 
Seat 7: trujin ($2 in chips) 
pokers64ru: posts small blind $0.01
trujin: posts big blind $0.02
Dami373: sits out 
sly23md: sits out 
*** HOLE CARDS ***
Dealt to Dorex2007 [7h 3h]
Kupec Danila: folds 
josealfredonino: folds 
MelchiorF1: folds 
Dorex2007: folds 
causavera: folds 
pokers64ru: raises $0.04 to $0.06
trujin: folds 
Uncalled bet ($0.04) returned to pokers64ru
pokers64ru collected $0.04 from pot
pokers64ru: doesn't show hand 
*** SUMMARY ***
Total pot $0.04 | Rake $0 
Seat 1: Kupec Danila folded before Flop (didn't bet)
Seat 2: josealfredonino folded before Flop (didn't bet)
Seat 3: MelchiorF1 folded before Flop (didn't bet)
Seat 4: Dorex2007 folded before Flop (didn't bet)
Seat 5: causavera (button) folded before Flop (didn't bet)
Seat 6: pokers64ru (small blind) collected ($0.04)
Seat 7: trujin (big blind) folded before Flop



PokerStars Hand #225321166560:  Hold'em No Limit ($0.01/$0.02 USD) - 2021/03/29 17:33:44 PT [2021/03/29 20:33:44 ET]
Table 'Thuringia IV' 9-max Seat #6 is the button
Seat 1: Kupec Danila ($1.79 in chips) 
Seat 2: josealfredonino ($1.49 in chips) 
Seat 3: MelchiorF1 ($2 in chips) 
Seat 4: Dorex2007 ($2.27 in chips) 
Seat 5: causavera ($0.79 in chips) 
Seat 6: pokers64ru ($2.16 in chips) 
Seat 7: trujin ($1.98 in chips) 
Seat 8: Dami373 ($0.98 in chips) 
trujin: posts small blind $0.01
Dami373: posts big blind $0.02
sly23md: sits out 
*** HOLE CARDS ***
Dealt to Dorex2007 [Jd 8h]
Kupec Danila: folds 
josealfredonino: folds 
MelchiorF1: folds 
Dorex2007: folds 
causavera: folds 
pokers64ru: raises $0.04 to $0.06
trujin: folds 
Dami373: folds 
Uncalled bet ($0.04) returned to pokers64ru
pokers64ru collected $0.05 from pot
pokers64ru: doesn't show hand 
*** SUMMARY ***
Total pot $0.05 | Rake $0 
Seat 1: Kupec Danila folded before Flop (didn't bet)
Seat 2: josealfredonino folded before Flop (didn't bet)
Seat 3: MelchiorF1 folded before Flop (didn't bet)
Seat 4: Dorex2007 folded before Flop (didn't bet)
Seat 5: causavera folded before Flop (didn't bet)
Seat 6: pokers64ru (button) collected ($0.05)
Seat 7: trujin (small blind) folded before Flop
Seat 8: Dami373 (big blind) folded before Flop



PokerStars Hand #225321172786:  Hold'em No Limit ($0.01/$0.02 USD) - 2021/03/29 17:34:03 PT [2021/03/29 20:34:03 ET]
Table 'Thuringia IV' 9-max Seat #7 is the button
Seat 1: Kupec Danila ($1.79 in chips) 
Seat 2: josealfredonino ($1.49 in chips) 
Seat 3: MelchiorF1 ($2 in chips) 
Seat 4: Dorex2007 ($2.27 in chips) 
Seat 5: causavera ($0.79 in chips) 
Seat 6: pokers64ru ($2.19 in chips) 
Seat 7: trujin ($1.97 in chips) 
Seat 8: Dami373 ($0.96 in chips) 
Seat 9: sly23md ($2 in chips) 
Dami373: posts small blind $0.01
sly23md: posts big blind $0.02
*** HOLE CARDS ***
Dealt to Dorex2007 [Ks Td]
Kupec Danila: folds 
josealfredonino: folds 
MelchiorF1: folds 
Dorex2007: folds 
causavera: raises $0.04 to $0.06
pokers64ru: raises $0.12 to $0.18
trujin: folds 
Dami373: folds 
sly23md: folds 
causavera: folds 
Uncalled bet ($0.12) returned to pokers64ru
pokers64ru collected $0.15 from pot
pokers64ru: doesn't show hand 
*** SUMMARY ***
Total pot $0.15 | Rake $0 
Seat 1: Kupec Danila folded before Flop (didn't bet)
Seat 2: josealfredonino folded before Flop (didn't bet)
Seat 3: MelchiorF1 folded before Flop (didn't bet)
Seat 4: Dorex2007 folded before Flop (didn't bet)
Seat 5: causavera folded before Flop
Seat 6: pokers64ru collected ($0.15)
Seat 7: trujin (button) folded before Flop (didn't bet)
Seat 8: Dami373 (small blind) folded before Flop
Seat 9: sly23md (big blind) folded before Flop



PokerStars Hand #225321189396:  Hold'em No Limit ($0.01/$0.02 USD) - 2021/03/29 17:34:55 PT [2021/03/29 20:34:55 ET]
Table 'Thuringia IV' 9-max Seat #8 is the button
Seat 1: Kupec Danila ($1.79 in chips) 
Seat 2: josealfredonino ($1.49 in chips) 
Seat 3: MelchiorF1 ($2 in chips) 
Seat 4: Dorex2007 ($2.27 in chips) 
Seat 5: causavera ($0.73 in chips) 
Seat 6: pokers64ru ($2.28 in chips) 
Seat 7: trujin ($1.97 in chips) 
Seat 8: Dami373 ($0.95 in chips) 
Seat 9: sly23md ($2 in chips) 
sly23md: posts small blind $0.01
Kupec Danila: posts big blind $0.02
*** HOLE CARDS ***
Dealt to Dorex2007 [Td 9h]
josealfredonino: folds 
MelchiorF1: folds 
Dorex2007: folds 
causavera: folds 
pokers64ru: folds 
trujin: folds 
Dami373 has timed out
Dami373: folds 
sly23md: raises $0.04 to $0.06
Kupec Danila: raises $0.12 to $0.18
sly23md: folds 
Uncalled bet ($0.12) returned to Kupec Danila
Kupec Danila collected $0.12 from pot
*** SUMMARY ***
Total pot $0.12 | Rake $0 
Seat 1: Kupec Danila (big blind) collected ($0.12)
Seat 2: josealfredonino folded before Flop (didn't bet)
Seat 3: MelchiorF1 folded before Flop (didn't bet)
Seat 4: Dorex2007 folded before Flop (didn't bet)
Seat 5: causavera folded before Flop (didn't bet)
Seat 6: pokers64ru folded before Flop (didn't bet)
Seat 7: trujin folded before Flop (didn't bet)
Seat 8: Dami373 (button) folded before Flop (didn't bet)
Seat 9: sly23md (small blind) folded before Flop



PokerStars Hand #225321200975:  Hold'em No Limit ($0.01/$0.02 USD) - 2021/03/29 17:35:32 PT [2021/03/29 20:35:32 ET]
Table 'Thuringia IV' 9-max Seat #9 is the button
Seat 1: Kupec Danila ($1.85 in chips) 
Seat 2: josealfredonino ($1.49 in chips) 
Seat 3: MelchiorF1 ($2 in chips) 
Seat 4: Dorex2007 ($2.27 in chips) 
Seat 5: causavera ($0.73 in chips) 
Seat 6: pokers64ru ($2.28 in chips) 
Seat 7: trujin ($1.97 in chips) 
Seat 8: Dami373 ($0.95 in chips) 
Seat 9: sly23md ($2 in chips) 
Kupec Danila: posts small blind $0.01
josealfredonino: posts big blind $0.02
*** HOLE CARDS ***
Dealt to Dorex2007 [Qc 2c]
MelchiorF1: folds 
Dorex2007: folds 
causavera has timed out
causavera: folds 
pokers64ru: raises $0.04 to $0.06
trujin: folds 
Dami373: calls $0.06
sly23md: folds 
Kupec Danila: folds 
josealfredonino: folds 
*** FLOP *** [7s Ts Th]
pokers64ru: checks 
Dami373: checks 
*** TURN *** [7s Ts Th] [Qd]
pokers64ru: checks 
Dami373: checks 
*** RIVER *** [7s Ts Th Qd] [Jd]
pokers64ru: checks 
Dami373: bets $0.14
pokers64ru: folds 
Uncalled bet ($0.14) returned to Dami373
Dami373 collected $0.14 from pot
Dami373: doesn't show hand 
*** SUMMARY ***
Total pot $0.15 | Rake $0.01 
Board [7s Ts Th Qd Jd]
Seat 1: Kupec Danila (small blind) folded before Flop
Seat 2: josealfredonino (big blind) folded before Flop
Seat 3: MelchiorF1 folded before Flop (didn't bet)
Seat 4: Dorex2007 folded before Flop (didn't bet)
Seat 5: causavera folded before Flop (didn't bet)
Seat 6: pokers64ru folded on the River
Seat 7: trujin folded before Flop (didn't bet)
Seat 8: Dami373 collected ($0.14)
Seat 9: sly23md (button) folded before Flop (didn't bet)



PokerStars Hand #225321236565:  Hold'em No Limit ($0.01/$0.02 USD) - 2021/03/29 17:36:37 PT [2021/03/29 20:36:37 ET]
Table 'Thuringia IV' 9-max Seat #1 is the button
Seat 1: Kupec Danila ($1.84 in chips) 
Seat 2: josealfredonino ($1.47 in chips) 
Seat 3: MelchiorF1 ($2 in chips) 
Seat 4: Dorex2007 ($2.27 in chips) 
Seat 5: causavera ($0.73 in chips) 
Seat 6: pokers64ru ($2.22 in chips) 
Seat 7: trujin ($1.97 in chips) 
Seat 8: Dami373 ($1.03 in chips) 
Seat 9: sly23md ($2 in chips) 
josealfredonino: posts small blind $0.01
MelchiorF1: posts big blind $0.02
*** HOLE CARDS ***
Dealt to Dorex2007 [9s Qc]
Dorex2007: folds 
causavera has timed out
causavera: folds 
pokers64ru: folds 
trujin: folds 
Dami373: folds 
sly23md: folds 
Kupec Danila: folds 
josealfredonino: folds 
Uncalled bet ($0.01) returned to MelchiorF1
MelchiorF1 collected $0.02 from pot
MelchiorF1: doesn't show hand 
*** SUMMARY ***
Total pot $0.02 | Rake $0 
Seat 1: Kupec Danila (button) folded before Flop (didn't bet)
Seat 2: josealfredonino (small blind) folded before Flop
Seat 3: MelchiorF1 (big blind) collected ($0.02)
Seat 4: Dorex2007 folded before Flop (didn't bet)
Seat 5: causavera folded before Flop (didn't bet)
Seat 6: pokers64ru folded before Flop (didn't bet)
Seat 7: trujin folded before Flop (didn't bet)
Seat 8: Dami373 folded before Flop (didn't bet)
Seat 9: sly23md folded before Flop (didn't bet)



PokerStars Hand #225321243964:  Hold'em No Limit ($0.01/$0.02 USD) - 2021/03/29 17:37:01 PT [2021/03/29 20:37:01 ET]
Table 'Thuringia IV' 9-max Seat #2 is the button
Seat 1: Kupec Danila ($1.84 in chips) 
Seat 2: josealfredonino ($1.46 in chips) 
Seat 3: MelchiorF1 ($2.01 in chips) 
Seat 4: Dorex2007 ($2.27 in chips) 
Seat 6: pokers64ru ($2.22 in chips) 
Seat 7: trujin ($1.97 in chips) 
Seat 9: sly23md ($2 in chips) 
MelchiorF1: posts small blind $0.01
Dorex2007: posts big blind $0.02
*** HOLE CARDS ***
Dealt to Dorex2007 [Ts Ac]
pokers64ru: folds 
trujin: raises $0.04 to $0.06
sly23md: folds 
Kupec Danila: folds 
josealfredonino: folds 
MelchiorF1: folds 
Dorex2007: calls $0.04
*** FLOP *** [5s Qd Ah]
Dorex2007: bets $0.13
josealfredonino leaves the table
trujin: folds 
Uncalled bet ($0.13) returned to Dorex2007
Dorex2007 collected $0.13 from pot
Dorex2007: doesn't show hand 
*** SUMMARY ***
Total pot $0.13 | Rake $0 
Board [5s Qd Ah]
Seat 1: Kupec Danila folded before Flop (didn't bet)
Seat 2: josealfredonino (button) folded before Flop (didn't bet)
Seat 3: MelchiorF1 (small blind) folded before Flop
Seat 4: Dorex2007 (big blind) collected ($0.13)
Seat 6: pokers64ru folded before Flop (didn't bet)
Seat 7: trujin folded on the Flop
Seat 9: sly23md folded before Flop (didn't bet)



PokerStars Hand #225321251184:  Hold'em No Limit ($0.01/$0.02 USD) - 2021/03/29 17:37:23 PT [2021/03/29 20:37:23 ET]
Table 'Thuringia IV' 9-max Seat #3 is the button
Seat 1: Kupec Danila ($1.84 in chips) 
Seat 3: MelchiorF1 ($2 in chips) 
Seat 4: Dorex2007 ($2.34 in chips) 
Seat 5: causavera ($0.73 in chips) 
Seat 6: pokers64ru ($2.22 in chips) 
Seat 7: trujin ($1.91 in chips) 
Seat 9: sly23md ($2 in chips) 
Dorex2007: posts small blind $0.01
causavera: posts big blind $0.02
*** HOLE CARDS ***
Dealt to Dorex2007 [9d 3d]
pokers64ru has timed out
pokers64ru: folds 
trujin: folds 
sly23md: raises $0.04 to $0.06
Kupec Danila: folds 
MelchiorF1: folds 
Walterwalleye joins the table at seat #2 
Dorex2007: folds 
causavera: folds 
Uncalled bet ($0.04) returned to sly23md
sly23md collected $0.05 from pot
sly23md: doesn't show hand 
*** SUMMARY ***
Total pot $0.05 | Rake $0 
Seat 1: Kupec Danila folded before Flop (didn't bet)
Seat 3: MelchiorF1 (button) folded before Flop (didn't bet)
Seat 4: Dorex2007 (small blind) folded before Flop
Seat 5: causavera (big blind) folded before Flop
Seat 6: pokers64ru folded before Flop (didn't bet)
Seat 7: trujin folded before Flop (didn't bet)
Seat 9: sly23md collected ($0.05)



PokerStars Hand #225321258694:  Hold'em No Limit ($0.01/$0.02 USD) - 2021/03/29 17:37:47 PT [2021/03/29 20:37:47 ET]
Table 'Thuringia IV' 9-max Seat #4 is the button
Seat 1: Kupec Danila ($1.84 in chips) 
Seat 3: MelchiorF1 ($2 in chips) 
Seat 4: Dorex2007 ($2.33 in chips) 
Seat 5: causavera ($0.71 in chips) 
Seat 7: trujin ($1.91 in chips) 
Seat 9: sly23md ($2.03 in chips) 
causavera: posts small blind $0.01
trujin: posts big blind $0.02
Walterwalleye: sits out 
*** HOLE CARDS ***
Dealt to Dorex2007 [8s 8c]
sly23md: folds 
Kupec Danila: folds 
MelchiorF1: folds 
Dorex2007: raises $0.04 to $0.06
causavera: folds 
trujin: folds 
Uncalled bet ($0.04) returned to Dorex2007
Dorex2007 collected $0.05 from pot
Dorex2007: doesn't show hand 
*** SUMMARY ***
Total pot $0.05 | Rake $0 
Seat 1: Kupec Danila folded before Flop (didn't bet)
Seat 3: MelchiorF1 folded before Flop (didn't bet)
Seat 4: Dorex2007 (button) collected ($0.05)
Seat 5: causavera (small blind) folded before Flop
Seat 7: trujin (big blind) folded before Flop
Seat 9: sly23md folded before Flop (didn't bet)



PokerStars Hand #225321266740:  Hold'em No Limit ($0.01/$0.02 USD) - 2021/03/29 17:38:13 PT [2021/03/29 20:38:13 ET]
Table 'Thuringia IV' 9-max Seat #5 is the button
Seat 1: Kupec Danila ($1.84 in chips) 
Seat 3: MelchiorF1 ($2 in chips) 
Seat 4: Dorex2007 ($2.36 in chips) 
Seat 5: causavera ($0.70 in chips) 
Seat 7: trujin ($1.89 in chips) 
trujin: posts small blind $0.01
sly23md: is sitting out 
Kupec Danila: posts big blind $0.02
sly23md leaves the table
Walterwalleye: sits out 
*** HOLE CARDS ***
Dealt to Dorex2007 [8s Ah]
MelchiorF1: folds 
Dorex2007: folds 
causavera: folds 
trujin: folds 
Uncalled bet ($0.01) returned to Kupec Danila
Kupec Danila collected $0.02 from pot
*** SUMMARY ***
Total pot $0.02 | Rake $0 
Seat 1: Kupec Danila (big blind) collected ($0.02)
Seat 3: MelchiorF1 folded before Flop (didn't bet)
Seat 4: Dorex2007 folded before Flop (didn't bet)
Seat 5: causavera (button) folded before Flop (didn't bet)
Seat 7: trujin (small blind) folded before Flop



PokerStars Hand #225321272501:  Hold'em No Limit ($0.01/$0.02 USD) - 2021/03/29 17:38:31 PT [2021/03/29 20:38:31 ET]
Table 'Thuringia IV' 9-max Seat #7 is the button
Seat 1: Kupec Danila ($1.85 in chips) 
Seat 2: Walterwalleye ($2 in chips) 
Seat 3: MelchiorF1 ($2 in chips) 
Seat 4: Dorex2007 ($2.36 in chips) 
Seat 5: causavera ($0.70 in chips) 
Seat 7: trujin ($1.88 in chips) 
Kupec Danila: posts small blind $0.01
Walterwalleye: posts big blind $0.02
*** HOLE CARDS ***
Dealt to Dorex2007 [Ac 8s]
MelchiorF1: folds 
Mimirock2000 joins the table at seat #9 
Dorex2007: folds 
causavera: folds 
trujin: folds 
Kupec Danila: folds 
Uncalled bet ($0.01) returned to Walterwalleye
Walterwalleye collected $0.02 from pot
pokers64ru leaves the table
Walterwalleye: doesn't show hand 
*** SUMMARY ***
Total pot $0.02 | Rake $0 
Seat 1: Kupec Danila (small blind) folded before Flop
Seat 2: Walterwalleye (big blind) collected ($0.02)
Seat 3: MelchiorF1 folded before Flop (didn't bet)
Seat 4: Dorex2007 folded before Flop (didn't bet)
Seat 5: causavera folded before Flop (didn't bet)
Seat 7: trujin (button) folded before Flop (didn't bet)



PokerStars Hand #225321278029:  Hold'em No Limit ($0.01/$0.02 USD) - 2021/03/29 17:38:48 PT [2021/03/29 20:38:48 ET]
Table 'Thuringia IV' 9-max Seat #1 is the button
Seat 1: Kupec Danila ($1.84 in chips) 
Seat 2: Walterwalleye ($2.01 in chips) 
Seat 3: MelchiorF1 ($2 in chips) 
Seat 4: Dorex2007 ($2.36 in chips) 
Seat 5: causavera ($0.70 in chips) 
Seat 7: trujin ($1.88 in chips) 
Seat 9: Mimirock2000 ($1.60 in chips) 
Walterwalleye: posts small blind $0.01
MelchiorF1: posts big blind $0.02
Mimirock2000: posts big blind $0.02
*** HOLE CARDS ***
Dealt to Dorex2007 [Th 8h]
Dorex2007: folds 
causavera: folds 
trujin: folds 
Mimirock2000: checks 
Kupec Danila: folds 
shawmoney joins the table at seat #6 
Walterwalleye: calls $0.01
MelchiorF1: checks 
*** FLOP *** [7d Ad 7h]
Walterwalleye: bets $0.02
MelchiorF1: folds 
Mimirock2000: folds 
Uncalled bet ($0.02) returned to Walterwalleye
Walterwalleye collected $0.06 from pot
Walterwalleye: doesn't show hand 
*** SUMMARY ***
Total pot $0.06 | Rake $0 
Board [7d Ad 7h]
Seat 1: Kupec Danila (button) folded before Flop (didn't bet)
Seat 2: Walterwalleye (small blind) collected ($0.06)
Seat 3: MelchiorF1 (big blind) folded on the Flop
Seat 4: Dorex2007 folded before Flop (didn't bet)
Seat 5: causavera folded before Flop (didn't bet)
Seat 7: trujin folded before Flop (didn't bet)
Seat 9: Mimirock2000 folded on the Flop (didn't bet)



PokerStars Hand #225321287813:  Hold'em No Limit ($0.01/$0.02 USD) - 2021/03/29 17:39:19 PT [2021/03/29 20:39:19 ET]
Table 'Thuringia IV' 9-max Seat #2 is the button
Seat 1: Kupec Danila ($1.84 in chips) 
Seat 2: Walterwalleye ($2.05 in chips) 
Seat 3: MelchiorF1 ($1.98 in chips) 
Seat 4: Dorex2007 ($2.36 in chips) 
Seat 5: causavera ($0.70 in chips) 
Seat 7: trujin ($1.88 in chips) 
Seat 9: Mimirock2000 ($1.58 in chips) 
MelchiorF1: posts small blind $0.01
Dorex2007: posts big blind $0.02
shawmoney: sits out 
*** HOLE CARDS ***
Dealt to Dorex2007 [8d 2s]
causavera: folds 
trujin: folds 
Mimirock2000: calls $0.02
Kupec Danila: folds 
Walterwalleye: folds 
MelchiorF1: folds 
Dorex2007: checks 
*** FLOP *** [8h Ks 2c]
Dorex2007: checks 
Mimirock2000: bets $0.02
Dorex2007: calls $0.02
*** TURN *** [8h Ks 2c] [5d]
Dorex2007: checks 
Mimirock2000: bets $0.04
Dorex2007: raises $0.08 to $0.12
Mimirock2000: raises $0.08 to $0.20
Dorex2007: raises $2.12 to $2.32 and is all-in
Mimirock2000: calls $1.34 and is all-in
Uncalled bet ($0.78) returned to Dorex2007
Mimirock2000 has timed out
*** RIVER *** [8h Ks 2c 5d] [4h]
*** SHOW DOWN ***
Dorex2007: shows [8d 2s] (two pair, Eights and Deuces)
Mimirock2000: shows [2d 2h] (three of a kind, Deuces)
Mimirock2000 collected $3.06 from pot
Dorex2007 cashed out the hand for $0.14
*** SUMMARY ***
Total pot $3.17 | Rake $0.11 
Board [8h Ks 2c 5d 4h]
Seat 1: Kupec Danila folded before Flop (didn't bet)
Seat 2: Walterwalleye (button) folded before Flop (didn't bet)
Seat 3: MelchiorF1 (small blind) folded before Flop
Seat 4: Dorex2007 (big blind) showed [8d 2s] and lost with two pair, Eights and Deuces (cashed out).
Seat 5: causavera folded before Flop (didn't bet)
Seat 7: trujin folded before Flop (didn't bet)
Seat 9: Mimirock2000 showed [2d 2h] and won ($3.06) with three of a kind, Deuces



PokerStars Hand #225321317042:  Hold'em No Limit ($0.01/$0.02 USD) - 2021/03/29 17:40:33 PT [2021/03/29 20:40:33 ET]
Table 'Thuringia IV' 9-max Seat #3 is the button
Seat 1: Kupec Danila ($1.84 in chips) 
Seat 2: Walterwalleye ($2.05 in chips) 
Seat 3: MelchiorF1 ($1.97 in chips) 
Seat 4: Dorex2007 ($0.92 in chips) 
Seat 5: causavera ($0.70 in chips) 
Seat 7: trujin ($1.88 in chips) 
Seat 9: Mimirock2000 ($3.06 in chips) 
Dorex2007: posts small blind $0.01
causavera: posts big blind $0.02
shawmoney: sits out 
*** HOLE CARDS ***
Dealt to Dorex2007 [6s 8h]
trujin: folds 
Mimirock2000: calls $0.02
Kupec Danila: folds 
shawmoney leaves the table
Walterwalleye: calls $0.02
MelchiorF1: folds 
Dorex2007: folds 
causavera: checks 
*** FLOP *** [Ad 2c Qc]
causavera: checks 
Mimirock2000: checks 
Walterwalleye: bets $0.04
causavera: folds 
Mimirock2000: calls $0.04
*** TURN *** [Ad 2c Qc] [9c]
Mimirock2000: checks 
Walterwalleye: bets $0.14
Mimirock2000: calls $0.14
*** RIVER *** [Ad 2c Qc 9c] [Ac]
Mimirock2000: checks 
Walterwalleye: checks 
*** SHOW DOWN ***
Mimirock2000: shows [4s Ah] (three of a kind, Aces)
Walterwalleye: mucks hand 
Mimirock2000 collected $0.41 from pot
*** SUMMARY ***
Total pot $0.43 | Rake $0.02 
Board [Ad 2c Qc 9c Ac]
Seat 1: Kupec Danila folded before Flop (didn't bet)
Seat 2: Walterwalleye mucked [5h Jh]
Seat 3: MelchiorF1 (button) folded before Flop (didn't bet)
Seat 4: Dorex2007 (small blind) folded before Flop
Seat 5: causavera (big blind) folded on the Flop
Seat 7: trujin folded before Flop (didn't bet)
Seat 9: Mimirock2000 showed [4s Ah] and won ($0.41) with three of a kind, Aces



PokerStars Hand #225321333266:  Hold'em No Limit ($0.01/$0.02 USD) - 2021/03/29 17:41:25 PT [2021/03/29 20:41:25 ET]
Table 'Thuringia IV' 9-max Seat #4 is the button
Seat 1: Kupec Danila ($1.84 in chips) 
Seat 2: Walterwalleye ($1.85 in chips) 
Seat 3: MelchiorF1 ($1.97 in chips) 
Seat 4: Dorex2007 ($0.91 in chips) 
Seat 5: causavera ($0.68 in chips) 
Seat 7: trujin ($1.88 in chips) 
Seat 9: Mimirock2000 ($3.27 in chips) 
causavera: posts small blind $0.01
trujin: posts big blind $0.02
*** HOLE CARDS ***
Dealt to Dorex2007 [3c 6h]
Mimirock2000: calls $0.02
Kupec Danila: folds 
Walterwalleye: calls $0.02
MelchiorF1: folds 
Dorex2007: folds 
Walterwalleye said, "mimi likes to slowplay"
causavera: folds 
trujin: checks 
*** FLOP *** [4c Ts 6s]
trujin: checks 
Mimirock2000: checks 
Walterwalleye: bets $0.04
trujin: calls $0.04
Mimirock2000: folds 
*** TURN *** [4c Ts 6s] [Ad]
trujin: checks 
Walterwalleye: checks 
*** RIVER *** [4c Ts 6s Ad] [Tc]
trujin: checks 
Walterwalleye: bets $0.14
trujin: folds 
Uncalled bet ($0.14) returned to Walterwalleye
Walterwalleye collected $0.14 from pot
*** SUMMARY ***
Total pot $0.15 | Rake $0.01 
Board [4c Ts 6s Ad Tc]
Seat 1: Kupec Danila folded before Flop (didn't bet)
Seat 2: Walterwalleye collected ($0.14)
Seat 3: MelchiorF1 folded before Flop (didn't bet)
Seat 4: Dorex2007 (button) folded before Flop (didn't bet)
Seat 5: causavera (small blind) folded before Flop
Seat 7: trujin (big blind) folded on the River
Seat 9: Mimirock2000 folded on the Flop



PokerStars Hand #225321352997:  Hold'em No Limit ($0.01/$0.02 USD) - 2021/03/29 17:42:29 PT [2021/03/29 20:42:29 ET]
Table 'Thuringia IV' 9-max Seat #5 is the button
Seat 1: Kupec Danila ($1.84 in chips) 
Seat 2: Walterwalleye ($1.93 in chips) 
Seat 3: MelchiorF1 ($1.97 in chips) 
Seat 4: Dorex2007 ($0.91 in chips) 
Seat 5: causavera ($0.67 in chips) 
Seat 7: trujin ($1.82 in chips) 
Seat 9: Mimirock2000 ($3.25 in chips) 
trujin: posts small blind $0.01
Mimirock2000: posts big blind $0.02
*** HOLE CARDS ***
Dealt to Dorex2007 [2s Qc]
Kupec Danila: raises $0.04 to $0.06
Walterwalleye: folds 
MelchiorF1: folds 
Dorex2007: folds 
causavera: calls $0.06
trujin: raises $0.12 to $0.18
Mimirock2000: folds 
Kupec Danila: calls $0.12
causavera: calls $0.12
*** FLOP *** [2c Ts Js]
trujin: bets $0.08
Kupec Danila: calls $0.08
causavera: folds 
*** TURN *** [2c Ts Js] [6s]
trujin: checks 
Kupec Danila: checks 
*** RIVER *** [2c Ts Js 6s] [Jh]
trujin: checks 
Kupec Danila: checks 
*** SHOW DOWN ***
trujin: shows [Kc As] (a pair of Jacks)
Kupec Danila: shows [Ah Th] (two pair, Jacks and Tens)
Kupec Danila collected $0.69 from pot
*** SUMMARY ***
Total pot $0.72 | Rake $0.03 
Board [2c Ts Js 6s Jh]
Seat 1: Kupec Danila showed [Ah Th] and won ($0.69) with two pair, Jacks and Tens
Seat 2: Walterwalleye folded before Flop (didn't bet)
Seat 3: MelchiorF1 folded before Flop (didn't bet)
Seat 4: Dorex2007 folded before Flop (didn't bet)
Seat 5: causavera (button) folded on the Flop
Seat 7: trujin (small blind) showed [Kc As] and lost with a pair of Jacks
Seat 9: Mimirock2000 (big blind) folded before Flop



PokerStars Hand #225321373908:  Hold'em No Limit ($0.01/$0.02 USD) - 2021/03/29 17:43:35 PT [2021/03/29 20:43:35 ET]
Table 'Thuringia IV' 9-max Seat #7 is the button
Seat 1: Kupec Danila ($2.27 in chips) 
Seat 2: Walterwalleye ($1.93 in chips) 
Seat 3: MelchiorF1 ($1.97 in chips) 
Seat 4: Dorex2007 ($0.91 in chips) 
Seat 5: causavera ($0.49 in chips) 
Seat 7: trujin ($1.56 in chips) 
Seat 9: Mimirock2000 ($3.23 in chips) 
Mimirock2000: posts small blind $0.01
Kupec Danila: posts big blind $0.02
*** HOLE CARDS ***
Dealt to Dorex2007 [2s 3h]
Walterwalleye: folds 
MelchiorF1: raises $0.02 to $0.04
Dorex2007: folds 
causavera: folds 
trujin: folds 
Mimirock2000: calls $0.03
Kupec Danila: folds 
*** FLOP *** [6d 6h 7c]
Mimirock2000: checks 
MelchiorF1: bets $0.04
Mimirock2000: calls $0.04
*** TURN *** [6d 6h 7c] [Jd]
Mimirock2000: checks 
MelchiorF1: checks 
*** RIVER *** [6d 6h 7c Jd] [8d]
Mimirock2000: checks 
MelchiorF1: checks 
*** SHOW DOWN ***
Mimirock2000: shows [8h Kh] (two pair, Eights and Sixes)
MelchiorF1: mucks hand 
Mimirock2000 collected $0.17 from pot
*** SUMMARY ***
Total pot $0.18 | Rake $0.01 
Board [6d 6h 7c Jd 8d]
Seat 1: Kupec Danila (big blind) folded before Flop
Seat 2: Walterwalleye folded before Flop (didn't bet)
Seat 3: MelchiorF1 mucked [5d 5s]
Seat 4: Dorex2007 folded before Flop (didn't bet)
Seat 5: causavera folded before Flop (didn't bet)
Seat 7: trujin (button) folded before Flop (didn't bet)
Seat 9: Mimirock2000 (small blind) showed [8h Kh] and won ($0.17) with two pair, Eights and Sixes



PokerStars Hand #225321386356:  Hold'em No Limit ($0.01/$0.02 USD) - 2021/03/29 17:44:15 PT [2021/03/29 20:44:15 ET]
Table 'Thuringia IV' 9-max Seat #9 is the button
Seat 1: Kupec Danila ($2.25 in chips) 
Seat 2: Walterwalleye ($1.93 in chips) 
Seat 3: MelchiorF1 ($1.89 in chips) 
Seat 4: Dorex2007 ($0.91 in chips) 
Seat 5: causavera ($0.49 in chips) 
Seat 7: trujin ($1.56 in chips) 
Seat 9: Mimirock2000 ($3.32 in chips) 
Kupec Danila: posts small blind $0.01
Walterwalleye: posts big blind $0.02
*** HOLE CARDS ***
Dealt to Dorex2007 [2c Td]
MelchiorF1: folds 
Dorex2007: folds 
causavera: folds 
trujin: folds 
Mimirock2000: calls $0.02
moregre joins the table at seat #6 
Kupec Danila: folds 
Walterwalleye: checks 
*** FLOP *** [4s Ac 7d]
Walterwalleye: bets $0.02
Mimirock2000: calls $0.02
*** TURN *** [4s Ac 7d] [Jc]
Walterwalleye: bets $0.02
Mimirock2000: calls $0.02
*** RIVER *** [4s Ac 7d Jc] [Qc]
Walterwalleye: checks 
Mimirock2000: checks 
*** SHOW DOWN ***
Walterwalleye: shows [9h 4c] (a pair of Fours)
Mimirock2000: shows [Ah 7c] (two pair, Aces and Sevens)
Mimirock2000 collected $0.13 from pot
*** SUMMARY ***
Total pot $0.13 | Rake $0 
Board [4s Ac 7d Jc Qc]
Seat 1: Kupec Danila (small blind) folded before Flop
Seat 2: Walterwalleye (big blind) showed [9h 4c] and lost with a pair of Fours
Seat 3: MelchiorF1 folded before Flop (didn't bet)
Seat 4: Dorex2007 folded before Flop (didn't bet)
Seat 5: causavera folded before Flop (didn't bet)
Seat 7: trujin folded before Flop (didn't bet)
Seat 9: Mimirock2000 (button) showed [Ah 7c] and won ($0.13) with two pair, Aces and Sevens



PokerStars Hand #225321399757:  Hold'em No Limit ($0.01/$0.02 USD) - 2021/03/29 17:44:58 PT [2021/03/29 20:44:58 ET]
Table 'Thuringia IV' 9-max Seat #1 is the button
Seat 1: Kupec Danila ($2.24 in chips) 
Seat 2: Walterwalleye ($1.87 in chips) 
Seat 3: MelchiorF1 ($2 in chips) 
Seat 4: Dorex2007 ($0.91 in chips) 
Seat 5: causavera ($0.49 in chips) 
Seat 6: moregre ($1.60 in chips) 
Seat 7: trujin ($1.56 in chips) 
Seat 9: Mimirock2000 ($3.39 in chips) 
Walterwalleye: posts small blind $0.01
MelchiorF1: posts big blind $0.02
moregre: posts big blind $0.02
*** HOLE CARDS ***
Dealt to Dorex2007 [3c 7s]
Dorex2007: folds 
causavera: folds 
moregre: checks 
trujin: folds 
Mimirock2000: calls $0.02
Kupec Danila: calls $0.02
Walterwalleye: folds 
MelchiorF1: checks 
*** FLOP *** [9c 5c Ac]
MelchiorF1: checks 
moregre: checks 
Mimirock2000: checks 
Kupec Danila: bets $0.03
MelchiorF1: folds 
moregre: folds 
Mimirock2000: calls $0.03
*** TURN *** [9c 5c Ac] [7d]
Mimirock2000: checks 
Kupec Danila: bets $0.11
Mimirock2000: calls $0.11
*** RIVER *** [9c 5c Ac 7d] [Ad]
Mimirock2000: checks 
Kupec Danila: bets $0.27
Mimirock2000: folds 
Uncalled bet ($0.27) returned to Kupec Danila
Kupec Danila collected $0.36 from pot
*** SUMMARY ***
Total pot $0.37 | Rake $0.01 
Board [9c 5c Ac 7d Ad]
Seat 1: Kupec Danila (button) collected ($0.36)
Seat 2: Walterwalleye (small blind) folded before Flop
Seat 3: MelchiorF1 (big blind) folded on the Flop
Seat 4: Dorex2007 folded before Flop (didn't bet)
Seat 5: causavera folded before Flop (didn't bet)
Seat 6: moregre folded on the Flop (didn't bet)
Seat 7: trujin folded before Flop (didn't bet)
Seat 9: Mimirock2000 folded on the River



PokerStars Hand #225321433532:  Hold'em No Limit ($0.01/$0.02 USD) - 2021/03/29 17:46:21 PT [2021/03/29 20:46:21 ET]
Table 'Thuringia IV' 9-max Seat #2 is the button
Seat 1: Kupec Danila ($2.44 in chips) 
Seat 2: Walterwalleye ($1.86 in chips) 
Seat 3: MelchiorF1 ($1.98 in chips) 
Seat 4: Dorex2007 ($0.91 in chips) 
Seat 5: causavera ($0.49 in chips) 
Seat 6: moregre ($1.58 in chips) 
Seat 7: trujin ($1.56 in chips) 
Seat 8: Dami373 ($1.03 in chips) 
Seat 9: Mimirock2000 ($3.23 in chips) 
MelchiorF1: posts small blind $0.01
Dorex2007: posts big blind $0.02
Dami373: posts small & big blinds $0.03
*** HOLE CARDS ***
Dealt to Dorex2007 [5c 2h]
causavera: folds 
moregre: folds 
trujin: calls $0.02
Dami373: raises $0.04 to $0.06
Mimirock2000: folds 
Kupec Danila: calls $0.06
Walterwalleye: folds 
MelchiorF1: folds 
Dorex2007: folds 
trujin: raises $0.12 to $0.18
Dami373: calls $0.12
Kupec Danila: calls $0.12
*** FLOP *** [7d 2c Kc]
trujin: bets $0.32
Dami373: folds 
Kupec Danila: folds 
Uncalled bet ($0.32) returned to trujin
trujin collected $0.56 from pot
trujin: doesn't show hand 
*** SUMMARY ***
Total pot $0.58 | Rake $0.02 
Board [7d 2c Kc]
Seat 1: Kupec Danila folded on the Flop
Seat 2: Walterwalleye (button) folded before Flop (didn't bet)
Seat 3: MelchiorF1 (small blind) folded before Flop
Seat 4: Dorex2007 (big blind) folded before Flop
Seat 5: causavera folded before Flop (didn't bet)
Seat 6: moregre folded before Flop (didn't bet)
Seat 7: trujin collected ($0.56)
Seat 8: Dami373 folded on the Flop
Seat 9: Mimirock2000 folded before Flop (didn't bet)



PokerStars Hand #225321455790:  Hold'em No Limit ($0.01/$0.02 USD) - 2021/03/29 17:47:33 PT [2021/03/29 20:47:33 ET]
Table 'Thuringia IV' 9-max Seat #3 is the button
Seat 1: Kupec Danila ($2.26 in chips) 
Seat 2: Walterwalleye ($1.86 in chips) 
Seat 3: MelchiorF1 ($1.97 in chips) 
Seat 4: Dorex2007 ($0.89 in chips) 
Seat 5: causavera ($0.49 in chips) 
Seat 6: moregre ($1.58 in chips) 
Seat 7: trujin ($1.94 in chips) 
Seat 8: Dami373 ($0.84 in chips) 
Seat 9: Mimirock2000 ($3.23 in chips) 
Dorex2007: posts small blind $0.01
causavera: posts big blind $0.02
*** HOLE CARDS ***
Dealt to Dorex2007 [Ah 3c]
moregre: raises $0.06 to $0.08
trujin: folds 
Dami373 has timed out
Dami373: folds 
Mimirock2000: folds 
Kupec Danila: folds 
Walterwalleye: folds 
MelchiorF1: folds 
Dorex2007: folds 
causavera: folds 
Uncalled bet ($0.06) returned to moregre
moregre collected $0.05 from pot
moregre: doesn't show hand 
*** SUMMARY ***
Total pot $0.05 | Rake $0 
Seat 1: Kupec Danila folded before Flop (didn't bet)
Seat 2: Walterwalleye folded before Flop (didn't bet)
Seat 3: MelchiorF1 (button) folded before Flop (didn't bet)
Seat 4: Dorex2007 (small blind) folded before Flop
Seat 5: causavera (big blind) folded before Flop
Seat 6: moregre collected ($0.05)
Seat 7: trujin folded before Flop (didn't bet)
Seat 8: Dami373 folded before Flop (didn't bet)
Seat 9: Mimirock2000 folded before Flop (didn't bet)



PokerStars Hand #225321467374:  Hold'em No Limit ($0.01/$0.02 USD) - 2021/03/29 17:48:10 PT [2021/03/29 20:48:10 ET]
Table 'Thuringia IV' 9-max Seat #4 is the button
Seat 1: Kupec Danila ($2.26 in chips) 
Seat 2: Walterwalleye ($1.86 in chips) 
Seat 3: MelchiorF1 ($1.97 in chips) 
Seat 4: Dorex2007 ($0.88 in chips) 
Seat 5: causavera ($0.47 in chips) 
Seat 6: moregre ($1.61 in chips) 
Seat 7: trujin ($1.94 in chips) 
Seat 9: Mimirock2000 ($3.23 in chips) 
causavera: posts small blind $0.01
moregre: posts big blind $0.02
*** HOLE CARDS ***
Dealt to Dorex2007 [7d 4d]
trujin: folds 
Mimirock2000: folds 
Kupec Danila: folds 
Walterwalleye: raises $0.04 to $0.06
MelchiorF1: folds 
Dorex2007: folds 
causavera: folds 
moregre: folds 
Uncalled bet ($0.04) returned to Walterwalleye
Walterwalleye collected $0.05 from pot
Walterwalleye: doesn't show hand 
*** SUMMARY ***
Total pot $0.05 | Rake $0 
Seat 1: Kupec Danila folded before Flop (didn't bet)
Seat 2: Walterwalleye collected ($0.05)
Seat 3: MelchiorF1 folded before Flop (didn't bet)
Seat 4: Dorex2007 (button) folded before Flop (didn't bet)
Seat 5: causavera (small blind) folded before Flop
Seat 6: moregre (big blind) folded before Flop
Seat 7: trujin folded before Flop (didn't bet)
Seat 9: Mimirock2000 folded before Flop (didn't bet)



PokerStars Hand #225321478059:  Hold'em No Limit ($0.01/$0.02 USD) - 2021/03/29 17:48:45 PT [2021/03/29 20:48:45 ET]
Table 'Thuringia IV' 9-max Seat #5 is the button
Seat 1: Kupec Danila ($2.26 in chips) 
Seat 2: Walterwalleye ($1.89 in chips) 
Seat 3: MelchiorF1 ($1.97 in chips) 
Seat 4: Dorex2007 ($0.88 in chips) 
Seat 5: causavera ($0.46 in chips) 
Seat 6: moregre ($1.59 in chips) 
Seat 7: trujin ($1.94 in chips) 
Seat 8: Dami373 ($0.84 in chips) 
Seat 9: Mimirock2000 ($3.23 in chips) 
moregre: posts small blind $0.01
trujin: posts big blind $0.02
*** HOLE CARDS ***
Dealt to Dorex2007 [Qs Qh]
Dami373: folds 
Mimirock2000: calls $0.02
Kupec Danila: folds 
Walterwalleye has timed out
Walterwalleye: folds 
MelchiorF1: raises $0.06 to $0.08
Dorex2007: raises $0.16 to $0.24
causavera: folds 
moregre: folds 
trujin: folds 
Mimirock2000: folds 
MelchiorF1: raises $1.73 to $1.97 and is all-in
Dorex2007: calls $0.64 and is all-in
Uncalled bet ($1.09) returned to MelchiorF1
*** FLOP *** [Ks 2d 5c]
*** TURN *** [Ks 2d 5c] [Kc]
*** RIVER *** [Ks 2d 5c Kc] [3h]
*** SHOW DOWN ***
MelchiorF1: shows [Qc Qd] (two pair, Kings and Queens)
Dorex2007: shows [Qs Qh] (two pair, Kings and Queens)
MelchiorF1 collected $0.88 from pot
Dorex2007 collected $0.87 from pot
*** SUMMARY ***
Total pot $1.81 | Rake $0.06 
Board [Ks 2d 5c Kc 3h]
Seat 1: Kupec Danila folded before Flop (didn't bet)
Seat 2: Walterwalleye folded before Flop (didn't bet)
Seat 3: MelchiorF1 showed [Qc Qd] and won ($0.88) with two pair, Kings and Queens
Seat 4: Dorex2007 showed [Qs Qh] and won ($0.87) with two pair, Kings and Queens
Seat 5: causavera (button) folded before Flop (didn't bet)
Seat 6: moregre (small blind) folded before Flop
Seat 7: trujin (big blind) folded before Flop
Seat 8: Dami373 folded before Flop (didn't bet)
Seat 9: Mimirock2000 folded before Flop



PokerStars Hand #225321496691:  Hold'em No Limit ($0.01/$0.02 USD) - 2021/03/29 17:49:46 PT [2021/03/29 20:49:46 ET]
Table 'Thuringia IV' 9-max Seat #6 is the button
Seat 1: Kupec Danila ($2.26 in chips) 
Seat 2: Walterwalleye ($1.89 in chips) 
Seat 3: MelchiorF1 ($1.97 in chips) 
Seat 4: Dorex2007 ($0.87 in chips) 
Seat 5: causavera ($0.46 in chips) 
Seat 6: moregre ($1.58 in chips) 
Seat 7: trujin ($1.92 in chips) 
Seat 8: Dami373 ($0.84 in chips) 
Seat 9: Mimirock2000 ($3.21 in chips) 
trujin: posts small blind $0.01
Dami373: posts big blind $0.02
*** HOLE CARDS ***
Dealt to Dorex2007 [4s Ah]
Mimirock2000: folds 
Kupec Danila: folds 
Walterwalleye has timed out
Walterwalleye: folds 
MelchiorF1: raises $0.04 to $0.06
Dorex2007: folds 
causavera: calls $0.06
moregre: folds 
trujin: folds 
Dami373: calls $0.04
*** FLOP *** [3h Ks Tc]
Dami373: checks 
MelchiorF1: checks 
causavera: bets $0.12
Dami373: folds 
MelchiorF1: folds 
Uncalled bet ($0.12) returned to causavera
causavera collected $0.18 from pot
causavera: doesn't show hand 
*** SUMMARY ***
Total pot $0.19 | Rake $0.01 
Board [3h Ks Tc]
Seat 1: Kupec Danila folded before Flop (didn't bet)
Seat 2: Walterwalleye folded before Flop (didn't bet)
Seat 3: MelchiorF1 folded on the Flop
Seat 4: Dorex2007 folded before Flop (didn't bet)
Seat 5: causavera collected ($0.18)
Seat 6: moregre (button) folded before Flop (didn't bet)
Seat 7: trujin (small blind) folded before Flop
Seat 8: Dami373 (big blind) folded on the Flop
Seat 9: Mimirock2000 folded before Flop (didn't bet)



PokerStars Hand #225321518467:  Hold'em No Limit ($0.01/$0.02 USD) - 2021/03/29 17:50:57 PT [2021/03/29 20:50:57 ET]
Table 'Thuringia IV' 9-max Seat #7 is the button
Seat 1: Kupec Danila ($2.26 in chips) 
Seat 3: MelchiorF1 ($1.94 in chips) 
Seat 4: Dorex2007 ($1.67 in chips) 
Seat 5: causavera ($0.58 in chips) 
Seat 6: moregre ($1.58 in chips) 
Seat 7: trujin ($1.91 in chips) 
Seat 8: Dami373 ($0.78 in chips) 
Seat 9: Mimirock2000 ($3.21 in chips) 
Dami373: posts small blind $0.01
Mimirock2000: posts big blind $0.02
*** HOLE CARDS ***
Dealt to Dorex2007 [7d Kh]
Kupec Danila: folds 
MelchiorF1: raises $0.04 to $0.06
Dorex2007: folds 
causavera: folds 
moregre: folds 
trujin: calls $0.06
Dami373: folds 
Mimirock2000: folds 
*** FLOP *** [3c 8h 2s]
MelchiorF1: checks 
trujin: bets $0.06
MelchiorF1: calls $0.06
*** TURN *** [3c 8h 2s] [Jd]
MelchiorF1: checks 
trujin: checks 
*** RIVER *** [3c 8h 2s Jd] [9c]
MelchiorF1: bets $0.15
trujin: folds 
Uncalled bet ($0.15) returned to MelchiorF1
MelchiorF1 collected $0.26 from pot
MelchiorF1: doesn't show hand 
*** SUMMARY ***
Total pot $0.27 | Rake $0.01 
Board [3c 8h 2s Jd 9c]
Seat 1: Kupec Danila folded before Flop (didn't bet)
Seat 3: MelchiorF1 collected ($0.26)
Seat 4: Dorex2007 folded before Flop (didn't bet)
Seat 5: causavera folded before Flop (didn't bet)
Seat 6: moregre folded before Flop (didn't bet)
Seat 7: trujin (button) folded on the River
Seat 8: Dami373 (small blind) folded before Flop
Seat 9: Mimirock2000 (big blind) folded before Flop



PokerStars Hand #225321534271:  Hold'em No Limit ($0.01/$0.02 USD) - 2021/03/29 17:51:48 PT [2021/03/29 20:51:48 ET]
Table 'Thuringia IV' 9-max Seat #8 is the button
Seat 1: Kupec Danila ($2.26 in chips) 
Seat 2: Walterwalleye ($1.89 in chips) 
Seat 3: MelchiorF1 ($2.08 in chips) 
Seat 4: Dorex2007 ($1.67 in chips) 
Seat 5: causavera ($0.58 in chips) 
Seat 6: moregre ($1.58 in chips) 
Seat 7: trujin ($1.79 in chips) 
Seat 8: Dami373 ($0.77 in chips) 
Seat 9: Mimirock2000 ($3.19 in chips) 
Mimirock2000: posts small blind $0.01
Kupec Danila: posts big blind $0.02
*** HOLE CARDS ***
Dealt to Dorex2007 [Kd As]
Walterwalleye: folds 
MelchiorF1: folds 
Dorex2007: raises $0.04 to $0.06
causavera: folds 
moregre: folds 
trujin: folds 
Dami373: calls $0.06
Mimirock2000: folds 
Kupec Danila: calls $0.04
*** FLOP *** [7s 5h Ah]
Kupec Danila: checks 
Dorex2007: bets $0.12
Dami373: folds 
Kupec Danila: folds 
Uncalled bet ($0.12) returned to Dorex2007
Dorex2007 collected $0.18 from pot
Dorex2007: doesn't show hand 
*** SUMMARY ***
Total pot $0.19 | Rake $0.01 
Board [7s 5h Ah]
Seat 1: Kupec Danila (big blind) folded on the Flop
Seat 2: Walterwalleye folded before Flop (didn't bet)
Seat 3: MelchiorF1 folded before Flop (didn't bet)
Seat 4: Dorex2007 collected ($0.18)
Seat 5: causavera folded before Flop (didn't bet)
Seat 6: moregre folded before Flop (didn't bet)
Seat 7: trujin folded before Flop (didn't bet)
Seat 8: Dami373 (button) folded on the Flop
Seat 9: Mimirock2000 (small blind) folded before Flop



PokerStars Hand #225321546498:  Hold'em No Limit ($0.01/$0.02 USD) - 2021/03/29 17:52:29 PT [2021/03/29 20:52:29 ET]
Table 'Thuringia IV' 9-max Seat #9 is the button
Seat 1: Kupec Danila ($2.20 in chips) 
Seat 2: Walterwalleye ($1.89 in chips) 
Seat 3: MelchiorF1 ($2.08 in chips) 
Seat 4: Dorex2007 ($1.79 in chips) 
Seat 5: causavera ($0.58 in chips) 
Seat 6: moregre ($1.58 in chips) 
Seat 7: trujin ($1.79 in chips) 
Seat 8: Dami373 ($0.71 in chips) 
Seat 9: Mimirock2000 ($3.18 in chips) 
Kupec Danila: posts small blind $0.01
Walterwalleye: posts big blind $0.02
*** HOLE CARDS ***
Dealt to Dorex2007 [Ac Kc]
MelchiorF1: folds 
Dorex2007: raises $0.04 to $0.06
causavera: folds 
moregre: folds 
trujin: folds 
Dami373: folds 
Mimirock2000: folds 
Kupec Danila: folds 
Walterwalleye: raises $0.13 to $0.19
Dorex2007: raises $1.60 to $1.79 and is all-in
Walterwalleye: calls $1.60
*** FLOP *** [7d 6c 4d]
*** TURN *** [7d 6c 4d] [Jh]
*** RIVER *** [7d 6c 4d Jh] [9c]
*** SHOW DOWN ***
Walterwalleye: shows [9h Ah] (a pair of Nines)
Dorex2007: shows [Ac Kc] (high card Ace)
Walterwalleye collected $3.46 from pot
*** SUMMARY ***
Total pot $3.59 | Rake $0.13 
Board [7d 6c 4d Jh 9c]
Seat 1: Kupec Danila (small blind) folded before Flop
Seat 2: Walterwalleye (big blind) showed [9h Ah] and won ($3.46) with a pair of Nines
Seat 3: MelchiorF1 folded before Flop (didn't bet)
Seat 4: Dorex2007 showed [Ac Kc] and lost with high card Ace
Seat 5: causavera folded before Flop (didn't bet)
Seat 6: moregre folded before Flop (didn't bet)
Seat 7: trujin folded before Flop (didn't bet)
Seat 8: Dami373 folded before Flop (didn't bet)
Seat 9: Mimirock2000 (button) folded before Flop (didn't bet)



