PokerStars Hand #229706091574:  Hold'em No Limit ($0.01/$0.02 USD) - 2021/09/08 22:32:54 PT [2021/09/09 1:32:54 ET]
Table 'Maia III' 9-max Seat #5 is the button
Seat 1: Dorex2007 ($2 in chips) 
Seat 2: ArmarW ($1.20 in chips) 
Seat 3: kusto1488 ($1.60 in chips) 
Seat 4: votanic ($1.54 in chips) 
Seat 5: K3BEROZ ($2.57 in chips) 
Seat 6: Aristarh0 ($1.28 in chips) 
Seat 7: timurilla7 ($1.21 in chips) 
Seat 9: encOreeeee ($1.64 in chips) 
Aristarh0: posts small blind $0.01
timurilla7: posts big blind $0.02
Dorex2007: posts big blind $0.02
*** HOLE CARDS ***
Dealt to Dorex2007 [5c 8c]
encOreeeee: raises $0.02 to $0.04
Dorex2007: folds 
ArmarW: folds 
kusto1488: raises $0.15 to $0.19
votanic: folds 
K3BEROZ: folds 
Aristarh0: folds 
timurilla7: folds 
encOreeeee: calls $0.15
*** FLOP *** [7d 3d 9c]
encOreeeee: checks 
kusto1488: bets $0.19
encOreeeee: folds 
Uncalled bet ($0.19) returned to kusto1488
kusto1488 collected $0.41 from pot
kusto1488: doesn't show hand 
*** SUMMARY ***
Total pot $0.43 | Rake $0.02 
Board [7d 3d 9c]
Seat 1: Dorex2007 folded before Flop (didn't bet)
Seat 2: ArmarW folded before Flop (didn't bet)
Seat 3: kusto1488 collected ($0.41)
Seat 4: votanic folded before Flop (didn't bet)
Seat 5: K3BEROZ (button) folded before Flop (didn't bet)
Seat 6: Aristarh0 (small blind) folded before Flop
Seat 7: timurilla7 (big blind) folded before Flop
Seat 9: encOreeeee folded on the Flop



PokerStars Hand #229706097492:  Hold'em No Limit ($0.01/$0.02 USD) - 2021/09/08 22:33:39 PT [2021/09/09 1:33:39 ET]
Table 'Maia III' 9-max Seat #6 is the button
Seat 1: Dorex2007 ($1.98 in chips) 
Seat 2: ArmarW ($1.20 in chips) 
Seat 3: kusto1488 ($1.82 in chips) 
Seat 4: votanic ($1.54 in chips) 
Seat 5: K3BEROZ ($2.57 in chips) 
Seat 6: Aristarh0 ($1.27 in chips) 
Seat 7: timurilla7 ($1.19 in chips) 
Seat 8: Stefan111161 ($1.55 in chips) 
Seat 9: encOreeeee ($1.45 in chips) 
timurilla7: posts small blind $0.01
Stefan111161: posts big blind $0.02
*** HOLE CARDS ***
Dealt to Dorex2007 [7c 2c]
encOreeeee has timed out
encOreeeee: folds 
Dorex2007: folds 
ArmarW: folds 
kusto1488: raises $0.04 to $0.06
votanic: folds 
K3BEROZ: folds 
Aristarh0: folds 
timurilla7: folds 
Stefan111161: folds 
Uncalled bet ($0.04) returned to kusto1488
kusto1488 collected $0.05 from pot
kusto1488: doesn't show hand 
*** SUMMARY ***
Total pot $0.05 | Rake $0 
Seat 1: Dorex2007 folded before Flop (didn't bet)
Seat 2: ArmarW folded before Flop (didn't bet)
Seat 3: kusto1488 collected ($0.05)
Seat 4: votanic folded before Flop (didn't bet)
Seat 5: K3BEROZ folded before Flop (didn't bet)
Seat 6: Aristarh0 (button) folded before Flop (didn't bet)
Seat 7: timurilla7 (small blind) folded before Flop
Seat 8: Stefan111161 (big blind) folded before Flop
Seat 9: encOreeeee folded before Flop (didn't bet)



PokerStars Hand #229706101548:  Hold'em No Limit ($0.01/$0.02 USD) - 2021/09/08 22:34:09 PT [2021/09/09 1:34:09 ET]
Table 'Maia III' 9-max Seat #7 is the button
Seat 1: Dorex2007 ($1.98 in chips) 
Seat 2: ArmarW ($1.20 in chips) 
Seat 3: kusto1488 ($1.85 in chips) 
Seat 4: votanic ($1.54 in chips) 
Seat 5: K3BEROZ ($2.57 in chips) 
Seat 6: Aristarh0 ($1.27 in chips) 
Seat 7: timurilla7 ($1.18 in chips) 
Seat 8: Stefan111161 ($1.53 in chips) 
Stefan111161: posts small blind $0.01
Dorex2007: posts big blind $0.02
*** HOLE CARDS ***
Dealt to Dorex2007 [Ks Qs]
ArmarW: folds 
kusto1488: folds 
votanic: calls $0.02
K3BEROZ: folds 
Aristarh0: raises $0.04 to $0.06
timurilla7: folds 
Stefan111161: folds 
Dorex2007: calls $0.04
votanic: calls $0.04
*** FLOP *** [7c 9c 8s]
Dorex2007: checks 
votanic: checks 
Aristarh0: bets $0.18
Dorex2007: folds 
votanic: folds 
Uncalled bet ($0.18) returned to Aristarh0
Aristarh0 collected $0.18 from pot
Aristarh0: doesn't show hand 
*** SUMMARY ***
Total pot $0.19 | Rake $0.01 
Board [7c 9c 8s]
Seat 1: Dorex2007 (big blind) folded on the Flop
Seat 2: ArmarW folded before Flop (didn't bet)
Seat 3: kusto1488 folded before Flop (didn't bet)
Seat 4: votanic folded on the Flop
Seat 5: K3BEROZ folded before Flop (didn't bet)
Seat 6: Aristarh0 collected ($0.18)
Seat 7: timurilla7 (button) folded before Flop (didn't bet)
Seat 8: Stefan111161 (small blind) folded before Flop



PokerStars Hand #229706111227:  Hold'em No Limit ($0.01/$0.02 USD) - 2021/09/08 22:34:50 PT [2021/09/09 1:34:50 ET]
Table 'Maia III' 9-max Seat #8 is the button
Seat 1: Dorex2007 ($1.92 in chips) 
Seat 2: ArmarW ($1.20 in chips) 
Seat 3: kusto1488 ($1.85 in chips) 
Seat 4: votanic ($1.48 in chips) 
Seat 5: K3BEROZ ($2.57 in chips) 
Seat 6: Aristarh0 ($1.39 in chips) 
Seat 7: timurilla7 ($1.18 in chips) 
Seat 8: Stefan111161 ($1.52 in chips) 
Dorex2007: posts small blind $0.01
ArmarW: posts big blind $0.02
*** HOLE CARDS ***
Dealt to Dorex2007 [6s 9d]
kusto1488: folds 
votanic: calls $0.02
K3BEROZ: folds 
Aristarh0: folds 
timurilla7: folds 
Stefan111161: calls $0.02
Dorex2007: calls $0.01
ArmarW: checks 
*** FLOP *** [5c 9c 2s]
Dorex2007: checks 
ArmarW: checks 
votanic: checks 
Stefan111161: checks 
*** TURN *** [5c 9c 2s] [Tc]
Dorex2007: checks 
ArmarW: checks 
votanic: bets $0.08
Stefan111161: calls $0.08
Dorex2007: folds 
ArmarW: folds 
*** RIVER *** [5c 9c 2s Tc] [4s]
votanic: bets $0.02
Stefan111161: calls $0.02
*** SHOW DOWN ***
votanic: shows [Ts Ac] (a pair of Tens)
Stefan111161: mucks hand 
votanic collected $0.27 from pot
*** SUMMARY ***
Total pot $0.28 | Rake $0.01 
Board [5c 9c 2s Tc 4s]
Seat 1: Dorex2007 (small blind) folded on the Turn
Seat 2: ArmarW (big blind) folded on the Turn
Seat 3: kusto1488 folded before Flop (didn't bet)
Seat 4: votanic showed [Ts Ac] and won ($0.27) with a pair of Tens
Seat 5: K3BEROZ folded before Flop (didn't bet)
Seat 6: Aristarh0 folded before Flop (didn't bet)
Seat 7: timurilla7 folded before Flop (didn't bet)
Seat 8: Stefan111161 (button) mucked [5s Kc]



PokerStars Hand #229706121669:  Hold'em No Limit ($0.01/$0.02 USD) - 2021/09/08 22:36:07 PT [2021/09/09 1:36:07 ET]
Table 'Maia III' 9-max Seat #1 is the button
Seat 1: Dorex2007 ($1.90 in chips) 
Seat 2: ArmarW ($1.18 in chips) 
Seat 3: kusto1488 ($1.85 in chips) 
Seat 4: votanic ($1.63 in chips) 
Seat 5: K3BEROZ ($2.57 in chips) 
Seat 6: Aristarh0 ($1.39 in chips) 
Seat 7: timurilla7 ($1.18 in chips) 
Seat 8: Stefan111161 ($1.40 in chips) 
Seat 9: encOreeeee ($1.45 in chips) 
ArmarW: posts small blind $0.01
kusto1488: posts big blind $0.02
encOreeeee: posts small & big blinds $0.03
*** HOLE CARDS ***
Dealt to Dorex2007 [6h Qd]
votanic: calls $0.02
K3BEROZ has timed out
K3BEROZ: folds 
Aristarh0: folds 
timurilla7: calls $0.02
Stefan111161: folds 
encOreeeee: checks 
Dorex2007: folds 
ArmarW: calls $0.01
kusto1488: raises $0.22 to $0.24
votanic: folds 
timurilla7: folds 
encOreeeee: folds 
ArmarW: folds 
Uncalled bet ($0.22) returned to kusto1488
kusto1488 collected $0.11 from pot
kusto1488: doesn't show hand 
*** SUMMARY ***
Total pot $0.11 | Rake $0 
Seat 1: Dorex2007 (button) folded before Flop (didn't bet)
Seat 2: ArmarW (small blind) folded before Flop
Seat 3: kusto1488 (big blind) collected ($0.11)
Seat 4: votanic folded before Flop
Seat 5: K3BEROZ folded before Flop (didn't bet)
Seat 6: Aristarh0 folded before Flop (didn't bet)
Seat 7: timurilla7 folded before Flop
Seat 8: Stefan111161 folded before Flop (didn't bet)
Seat 9: encOreeeee folded before Flop (didn't bet)



PokerStars Hand #229706127655:  Hold'em No Limit ($0.01/$0.02 USD) - 2021/09/08 22:36:51 PT [2021/09/09 1:36:51 ET]
Table 'Maia III' 9-max Seat #2 is the button
Seat 1: Dorex2007 ($1.90 in chips) 
Seat 2: ArmarW ($1.16 in chips) 
Seat 3: kusto1488 ($1.94 in chips) 
Seat 4: votanic ($1.61 in chips) 
Seat 5: K3BEROZ ($2.57 in chips) 
Seat 6: Aristarh0 ($1.39 in chips) 
Seat 7: timurilla7 ($1.16 in chips) 
Seat 8: Stefan111161 ($1.40 in chips) 
Seat 9: encOreeeee ($1.42 in chips) 
kusto1488: posts small blind $0.01
votanic: posts big blind $0.02
*** HOLE CARDS ***
Dealt to Dorex2007 [4h Qs]
K3BEROZ: folds 
Aristarh0: folds 
timurilla7: folds 
Stefan111161: folds 
encOreeeee: calls $0.02
Dorex2007: folds 
ArmarW: folds 
ArmarW leaves the table
kusto1488: raises $0.11 to $0.13
evnikesh joins the table at seat #2 
votanic: folds 
encOreeeee: calls $0.11
*** FLOP *** [Ah 2d 9s]
kusto1488: bets $0.13
encOreeeee: raises $0.13 to $0.26
kusto1488: raises $1.55 to $1.81 and is all-in
encOreeeee: folds 
Uncalled bet ($1.55) returned to kusto1488
kusto1488 collected $0.77 from pot
kusto1488: doesn't show hand 
*** SUMMARY ***
Total pot $0.80 | Rake $0.03 
Board [Ah 2d 9s]
Seat 1: Dorex2007 folded before Flop (didn't bet)
Seat 2: ArmarW (button) folded before Flop (didn't bet)
Seat 3: kusto1488 (small blind) collected ($0.77)
Seat 4: votanic (big blind) folded before Flop
Seat 5: K3BEROZ folded before Flop (didn't bet)
Seat 6: Aristarh0 folded before Flop (didn't bet)
Seat 7: timurilla7 folded before Flop (didn't bet)
Seat 8: Stefan111161 folded before Flop (didn't bet)
Seat 9: encOreeeee folded on the Flop



PokerStars Hand #229706138656:  Hold'em No Limit ($0.01/$0.02 USD) - 2021/09/08 22:38:13 PT [2021/09/09 1:38:13 ET]
Table 'Maia III' 9-max Seat #3 is the button
Seat 1: Dorex2007 ($1.90 in chips) 
Seat 3: kusto1488 ($2.32 in chips) 
Seat 4: votanic ($1.59 in chips) 
Seat 5: K3BEROZ ($2.57 in chips) 
Seat 6: Aristarh0 ($1.39 in chips) 
Seat 7: timurilla7 ($1.16 in chips) 
Seat 8: Stefan111161 ($1.40 in chips) 
Seat 9: encOreeeee ($1.03 in chips) 
votanic: posts small blind $0.01
K3BEROZ: posts big blind $0.02
evnikesh: sits out 
*** HOLE CARDS ***
Dealt to Dorex2007 [2h 6h]
Aristarh0: raises $0.04 to $0.06
timurilla7: folds 
Stefan111161: folds 
encOreeeee: folds 
Dorex2007: folds 
kusto1488: folds 
votanic: raises $0.14 to $0.20
K3BEROZ: folds 
Aristarh0: folds 
Uncalled bet ($0.14) returned to votanic
votanic collected $0.14 from pot
*** SUMMARY ***
Total pot $0.14 | Rake $0 
Seat 1: Dorex2007 folded before Flop (didn't bet)
Seat 3: kusto1488 (button) folded before Flop (didn't bet)
Seat 4: votanic (small blind) collected ($0.14)
Seat 5: K3BEROZ (big blind) folded before Flop
Seat 6: Aristarh0 folded before Flop
Seat 7: timurilla7 folded before Flop (didn't bet)
Seat 8: Stefan111161 folded before Flop (didn't bet)
Seat 9: encOreeeee folded before Flop (didn't bet)



PokerStars Hand #229706142384:  Hold'em No Limit ($0.01/$0.02 USD) - 2021/09/08 22:38:40 PT [2021/09/09 1:38:40 ET]
Table 'Maia III' 9-max Seat #4 is the button
Seat 1: Dorex2007 ($1.90 in chips) 
Seat 3: kusto1488 ($2.32 in chips) 
Seat 4: votanic ($1.67 in chips) 
Seat 5: K3BEROZ ($2.55 in chips) 
Seat 6: Aristarh0 ($1.33 in chips) 
Seat 7: timurilla7 ($1.16 in chips) 
Seat 8: Stefan111161 ($1.40 in chips) 
Seat 9: encOreeeee ($1.03 in chips) 
K3BEROZ: posts small blind $0.01
Aristarh0: posts big blind $0.02
evnikesh: sits out 
*** HOLE CARDS ***
Dealt to Dorex2007 [6d 6s]
timurilla7: folds 
Stefan111161: folds 
encOreeeee: folds 
Dorex2007: raises $0.04 to $0.06
kusto1488: folds 
votanic: folds 
K3BEROZ: calls $0.05
Stefan111161 leaves the table
Aristarh0: folds 
*** FLOP *** [Td 9s 6h]
K3BEROZ: checks 
Dorex2007: bets $0.14
K3BEROZ: folds 
Uncalled bet ($0.14) returned to Dorex2007
Dorex2007 collected $0.14 from pot
Dorex2007: doesn't show hand 
*** SUMMARY ***
Total pot $0.14 | Rake $0 
Board [Td 9s 6h]
Seat 1: Dorex2007 collected ($0.14)
Seat 3: kusto1488 folded before Flop (didn't bet)
Seat 4: votanic (button) folded before Flop (didn't bet)
Seat 5: K3BEROZ (small blind) folded on the Flop
Seat 6: Aristarh0 (big blind) folded before Flop
Seat 7: timurilla7 folded before Flop (didn't bet)
Seat 8: Stefan111161 folded before Flop (didn't bet)
Seat 9: encOreeeee folded before Flop (didn't bet)



PokerStars Hand #229706148928:  Hold'em No Limit ($0.01/$0.02 USD) - 2021/09/08 22:39:29 PT [2021/09/09 1:39:29 ET]
Table 'Maia III' 9-max Seat #5 is the button
Seat 1: Dorex2007 ($1.98 in chips) 
Seat 3: kusto1488 ($2.32 in chips) 
Seat 4: votanic ($1.67 in chips) 
Seat 5: K3BEROZ ($2.49 in chips) 
Seat 6: Aristarh0 ($1.31 in chips) 
Seat 7: timurilla7 ($1.16 in chips) 
Seat 9: encOreeeee ($1.03 in chips) 
Aristarh0: posts small blind $0.01
timurilla7: posts big blind $0.02
evnikesh: sits out 
*** HOLE CARDS ***
Dealt to Dorex2007 [5c 2h]
encOreeeee: folds 
Dorex2007: folds 
kusto1488: folds 
votanic: folds 
K3BEROZ: folds 
Aristarh0: raises $0.04 to $0.06
timurilla7: folds 
Uncalled bet ($0.04) returned to Aristarh0
Aristarh0 collected $0.04 from pot
Aristarh0: doesn't show hand 
*** SUMMARY ***
Total pot $0.04 | Rake $0 
Seat 1: Dorex2007 folded before Flop (didn't bet)
Seat 3: kusto1488 folded before Flop (didn't bet)
Seat 4: votanic folded before Flop (didn't bet)
Seat 5: K3BEROZ (button) folded before Flop (didn't bet)
Seat 6: Aristarh0 (small blind) collected ($0.04)
Seat 7: timurilla7 (big blind) folded before Flop
Seat 9: encOreeeee folded before Flop (didn't bet)



PokerStars Hand #229706152152:  Hold'em No Limit ($0.01/$0.02 USD) - 2021/09/08 22:39:53 PT [2021/09/09 1:39:53 ET]
Table 'Maia III' 9-max Seat #6 is the button
Seat 1: Dorex2007 ($1.98 in chips) 
Seat 3: kusto1488 ($2.32 in chips) 
Seat 4: votanic ($1.67 in chips) 
Seat 5: K3BEROZ ($2.49 in chips) 
Seat 6: Aristarh0 ($1.33 in chips) 
Seat 7: timurilla7 ($1.14 in chips) 
Seat 9: encOreeeee ($1.03 in chips) 
timurilla7: posts small blind $0.01
encOreeeee: posts big blind $0.02
evnikesh: sits out 
*** HOLE CARDS ***
Dealt to Dorex2007 [Ks 8s]
Dorex2007: folds 
kusto1488: folds 
votanic has timed out
votanic: folds 
K3BEROZ: folds 
Aristarh0: folds 
timurilla7: folds 
Uncalled bet ($0.01) returned to encOreeeee
encOreeeee collected $0.02 from pot
encOreeeee: doesn't show hand 
*** SUMMARY ***
Total pot $0.02 | Rake $0 
Seat 1: Dorex2007 folded before Flop (didn't bet)
Seat 3: kusto1488 folded before Flop (didn't bet)
Seat 4: votanic folded before Flop (didn't bet)
Seat 5: K3BEROZ folded before Flop (didn't bet)
Seat 6: Aristarh0 (button) folded before Flop (didn't bet)
Seat 7: timurilla7 (small blind) folded before Flop
Seat 9: encOreeeee (big blind) collected ($0.02)



PokerStars Hand #229706155755:  Hold'em No Limit ($0.01/$0.02 USD) - 2021/09/08 22:40:20 PT [2021/09/09 1:40:20 ET]
Table 'Maia III' 9-max Seat #7 is the button
Seat 1: Dorex2007 ($1.98 in chips) 
Seat 3: kusto1488 ($2.32 in chips) 
Seat 5: K3BEROZ ($2.49 in chips) 
Seat 6: Aristarh0 ($1.33 in chips) 
Seat 7: timurilla7 ($1.13 in chips) 
Seat 9: encOreeeee ($1.04 in chips) 
encOreeeee: posts small blind $0.01
Dorex2007: posts big blind $0.02
evnikesh: sits out 
*** HOLE CARDS ***
Dealt to Dorex2007 [7s Jd]
kusto1488: folds 
K3BEROZ: folds 
Aristarh0 has timed out
Aristarh0: folds 
timurilla7: folds 
encOreeeee: raises $0.04 to $0.06
Dorex2007: folds 
Uncalled bet ($0.04) returned to encOreeeee
encOreeeee collected $0.04 from pot
encOreeeee: doesn't show hand 
*** SUMMARY ***
Total pot $0.04 | Rake $0 
Seat 1: Dorex2007 (big blind) folded before Flop
Seat 3: kusto1488 folded before Flop (didn't bet)
Seat 5: K3BEROZ folded before Flop (didn't bet)
Seat 6: Aristarh0 folded before Flop (didn't bet)
Seat 7: timurilla7 (button) folded before Flop (didn't bet)
Seat 9: encOreeeee (small blind) collected ($0.04)



PokerStars Hand #229706160917:  Hold'em No Limit ($0.01/$0.02 USD) - 2021/09/08 22:40:58 PT [2021/09/09 1:40:58 ET]
Table 'Maia III' 9-max Seat #9 is the button
Seat 1: Dorex2007 ($1.96 in chips) 
Seat 2: evnikesh ($2 in chips) 
Seat 3: kusto1488 ($2.32 in chips) 
Seat 5: K3BEROZ ($2.49 in chips) 
Seat 7: timurilla7 ($1.13 in chips) 
Seat 9: encOreeeee ($1.06 in chips) 
Dorex2007: posts small blind $0.01
evnikesh: posts big blind $0.02
*** HOLE CARDS ***
Dealt to Dorex2007 [9h Td]
kusto1488: folds 
K3BEROZ: folds 
Aristarh0 is disconnected 
timurilla7: raises $0.04 to $0.06
encOreeeee: calls $0.06
Dorex2007: folds 
evnikesh: folds 
*** FLOP *** [4d Jh 6s]
timurilla7: bets $0.07
encOreeeee: calls $0.07
*** TURN *** [4d Jh 6s] [7c]
timurilla7: bets $0.14
encOreeeee: calls $0.14
*** RIVER *** [4d Jh 6s 7c] [5c]
timurilla7: checks 
encOreeeee: checks 
*** SHOW DOWN ***
timurilla7: shows [Ts Tc] (a pair of Tens)
encOreeeee: mucks hand 
timurilla7 collected $0.55 from pot
*** SUMMARY ***
Total pot $0.57 | Rake $0.02 
Board [4d Jh 6s 7c 5c]
Seat 1: Dorex2007 (small blind) folded before Flop
Seat 2: evnikesh (big blind) folded before Flop
Seat 3: kusto1488 folded before Flop (didn't bet)
Seat 5: K3BEROZ folded before Flop (didn't bet)
Seat 7: timurilla7 showed [Ts Tc] and won ($0.55) with a pair of Tens
Seat 9: encOreeeee (button) mucked [Kh 7h]



PokerStars Hand #229706166694:  Hold'em No Limit ($0.01/$0.02 USD) - 2021/09/08 22:41:40 PT [2021/09/09 1:41:40 ET]
Table 'Maia III' 9-max Seat #1 is the button
Seat 1: Dorex2007 ($1.95 in chips) 
Seat 2: evnikesh ($2 in chips) 
Seat 3: kusto1488 ($2.32 in chips) 
Seat 5: K3BEROZ ($2.49 in chips) 
Seat 6: Aristarh0 ($1.33 in chips) 
Seat 7: timurilla7 ($1.41 in chips) 
Seat 9: encOreeeee ($0.79 in chips) 
evnikesh: posts small blind $0.01
kusto1488: posts big blind $0.02
*** HOLE CARDS ***
Dealt to Dorex2007 [8h 8s]
K3BEROZ: folds 
Aristarh0: raises $0.04 to $0.06
timurilla7: folds 
encOreeeee: calls $0.06
Dorex2007: calls $0.06
evnikesh: folds 
kusto1488: folds 
*** FLOP *** [9c 7h 9d]
Aristarh0: bets $0.10
SmallbossPo joins the table at seat #8 
encOreeeee: folds 
Dorex2007: folds 
Uncalled bet ($0.10) returned to Aristarh0
Aristarh0 collected $0.20 from pot
Aristarh0: doesn't show hand 
*** SUMMARY ***
Total pot $0.21 | Rake $0.01 
Board [9c 7h 9d]
Seat 1: Dorex2007 (button) folded on the Flop
Seat 2: evnikesh (small blind) folded before Flop
Seat 3: kusto1488 (big blind) folded before Flop
Seat 5: K3BEROZ folded before Flop (didn't bet)
Seat 6: Aristarh0 collected ($0.20)
Seat 7: timurilla7 folded before Flop (didn't bet)
Seat 9: encOreeeee folded on the Flop



PokerStars Hand #229706169772:  Hold'em No Limit ($0.01/$0.02 USD) - 2021/09/08 22:42:03 PT [2021/09/09 1:42:03 ET]
Table 'Maia III' 9-max Seat #2 is the button
Seat 1: Dorex2007 ($1.89 in chips) 
Seat 2: evnikesh ($2 in chips) 
Seat 3: kusto1488 ($2.30 in chips) 
Seat 5: K3BEROZ ($2.49 in chips) 
Seat 6: Aristarh0 ($1.47 in chips) 
Seat 7: timurilla7 ($1.41 in chips) 
Seat 9: encOreeeee ($0.73 in chips) 
kusto1488: posts small blind $0.01
K3BEROZ: posts big blind $0.02
SmallbossPo: sits out 
*** HOLE CARDS ***
Dealt to Dorex2007 [3c Jd]
Aristarh0: folds 
timurilla7: folds 
encOreeeee: folds 
Dorex2007: folds 
evnikesh: raises $0.04 to $0.06
kusto1488: raises $0.20 to $0.26
K3BEROZ: folds 
evnikesh: folds 
Uncalled bet ($0.20) returned to kusto1488
kusto1488 collected $0.14 from pot
kusto1488: doesn't show hand 
*** SUMMARY ***
Total pot $0.14 | Rake $0 
Seat 1: Dorex2007 folded before Flop (didn't bet)
Seat 2: evnikesh (button) folded before Flop
Seat 3: kusto1488 (small blind) collected ($0.14)
Seat 5: K3BEROZ (big blind) folded before Flop
Seat 6: Aristarh0 folded before Flop (didn't bet)
Seat 7: timurilla7 folded before Flop (didn't bet)
Seat 9: encOreeeee folded before Flop (didn't bet)



PokerStars Hand #229706174019:  Hold'em No Limit ($0.01/$0.02 USD) - 2021/09/08 22:42:34 PT [2021/09/09 1:42:34 ET]
Table 'Maia III' 9-max Seat #3 is the button
Seat 1: Dorex2007 ($1.89 in chips) 
Seat 2: evnikesh ($2 in chips) 
Seat 3: kusto1488 ($2.38 in chips) 
Seat 5: K3BEROZ ($2.47 in chips) 
Seat 6: Aristarh0 ($1.47 in chips) 
Seat 7: timurilla7 ($1.41 in chips) 
Seat 9: encOreeeee ($0.73 in chips) 
K3BEROZ: posts small blind $0.01
Aristarh0: posts big blind $0.02
SmallbossPo: sits out 
*** HOLE CARDS ***
Dealt to Dorex2007 [2s 6s]
timurilla7: calls $0.02
encOreeeee: folds 
Dorex2007: folds 
evnikesh: raises $0.06 to $0.08
kusto1488: folds 
K3BEROZ: folds 
Aristarh0: folds 
timurilla7: raises $0.24 to $0.32
evnikesh has timed out
evnikesh: folds 
Uncalled bet ($0.24) returned to timurilla7
timurilla7 collected $0.19 from pot
timurilla7: doesn't show hand 
*** SUMMARY ***
Total pot $0.19 | Rake $0 
Seat 1: Dorex2007 folded before Flop (didn't bet)
Seat 2: evnikesh folded before Flop
Seat 3: kusto1488 (button) folded before Flop (didn't bet)
Seat 5: K3BEROZ (small blind) folded before Flop
Seat 6: Aristarh0 (big blind) folded before Flop
Seat 7: timurilla7 collected ($0.19)
Seat 9: encOreeeee folded before Flop (didn't bet)



PokerStars Hand #229706180835:  Hold'em No Limit ($0.01/$0.02 USD) - 2021/09/08 22:43:25 PT [2021/09/09 1:43:25 ET]
Table 'Maia III' 9-max Seat #5 is the button
Seat 1: Dorex2007 ($1.89 in chips) 
Seat 3: kusto1488 ($2.38 in chips) 
Seat 5: K3BEROZ ($2.46 in chips) 
Seat 6: Aristarh0 ($1.45 in chips) 
Seat 8: SmallbossPo ($1.60 in chips) 
Seat 9: encOreeeee ($0.73 in chips) 
Aristarh0: posts small blind $0.01
timurilla7: is sitting out 
SmallbossPo: posts big blind $0.02
votanic: sits out 
*** HOLE CARDS ***
Dealt to Dorex2007 [8h 6c]
timurilla7 leaves the table
encOreeeee: raises $0.71 to $0.73 and is all-in
Dorex2007: folds 
kusto1488: folds 
K3BEROZ: folds 
Aristarh0: folds 
SmallbossPo: folds 
Uncalled bet ($0.71) returned to encOreeeee
encOreeeee collected $0.05 from pot
encOreeeee: doesn't show hand 
*** SUMMARY ***
Total pot $0.05 | Rake $0 
Seat 1: Dorex2007 folded before Flop (didn't bet)
Seat 3: kusto1488 folded before Flop (didn't bet)
Seat 5: K3BEROZ (button) folded before Flop (didn't bet)
Seat 6: Aristarh0 (small blind) folded before Flop
Seat 8: SmallbossPo (big blind) folded before Flop
Seat 9: encOreeeee collected ($0.05)



PokerStars Hand #229706182559:  Hold'em No Limit ($0.01/$0.02 USD) - 2021/09/08 22:43:38 PT [2021/09/09 1:43:38 ET]
Table 'Maia III' 9-max Seat #6 is the button
Seat 1: Dorex2007 ($1.89 in chips) 
Seat 2: evnikesh ($2 in chips) 
Seat 3: kusto1488 ($2.38 in chips) 
Seat 5: K3BEROZ ($2.46 in chips) 
Seat 6: Aristarh0 ($1.44 in chips) 
Seat 8: SmallbossPo ($2 in chips) 
Seat 9: encOreeeee ($0.76 in chips) 
SmallbossPo: posts small blind $0.01
encOreeeee: posts big blind $0.02
votanic: sits out 
*** HOLE CARDS ***
Dealt to Dorex2007 [2d Jh]
Dorex2007: folds 
evnikesh: raises $0.04 to $0.06
bearpaw47 joins the table at seat #7 
kusto1488: raises $0.14 to $0.20
K3BEROZ: folds 
Aristarh0: calls $0.20
SmallbossPo: folds 
encOreeeee: folds 
evnikesh: calls $0.14
*** FLOP *** [4d 8h 9c]
evnikesh: checks 
kusto1488: bets $0.34
Aristarh0: raises $0.90 to $1.24 and is all-in
evnikesh: folds 
kusto1488: calls $0.90
*** TURN *** [4d 8h 9c] [5d]
*** RIVER *** [4d 8h 9c 5d] [Tc]
*** SHOW DOWN ***
kusto1488: shows [Qd Qs] (a pair of Queens)
Aristarh0: shows [9d Kd] (a pair of Nines)
kusto1488 collected $3 from pot
*** SUMMARY ***
Total pot $3.11 | Rake $0.11 
Board [4d 8h 9c 5d Tc]
Seat 1: Dorex2007 folded before Flop (didn't bet)
Seat 2: evnikesh folded on the Flop
Seat 3: kusto1488 showed [Qd Qs] and won ($3) with a pair of Queens
Seat 5: K3BEROZ folded before Flop (didn't bet)
Seat 6: Aristarh0 (button) showed [9d Kd] and lost with a pair of Nines
Seat 8: SmallbossPo (small blind) folded before Flop
Seat 9: encOreeeee (big blind) folded before Flop



PokerStars Hand #229706189791:  Hold'em No Limit ($0.01/$0.02 USD) - 2021/09/08 22:44:33 PT [2021/09/09 1:44:33 ET]
Table 'Maia III' 9-max Seat #8 is the button
Seat 1: Dorex2007 ($1.89 in chips) 
Seat 2: evnikesh ($2 in chips) 
Seat 3: kusto1488 ($3.94 in chips) 
Seat 5: K3BEROZ ($2.46 in chips) 
Seat 7: bearpaw47 ($2 in chips) 
Seat 8: SmallbossPo ($1.99 in chips) 
Seat 9: encOreeeee ($0.74 in chips) 
encOreeeee: posts small blind $0.01
Dorex2007: posts big blind $0.02
votanic: sits out 
bearpaw47: posts big blind $0.02
*** HOLE CARDS ***
Dealt to Dorex2007 [9s 2h]
Aristarh0 leaves the table
evnikesh has timed out
evnikesh: folds 
kusto1488: folds 
K3BEROZ: folds 
bearpaw47: checks 
NilsonXXX joins the table at seat #6 
SmallbossPo: raises $0.07 to $0.09
encOreeeee: folds 
Dorex2007: folds 
bearpaw47: folds 
Uncalled bet ($0.07) returned to SmallbossPo
SmallbossPo collected $0.07 from pot
SmallbossPo: doesn't show hand 
*** SUMMARY ***
Total pot $0.07 | Rake $0 
Seat 1: Dorex2007 (big blind) folded before Flop
Seat 2: evnikesh folded before Flop (didn't bet)
Seat 3: kusto1488 folded before Flop (didn't bet)
Seat 5: K3BEROZ folded before Flop (didn't bet)
Seat 7: bearpaw47 folded before Flop (didn't bet)
Seat 8: SmallbossPo (button) collected ($0.07)
Seat 9: encOreeeee (small blind) folded before Flop



PokerStars Hand #229706194025:  Hold'em No Limit ($0.01/$0.02 USD) - 2021/09/08 22:45:04 PT [2021/09/09 1:45:04 ET]
Table 'Maia III' 9-max Seat #9 is the button
Seat 1: Dorex2007 ($1.87 in chips) 
Seat 2: evnikesh ($2 in chips) 
Seat 3: kusto1488 ($3.94 in chips) 
Seat 5: K3BEROZ ($2.46 in chips) 
Seat 7: bearpaw47 ($1.98 in chips) 
Seat 8: SmallbossPo ($2.04 in chips) 
Seat 9: encOreeeee ($0.73 in chips) 
Dorex2007: posts small blind $0.01
evnikesh: posts big blind $0.02
votanic: sits out 
NilsonXXX: sits out 
*** HOLE CARDS ***
Dealt to Dorex2007 [7h 7c]
kusto1488: folds 
K3BEROZ: folds 
bearpaw47: folds 
SmallbossPo: folds 
encOreeeee: folds 
Dorex2007: raises $0.04 to $0.06
evnikesh: folds 
Uncalled bet ($0.04) returned to Dorex2007
Dorex2007 collected $0.04 from pot
Dorex2007: doesn't show hand 
*** SUMMARY ***
Total pot $0.04 | Rake $0 
Seat 1: Dorex2007 (small blind) collected ($0.04)
Seat 2: evnikesh (big blind) folded before Flop
Seat 3: kusto1488 folded before Flop (didn't bet)
Seat 5: K3BEROZ folded before Flop (didn't bet)
Seat 7: bearpaw47 folded before Flop (didn't bet)
Seat 8: SmallbossPo folded before Flop (didn't bet)
Seat 9: encOreeeee (button) folded before Flop (didn't bet)



PokerStars Hand #229706196107:  Hold'em No Limit ($0.01/$0.02 USD) - 2021/09/08 22:45:20 PT [2021/09/09 1:45:20 ET]
Table 'Maia III' 9-max Seat #1 is the button
Seat 1: Dorex2007 ($1.89 in chips) 
Seat 2: evnikesh ($2 in chips) 
Seat 3: kusto1488 ($3.94 in chips) 
Seat 5: K3BEROZ ($2.46 in chips) 
Seat 7: bearpaw47 ($1.98 in chips) 
Seat 8: SmallbossPo ($2.04 in chips) 
Seat 9: encOreeeee ($0.73 in chips) 
evnikesh: posts small blind $0.01
kusto1488: posts big blind $0.02
votanic: sits out 
NilsonXXX: sits out 
*** HOLE CARDS ***
Dealt to Dorex2007 [7c 9c]
K3BEROZ: folds 
bearpaw47 has timed out
bearpaw47: folds 
SmallbossPo: folds 
encOreeeee: folds 
Dorex2007: folds 
evnikesh: folds 
Uncalled bet ($0.01) returned to kusto1488
kusto1488 collected $0.02 from pot
kusto1488: doesn't show hand 
*** SUMMARY ***
Total pot $0.02 | Rake $0 
Seat 1: Dorex2007 (button) folded before Flop (didn't bet)
Seat 2: evnikesh (small blind) folded before Flop
Seat 3: kusto1488 (big blind) collected ($0.02)
Seat 5: K3BEROZ folded before Flop (didn't bet)
Seat 7: bearpaw47 folded before Flop (didn't bet)
Seat 8: SmallbossPo folded before Flop (didn't bet)
Seat 9: encOreeeee folded before Flop (didn't bet)



PokerStars Hand #229706199491:  Hold'em No Limit ($0.01/$0.02 USD) - 2021/09/08 22:45:45 PT [2021/09/09 1:45:45 ET]
Table 'Maia III' 9-max Seat #2 is the button
Seat 1: Dorex2007 ($1.89 in chips) 
Seat 2: evnikesh ($2 in chips) 
Seat 3: kusto1488 ($3.95 in chips) 
Seat 4: votanic ($1.67 in chips) 
Seat 5: K3BEROZ ($2.46 in chips) 
Seat 7: bearpaw47 ($1.98 in chips) 
Seat 8: SmallbossPo ($2.04 in chips) 
Seat 9: encOreeeee ($0.73 in chips) 
kusto1488: posts small blind $0.01
votanic: posts big blind $0.02
NilsonXXX: sits out 
*** HOLE CARDS ***
Dealt to Dorex2007 [2h 3s]
K3BEROZ: folds 
bearpaw47: folds 
SmallbossPo: folds 
encOreeeee has timed out
encOreeeee: folds 
Dorex2007: folds 
K3BEROZ leaves the table
evnikesh: raises $0.04 to $0.06
kusto1488: raises $0.20 to $0.26
votanic: folds 
evnikesh: calls $0.20
*** FLOP *** [4h 4s 6h]
kusto1488: checks 
evnikesh: checks 
*** TURN *** [4h 4s 6h] [7c]
kusto1488: bets $0.31
evnikesh: calls $0.31
*** RIVER *** [4h 4s 6h 7c] [8d]
kusto1488: checks 
evnikesh: checks 
*** SHOW DOWN ***
kusto1488: shows [Ad Ah] (two pair, Aces and Fours)
evnikesh: mucks hand 
kusto1488 collected $1.12 from pot
*** SUMMARY ***
Total pot $1.16 | Rake $0.04 
Board [4h 4s 6h 7c 8d]
Seat 1: Dorex2007 folded before Flop (didn't bet)
Seat 2: evnikesh (button) mucked [As Qs]
Seat 3: kusto1488 (small blind) showed [Ad Ah] and won ($1.12) with two pair, Aces and Fours
Seat 4: votanic (big blind) folded before Flop
Seat 5: K3BEROZ folded before Flop (didn't bet)
Seat 7: bearpaw47 folded before Flop (didn't bet)
Seat 8: SmallbossPo folded before Flop (didn't bet)
Seat 9: encOreeeee folded before Flop (didn't bet)



PokerStars Hand #229706208753:  Hold'em No Limit ($0.01/$0.02 USD) - 2021/09/08 22:46:55 PT [2021/09/09 1:46:55 ET]
Table 'Maia III' 9-max Seat #3 is the button
Seat 1: Dorex2007 ($1.89 in chips) 
Seat 2: evnikesh ($2 in chips) 
Seat 3: kusto1488 ($4.50 in chips) 
Seat 4: votanic ($1.65 in chips) 
Seat 6: NilsonXXX ($0.80 in chips) 
Seat 7: bearpaw47 ($1.98 in chips) 
Seat 8: SmallbossPo ($2.04 in chips) 
Seat 9: encOreeeee ($0.73 in chips) 
votanic: posts small blind $0.01
NilsonXXX: posts big blind $0.02
*** HOLE CARDS ***
Dealt to Dorex2007 [Th 7d]
bearpaw47: folds 
SmallbossPo: raises $0.05 to $0.07
encOreeeee: calls $0.07
Dorex2007: folds 
evnikesh: folds 
kusto1488: folds 
votanic: folds 
NilsonXXX: folds 
*** FLOP *** [4s Kd 8d]
SmallbossPo: bets $0.08
encOreeeee: calls $0.08
*** TURN *** [4s Kd 8d] [2d]
SmallbossPo: bets $0.11
encOreeeee: calls $0.11
*** RIVER *** [4s Kd 8d 2d] [4d]
SmallbossPo: checks 
encOreeeee: checks 
*** SHOW DOWN ***
SmallbossPo: shows [Kc Qs] (two pair, Kings and Fours)
encOreeeee: shows [As 4h] (three of a kind, Fours)
encOreeeee collected $0.53 from pot
*** SUMMARY ***
Total pot $0.55 | Rake $0.02 
Board [4s Kd 8d 2d 4d]
Seat 1: Dorex2007 folded before Flop (didn't bet)
Seat 2: evnikesh folded before Flop (didn't bet)
Seat 3: kusto1488 (button) folded before Flop (didn't bet)
Seat 4: votanic (small blind) folded before Flop
Seat 6: NilsonXXX (big blind) folded before Flop
Seat 7: bearpaw47 folded before Flop (didn't bet)
Seat 8: SmallbossPo showed [Kc Qs] and lost with two pair, Kings and Fours
Seat 9: encOreeeee showed [As 4h] and won ($0.53) with three of a kind, Fours



PokerStars Hand #229706214713:  Hold'em No Limit ($0.01/$0.02 USD) - 2021/09/08 22:47:38 PT [2021/09/09 1:47:38 ET]
Table 'Maia III' 9-max Seat #4 is the button
Seat 1: Dorex2007 ($1.89 in chips) 
Seat 2: evnikesh ($2 in chips) 
Seat 3: kusto1488 ($4.50 in chips) 
Seat 4: votanic ($1.64 in chips) 
Seat 6: NilsonXXX ($0.78 in chips) 
Seat 7: bearpaw47 ($1.98 in chips) 
Seat 8: SmallbossPo ($1.78 in chips) 
Seat 9: encOreeeee ($1 in chips) 
NilsonXXX: posts small blind $0.01
bearpaw47: posts big blind $0.02
*** HOLE CARDS ***
Dealt to Dorex2007 [8h Th]
SmallbossPo: folds 
encOreeeee: calls $0.02
Dorex2007: folds 
evnikesh has timed out
evnikesh: folds 
kusto1488: folds 
votanic: folds 
NilsonXXX: raises $0.06 to $0.08
bearpaw47: folds 
encOreeeee: calls $0.06
*** FLOP *** [Td 9s 9h]
NilsonXXX: bets $0.07
encOreeeee: folds 
Uncalled bet ($0.07) returned to NilsonXXX
NilsonXXX collected $0.17 from pot
*** SUMMARY ***
Total pot $0.18 | Rake $0.01 
Board [Td 9s 9h]
Seat 1: Dorex2007 folded before Flop (didn't bet)
Seat 2: evnikesh folded before Flop (didn't bet)
Seat 3: kusto1488 folded before Flop (didn't bet)
Seat 4: votanic (button) folded before Flop (didn't bet)
Seat 6: NilsonXXX (small blind) collected ($0.17)
Seat 7: bearpaw47 (big blind) folded before Flop
Seat 8: SmallbossPo folded before Flop (didn't bet)
Seat 9: encOreeeee folded on the Flop



PokerStars Hand #229706220099:  Hold'em No Limit ($0.01/$0.02 USD) - 2021/09/08 22:48:18 PT [2021/09/09 1:48:18 ET]
Table 'Maia III' 9-max Seat #6 is the button
Seat 1: Dorex2007 ($1.89 in chips) 
Seat 2: evnikesh ($2 in chips) 
Seat 3: kusto1488 ($4.50 in chips) 
Seat 4: votanic ($1.64 in chips) 
Seat 6: NilsonXXX ($0.87 in chips) 
Seat 7: bearpaw47 ($1.96 in chips) 
Seat 8: SmallbossPo ($1.78 in chips) 
Seat 9: encOreeeee ($0.92 in chips) 
bearpaw47: posts small blind $0.01
SmallbossPo: posts big blind $0.02
*** HOLE CARDS ***
Dealt to Dorex2007 [2d Jh]
encOreeeee: folds 
Dorex2007: folds 
evnikesh: raises $0.04 to $0.06
kusto1488: folds 
votanic: calls $0.06
NilsonXXX: folds 
bearpaw47: folds 
SmallbossPo: calls $0.04
*** FLOP *** [Qh 6d 8d]
SmallbossPo: checks 
evnikesh: bets $0.12
votanic: raises $0.42 to $0.54
SmallbossPo: folds 
evnikesh: raises $0.84 to $1.38
votanic: folds 
Uncalled bet ($0.84) returned to evnikesh
evnikesh collected $1.23 from pot
evnikesh: doesn't show hand 
*** SUMMARY ***
Total pot $1.27 | Rake $0.04 
Board [Qh 6d 8d]
Seat 1: Dorex2007 folded before Flop (didn't bet)
Seat 2: evnikesh collected ($1.23)
Seat 3: kusto1488 folded before Flop (didn't bet)
Seat 4: votanic folded on the Flop
Seat 6: NilsonXXX (button) folded before Flop (didn't bet)
Seat 7: bearpaw47 (small blind) folded before Flop
Seat 8: SmallbossPo (big blind) folded on the Flop
Seat 9: encOreeeee folded before Flop (didn't bet)



PokerStars Hand #229706227637:  Hold'em No Limit ($0.01/$0.02 USD) - 2021/09/08 22:49:15 PT [2021/09/09 1:49:15 ET]
Table 'Maia III' 9-max Seat #7 is the button
Seat 1: Dorex2007 ($1.89 in chips) 
Seat 2: evnikesh ($2.63 in chips) 
Seat 3: kusto1488 ($4.50 in chips) 
Seat 4: votanic ($1.04 in chips) 
Seat 6: NilsonXXX ($0.87 in chips) 
Seat 7: bearpaw47 ($1.95 in chips) 
Seat 8: SmallbossPo ($1.72 in chips) 
Seat 9: encOreeeee ($0.92 in chips) 
SmallbossPo: posts small blind $0.01
encOreeeee: posts big blind $0.02
*** HOLE CARDS ***
Dealt to Dorex2007 [9d 6d]
Dorex2007: folds 
evnikesh: folds 
kusto1488: folds 
votanic: folds 
NilsonXXX: folds 
bearpaw47: folds 
SmallbossPo: raises $0.05 to $0.07
encOreeeee: calls $0.05
*** FLOP *** [Jd Tc 7s]
SmallbossPo: bets $0.07
encOreeeee: calls $0.07
*** TURN *** [Jd Tc 7s] [Qh]
SmallbossPo: bets $0.22
encOreeeee: folds 
Uncalled bet ($0.22) returned to SmallbossPo
SmallbossPo collected $0.27 from pot
SmallbossPo: doesn't show hand 
*** SUMMARY ***
Total pot $0.28 | Rake $0.01 
Board [Jd Tc 7s Qh]
Seat 1: Dorex2007 folded before Flop (didn't bet)
Seat 2: evnikesh folded before Flop (didn't bet)
Seat 3: kusto1488 folded before Flop (didn't bet)
Seat 4: votanic folded before Flop (didn't bet)
Seat 6: NilsonXXX folded before Flop (didn't bet)
Seat 7: bearpaw47 (button) folded before Flop (didn't bet)
Seat 8: SmallbossPo (small blind) collected ($0.27)
Seat 9: encOreeeee (big blind) folded on the Turn



PokerStars Hand #229706232840:  Hold'em No Limit ($0.01/$0.02 USD) - 2021/09/08 22:49:54 PT [2021/09/09 1:49:54 ET]
Table 'Maia III' 9-max Seat #8 is the button
Seat 1: Dorex2007 ($1.89 in chips) 
Seat 2: evnikesh ($2.63 in chips) 
Seat 3: kusto1488 ($4.50 in chips) 
Seat 4: votanic ($1.04 in chips) 
Seat 6: NilsonXXX ($0.87 in chips) 
Seat 7: bearpaw47 ($1.95 in chips) 
Seat 8: SmallbossPo ($1.85 in chips) 
Seat 9: encOreeeee ($0.78 in chips) 
encOreeeee: posts small blind $0.01
Dorex2007: posts big blind $0.02
*** HOLE CARDS ***
Dealt to Dorex2007 [Ts 3s]
evnikesh: folds 
kusto1488: folds 
votanic: calls $0.02
NilsonXXX: folds 
bearpaw47: folds 
SmallbossPo: folds 
encOreeeee: raises $0.76 to $0.78 and is all-in
Dorex2007: folds 
votanic: folds 
Uncalled bet ($0.76) returned to encOreeeee
encOreeeee collected $0.06 from pot
encOreeeee: doesn't show hand 
*** SUMMARY ***
Total pot $0.06 | Rake $0 
Seat 1: Dorex2007 (big blind) folded before Flop
Seat 2: evnikesh folded before Flop (didn't bet)
Seat 3: kusto1488 folded before Flop (didn't bet)
Seat 4: votanic folded before Flop
Seat 6: NilsonXXX folded before Flop (didn't bet)
Seat 7: bearpaw47 folded before Flop (didn't bet)
Seat 8: SmallbossPo (button) folded before Flop (didn't bet)
Seat 9: encOreeeee (small blind) collected ($0.06)



PokerStars Hand #229706235187:  Hold'em No Limit ($0.01/$0.02 USD) - 2021/09/08 22:50:11 PT [2021/09/09 1:50:11 ET]
Table 'Maia III' 9-max Seat #9 is the button
Seat 1: Dorex2007 ($1.87 in chips) 
Seat 2: evnikesh ($2.63 in chips) 
Seat 3: kusto1488 ($4.50 in chips) 
Seat 4: votanic ($1.02 in chips) 
Seat 6: NilsonXXX ($0.87 in chips) 
Seat 7: bearpaw47 ($1.95 in chips) 
Seat 8: SmallbossPo ($1.85 in chips) 
Seat 9: encOreeeee ($0.82 in chips) 
Dorex2007: posts small blind $0.01
evnikesh: posts big blind $0.02
*** HOLE CARDS ***
Dealt to Dorex2007 [8c 6c]
kusto1488: folds 
votanic: folds 
NilsonXXX: raises $0.04 to $0.06
bearpaw47: folds 
SmallbossPo: folds 
encOreeeee: folds 
Dorex2007: folds 
evnikesh: folds 
Uncalled bet ($0.04) returned to NilsonXXX
NilsonXXX collected $0.05 from pot
*** SUMMARY ***
Total pot $0.05 | Rake $0 
Seat 1: Dorex2007 (small blind) folded before Flop
Seat 2: evnikesh (big blind) folded before Flop
Seat 3: kusto1488 folded before Flop (didn't bet)
Seat 4: votanic folded before Flop (didn't bet)
Seat 6: NilsonXXX collected ($0.05)
Seat 7: bearpaw47 folded before Flop (didn't bet)
Seat 8: SmallbossPo folded before Flop (didn't bet)
Seat 9: encOreeeee (button) folded before Flop (didn't bet)



PokerStars Hand #229706237437:  Hold'em No Limit ($0.01/$0.02 USD) - 2021/09/08 22:50:28 PT [2021/09/09 1:50:28 ET]
Table 'Maia III' 9-max Seat #1 is the button
Seat 1: Dorex2007 ($1.86 in chips) 
Seat 2: evnikesh ($2.61 in chips) 
Seat 3: kusto1488 ($4.50 in chips) 
Seat 4: votanic ($1.02 in chips) 
Seat 6: NilsonXXX ($0.90 in chips) 
Seat 7: bearpaw47 ($1.95 in chips) 
Seat 8: SmallbossPo ($1.85 in chips) 
Seat 9: encOreeeee ($0.82 in chips) 
evnikesh: posts small blind $0.01
kusto1488: posts big blind $0.02
*** HOLE CARDS ***
Dealt to Dorex2007 [8h 3d]
votanic: calls $0.02
NilsonXXX: folds 
bearpaw47: folds 
SmallbossPo: raises $0.07 to $0.09
encOreeeee: folds 
Dorex2007: folds 
evnikesh: folds 
kusto1488: folds 
votanic: raises $0.93 to $1.02 and is all-in
SmallbossPo: folds 
Uncalled bet ($0.93) returned to votanic
votanic collected $0.21 from pot
*** SUMMARY ***
Total pot $0.21 | Rake $0 
Seat 1: Dorex2007 (button) folded before Flop (didn't bet)
Seat 2: evnikesh (small blind) folded before Flop
Seat 3: kusto1488 (big blind) folded before Flop
Seat 4: votanic collected ($0.21)
Seat 6: NilsonXXX folded before Flop (didn't bet)
Seat 7: bearpaw47 folded before Flop (didn't bet)
Seat 8: SmallbossPo folded before Flop
Seat 9: encOreeeee folded before Flop (didn't bet)



PokerStars Hand #229706242043:  Hold'em No Limit ($0.01/$0.02 USD) - 2021/09/08 22:51:03 PT [2021/09/09 1:51:03 ET]
Table 'Maia III' 9-max Seat #2 is the button
Seat 1: Dorex2007 ($1.86 in chips) 
Seat 2: evnikesh ($2.60 in chips) 
Seat 3: kusto1488 ($4.48 in chips) 
Seat 4: votanic ($1.14 in chips) 
Seat 6: NilsonXXX ($0.90 in chips) 
Seat 7: bearpaw47 ($1.95 in chips) 
Seat 8: SmallbossPo ($1.76 in chips) 
Seat 9: encOreeeee ($0.82 in chips) 
kusto1488: posts small blind $0.01
votanic: posts big blind $0.02
*** HOLE CARDS ***
Dealt to Dorex2007 [Qs 8s]
NilsonXXX: folds 
bearpaw47: calls $0.02
SmallbossPo: folds 
encOreeeee: folds 
Dorex2007: folds 
evnikesh: folds 
kusto1488: folds 
votanic: checks 
*** FLOP *** [Jc 3d 8d]
votanic: checks 
bearpaw47: bets $0.08
votanic: folds 
Uncalled bet ($0.08) returned to bearpaw47
bearpaw47 collected $0.05 from pot
bearpaw47: doesn't show hand 
*** SUMMARY ***
Total pot $0.05 | Rake $0 
Board [Jc 3d 8d]
Seat 1: Dorex2007 folded before Flop (didn't bet)
Seat 2: evnikesh (button) folded before Flop (didn't bet)
Seat 3: kusto1488 (small blind) folded before Flop
Seat 4: votanic (big blind) folded on the Flop
Seat 6: NilsonXXX folded before Flop (didn't bet)
Seat 7: bearpaw47 collected ($0.05)
Seat 8: SmallbossPo folded before Flop (didn't bet)
Seat 9: encOreeeee folded before Flop (didn't bet)



PokerStars Hand #229706246195:  Hold'em No Limit ($0.01/$0.02 USD) - 2021/09/08 22:51:34 PT [2021/09/09 1:51:34 ET]
Table 'Maia III' 9-max Seat #3 is the button
Seat 1: Dorex2007 ($1.86 in chips) 
Seat 2: evnikesh ($2.60 in chips) 
Seat 3: kusto1488 ($4.47 in chips) 
Seat 4: votanic ($1.12 in chips) 
Seat 6: NilsonXXX ($0.90 in chips) 
Seat 7: bearpaw47 ($1.98 in chips) 
Seat 8: SmallbossPo ($1.76 in chips) 
Seat 9: encOreeeee ($0.82 in chips) 
votanic: posts small blind $0.01
NilsonXXX: posts big blind $0.02
*** HOLE CARDS ***
Dealt to Dorex2007 [4c 3d]
bearpaw47: folds 
SmallbossPo: raises $0.03 to $0.05
encOreeeee: calls $0.05
Dorex2007: folds 
SrO157 joins the table at seat #5 
evnikesh: folds 
kusto1488: folds 
votanic: folds 
NilsonXXX: folds 
*** FLOP *** [2h Qc Qd]
SmallbossPo: bets $0.04
encOreeeee: calls $0.04
*** TURN *** [2h Qc Qd] [Tc]
SmallbossPo: bets $0.07
encOreeeee: calls $0.07
*** RIVER *** [2h Qc Qd Tc] [Qs]
SmallbossPo: checks 
encOreeeee: bets $0.17
SmallbossPo: calls $0.17
*** SHOW DOWN ***
encOreeeee: shows [9s 9h] (a full house, Queens full of Nines)
SmallbossPo: mucks hand 
encOreeeee collected $0.67 from pot
*** SUMMARY ***
Total pot $0.69 | Rake $0.02 
Board [2h Qc Qd Tc Qs]
Seat 1: Dorex2007 folded before Flop (didn't bet)
Seat 2: evnikesh folded before Flop (didn't bet)
Seat 3: kusto1488 (button) folded before Flop (didn't bet)
Seat 4: votanic (small blind) folded before Flop
Seat 6: NilsonXXX (big blind) folded before Flop
Seat 7: bearpaw47 folded before Flop (didn't bet)
Seat 8: SmallbossPo mucked [2c Ac]
Seat 9: encOreeeee showed [9s 9h] and won ($0.67) with a full house, Queens full of Nines



PokerStars Hand #229706252543:  Hold'em No Limit ($0.01/$0.02 USD) - 2021/09/08 22:52:22 PT [2021/09/09 1:52:22 ET]
Table 'Maia III' 9-max Seat #4 is the button
Seat 1: Dorex2007 ($1.86 in chips) 
Seat 2: evnikesh ($2.60 in chips) 
Seat 3: kusto1488 ($4.47 in chips) 
Seat 4: votanic ($1.11 in chips) 
Seat 6: NilsonXXX ($0.88 in chips) 
Seat 7: bearpaw47 ($1.98 in chips) 
Seat 8: SmallbossPo ($2 in chips) 
Seat 9: encOreeeee ($1.16 in chips) 
NilsonXXX: posts small blind $0.01
bearpaw47: posts big blind $0.02
*** HOLE CARDS ***
Dealt to Dorex2007 [6d 9s]
SmallbossPo: folds 
encOreeeee: calls $0.02
Dorex2007: folds 
evnikesh: folds 
kusto1488: folds 
votanic: calls $0.02
NilsonXXX: folds 
bearpaw47: checks 
*** FLOP *** [Js Ah 7s]
bearpaw47: checks 
encOreeeee: bets $0.03
votanic: folds 
bearpaw47: folds 
Uncalled bet ($0.03) returned to encOreeeee
encOreeeee collected $0.07 from pot
encOreeeee: doesn't show hand 
*** SUMMARY ***
Total pot $0.07 | Rake $0 
Board [Js Ah 7s]
Seat 1: Dorex2007 folded before Flop (didn't bet)
Seat 2: evnikesh folded before Flop (didn't bet)
Seat 3: kusto1488 folded before Flop (didn't bet)
Seat 4: votanic (button) folded on the Flop
Seat 6: NilsonXXX (small blind) folded before Flop
Seat 7: bearpaw47 (big blind) folded on the Flop
Seat 8: SmallbossPo folded before Flop (didn't bet)
Seat 9: encOreeeee collected ($0.07)



PokerStars Hand #229706256799:  Hold'em No Limit ($0.01/$0.02 USD) - 2021/09/08 22:52:54 PT [2021/09/09 1:52:54 ET]
Table 'Maia III' 9-max Seat #6 is the button
Seat 1: Dorex2007 ($1.86 in chips) 
Seat 2: evnikesh ($2.60 in chips) 
Seat 3: kusto1488 ($4.47 in chips) 
Seat 4: votanic ($1.09 in chips) 
Seat 5: SrO157 ($0.80 in chips) 
Seat 6: NilsonXXX ($0.87 in chips) 
Seat 7: bearpaw47 ($1.96 in chips) 
Seat 8: SmallbossPo ($2 in chips) 
Seat 9: encOreeeee ($1.21 in chips) 
bearpaw47: posts small blind $0.01
SmallbossPo: posts big blind $0.02
SrO157: posts big blind $0.02
*** HOLE CARDS ***
Dealt to Dorex2007 [6h Kd]
encOreeeee: calls $0.02
Dorex2007: folds 
evnikesh: folds 
kusto1488: folds 
votanic: calls $0.02
SrO157: raises $0.11 to $0.13
NilsonXXX: folds 
bearpaw47: folds 
SmallbossPo: folds 
encOreeeee: folds 
votanic: calls $0.11
*** FLOP *** [5c 4d 8h]
votanic: checks 
SrO157: bets $0.67 and is all-in
votanic: folds 
Uncalled bet ($0.67) returned to SrO157
SrO157 collected $0.30 from pot
SrO157: doesn't show hand 
*** SUMMARY ***
Total pot $0.31 | Rake $0.01 
Board [5c 4d 8h]
Seat 1: Dorex2007 folded before Flop (didn't bet)
Seat 2: evnikesh folded before Flop (didn't bet)
Seat 3: kusto1488 folded before Flop (didn't bet)
Seat 4: votanic folded on the Flop
Seat 5: SrO157 collected ($0.30)
Seat 6: NilsonXXX (button) folded before Flop (didn't bet)
Seat 7: bearpaw47 (small blind) folded before Flop
Seat 8: SmallbossPo (big blind) folded before Flop
Seat 9: encOreeeee folded before Flop



PokerStars Hand #229706261075:  Hold'em No Limit ($0.01/$0.02 USD) - 2021/09/08 22:53:26 PT [2021/09/09 1:53:26 ET]
Table 'Maia III' 9-max Seat #7 is the button
Seat 1: Dorex2007 ($1.86 in chips) 
Seat 2: evnikesh ($2.60 in chips) 
Seat 3: kusto1488 ($4.47 in chips) 
Seat 4: votanic ($0.96 in chips) 
Seat 5: SrO157 ($0.97 in chips) 
Seat 6: NilsonXXX ($0.87 in chips) 
Seat 7: bearpaw47 ($1.95 in chips) 
Seat 8: SmallbossPo ($1.98 in chips) 
Seat 9: encOreeeee ($1.19 in chips) 
SmallbossPo: posts small blind $0.01
encOreeeee: posts big blind $0.02
*** HOLE CARDS ***
Dealt to Dorex2007 [5c 4d]
Dorex2007: folds 
evnikesh: raises $0.04 to $0.06
kusto1488: folds 
votanic: calls $0.06
SrO157: calls $0.06
NilsonXXX: folds 
bearpaw47: folds 
SmallbossPo: folds 
encOreeeee: calls $0.04
*** FLOP *** [Js 2s 6s]
encOreeeee: checks 
evnikesh: bets $0.16
votanic: folds 
SrO157: folds 
encOreeeee: folds 
Uncalled bet ($0.16) returned to evnikesh
evnikesh collected $0.24 from pot
evnikesh: doesn't show hand 
*** SUMMARY ***
Total pot $0.25 | Rake $0.01 
Board [Js 2s 6s]
Seat 1: Dorex2007 folded before Flop (didn't bet)
Seat 2: evnikesh collected ($0.24)
Seat 3: kusto1488 folded before Flop (didn't bet)
Seat 4: votanic folded on the Flop
Seat 5: SrO157 folded on the Flop
Seat 6: NilsonXXX folded before Flop (didn't bet)
Seat 7: bearpaw47 (button) folded before Flop (didn't bet)
Seat 8: SmallbossPo (small blind) folded before Flop
Seat 9: encOreeeee (big blind) folded on the Flop



PokerStars Hand #229706265937:  Hold'em No Limit ($0.01/$0.02 USD) - 2021/09/08 22:54:02 PT [2021/09/09 1:54:02 ET]
Table 'Maia III' 9-max Seat #8 is the button
Seat 1: Dorex2007 ($1.86 in chips) 
Seat 2: evnikesh ($2.78 in chips) 
Seat 3: kusto1488 ($4.47 in chips) 
Seat 4: votanic ($0.90 in chips) 
Seat 5: SrO157 ($0.91 in chips) 
Seat 6: NilsonXXX ($0.87 in chips) 
Seat 7: bearpaw47 ($1.95 in chips) 
Seat 8: SmallbossPo ($1.97 in chips) 
Seat 9: encOreeeee ($1.13 in chips) 
encOreeeee: posts small blind $0.01
Dorex2007: posts big blind $0.02
*** HOLE CARDS ***
Dealt to Dorex2007 [Ks Ad]
evnikesh: raises $0.04 to $0.06
kusto1488: folds 
votanic has timed out
votanic: folds 
SrO157: calls $0.06
NilsonXXX: folds 
bearpaw47: folds 
SmallbossPo: calls $0.06
encOreeeee: calls $0.05
Dorex2007: calls $0.04
*** FLOP *** [Qs Jc Kc]
encOreeeee: checks 
Dorex2007: bets $0.29
evnikesh: folds 
SrO157: folds 
SmallbossPo: folds 
encOreeeee: calls $0.29
*** TURN *** [Qs Jc Kc] [Th]
encOreeeee: checks 
Dorex2007: bets $1.51 and is all-in
encOreeeee: calls $0.78 and is all-in
Uncalled bet ($0.73) returned to Dorex2007
*** RIVER *** [Qs Jc Kc Th] [4d]
*** SHOW DOWN ***
encOreeeee: shows [Qd Jh] (two pair, Queens and Jacks)
Dorex2007: shows [Ks Ad] (a straight, Ten to Ace)
Dorex2007 cashed out the hand for $2.03 | Cash Out Fee $0.02
*** SUMMARY ***
Total pot $2.44 | Rake $0.09 
Board [Qs Jc Kc Th 4d]
Seat 1: Dorex2007 (big blind) showed [Ks Ad] and won ($2.35) with a straight, Ten to Ace (pot not awarded as player cashed out)
Seat 2: evnikesh folded on the Flop
Seat 3: kusto1488 folded before Flop (didn't bet)
Seat 4: votanic folded before Flop (didn't bet)
Seat 5: SrO157 folded on the Flop
Seat 6: NilsonXXX folded before Flop (didn't bet)
Seat 7: bearpaw47 folded before Flop (didn't bet)
Seat 8: SmallbossPo (button) folded on the Flop
Seat 9: encOreeeee (small blind) showed [Qd Jh] and lost with two pair, Queens and Jacks



PokerStars Hand #229706276225:  Hold'em No Limit ($0.01/$0.02 USD) - 2021/09/08 22:55:19 PT [2021/09/09 1:55:19 ET]
Table 'Maia III' 9-max Seat #1 is the button
Seat 1: Dorex2007 ($2.76 in chips) 
Seat 2: evnikesh ($2.72 in chips) 
Seat 3: kusto1488 ($4.47 in chips) 
Seat 4: votanic ($0.90 in chips) 
Seat 5: SrO157 ($0.85 in chips) 
Seat 6: NilsonXXX ($0.87 in chips) 
Seat 7: bearpaw47 ($1.95 in chips) 
Seat 8: SmallbossPo ($1.91 in chips) 
evnikesh: posts small blind $0.01
kusto1488: posts big blind $0.02
*** HOLE CARDS ***
Dealt to Dorex2007 [Kc 3d]
encOreeeee is disconnected 
votanic: folds 
SrO157: folds 
NilsonXXX: folds 
bearpaw47: folds 
SmallbossPo: folds 
Dorex2007: folds 
evnikesh: folds 
Uncalled bet ($0.01) returned to kusto1488
kusto1488 collected $0.02 from pot
kusto1488: doesn't show hand 
*** SUMMARY ***
Total pot $0.02 | Rake $0 
Seat 1: Dorex2007 (button) folded before Flop (didn't bet)
Seat 2: evnikesh (small blind) folded before Flop
Seat 3: kusto1488 (big blind) collected ($0.02)
Seat 4: votanic folded before Flop (didn't bet)
Seat 5: SrO157 folded before Flop (didn't bet)
Seat 6: NilsonXXX folded before Flop (didn't bet)
Seat 7: bearpaw47 folded before Flop (didn't bet)
Seat 8: SmallbossPo folded before Flop (didn't bet)



PokerStars Hand #229706282022:  Hold'em No Limit ($0.01/$0.02 USD) - 2021/09/08 22:55:37 PT [2021/09/09 1:55:37 ET]
Table 'Maia III' 9-max Seat #2 is the button
Seat 1: Dorex2007 ($2.76 in chips) 
Seat 2: evnikesh ($2.71 in chips) 
Seat 4: votanic ($0.90 in chips) 
Seat 5: SrO157 ($0.85 in chips) 
Seat 6: NilsonXXX ($0.87 in chips) 
Seat 7: bearpaw47 ($1.95 in chips) 
Seat 8: SmallbossPo ($1.91 in chips) 
votanic: posts small blind $0.01
SrO157: posts big blind $0.02
*** HOLE CARDS ***
Dealt to Dorex2007 [8d 4h]
NilsonXXX: folds 
bearpaw47: folds 
SmallbossPo: folds 
Dorex2007: folds 
evnikesh: folds 
votanic: folds 
Uncalled bet ($0.01) returned to SrO157
SrO157 collected $0.02 from pot
SrO157: doesn't show hand 
*** SUMMARY ***
Total pot $0.02 | Rake $0 
Seat 1: Dorex2007 folded before Flop (didn't bet)
Seat 2: evnikesh (button) folded before Flop (didn't bet)
Seat 4: votanic (small blind) folded before Flop
Seat 5: SrO157 (big blind) collected ($0.02)
Seat 6: NilsonXXX folded before Flop (didn't bet)
Seat 7: bearpaw47 folded before Flop (didn't bet)
Seat 8: SmallbossPo folded before Flop (didn't bet)



PokerStars Hand #229706284035:  Hold'em No Limit ($0.01/$0.02 USD) - 2021/09/08 22:55:54 PT [2021/09/09 1:55:54 ET]
Table 'Maia III' 9-max Seat #4 is the button
Seat 1: Dorex2007 ($2.76 in chips) 
Seat 2: evnikesh ($2.71 in chips) 
Seat 4: votanic ($0.89 in chips) 
Seat 5: SrO157 ($0.86 in chips) 
Seat 6: NilsonXXX ($0.87 in chips) 
Seat 7: bearpaw47 ($1.95 in chips) 
Seat 8: SmallbossPo ($1.91 in chips) 
SrO157: posts small blind $0.01
NilsonXXX: posts big blind $0.02
*** HOLE CARDS ***
Dealt to Dorex2007 [9h Qs]
bearpaw47: folds 
SmallbossPo: folds 
Dorex2007: folds 
evnikesh: raises $0.04 to $0.06
votanic has timed out
votanic: folds 
SrO157: folds 
NilsonXXX: folds 
Uncalled bet ($0.04) returned to evnikesh
evnikesh collected $0.05 from pot
evnikesh: doesn't show hand 
*** SUMMARY ***
Total pot $0.05 | Rake $0 
Seat 1: Dorex2007 folded before Flop (didn't bet)
Seat 2: evnikesh collected ($0.05)
Seat 4: votanic (button) folded before Flop (didn't bet)
Seat 5: SrO157 (small blind) folded before Flop
Seat 6: NilsonXXX (big blind) folded before Flop
Seat 7: bearpaw47 folded before Flop (didn't bet)
Seat 8: SmallbossPo folded before Flop (didn't bet)



PokerStars Hand #229706288379:  Hold'em No Limit ($0.01/$0.02 USD) - 2021/09/08 22:56:31 PT [2021/09/09 1:56:31 ET]
Table 'Maia III' 9-max Seat #5 is the button
Seat 1: Dorex2007 ($2.76 in chips) 
Seat 2: evnikesh ($2.74 in chips) 
Seat 5: SrO157 ($0.85 in chips) 
Seat 6: NilsonXXX ($0.85 in chips) 
Seat 7: bearpaw47 ($1.95 in chips) 
Seat 8: SmallbossPo ($1.91 in chips) 
NilsonXXX: posts small blind $0.01
bearpaw47: posts big blind $0.02
*** HOLE CARDS ***
Dealt to Dorex2007 [2h 5h]
SmallbossPo: folds 
Dorex2007: folds 
evnikesh: raises $0.04 to $0.06
SrO157: calls $0.06
NilsonXXX: folds 
bearpaw47: folds 
*** FLOP *** [Js 2s Jc]
evnikesh: checks 
SrO157: bets $0.07
evnikesh: folds 
Uncalled bet ($0.07) returned to SrO157
SrO157 collected $0.14 from pot
SrO157: doesn't show hand 
*** SUMMARY ***
Total pot $0.15 | Rake $0.01 
Board [Js 2s Jc]
Seat 1: Dorex2007 folded before Flop (didn't bet)
Seat 2: evnikesh folded on the Flop
Seat 5: SrO157 (button) collected ($0.14)
Seat 6: NilsonXXX (small blind) folded before Flop
Seat 7: bearpaw47 (big blind) folded before Flop
Seat 8: SmallbossPo folded before Flop (didn't bet)



PokerStars Hand #229706294170:  Hold'em No Limit ($0.01/$0.02 USD) - 2021/09/08 22:57:20 PT [2021/09/09 1:57:20 ET]
Table 'Maia III' 9-max Seat #6 is the button
Seat 1: Dorex2007 ($2.76 in chips) 
Seat 2: evnikesh ($2.68 in chips) 
Seat 5: SrO157 ($0.93 in chips) 
Seat 6: NilsonXXX ($0.84 in chips) 
Seat 7: bearpaw47 ($1.93 in chips) 
Seat 8: SmallbossPo ($1.91 in chips) 
bearpaw47: posts small blind $0.01
SmallbossPo: posts big blind $0.02
*** HOLE CARDS ***
Dealt to Dorex2007 [As 9c]
Dorex2007: folds 
evnikesh: folds 
SrO157: raises $0.04 to $0.06
NilsonXXX: folds 
bearpaw47: folds 
SmallbossPo: folds 
Uncalled bet ($0.04) returned to SrO157
SrO157 collected $0.05 from pot
SrO157: doesn't show hand 
*** SUMMARY ***
Total pot $0.05 | Rake $0 
Seat 1: Dorex2007 folded before Flop (didn't bet)
Seat 2: evnikesh folded before Flop (didn't bet)
Seat 5: SrO157 collected ($0.05)
Seat 6: NilsonXXX (button) folded before Flop (didn't bet)
Seat 7: bearpaw47 (small blind) folded before Flop
Seat 8: SmallbossPo (big blind) folded before Flop



PokerStars Hand #229706296528:  Hold'em No Limit ($0.01/$0.02 USD) - 2021/09/08 22:57:40 PT [2021/09/09 1:57:40 ET]
Table 'Maia III' 9-max Seat #7 is the button
Seat 1: Dorex2007 ($2.76 in chips) 
Seat 2: evnikesh ($2.68 in chips) 
Seat 5: SrO157 ($0.96 in chips) 
Seat 6: NilsonXXX ($0.84 in chips) 
Seat 7: bearpaw47 ($1.92 in chips) 
Seat 8: SmallbossPo ($1.89 in chips) 
SmallbossPo: posts small blind $0.01
Dorex2007: posts big blind $0.02
*** HOLE CARDS ***
Dealt to Dorex2007 [Ah 6h]
evnikesh: folds 
SrO157: folds 
NilsonXXX: folds 
bearpaw47: folds 
SmallbossPo: raises $0.05 to $0.07
Dorex2007: calls $0.05
*** FLOP *** [7c 9d Ts]
SmallbossPo: bets $0.07
Dorex2007: calls $0.07
*** TURN *** [7c 9d Ts] [7s]
SmallbossPo: bets $0.09
Dorex2007: calls $0.09
*** RIVER *** [7c 9d Ts 7s] [4s]
SmallbossPo: checks 
Dorex2007: bets $0.22
SmallbossPo: folds 
Uncalled bet ($0.22) returned to Dorex2007
Dorex2007 collected $0.44 from pot
Dorex2007: doesn't show hand 
*** SUMMARY ***
Total pot $0.46 | Rake $0.02 
Board [7c 9d Ts 7s 4s]
Seat 1: Dorex2007 (big blind) collected ($0.44)
Seat 2: evnikesh folded before Flop (didn't bet)
Seat 5: SrO157 folded before Flop (didn't bet)
Seat 6: NilsonXXX folded before Flop (didn't bet)
Seat 7: bearpaw47 (button) folded before Flop (didn't bet)
Seat 8: SmallbossPo (small blind) folded on the River



PokerStars Hand #229706301419:  Hold'em No Limit ($0.01/$0.02 USD) - 2021/09/08 22:58:22 PT [2021/09/09 1:58:22 ET]
Table 'Maia III' 9-max Seat #8 is the button
Seat 1: Dorex2007 ($2.97 in chips) 
Seat 2: evnikesh ($2.68 in chips) 
Seat 5: SrO157 ($0.96 in chips) 
Seat 6: NilsonXXX ($0.84 in chips) 
Seat 7: bearpaw47 ($1.92 in chips) 
Seat 8: SmallbossPo ($1.66 in chips) 
Dorex2007: posts small blind $0.01
evnikesh: posts big blind $0.02
*** HOLE CARDS ***
Dealt to Dorex2007 [3s Js]
SrO157: folds 
NilsonXXX: folds 
bearpaw47: folds 
SmallbossPo: folds 
Dorex2007: folds 
Uncalled bet ($0.01) returned to evnikesh
evnikesh collected $0.02 from pot
evnikesh: doesn't show hand 
*** SUMMARY ***
Total pot $0.02 | Rake $0 
Seat 1: Dorex2007 (small blind) folded before Flop
Seat 2: evnikesh (big blind) collected ($0.02)
Seat 5: SrO157 folded before Flop (didn't bet)
Seat 6: NilsonXXX folded before Flop (didn't bet)
Seat 7: bearpaw47 folded before Flop (didn't bet)
Seat 8: SmallbossPo (button) folded before Flop (didn't bet)



PokerStars Hand #229706302801:  Hold'em No Limit ($0.01/$0.02 USD) - 2021/09/08 22:58:34 PT [2021/09/09 1:58:34 ET]
Table 'Maia III' 9-max Seat #1 is the button
Seat 1: Dorex2007 ($2.96 in chips) 
Seat 2: evnikesh ($2.69 in chips) 
Seat 5: SrO157 ($0.96 in chips) 
Seat 6: NilsonXXX ($0.84 in chips) 
Seat 7: bearpaw47 ($1.92 in chips) 
Seat 8: SmallbossPo ($1.66 in chips) 
evnikesh: posts small blind $0.01
SrO157: posts big blind $0.02
*** HOLE CARDS ***
Dealt to Dorex2007 [6d 4h]
NilsonXXX: folds 
bearpaw47: folds 
SmallbossPo: raises $0.05 to $0.07
Dorex2007: folds 
evnikesh: folds 
SrO157: calls $0.05
*** FLOP *** [Qc Ah Td]
SrO157: checks 
SmallbossPo: bets $0.05
SrO157: calls $0.05
*** TURN *** [Qc Ah Td] [Qh]
SrO157: checks 
SmallbossPo: bets $0.12
SrO157: folds 
Uncalled bet ($0.12) returned to SmallbossPo
SmallbossPo collected $0.24 from pot
SmallbossPo: doesn't show hand 
*** SUMMARY ***
Total pot $0.25 | Rake $0.01 
Board [Qc Ah Td Qh]
Seat 1: Dorex2007 (button) folded before Flop (didn't bet)
Seat 2: evnikesh (small blind) folded before Flop
Seat 5: SrO157 (big blind) folded on the Turn
Seat 6: NilsonXXX folded before Flop (didn't bet)
Seat 7: bearpaw47 folded before Flop (didn't bet)
Seat 8: SmallbossPo collected ($0.24)



PokerStars Hand #229706306923:  Hold'em No Limit ($0.01/$0.02 USD) - 2021/09/08 22:59:08 PT [2021/09/09 1:59:08 ET]
Table 'Maia III' 9-max Seat #2 is the button
Seat 1: Dorex2007 ($2.96 in chips) 
Seat 2: evnikesh ($2.68 in chips) 
Seat 5: SrO157 ($0.84 in chips) 
Seat 6: NilsonXXX ($0.84 in chips) 
Seat 7: bearpaw47 ($1.92 in chips) 
Seat 8: SmallbossPo ($1.78 in chips) 
SrO157: posts small blind $0.01
NilsonXXX: posts big blind $0.02
*** HOLE CARDS ***
Dealt to Dorex2007 [Qc Jh]
bearpaw47: calls $0.02
SmallbossPo: folds 
Dorex2007: raises $0.04 to $0.06
evnikesh: folds 
SrO157: calls $0.05
NilsonXXX: folds 
bearpaw47: calls $0.04
*** FLOP *** [Kh 2s Js]
SrO157: checks 
bearpaw47: bets $0.10
Dorex2007: folds 
SrO157: calls $0.10
*** TURN *** [Kh 2s Js] [9s]
SrO157: checks 
bearpaw47: checks 
*** RIVER *** [Kh 2s Js 9s] [Qd]
SrO157: bets $0.19
bearpaw47: calls $0.19
*** SHOW DOWN ***
SrO157: shows [8d 2d] (a pair of Deuces)
bearpaw47: shows [Kc Qs] (two pair, Kings and Queens)
bearpaw47 collected $0.75 from pot
*** SUMMARY ***
Total pot $0.78 | Rake $0.03 
Board [Kh 2s Js 9s Qd]
Seat 1: Dorex2007 folded on the Flop
Seat 2: evnikesh (button) folded before Flop (didn't bet)
Seat 5: SrO157 (small blind) showed [8d 2d] and lost with a pair of Deuces
Seat 6: NilsonXXX (big blind) folded before Flop
Seat 7: bearpaw47 showed [Kc Qs] and won ($0.75) with two pair, Kings and Queens
Seat 8: SmallbossPo folded before Flop (didn't bet)



PokerStars Hand #229706311410:  Hold'em No Limit ($0.01/$0.02 USD) - 2021/09/08 22:59:46 PT [2021/09/09 1:59:46 ET]
Table 'Maia III' 9-max Seat #5 is the button
Seat 1: Dorex2007 ($2.90 in chips) 
Seat 2: evnikesh ($2.68 in chips) 
Seat 5: SrO157 ($0.49 in chips) 
Seat 6: NilsonXXX ($0.82 in chips) 
Seat 7: bearpaw47 ($2.32 in chips) 
Seat 8: SmallbossPo ($1.78 in chips) 
NilsonXXX: posts small blind $0.01
bearpaw47: posts big blind $0.02
*** HOLE CARDS ***
Dealt to Dorex2007 [Ts 2d]
SmallbossPo: folds 
Dorex2007: folds 
evnikesh: raises $0.04 to $0.06
SrO157: calls $0.06
NilsonXXX: folds 
bearpaw47: folds 
*** FLOP *** [Kh As 8d]
evnikesh: checks 
SrO157: checks 
*** TURN *** [Kh As 8d] [7d]
evnikesh: checks 
SrO157: checks 
*** RIVER *** [Kh As 8d 7d] [Kd]
evnikesh: checks 
SrO157: bets $0.07
evnikesh: calls $0.07
*** SHOW DOWN ***
SrO157: shows [Js Th] (a pair of Kings)
evnikesh: shows [Qd Qc] (two pair, Kings and Queens)
evnikesh collected $0.28 from pot
*** SUMMARY ***
Total pot $0.29 | Rake $0.01 
Board [Kh As 8d 7d Kd]
Seat 1: Dorex2007 folded before Flop (didn't bet)
Seat 2: evnikesh showed [Qd Qc] and won ($0.28) with two pair, Kings and Queens
Seat 5: SrO157 (button) showed [Js Th] and lost with a pair of Kings
Seat 6: NilsonXXX (small blind) folded before Flop
Seat 7: bearpaw47 (big blind) folded before Flop
Seat 8: SmallbossPo folded before Flop (didn't bet)



PokerStars Hand #229706314868:  Hold'em No Limit ($0.01/$0.02 USD) - 2021/09/08 23:00:16 PT [2021/09/09 2:00:16 ET]
Table 'Maia III' 9-max Seat #6 is the button
Seat 1: Dorex2007 ($2.90 in chips) 
Seat 2: evnikesh ($2.83 in chips) 
Seat 5: SrO157 ($0.36 in chips) 
Seat 6: NilsonXXX ($0.81 in chips) 
Seat 7: bearpaw47 ($2.30 in chips) 
Seat 8: SmallbossPo ($1.78 in chips) 
bearpaw47: posts small blind $0.01
SmallbossPo: posts big blind $0.02
*** HOLE CARDS ***
Dealt to Dorex2007 [Qs 5h]
Dorex2007: folds 
evnikesh: folds 
SrO157: folds 
NilsonXXX: folds 
bearpaw47: calls $0.01
SmallbossPo: checks 
*** FLOP *** [2s Ks Th]
bearpaw47: bets $0.04
SmallbossPo: calls $0.04
*** TURN *** [2s Ks Th] [8d]
bearpaw47: checks 
SmallbossPo: checks 
*** RIVER *** [2s Ks Th 8d] [Kh]
bearpaw47: checks 
SmallbossPo: checks 
*** SHOW DOWN ***
bearpaw47: shows [4c 4d] (two pair, Kings and Fours)
SmallbossPo: shows [Ts 4s] (two pair, Kings and Tens)
SmallbossPo collected $0.12 from pot
*** SUMMARY ***
Total pot $0.12 | Rake $0 
Board [2s Ks Th 8d Kh]
Seat 1: Dorex2007 folded before Flop (didn't bet)
Seat 2: evnikesh folded before Flop (didn't bet)
Seat 5: SrO157 folded before Flop (didn't bet)
Seat 6: NilsonXXX (button) folded before Flop (didn't bet)
Seat 7: bearpaw47 (small blind) showed [4c 4d] and lost with two pair, Kings and Fours
Seat 8: SmallbossPo (big blind) showed [Ts 4s] and won ($0.12) with two pair, Kings and Tens



PokerStars Hand #229706318437:  Hold'em No Limit ($0.01/$0.02 USD) - 2021/09/08 23:00:44 PT [2021/09/09 2:00:44 ET]
Table 'Maia III' 9-max Seat #7 is the button
Seat 1: Dorex2007 ($2.90 in chips) 
Seat 2: evnikesh ($2.83 in chips) 
Seat 5: SrO157 ($0.36 in chips) 
Seat 6: NilsonXXX ($0.81 in chips) 
Seat 7: bearpaw47 ($2.24 in chips) 
Seat 8: SmallbossPo ($1.84 in chips) 
SmallbossPo: posts small blind $0.01
Dorex2007: posts big blind $0.02
*** HOLE CARDS ***
Dealt to Dorex2007 [4d 3s]
evnikesh: folds 
SrO157: folds 
NilsonXXX: folds 
bearpaw47: folds 
SmallbossPo: folds 
Uncalled bet ($0.01) returned to Dorex2007
Dorex2007 collected $0.02 from pot
Dorex2007: doesn't show hand 
*** SUMMARY ***
Total pot $0.02 | Rake $0 
Seat 1: Dorex2007 (big blind) collected ($0.02)
Seat 2: evnikesh folded before Flop (didn't bet)
Seat 5: SrO157 folded before Flop (didn't bet)
Seat 6: NilsonXXX folded before Flop (didn't bet)
Seat 7: bearpaw47 (button) folded before Flop (didn't bet)
Seat 8: SmallbossPo (small blind) folded before Flop



PokerStars Hand #229706319707:  Hold'em No Limit ($0.01/$0.02 USD) - 2021/09/08 23:00:54 PT [2021/09/09 2:00:54 ET]
Table 'Maia III' 9-max Seat #8 is the button
Seat 1: Dorex2007 ($2.91 in chips) 
Seat 2: evnikesh ($2.83 in chips) 
Seat 5: SrO157 ($0.36 in chips) 
Seat 6: NilsonXXX ($0.81 in chips) 
Seat 7: bearpaw47 ($2.24 in chips) 
Seat 8: SmallbossPo ($1.83 in chips) 
Dorex2007: posts small blind $0.01
evnikesh: posts big blind $0.02
*** HOLE CARDS ***
Dealt to Dorex2007 [7d 4s]
SrO157: folds 
NilsonXXX: folds 
bearpaw47: folds 
SmallbossPo: folds 
Dorex2007: folds 
Uncalled bet ($0.01) returned to evnikesh
evnikesh collected $0.02 from pot
evnikesh: doesn't show hand 
*** SUMMARY ***
Total pot $0.02 | Rake $0 
Seat 1: Dorex2007 (small blind) folded before Flop
Seat 2: evnikesh (big blind) collected ($0.02)
Seat 5: SrO157 folded before Flop (didn't bet)
Seat 6: NilsonXXX folded before Flop (didn't bet)
Seat 7: bearpaw47 folded before Flop (didn't bet)
Seat 8: SmallbossPo (button) folded before Flop (didn't bet)



PokerStars Hand #229706320941:  Hold'em No Limit ($0.01/$0.02 USD) - 2021/09/08 23:01:04 PT [2021/09/09 2:01:04 ET]
Table 'Maia III' 9-max Seat #1 is the button
Seat 1: Dorex2007 ($2.90 in chips) 
Seat 2: evnikesh ($2.84 in chips) 
Seat 4: votanic ($0.89 in chips) 
Seat 5: SrO157 ($0.36 in chips) 
Seat 6: NilsonXXX ($0.81 in chips) 
Seat 7: bearpaw47 ($2.24 in chips) 
Seat 8: SmallbossPo ($1.83 in chips) 
evnikesh: posts small blind $0.01
votanic: posts big blind $0.02
*** HOLE CARDS ***
Dealt to Dorex2007 [3h 9d]
SrO157: folds 
NilsonXXX: folds 
bearpaw47: folds 
SmallbossPo: folds 
Dorex2007: folds 
evnikesh: folds 
Uncalled bet ($0.01) returned to votanic
votanic collected $0.02 from pot
*** SUMMARY ***
Total pot $0.02 | Rake $0 
Seat 1: Dorex2007 (button) folded before Flop (didn't bet)
Seat 2: evnikesh (small blind) folded before Flop
Seat 4: votanic (big blind) collected ($0.02)
Seat 5: SrO157 folded before Flop (didn't bet)
Seat 6: NilsonXXX folded before Flop (didn't bet)
Seat 7: bearpaw47 folded before Flop (didn't bet)
Seat 8: SmallbossPo folded before Flop (didn't bet)



PokerStars Hand #229706322404:  Hold'em No Limit ($0.01/$0.02 USD) - 2021/09/08 23:01:14 PT [2021/09/09 2:01:14 ET]
Table 'Maia III' 9-max Seat #2 is the button
Seat 1: Dorex2007 ($2.90 in chips) 
Seat 2: evnikesh ($2.83 in chips) 
Seat 4: votanic ($0.90 in chips) 
Seat 5: SrO157 ($0.36 in chips) 
Seat 6: NilsonXXX ($0.81 in chips) 
Seat 7: bearpaw47 ($2.24 in chips) 
Seat 8: SmallbossPo ($1.83 in chips) 
votanic: posts small blind $0.01
SrO157: posts big blind $0.02
*** HOLE CARDS ***
Dealt to Dorex2007 [6d Ad]
NilsonXXX has timed out
NilsonXXX: folds 
bearpaw47: folds 
SmallbossPo: folds 
Dorex2007: calls $0.02
evnikesh: folds 
votanic: calls $0.01
SrO157: checks 
*** FLOP *** [9d Ks 2h]
votanic: checks 
SrO157: checks 
Dorex2007: bets $0.06
votanic: folds 
SrO157: folds 
Uncalled bet ($0.06) returned to Dorex2007
Dorex2007 collected $0.06 from pot
Dorex2007: doesn't show hand 
*** SUMMARY ***
Total pot $0.06 | Rake $0 
Board [9d Ks 2h]
Seat 1: Dorex2007 collected ($0.06)
Seat 2: evnikesh (button) folded before Flop (didn't bet)
Seat 4: votanic (small blind) folded on the Flop
Seat 5: SrO157 (big blind) folded on the Flop
Seat 6: NilsonXXX folded before Flop (didn't bet)
Seat 7: bearpaw47 folded before Flop (didn't bet)
Seat 8: SmallbossPo folded before Flop (didn't bet)



PokerStars Hand #229706327968:  Hold'em No Limit ($0.01/$0.02 USD) - 2021/09/08 23:01:57 PT [2021/09/09 2:01:57 ET]
Table 'Maia III' 9-max Seat #4 is the button
Seat 1: Dorex2007 ($2.94 in chips) 
Seat 2: evnikesh ($2.83 in chips) 
Seat 4: votanic ($0.88 in chips) 
Seat 5: SrO157 ($0.34 in chips) 
Seat 6: NilsonXXX ($0.81 in chips) 
Seat 7: bearpaw47 ($2.24 in chips) 
Seat 8: SmallbossPo ($1.83 in chips) 
SrO157: posts small blind $0.01
NilsonXXX: posts big blind $0.02
kusto1488: sits out 
*** HOLE CARDS ***
Dealt to Dorex2007 [8d 4d]
bearpaw47: folds 
SmallbossPo: folds 
Dorex2007: folds 
evnikesh: folds 
votanic: folds 
SrO157: calls $0.01
NilsonXXX: checks 
*** FLOP *** [7d Qs Ad]
SrO157: checks 
NilsonXXX: checks 
*** TURN *** [7d Qs Ad] [6d]
SrO157: checks 
NilsonXXX: checks 
*** RIVER *** [7d Qs Ad 6d] [Ts]
SrO157: checks 
NilsonXXX: checks 
*** SHOW DOWN ***
SrO157: shows [5d Qc] (a pair of Queens)
NilsonXXX: mucks hand 
SrO157 collected $0.04 from pot
*** SUMMARY ***
Total pot $0.04 | Rake $0 
Board [7d Qs Ad 6d Ts]
Seat 1: Dorex2007 folded before Flop (didn't bet)
Seat 2: evnikesh folded before Flop (didn't bet)
Seat 4: votanic (button) folded before Flop (didn't bet)
Seat 5: SrO157 (small blind) showed [5d Qc] and won ($0.04) with a pair of Queens
Seat 6: NilsonXXX (big blind) mucked [4h Jc]
Seat 7: bearpaw47 folded before Flop (didn't bet)
Seat 8: SmallbossPo folded before Flop (didn't bet)



PokerStars Hand #229706332054:  Hold'em No Limit ($0.01/$0.02 USD) - 2021/09/08 23:02:27 PT [2021/09/09 2:02:27 ET]
Table 'Maia III' 9-max Seat #5 is the button
Seat 1: Dorex2007 ($2.94 in chips) 
Seat 2: evnikesh ($2.83 in chips) 
Seat 4: votanic ($0.88 in chips) 
Seat 5: SrO157 ($0.36 in chips) 
Seat 6: NilsonXXX ($0.79 in chips) 
Seat 7: bearpaw47 ($2.24 in chips) 
Seat 8: SmallbossPo ($1.83 in chips) 
NilsonXXX: posts small blind $0.01
bearpaw47: posts big blind $0.02
kusto1488: sits out 
*** HOLE CARDS ***
Dealt to Dorex2007 [5d As]
SmallbossPo: raises $0.05 to $0.07
Dorex2007: folds 
evnikesh: calls $0.07
votanic: folds 
SrO157: folds 
NilsonXXX: folds 
bearpaw47: folds 
*** FLOP *** [2s 3s Jh]
SmallbossPo: bets $0.05
evnikesh: raises $0.11 to $0.16
SmallbossPo: folds 
Uncalled bet ($0.11) returned to evnikesh
evnikesh collected $0.26 from pot
evnikesh: doesn't show hand 
*** SUMMARY ***
Total pot $0.27 | Rake $0.01 
Board [2s 3s Jh]
Seat 1: Dorex2007 folded before Flop (didn't bet)
Seat 2: evnikesh collected ($0.26)
Seat 4: votanic folded before Flop (didn't bet)
Seat 5: SrO157 (button) folded before Flop (didn't bet)
Seat 6: NilsonXXX (small blind) folded before Flop
Seat 7: bearpaw47 (big blind) folded before Flop
Seat 8: SmallbossPo folded on the Flop



PokerStars Hand #229706336454:  Hold'em No Limit ($0.01/$0.02 USD) - 2021/09/08 23:03:00 PT [2021/09/09 2:03:00 ET]
Table 'Maia III' 9-max Seat #6 is the button
Seat 1: Dorex2007 ($2.94 in chips) 
Seat 2: evnikesh ($2.97 in chips) 
Seat 4: votanic ($0.88 in chips) 
Seat 5: SrO157 ($0.36 in chips) 
Seat 6: NilsonXXX ($0.78 in chips) 
Seat 7: bearpaw47 ($2.22 in chips) 
Seat 8: SmallbossPo ($1.71 in chips) 
bearpaw47: posts small blind $0.01
SmallbossPo: posts big blind $0.02
kusto1488: sits out 
*** HOLE CARDS ***
Dealt to Dorex2007 [6h 9h]
Dorex2007: folds 
evnikesh: folds 
votanic has timed out
votanic: folds 
SrO157: folds 
NilsonXXX: folds 
bearpaw47: folds 
Uncalled bet ($0.01) returned to SmallbossPo
SmallbossPo collected $0.02 from pot
SmallbossPo: doesn't show hand 
*** SUMMARY ***
Total pot $0.02 | Rake $0 
Seat 1: Dorex2007 folded before Flop (didn't bet)
Seat 2: evnikesh folded before Flop (didn't bet)
Seat 4: votanic folded before Flop (didn't bet)
Seat 5: SrO157 folded before Flop (didn't bet)
Seat 6: NilsonXXX (button) folded before Flop (didn't bet)
Seat 7: bearpaw47 (small blind) folded before Flop
Seat 8: SmallbossPo (big blind) collected ($0.02)



