PokerStars Hand #237833614210:  Hold'em No Limit ($0.02/$0.05 USD) - 2022/08/06 16:28:37 PT [2022/08/06 19:28:37 ET]
Table 'Sirona III' 9-max Seat #5 is the button
Seat 1: Zocall ($5.16 in chips) 
Seat 2: buburik ($5.89 in chips) 
Seat 3: JayJayJohnson ($5 in chips) 
Seat 4: Dorex2007 ($5 in chips) 
Seat 5: ThePiva22 ($7.37 in chips) 
Seat 6: Walkel ($5.74 in chips) 
Seat 7: DaMang420 ($6.78 in chips) 
Seat 9: deniz102301 ($5.54 in chips) 
Walkel: posts small blind $0.02
DaMang420: posts big blind $0.05
nlpoker999: sits out 
Dorex2007: posts big blind $0.05
*** HOLE CARDS ***
Dealt to Dorex2007 [4c Qs]
deniz102301: folds 
Zocall: raises $0.17 to $0.22
buburik: raises $0.18 to $0.40
JayJayJohnson: folds 
Dorex2007: folds 
ThePiva22: folds 
Walkel: folds 
DaMang420: folds 
Zocall: calls $0.18
*** FLOP *** [Qc 6h 2s]
Zocall: bets $0.88
buburik: folds 
Uncalled bet ($0.88) returned to Zocall
Zocall collected $0.88 from pot
Zocall: doesn't show hand 
*** SUMMARY ***
Total pot $0.92 | Rake $0.04 
Board [Qc 6h 2s]
Seat 1: Zocall collected ($0.88)
Seat 2: buburik folded on the Flop
Seat 3: JayJayJohnson folded before Flop (didn't bet)
Seat 4: Dorex2007 folded before Flop (didn't bet)
Seat 5: ThePiva22 (button) folded before Flop (didn't bet)
Seat 6: Walkel (small blind) folded before Flop
Seat 7: DaMang420 (big blind) folded before Flop
Seat 9: deniz102301 folded before Flop (didn't bet)



PokerStars Hand #237833622731:  Hold'em No Limit ($0.02/$0.05 USD) - 2022/08/06 16:29:10 PT [2022/08/06 19:29:10 ET]
Table 'Sirona III' 9-max Seat #6 is the button
Seat 1: Zocall ($5.64 in chips) 
Seat 2: buburik ($5.49 in chips) 
Seat 3: JayJayJohnson ($5 in chips) 
Seat 4: Dorex2007 ($5 in chips) 
Seat 5: ThePiva22 ($7.37 in chips) 
Seat 6: Walkel ($5.72 in chips) 
Seat 7: DaMang420 ($6.73 in chips) 
Seat 8: nlpoker999 ($5 in chips) 
Seat 9: deniz102301 ($5.54 in chips) 
DaMang420: posts small blind $0.02
nlpoker999: posts big blind $0.05
*** HOLE CARDS ***
Dealt to Dorex2007 [Jc Td]
deniz102301: folds 
Zocall: folds 
buburik: folds 
JayJayJohnson: folds 
Dorex2007: folds 
ThePiva22: folds 
Walkel: folds 
DaMang420: raises $0.10 to $0.15
nlpoker999: folds 
Uncalled bet ($0.10) returned to DaMang420
DaMang420 collected $0.10 from pot
DaMang420: doesn't show hand 
*** SUMMARY ***
Total pot $0.10 | Rake $0 
Seat 1: Zocall folded before Flop (didn't bet)
Seat 2: buburik folded before Flop (didn't bet)
Seat 3: JayJayJohnson folded before Flop (didn't bet)
Seat 4: Dorex2007 folded before Flop (didn't bet)
Seat 5: ThePiva22 folded before Flop (didn't bet)
Seat 6: Walkel (button) folded before Flop (didn't bet)
Seat 7: DaMang420 (small blind) collected ($0.10)
Seat 8: nlpoker999 (big blind) folded before Flop
Seat 9: deniz102301 folded before Flop (didn't bet)



PokerStars Hand #237833629619:  Hold'em No Limit ($0.02/$0.05 USD) - 2022/08/06 16:29:37 PT [2022/08/06 19:29:37 ET]
Table 'Sirona III' 9-max Seat #7 is the button
Seat 1: Zocall ($5.64 in chips) 
Seat 2: buburik ($5.49 in chips) 
Seat 3: JayJayJohnson ($5 in chips) 
Seat 4: Dorex2007 ($5 in chips) 
Seat 5: ThePiva22 ($7.37 in chips) 
Seat 6: Walkel ($5.72 in chips) 
Seat 7: DaMang420 ($6.78 in chips) 
Seat 8: nlpoker999 ($4.95 in chips) 
Seat 9: deniz102301 ($5.54 in chips) 
nlpoker999: posts small blind $0.02
deniz102301: posts big blind $0.05
*** HOLE CARDS ***
Dealt to Dorex2007 [2c 5d]
Zocall: calls $0.05
buburik: folds 
JayJayJohnson: folds 
Dorex2007: folds 
ThePiva22: raises $0.05 to $0.10
Walkel: folds 
DaMang420: raises $0.15 to $0.25
nlpoker999: folds 
deniz102301: folds 
Zocall: folds 
ThePiva22: raises $0.20 to $0.45
DaMang420: calls $0.20
*** FLOP *** [7d 5h 6d]
ThePiva22: bets $0.98
DaMang420: folds 
Uncalled bet ($0.98) returned to ThePiva22
ThePiva22 collected $0.98 from pot
ThePiva22: doesn't show hand 
*** SUMMARY ***
Total pot $1.02 | Rake $0.04 
Board [7d 5h 6d]
Seat 1: Zocall folded before Flop
Seat 2: buburik folded before Flop (didn't bet)
Seat 3: JayJayJohnson folded before Flop (didn't bet)
Seat 4: Dorex2007 folded before Flop (didn't bet)
Seat 5: ThePiva22 collected ($0.98)
Seat 6: Walkel folded before Flop (didn't bet)
Seat 7: DaMang420 (button) folded on the Flop
Seat 8: nlpoker999 (small blind) folded before Flop
Seat 9: deniz102301 (big blind) folded before Flop



PokerStars Hand #237833651927:  Hold'em No Limit ($0.02/$0.05 USD) - 2022/08/06 16:31:03 PT [2022/08/06 19:31:03 ET]
Table 'Sirona III' 9-max Seat #8 is the button
Seat 1: Zocall ($5.59 in chips) 
Seat 2: buburik ($5.49 in chips) 
Seat 3: JayJayJohnson ($5 in chips) 
Seat 4: Dorex2007 ($5 in chips) 
Seat 5: ThePiva22 ($7.90 in chips) 
Seat 6: Walkel ($5.72 in chips) 
Seat 7: DaMang420 ($6.33 in chips) 
Seat 8: nlpoker999 ($4.93 in chips) 
Seat 9: deniz102301 ($5.49 in chips) 
deniz102301: posts small blind $0.02
Zocall: posts big blind $0.05
*** HOLE CARDS ***
Dealt to Dorex2007 [2s Ts]
buburik: folds 
JayJayJohnson: raises $0.10 to $0.15
Dorex2007: folds 
ThePiva22: folds 
Walkel: folds 
DaMang420: folds 
nlpoker999: calls $0.15
deniz102301: calls $0.13
Zocall: calls $0.10
*** FLOP *** [Jd Ks Tc]
deniz102301: checks 
Zocall: checks 
JayJayJohnson: bets $0.20
nlpoker999: folds 
deniz102301: folds 
Zocall: folds 
Uncalled bet ($0.20) returned to JayJayJohnson
JayJayJohnson collected $0.58 from pot
*** SUMMARY ***
Total pot $0.60 | Rake $0.02 
Board [Jd Ks Tc]
Seat 1: Zocall (big blind) folded on the Flop
Seat 2: buburik folded before Flop (didn't bet)
Seat 3: JayJayJohnson collected ($0.58)
Seat 4: Dorex2007 folded before Flop (didn't bet)
Seat 5: ThePiva22 folded before Flop (didn't bet)
Seat 6: Walkel folded before Flop (didn't bet)
Seat 7: DaMang420 folded before Flop (didn't bet)
Seat 8: nlpoker999 (button) folded on the Flop
Seat 9: deniz102301 (small blind) folded on the Flop



PokerStars Hand #237833667629:  Hold'em No Limit ($0.02/$0.05 USD) - 2022/08/06 16:32:04 PT [2022/08/06 19:32:04 ET]
Table 'Sirona III' 9-max Seat #9 is the button
Seat 1: Zocall ($5.44 in chips) 
Seat 2: buburik ($5.49 in chips) 
Seat 3: JayJayJohnson ($5.43 in chips) 
Seat 4: Dorex2007 ($5 in chips) 
Seat 5: ThePiva22 ($7.90 in chips) 
Seat 6: Walkel ($5.72 in chips) 
Seat 7: DaMang420 ($6.33 in chips) 
Seat 8: nlpoker999 ($4.78 in chips) 
Seat 9: deniz102301 ($5.34 in chips) 
Zocall: posts small blind $0.02
buburik: posts big blind $0.05
*** HOLE CARDS ***
Dealt to Dorex2007 [5c 2d]
JayJayJohnson: folds 
Dorex2007: folds 
ThePiva22: folds 
Walkel: raises $0.10 to $0.15
DaMang420: folds 
nlpoker999: folds 
deniz102301: calls $0.15
Zocall: folds 
buburik: folds 
*** FLOP *** [Qc 8c Tc]
Walkel: checks 
deniz102301: bets $0.20
Walkel: calls $0.20
*** TURN *** [Qc 8c Tc] [7s]
Walkel: checks 
deniz102301: checks 
*** RIVER *** [Qc 8c Tc 7s] [As]
Walkel: checks 
deniz102301: checks 
*** SHOW DOWN ***
Walkel: shows [Kd Jh] (a straight, Ten to Ace)
deniz102301: mucks hand 
Walkel collected $0.74 from pot
*** SUMMARY ***
Total pot $0.77 | Rake $0.03 
Board [Qc 8c Tc 7s As]
Seat 1: Zocall (small blind) folded before Flop
Seat 2: buburik (big blind) folded before Flop
Seat 3: JayJayJohnson folded before Flop (didn't bet)
Seat 4: Dorex2007 folded before Flop (didn't bet)
Seat 5: ThePiva22 folded before Flop (didn't bet)
Seat 6: Walkel showed [Kd Jh] and won ($0.74) with a straight, Ten to Ace
Seat 7: DaMang420 folded before Flop (didn't bet)
Seat 8: nlpoker999 folded before Flop (didn't bet)
Seat 9: deniz102301 (button) mucked [Ah 3s]



PokerStars Hand #237833680237:  Hold'em No Limit ($0.02/$0.05 USD) - 2022/08/06 16:32:52 PT [2022/08/06 19:32:52 ET]
Table 'Sirona III' 9-max Seat #1 is the button
Seat 1: Zocall ($5.42 in chips) 
Seat 2: buburik ($5.44 in chips) 
Seat 3: JayJayJohnson ($5.43 in chips) 
Seat 4: Dorex2007 ($5 in chips) 
Seat 5: ThePiva22 ($7.90 in chips) 
Seat 6: Walkel ($6.11 in chips) 
Seat 7: DaMang420 ($6.33 in chips) 
Seat 8: nlpoker999 ($4.78 in chips) 
Seat 9: deniz102301 ($4.99 in chips) 
buburik: posts small blind $0.02
JayJayJohnson: posts big blind $0.05
*** HOLE CARDS ***
Dealt to Dorex2007 [Ks 8c]
Dorex2007: folds 
ThePiva22: folds 
Walkel: folds 
DaMang420: raises $0.10 to $0.15
nlpoker999: folds 
deniz102301: calls $0.15
Zocall: raises $0.10 to $0.25
buburik: folds 
JayJayJohnson: folds 
DaMang420: calls $0.10
deniz102301: calls $0.10
*** FLOP *** [6c 5d Ts]
DaMang420: checks 
deniz102301: bets $0.25
Zocall: raises $1.29 to $1.54
DaMang420: folds 
deniz102301: folds 
Uncalled bet ($1.29) returned to Zocall
Zocall collected $1.27 from pot
Zocall: doesn't show hand 
*** SUMMARY ***
Total pot $1.32 | Rake $0.05 
Board [6c 5d Ts]
Seat 1: Zocall (button) collected ($1.27)
Seat 2: buburik (small blind) folded before Flop
Seat 3: JayJayJohnson (big blind) folded before Flop
Seat 4: Dorex2007 folded before Flop (didn't bet)
Seat 5: ThePiva22 folded before Flop (didn't bet)
Seat 6: Walkel folded before Flop (didn't bet)
Seat 7: DaMang420 folded on the Flop
Seat 8: nlpoker999 folded before Flop (didn't bet)
Seat 9: deniz102301 folded on the Flop



PokerStars Hand #237833700381:  Hold'em No Limit ($0.02/$0.05 USD) - 2022/08/06 16:34:10 PT [2022/08/06 19:34:10 ET]
Table 'Sirona III' 9-max Seat #2 is the button
Seat 1: Zocall ($6.19 in chips) 
Seat 2: buburik ($5.42 in chips) 
Seat 3: JayJayJohnson ($5.38 in chips) 
Seat 4: Dorex2007 ($5 in chips) 
Seat 5: ThePiva22 ($7.90 in chips) 
Seat 6: Walkel ($6.11 in chips) 
Seat 7: DaMang420 ($6.08 in chips) 
Seat 8: nlpoker999 ($4.78 in chips) 
Seat 9: deniz102301 ($4.49 in chips) 
JayJayJohnson: posts small blind $0.02
Dorex2007: posts big blind $0.05
*** HOLE CARDS ***
Dealt to Dorex2007 [3s 4h]
ThePiva22: folds 
Walkel: folds 
DaMang420: raises $0.10 to $0.15
nlpoker999: folds 
deniz102301: calls $0.15
Zocall: folds 
buburik: folds 
JayJayJohnson: folds 
Dorex2007: folds 
*** FLOP *** [2h Jh 6d]
DaMang420: checks 
deniz102301: bets $0.20
DaMang420: calls $0.20
*** TURN *** [2h Jh 6d] [Js]
DaMang420: checks 
deniz102301: bets $0.15
DaMang420: calls $0.15
*** RIVER *** [2h Jh 6d Js] [Ac]
DaMang420: checks 
deniz102301: bets $0.30
DaMang420: calls $0.30
*** SHOW DOWN ***
deniz102301: shows [Jd 9c] (three of a kind, Jacks)
DaMang420: mucks hand 
deniz102301 collected $1.60 from pot
*** SUMMARY ***
Total pot $1.67 | Rake $0.07 
Board [2h Jh 6d Js Ac]
Seat 1: Zocall folded before Flop (didn't bet)
Seat 2: buburik (button) folded before Flop (didn't bet)
Seat 3: JayJayJohnson (small blind) folded before Flop
Seat 4: Dorex2007 (big blind) folded before Flop
Seat 5: ThePiva22 folded before Flop (didn't bet)
Seat 6: Walkel folded before Flop (didn't bet)
Seat 7: DaMang420 mucked [As Tc]
Seat 8: nlpoker999 folded before Flop (didn't bet)
Seat 9: deniz102301 showed [Jd 9c] and won ($1.60) with three of a kind, Jacks



PokerStars Hand #237833716217:  Hold'em No Limit ($0.02/$0.05 USD) - 2022/08/06 16:35:11 PT [2022/08/06 19:35:11 ET]
Table 'Sirona III' 9-max Seat #3 is the button
Seat 1: Zocall ($6.19 in chips) 
Seat 2: buburik ($5.42 in chips) 
Seat 3: JayJayJohnson ($5.36 in chips) 
Seat 4: Dorex2007 ($5 in chips) 
Seat 5: ThePiva22 ($7.90 in chips) 
Seat 6: Walkel ($6.11 in chips) 
Seat 7: DaMang420 ($5.28 in chips) 
Seat 8: nlpoker999 ($4.78 in chips) 
Seat 9: deniz102301 ($5.29 in chips) 
Dorex2007: posts small blind $0.02
ThePiva22: posts big blind $0.05
*** HOLE CARDS ***
Dealt to Dorex2007 [Qc Td]
Walkel: folds 
DaMang420: folds 
nlpoker999: folds 
deniz102301: folds 
Zocall: raises $0.05 to $0.10
buburik: folds 
JayJayJohnson: calls $0.10
Dorex2007: calls $0.08
ThePiva22: folds 
*** FLOP *** [Jc 9c 4s]
Dorex2007: checks 
Zocall: checks 
JayJayJohnson: checks 
*** TURN *** [Jc 9c 4s] [3h]
Dorex2007: checks 
Zocall: checks 
JayJayJohnson: checks 
*** RIVER *** [Jc 9c 4s 3h] [Qd]
Dorex2007: bets $0.17
Zocall: raises $0.68 to $0.85
JayJayJohnson: folds 
Dorex2007: calls $0.68
*** SHOW DOWN ***
Zocall: shows [Ad Qs] (a pair of Queens)
Dorex2007: mucks hand 
Zocall collected $1.96 from pot
*** SUMMARY ***
Total pot $2.05 | Rake $0.09 
Board [Jc 9c 4s 3h Qd]
Seat 1: Zocall showed [Ad Qs] and won ($1.96) with a pair of Queens
Seat 2: buburik folded before Flop (didn't bet)
Seat 3: JayJayJohnson (button) folded on the River
Seat 4: Dorex2007 (small blind) mucked [Qc Td]
Seat 5: ThePiva22 (big blind) folded before Flop
Seat 6: Walkel folded before Flop (didn't bet)
Seat 7: DaMang420 folded before Flop (didn't bet)
Seat 8: nlpoker999 folded before Flop (didn't bet)
Seat 9: deniz102301 folded before Flop (didn't bet)



PokerStars Hand #237833734703:  Hold'em No Limit ($0.02/$0.05 USD) - 2022/08/06 16:36:24 PT [2022/08/06 19:36:24 ET]
Table 'Sirona III' 9-max Seat #4 is the button
Seat 1: Zocall ($7.20 in chips) 
Seat 2: buburik ($5.42 in chips) 
Seat 3: JayJayJohnson ($5.26 in chips) 
Seat 4: Dorex2007 ($5 in chips) 
Seat 5: ThePiva22 ($7.85 in chips) 
Seat 6: Walkel ($6.11 in chips) 
Seat 7: DaMang420 ($5.28 in chips) 
Seat 8: nlpoker999 ($4.78 in chips) 
Seat 9: deniz102301 ($5.29 in chips) 
ThePiva22: posts small blind $0.02
Walkel: posts big blind $0.05
*** HOLE CARDS ***
Dealt to Dorex2007 [7d Qc]
DaMang420: folds 
nlpoker999: folds 
deniz102301: folds 
Zocall: raises $0.12 to $0.17
buburik: folds 
JayJayJohnson: folds 
Dorex2007: folds 
ThePiva22: folds 
Walkel: folds 
Uncalled bet ($0.12) returned to Zocall
Zocall collected $0.12 from pot
Zocall: doesn't show hand 
*** SUMMARY ***
Total pot $0.12 | Rake $0 
Seat 1: Zocall collected ($0.12)
Seat 2: buburik folded before Flop (didn't bet)
Seat 3: JayJayJohnson folded before Flop (didn't bet)
Seat 4: Dorex2007 (button) folded before Flop (didn't bet)
Seat 5: ThePiva22 (small blind) folded before Flop
Seat 6: Walkel (big blind) folded before Flop
Seat 7: DaMang420 folded before Flop (didn't bet)
Seat 8: nlpoker999 folded before Flop (didn't bet)
Seat 9: deniz102301 folded before Flop (didn't bet)



PokerStars Hand #237833741139:  Hold'em No Limit ($0.02/$0.05 USD) - 2022/08/06 16:36:49 PT [2022/08/06 19:36:49 ET]
Table 'Sirona III' 9-max Seat #5 is the button
Seat 1: Zocall ($7.27 in chips) 
Seat 2: buburik ($5.42 in chips) 
Seat 3: JayJayJohnson ($5.26 in chips) 
Seat 4: Dorex2007 ($5 in chips) 
Seat 5: ThePiva22 ($7.83 in chips) 
Seat 6: Walkel ($6.06 in chips) 
Seat 7: DaMang420 ($5.28 in chips) 
Seat 8: nlpoker999 ($4.78 in chips) 
Seat 9: deniz102301 ($5.29 in chips) 
Walkel: posts small blind $0.02
DaMang420: posts big blind $0.05
*** HOLE CARDS ***
Dealt to Dorex2007 [Ac Kh]
nlpoker999: folds 
deniz102301: raises $0.25 to $0.30
Zocall: folds 
buburik: folds 
JayJayJohnson: folds 
Dorex2007: calls $0.30
ThePiva22: folds 
Walkel: folds 
DaMang420: folds 
*** FLOP *** [9s 2s 3s]
deniz102301: bets $0.30
Dorex2007: folds 
Uncalled bet ($0.30) returned to deniz102301
deniz102301 collected $0.64 from pot
*** SUMMARY ***
Total pot $0.67 | Rake $0.03 
Board [9s 2s 3s]
Seat 1: Zocall folded before Flop (didn't bet)
Seat 2: buburik folded before Flop (didn't bet)
Seat 3: JayJayJohnson folded before Flop (didn't bet)
Seat 4: Dorex2007 folded on the Flop
Seat 5: ThePiva22 (button) folded before Flop (didn't bet)
Seat 6: Walkel (small blind) folded before Flop
Seat 7: DaMang420 (big blind) folded before Flop
Seat 8: nlpoker999 folded before Flop (didn't bet)
Seat 9: deniz102301 collected ($0.64)



PokerStars Hand #237833752902:  Hold'em No Limit ($0.02/$0.05 USD) - 2022/08/06 16:37:35 PT [2022/08/06 19:37:35 ET]
Table 'Sirona III' 9-max Seat #6 is the button
Seat 1: Zocall ($7.27 in chips) 
Seat 2: buburik ($5.42 in chips) 
Seat 3: JayJayJohnson ($5.26 in chips) 
Seat 4: Dorex2007 ($5 in chips) 
Seat 5: ThePiva22 ($7.83 in chips) 
Seat 6: Walkel ($6.04 in chips) 
Seat 7: DaMang420 ($5.23 in chips) 
Seat 8: nlpoker999 ($4.78 in chips) 
Seat 9: deniz102301 ($5.63 in chips) 
DaMang420: posts small blind $0.02
nlpoker999: posts big blind $0.05
*** HOLE CARDS ***
Dealt to Dorex2007 [3h 7s]
deniz102301: raises $0.05 to $0.10
Zocall: calls $0.10
buburik: folds 
JayJayJohnson: folds 
Dorex2007: folds 
ThePiva22: folds 
Walkel: folds 
DaMang420: folds 
nlpoker999: calls $0.05
*** FLOP *** [8d 7c Td]
nlpoker999: checks 
deniz102301: bets $0.10
Zocall: calls $0.10
nlpoker999: calls $0.10
*** TURN *** [8d 7c Td] [5h]
nlpoker999: checks 
deniz102301: bets $0.15
Zocall: calls $0.15
nlpoker999: calls $0.15
*** RIVER *** [8d 7c Td 5h] [3s]
nlpoker999: checks 
deniz102301: bets $0.30
Zocall: calls $0.30
nlpoker999: folds 
*** SHOW DOWN ***
deniz102301: shows [9d Js] (a straight, Seven to Jack)
Zocall: mucks hand 
deniz102301 collected $1.60 from pot
*** SUMMARY ***
Total pot $1.67 | Rake $0.07 
Board [8d 7c Td 5h 3s]
Seat 1: Zocall mucked [Ah 7h]
Seat 2: buburik folded before Flop (didn't bet)
Seat 3: JayJayJohnson folded before Flop (didn't bet)
Seat 4: Dorex2007 folded before Flop (didn't bet)
Seat 5: ThePiva22 folded before Flop (didn't bet)
Seat 6: Walkel (button) folded before Flop (didn't bet)
Seat 7: DaMang420 (small blind) folded before Flop
Seat 8: nlpoker999 (big blind) folded on the River
Seat 9: deniz102301 showed [9d Js] and won ($1.60) with a straight, Seven to Jack



PokerStars Hand #237833769357:  Hold'em No Limit ($0.02/$0.05 USD) - 2022/08/06 16:38:41 PT [2022/08/06 19:38:41 ET]
Table 'Sirona III' 9-max Seat #7 is the button
Seat 1: Zocall ($6.62 in chips) 
Seat 2: buburik ($5.42 in chips) 
Seat 3: JayJayJohnson ($5.26 in chips) 
Seat 4: Dorex2007 ($5 in chips) 
Seat 5: ThePiva22 ($7.83 in chips) 
Seat 6: Walkel ($6.04 in chips) 
Seat 7: DaMang420 ($5.21 in chips) 
Seat 8: nlpoker999 ($4.43 in chips) 
Seat 9: deniz102301 ($6.58 in chips) 
nlpoker999: posts small blind $0.02
deniz102301: posts big blind $0.05
*** HOLE CARDS ***
Dealt to Dorex2007 [2d Jh]
Zocall has timed out
Zocall: folds 
buburik: folds 
JayJayJohnson: raises $0.10 to $0.15
Dorex2007: folds 
ThePiva22: folds 
Walkel: calls $0.15
DaMang420: folds 
nlpoker999: folds 
deniz102301: folds 
*** FLOP *** [4c 7h 8s]
JayJayJohnson: checks 
Walkel: bets $0.26
JayJayJohnson: calls $0.26
*** TURN *** [4c 7h 8s] [8c]
JayJayJohnson: checks 
Walkel: bets $0.60
JayJayJohnson: folds 
Uncalled bet ($0.60) returned to Walkel
Walkel collected $0.85 from pot
*** SUMMARY ***
Total pot $0.89 | Rake $0.04 
Board [4c 7h 8s 8c]
Seat 1: Zocall folded before Flop (didn't bet)
Seat 2: buburik folded before Flop (didn't bet)
Seat 3: JayJayJohnson folded on the Turn
Seat 4: Dorex2007 folded before Flop (didn't bet)
Seat 5: ThePiva22 folded before Flop (didn't bet)
Seat 6: Walkel collected ($0.85)
Seat 7: DaMang420 (button) folded before Flop (didn't bet)
Seat 8: nlpoker999 (small blind) folded before Flop
Seat 9: deniz102301 (big blind) folded before Flop



PokerStars Hand #237833788352:  Hold'em No Limit ($0.02/$0.05 USD) - 2022/08/06 16:39:56 PT [2022/08/06 19:39:56 ET]
Table 'Sirona III' 9-max Seat #8 is the button
Seat 1: Zocall ($6.62 in chips) 
Seat 2: buburik ($5.42 in chips) 
Seat 3: JayJayJohnson ($4.85 in chips) 
Seat 4: Dorex2007 ($5 in chips) 
Seat 5: ThePiva22 ($7.83 in chips) 
Seat 6: Walkel ($6.48 in chips) 
Seat 7: DaMang420 ($5.21 in chips) 
Seat 8: nlpoker999 ($4.41 in chips) 
Seat 9: deniz102301 ($6.53 in chips) 
deniz102301: posts small blind $0.02
Zocall: posts big blind $0.05
*** HOLE CARDS ***
Dealt to Dorex2007 [6h Td]
buburik: raises $0.10 to $0.15
JayJayJohnson: folds 
Dorex2007: folds 
ThePiva22: folds 
Walkel: folds 
DaMang420: folds 
nlpoker999: folds 
deniz102301: folds 
Zocall: calls $0.10
*** FLOP *** [Qh 9d 5h]
Zocall: bets $0.15
buburik: raises $0.29 to $0.44
Zocall: folds 
Uncalled bet ($0.29) returned to buburik
buburik collected $0.59 from pot
buburik: doesn't show hand 
*** SUMMARY ***
Total pot $0.62 | Rake $0.03 
Board [Qh 9d 5h]
Seat 1: Zocall (big blind) folded on the Flop
Seat 2: buburik collected ($0.59)
Seat 3: JayJayJohnson folded before Flop (didn't bet)
Seat 4: Dorex2007 folded before Flop (didn't bet)
Seat 5: ThePiva22 folded before Flop (didn't bet)
Seat 6: Walkel folded before Flop (didn't bet)
Seat 7: DaMang420 folded before Flop (didn't bet)
Seat 8: nlpoker999 (button) folded before Flop (didn't bet)
Seat 9: deniz102301 (small blind) folded before Flop



PokerStars Hand #237833802049:  Hold'em No Limit ($0.02/$0.05 USD) - 2022/08/06 16:40:51 PT [2022/08/06 19:40:51 ET]
Table 'Sirona III' 9-max Seat #9 is the button
Seat 1: Zocall ($6.32 in chips) 
Seat 2: buburik ($5.71 in chips) 
Seat 3: JayJayJohnson ($5 in chips) 
Seat 4: Dorex2007 ($5 in chips) 
Seat 5: ThePiva22 ($7.83 in chips) 
Seat 6: Walkel ($6.48 in chips) 
Seat 7: DaMang420 ($5.21 in chips) 
Seat 8: nlpoker999 ($4.41 in chips) 
Seat 9: deniz102301 ($6.51 in chips) 
Zocall: posts small blind $0.02
buburik: posts big blind $0.05
*** HOLE CARDS ***
Dealt to Dorex2007 [3c Ac]
JayJayJohnson: folds 
Dorex2007: folds 
ThePiva22: folds 
Walkel: folds 
DaMang420: folds 
nlpoker999: folds 
deniz102301: calls $0.05
Zocall: calls $0.03
buburik: checks 
*** FLOP *** [2h Kd 2c]
Zocall: checks 
buburik: checks 
deniz102301: bets $0.15
Zocall: folds 
buburik: folds 
Uncalled bet ($0.15) returned to deniz102301
deniz102301 collected $0.14 from pot
*** SUMMARY ***
Total pot $0.15 | Rake $0.01 
Board [2h Kd 2c]
Seat 1: Zocall (small blind) folded on the Flop
Seat 2: buburik (big blind) folded on the Flop
Seat 3: JayJayJohnson folded before Flop (didn't bet)
Seat 4: Dorex2007 folded before Flop (didn't bet)
Seat 5: ThePiva22 folded before Flop (didn't bet)
Seat 6: Walkel folded before Flop (didn't bet)
Seat 7: DaMang420 folded before Flop (didn't bet)
Seat 8: nlpoker999 folded before Flop (didn't bet)
Seat 9: deniz102301 (button) collected ($0.14)



PokerStars Hand #237833813364:  Hold'em No Limit ($0.02/$0.05 USD) - 2022/08/06 16:41:36 PT [2022/08/06 19:41:36 ET]
Table 'Sirona III' 9-max Seat #1 is the button
Seat 1: Zocall ($6.27 in chips) 
Seat 2: buburik ($5.66 in chips) 
Seat 3: JayJayJohnson ($5 in chips) 
Seat 4: Dorex2007 ($5 in chips) 
Seat 5: ThePiva22 ($7.83 in chips) 
Seat 6: Walkel ($6.48 in chips) 
Seat 7: DaMang420 ($5.21 in chips) 
Seat 8: nlpoker999 ($4.41 in chips) 
Seat 9: deniz102301 ($6.60 in chips) 
buburik: posts small blind $0.02
JayJayJohnson: posts big blind $0.05
*** HOLE CARDS ***
Dealt to Dorex2007 [Kh 4h]
Dorex2007: folds 
ThePiva22: folds 
Walkel: folds 
DaMang420: folds 
nlpoker999: folds 
deniz102301: raises $0.05 to $0.10
Zocall: calls $0.10
buburik: calls $0.08
JayJayJohnson: folds 
*** FLOP *** [Js Qc 5c]
buburik: checks 
deniz102301: checks 
Zocall: checks 
*** TURN *** [Js Qc 5c] [5h]
buburik: checks 
deniz102301: checks 
Zocall: checks 
*** RIVER *** [Js Qc 5c 5h] [2s]
buburik: checks 
deniz102301: checks 
Zocall: bets $0.17
buburik: folds 
deniz102301: folds 
Uncalled bet ($0.17) returned to Zocall
Zocall collected $0.34 from pot
Zocall: doesn't show hand 
*** SUMMARY ***
Total pot $0.35 | Rake $0.01 
Board [Js Qc 5c 5h 2s]
Seat 1: Zocall (button) collected ($0.34)
Seat 2: buburik (small blind) folded on the River
Seat 3: JayJayJohnson (big blind) folded before Flop
Seat 4: Dorex2007 folded before Flop (didn't bet)
Seat 5: ThePiva22 folded before Flop (didn't bet)
Seat 6: Walkel folded before Flop (didn't bet)
Seat 7: DaMang420 folded before Flop (didn't bet)
Seat 8: nlpoker999 folded before Flop (didn't bet)
Seat 9: deniz102301 folded on the River



PokerStars Hand #237833829559:  Hold'em No Limit ($0.02/$0.05 USD) - 2022/08/06 16:42:40 PT [2022/08/06 19:42:40 ET]
Table 'Sirona III' 9-max Seat #2 is the button
Seat 1: Zocall ($6.51 in chips) 
Seat 2: buburik ($5.56 in chips) 
Seat 3: JayJayJohnson ($4.95 in chips) 
Seat 4: Dorex2007 ($5 in chips) 
Seat 5: ThePiva22 ($7.83 in chips) 
Seat 6: Walkel ($6.48 in chips) 
Seat 7: DaMang420 ($5.21 in chips) 
Seat 8: nlpoker999 ($4.41 in chips) 
Seat 9: deniz102301 ($6.50 in chips) 
JayJayJohnson: posts small blind $0.02
Dorex2007: posts big blind $0.05
*** HOLE CARDS ***
Dealt to Dorex2007 [Jc Js]
ThePiva22: folds 
Walkel: folds 
DaMang420: folds 
nlpoker999: folds 
deniz102301: folds 
Zocall: raises $0.05 to $0.10
buburik: raises $0.27 to $0.37
JayJayJohnson: folds 
Dorex2007: calls $0.32
Zocall: calls $0.27
*** FLOP *** [Ac 7h 3h]
Dorex2007: checks 
Zocall: bets $1.08
buburik: folds 
Dorex2007: folds 
Uncalled bet ($1.08) returned to Zocall
Zocall collected $1.08 from pot
Zocall: doesn't show hand 
*** SUMMARY ***
Total pot $1.13 | Rake $0.05 
Board [Ac 7h 3h]
Seat 1: Zocall collected ($1.08)
Seat 2: buburik (button) folded on the Flop
Seat 3: JayJayJohnson (small blind) folded before Flop
Seat 4: Dorex2007 (big blind) folded on the Flop
Seat 5: ThePiva22 folded before Flop (didn't bet)
Seat 6: Walkel folded before Flop (didn't bet)
Seat 7: DaMang420 folded before Flop (didn't bet)
Seat 8: nlpoker999 folded before Flop (didn't bet)
Seat 9: deniz102301 folded before Flop (didn't bet)



PokerStars Hand #237833841259:  Hold'em No Limit ($0.02/$0.05 USD) - 2022/08/06 16:43:27 PT [2022/08/06 19:43:27 ET]
Table 'Sirona III' 9-max Seat #3 is the button
Seat 1: Zocall ($7.22 in chips) 
Seat 2: buburik ($5.19 in chips) 
Seat 3: JayJayJohnson ($4.93 in chips) 
Seat 4: Dorex2007 ($5 in chips) 
Seat 5: ThePiva22 ($7.83 in chips) 
Seat 6: Walkel ($6.48 in chips) 
Seat 7: DaMang420 ($5.21 in chips) 
Seat 8: nlpoker999 ($4.41 in chips) 
Seat 9: deniz102301 ($6.50 in chips) 
Dorex2007: posts small blind $0.02
ThePiva22: posts big blind $0.05
*** HOLE CARDS ***
Dealt to Dorex2007 [8c 9h]
Walkel: folds 
DaMang420: folds 
nlpoker999: folds 
deniz102301: raises $0.05 to $0.10
Zocall: folds 
buburik: folds 
JayJayJohnson: folds 
Dorex2007: folds 
ThePiva22: folds 
Uncalled bet ($0.05) returned to deniz102301
deniz102301 collected $0.12 from pot
*** SUMMARY ***
Total pot $0.12 | Rake $0 
Seat 1: Zocall folded before Flop (didn't bet)
Seat 2: buburik folded before Flop (didn't bet)
Seat 3: JayJayJohnson (button) folded before Flop (didn't bet)
Seat 4: Dorex2007 (small blind) folded before Flop
Seat 5: ThePiva22 (big blind) folded before Flop
Seat 6: Walkel folded before Flop (didn't bet)
Seat 7: DaMang420 folded before Flop (didn't bet)
Seat 8: nlpoker999 folded before Flop (didn't bet)
Seat 9: deniz102301 collected ($0.12)



PokerStars Hand #237833849679:  Hold'em No Limit ($0.02/$0.05 USD) - 2022/08/06 16:44:01 PT [2022/08/06 19:44:01 ET]
Table 'Sirona III' 9-max Seat #4 is the button
Seat 1: Zocall ($7.22 in chips) 
Seat 2: buburik ($5.19 in chips) 
Seat 3: JayJayJohnson ($4.93 in chips) 
Seat 4: Dorex2007 ($5 in chips) 
Seat 5: ThePiva22 ($7.78 in chips) 
Seat 6: Walkel ($6.48 in chips) 
Seat 7: DaMang420 ($5.21 in chips) 
Seat 8: nlpoker999 ($4.41 in chips) 
Seat 9: deniz102301 ($6.57 in chips) 
ThePiva22: posts small blind $0.02
Walkel: posts big blind $0.05
*** HOLE CARDS ***
Dealt to Dorex2007 [6d 2d]
DaMang420: raises $0.10 to $0.15
nlpoker999: folds 
deniz102301: calls $0.15
Zocall: folds 
buburik: folds 
JayJayJohnson: folds 
Dorex2007: folds 
ThePiva22: folds 
Walkel: folds 
*** FLOP *** [Qh Kh Js]
DaMang420: checks 
deniz102301: checks 
*** TURN *** [Qh Kh Js] [5s]
DaMang420: checks 
deniz102301: bets $0.15
DaMang420: calls $0.15
*** RIVER *** [Qh Kh Js 5s] [7c]
DaMang420: checks 
deniz102301: checks 
*** SHOW DOWN ***
DaMang420: shows [Ac Ad] (a pair of Aces)
deniz102301: mucks hand 
DaMang420 collected $0.64 from pot
*** SUMMARY ***
Total pot $0.67 | Rake $0.03 
Board [Qh Kh Js 5s 7c]
Seat 1: Zocall folded before Flop (didn't bet)
Seat 2: buburik folded before Flop (didn't bet)
Seat 3: JayJayJohnson folded before Flop (didn't bet)
Seat 4: Dorex2007 (button) folded before Flop (didn't bet)
Seat 5: ThePiva22 (small blind) folded before Flop
Seat 6: Walkel (big blind) folded before Flop
Seat 7: DaMang420 showed [Ac Ad] and won ($0.64) with a pair of Aces
Seat 8: nlpoker999 folded before Flop (didn't bet)
Seat 9: deniz102301 mucked [6c 6h]



PokerStars Hand #237833866692:  Hold'em No Limit ($0.02/$0.05 USD) - 2022/08/06 16:45:09 PT [2022/08/06 19:45:09 ET]
Table 'Sirona III' 9-max Seat #5 is the button
Seat 1: Zocall ($7.22 in chips) 
Seat 2: buburik ($5.19 in chips) 
Seat 3: JayJayJohnson ($4.93 in chips) 
Seat 4: Dorex2007 ($5 in chips) 
Seat 5: ThePiva22 ($7.76 in chips) 
Seat 6: Walkel ($6.43 in chips) 
Seat 7: DaMang420 ($5.55 in chips) 
Seat 8: nlpoker999 ($4.41 in chips) 
Seat 9: deniz102301 ($6.27 in chips) 
Walkel: posts small blind $0.02
DaMang420: posts big blind $0.05
*** HOLE CARDS ***
Dealt to Dorex2007 [2s 5c]
nlpoker999: folds 
deniz102301: folds 
Zocall has timed out
Zocall: folds 
buburik: folds 
JayJayJohnson: raises $0.10 to $0.15
Dorex2007: folds 
ThePiva22 has timed out
ThePiva22: folds 
Walkel: folds 
DaMang420: folds 
Uncalled bet ($0.10) returned to JayJayJohnson
JayJayJohnson collected $0.12 from pot
*** SUMMARY ***
Total pot $0.12 | Rake $0 
Seat 1: Zocall folded before Flop (didn't bet)
Seat 2: buburik folded before Flop (didn't bet)
Seat 3: JayJayJohnson collected ($0.12)
Seat 4: Dorex2007 folded before Flop (didn't bet)
Seat 5: ThePiva22 (button) folded before Flop (didn't bet)
Seat 6: Walkel (small blind) folded before Flop
Seat 7: DaMang420 (big blind) folded before Flop
Seat 8: nlpoker999 folded before Flop (didn't bet)
Seat 9: deniz102301 folded before Flop (didn't bet)



PokerStars Hand #237833876518:  Hold'em No Limit ($0.02/$0.05 USD) - 2022/08/06 16:45:49 PT [2022/08/06 19:45:49 ET]
Table 'Sirona III' 9-max Seat #6 is the button
Seat 2: buburik ($5.19 in chips) 
Seat 3: JayJayJohnson ($5 in chips) 
Seat 4: Dorex2007 ($5 in chips) 
Seat 5: ThePiva22 ($7.76 in chips) 
Seat 6: Walkel ($6.41 in chips) 
Seat 7: DaMang420 ($5.50 in chips) 
Seat 8: nlpoker999 ($4.41 in chips) 
Seat 9: deniz102301 ($6.27 in chips) 
DaMang420: posts small blind $0.02
nlpoker999: posts big blind $0.05
*** HOLE CARDS ***
Dealt to Dorex2007 [9s 8h]
deniz102301: calls $0.05
buburik: folds 
JayJayJohnson: folds 
Dorex2007: folds 
ThePiva22: folds 
Walkel: folds 
DaMang420: folds 
nlpoker999: checks 
*** FLOP *** [3s 7c 4d]
nlpoker999: checks 
deniz102301: bets $0.15
nlpoker999: calls $0.15
*** TURN *** [3s 7c 4d] [9h]
nlpoker999: checks 
deniz102301: bets $0.15
nlpoker999: folds 
Uncalled bet ($0.15) returned to deniz102301
deniz102301 collected $0.40 from pot
*** SUMMARY ***
Total pot $0.42 | Rake $0.02 
Board [3s 7c 4d 9h]
Seat 2: buburik folded before Flop (didn't bet)
Seat 3: JayJayJohnson folded before Flop (didn't bet)
Seat 4: Dorex2007 folded before Flop (didn't bet)
Seat 5: ThePiva22 folded before Flop (didn't bet)
Seat 6: Walkel (button) folded before Flop (didn't bet)
Seat 7: DaMang420 (small blind) folded before Flop
Seat 8: nlpoker999 (big blind) folded on the Turn
Seat 9: deniz102301 collected ($0.40)



PokerStars Hand #237833895413:  Hold'em No Limit ($0.02/$0.05 USD) - 2022/08/06 16:46:54 PT [2022/08/06 19:46:54 ET]
Table 'Sirona III' 9-max Seat #7 is the button
Seat 2: buburik ($5.19 in chips) 
Seat 3: JayJayJohnson ($5 in chips) 
Seat 4: Dorex2007 ($5 in chips) 
Seat 5: ThePiva22 ($7.76 in chips) 
Seat 6: Walkel ($6.41 in chips) 
Seat 7: DaMang420 ($5.48 in chips) 
Seat 8: nlpoker999 ($4.21 in chips) 
Seat 9: deniz102301 ($6.47 in chips) 
nlpoker999: posts small blind $0.02
deniz102301: posts big blind $0.05
*** HOLE CARDS ***
Dealt to Dorex2007 [6d 8d]
buburik: folds 
JayJayJohnson: folds 
Dorex2007: folds 
ThePiva22: folds 
Walkel: folds 
DaMang420: calls $0.05
nlpoker999: folds 
deniz102301: checks 
*** FLOP *** [Jh 5h Js]
deniz102301: checks 
DaMang420: checks 
*** TURN *** [Jh 5h Js] [Jd]
deniz102301: bets $0.10
DaMang420: calls $0.10
*** RIVER *** [Jh 5h Js Jd] [7s]
deniz102301: bets $0.10
DaMang420: calls $0.10
*** SHOW DOWN ***
deniz102301: shows [7h Qc] (a full house, Jacks full of Sevens)
DaMang420: mucks hand 
deniz102301 collected $0.50 from pot
*** SUMMARY ***
Total pot $0.52 | Rake $0.02 
Board [Jh 5h Js Jd 7s]
Seat 2: buburik folded before Flop (didn't bet)
Seat 3: JayJayJohnson folded before Flop (didn't bet)
Seat 4: Dorex2007 folded before Flop (didn't bet)
Seat 5: ThePiva22 folded before Flop (didn't bet)
Seat 6: Walkel folded before Flop (didn't bet)
Seat 7: DaMang420 (button) mucked [Td Ah]
Seat 8: nlpoker999 (small blind) folded before Flop
Seat 9: deniz102301 (big blind) showed [7h Qc] and won ($0.50) with a full house, Jacks full of Sevens



PokerStars Hand #237833907131:  Hold'em No Limit ($0.02/$0.05 USD) - 2022/08/06 16:47:41 PT [2022/08/06 19:47:41 ET]
Table 'Sirona III' 9-max Seat #8 is the button
Seat 2: buburik ($5.19 in chips) 
Seat 3: JayJayJohnson ($5 in chips) 
Seat 4: Dorex2007 ($5 in chips) 
Seat 5: ThePiva22 ($7.76 in chips) 
Seat 6: Walkel ($6.41 in chips) 
Seat 7: DaMang420 ($5.23 in chips) 
Seat 8: nlpoker999 ($4.19 in chips) 
Seat 9: deniz102301 ($6.72 in chips) 
deniz102301: posts small blind $0.02
buburik: posts big blind $0.05
*** HOLE CARDS ***
Dealt to Dorex2007 [3s 6d]
JayJayJohnson: folds 
Dorex2007: folds 
ThePiva22: folds 
Walkel: raises $0.10 to $0.15
DaMang420: folds 
nlpoker999: folds 
deniz102301: calls $0.13
buburik: folds 
*** FLOP *** [Jh Qd 2d]
deniz102301: bets $0.15
Walkel: calls $0.15
*** TURN *** [Jh Qd 2d] [Ac]
deniz102301: bets $0.20
Walkel: raises $0.30 to $0.50
deniz102301: calls $0.30
*** RIVER *** [Jh Qd 2d Ac] [7h]
deniz102301: bets $0.15
Walkel: raises $0.85 to $1
deniz102301: calls $0.85
*** SHOW DOWN ***
Walkel: shows [Kd Td] (a straight, Ten to Ace)
deniz102301: mucks hand 
Walkel collected $3.50 from pot
*** SUMMARY ***
Total pot $3.65 | Rake $0.15 
Board [Jh Qd 2d Ac 7h]
Seat 2: buburik (big blind) folded before Flop
Seat 3: JayJayJohnson folded before Flop (didn't bet)
Seat 4: Dorex2007 folded before Flop (didn't bet)
Seat 5: ThePiva22 folded before Flop (didn't bet)
Seat 6: Walkel showed [Kd Td] and won ($3.50) with a straight, Ten to Ace
Seat 7: DaMang420 folded before Flop (didn't bet)
Seat 8: nlpoker999 (button) folded before Flop (didn't bet)
Seat 9: deniz102301 (small blind) mucked [As Jd]



PokerStars Hand #237833925526:  Hold'em No Limit ($0.02/$0.05 USD) - 2022/08/06 16:48:56 PT [2022/08/06 19:48:56 ET]
Table 'Sirona III' 9-max Seat #9 is the button
Seat 2: buburik ($5.14 in chips) 
Seat 3: JayJayJohnson ($5 in chips) 
Seat 4: Dorex2007 ($5 in chips) 
Seat 5: ThePiva22 ($7.76 in chips) 
Seat 6: Walkel ($8.11 in chips) 
Seat 7: DaMang420 ($5.23 in chips) 
Seat 8: nlpoker999 ($4.19 in chips) 
Seat 9: deniz102301 ($4.92 in chips) 
buburik: posts small blind $0.02
JayJayJohnson: posts big blind $0.05
*** HOLE CARDS ***
Dealt to Dorex2007 [Kh Ts]
Dorex2007: folds 
ThePiva22: folds 
Walkel: folds 
DaMang420: folds 
nlpoker999: raises $0.10 to $0.15
deniz102301: folds 
buburik: folds 
JayJayJohnson: calls $0.10
*** FLOP *** [Ah Kd 9d]
JayJayJohnson: checks 
nlpoker999: bets $0.15
JayJayJohnson: calls $0.15
*** TURN *** [Ah Kd 9d] [2h]
JayJayJohnson: checks 
nlpoker999: checks 
*** RIVER *** [Ah Kd 9d 2h] [6s]
JayJayJohnson: bets $0.30
nlpoker999: folds 
Uncalled bet ($0.30) returned to JayJayJohnson
JayJayJohnson collected $0.59 from pot
*** SUMMARY ***
Total pot $0.62 | Rake $0.03 
Board [Ah Kd 9d 2h 6s]
Seat 2: buburik (small blind) folded before Flop
Seat 3: JayJayJohnson (big blind) collected ($0.59)
Seat 4: Dorex2007 folded before Flop (didn't bet)
Seat 5: ThePiva22 folded before Flop (didn't bet)
Seat 6: Walkel folded before Flop (didn't bet)
Seat 7: DaMang420 folded before Flop (didn't bet)
Seat 8: nlpoker999 folded on the River
Seat 9: deniz102301 (button) folded before Flop (didn't bet)



PokerStars Hand #237833937653:  Hold'em No Limit ($0.02/$0.05 USD) - 2022/08/06 16:49:45 PT [2022/08/06 19:49:45 ET]
Table 'Sirona III' 9-max Seat #2 is the button
Seat 2: buburik ($5.12 in chips) 
Seat 3: JayJayJohnson ($5.29 in chips) 
Seat 4: Dorex2007 ($5 in chips) 
Seat 5: ThePiva22 ($7.76 in chips) 
Seat 6: Walkel ($8.11 in chips) 
Seat 7: DaMang420 ($5.23 in chips) 
Seat 8: nlpoker999 ($3.89 in chips) 
Seat 9: deniz102301 ($4.92 in chips) 
JayJayJohnson: posts small blind $0.02
Dorex2007: posts big blind $0.05
Zocall: sits out 
*** HOLE CARDS ***
Dealt to Dorex2007 [7d 4c]
ThePiva22 has timed out
ThePiva22: folds 
Walkel: folds 
DaMang420: folds 
nlpoker999: raises $0.10 to $0.15
deniz102301: folds 
buburik: folds 
JayJayJohnson: folds 
Dorex2007: folds 
Uncalled bet ($0.10) returned to nlpoker999
nlpoker999 collected $0.12 from pot
nlpoker999: doesn't show hand 
*** SUMMARY ***
Total pot $0.12 | Rake $0 
Seat 2: buburik (button) folded before Flop (didn't bet)
Seat 3: JayJayJohnson (small blind) folded before Flop
Seat 4: Dorex2007 (big blind) folded before Flop
Seat 5: ThePiva22 folded before Flop (didn't bet)
Seat 6: Walkel folded before Flop (didn't bet)
Seat 7: DaMang420 folded before Flop (didn't bet)
Seat 8: nlpoker999 collected ($0.12)
Seat 9: deniz102301 folded before Flop (didn't bet)



PokerStars Hand #237833943758:  Hold'em No Limit ($0.02/$0.05 USD) - 2022/08/06 16:50:11 PT [2022/08/06 19:50:11 ET]
Table 'Sirona III' 9-max Seat #3 is the button
Seat 2: buburik ($5.12 in chips) 
Seat 3: JayJayJohnson ($5.27 in chips) 
Seat 4: Dorex2007 ($5 in chips) 
Seat 5: ThePiva22 ($7.76 in chips) 
Seat 6: Walkel ($8.11 in chips) 
Seat 7: DaMang420 ($5.23 in chips) 
Seat 8: nlpoker999 ($3.96 in chips) 
Seat 9: deniz102301 ($4.92 in chips) 
Dorex2007: posts small blind $0.02
ThePiva22: posts big blind $0.05
Zocall: sits out 
*** HOLE CARDS ***
Dealt to Dorex2007 [Tc 7h]
Walkel: folds 
DaMang420: folds 
nlpoker999: folds 
deniz102301: raises $0.15 to $0.20
buburik: calls $0.20
JayJayJohnson: folds 
Dorex2007: folds 
ThePiva22: folds 
*** FLOP *** [Jc Qd 5h]
deniz102301: bets $0.20
buburik: calls $0.20
*** TURN *** [Jc Qd 5h] [6h]
deniz102301: bets $0.20
buburik: folds 
Uncalled bet ($0.20) returned to deniz102301
deniz102301 collected $0.83 from pot
*** SUMMARY ***
Total pot $0.87 | Rake $0.04 
Board [Jc Qd 5h 6h]
Seat 2: buburik folded on the Turn
Seat 3: JayJayJohnson (button) folded before Flop (didn't bet)
Seat 4: Dorex2007 (small blind) folded before Flop
Seat 5: ThePiva22 (big blind) folded before Flop
Seat 6: Walkel folded before Flop (didn't bet)
Seat 7: DaMang420 folded before Flop (didn't bet)
Seat 8: nlpoker999 folded before Flop (didn't bet)
Seat 9: deniz102301 collected ($0.83)



PokerStars Hand #237833952136:  Hold'em No Limit ($0.02/$0.05 USD) - 2022/08/06 16:50:46 PT [2022/08/06 19:50:46 ET]
Table 'Sirona III' 9-max Seat #4 is the button
Seat 2: buburik ($4.72 in chips) 
Seat 3: JayJayJohnson ($5.27 in chips) 
Seat 4: Dorex2007 ($5 in chips) 
Seat 5: ThePiva22 ($7.71 in chips) 
Seat 6: Walkel ($8.11 in chips) 
Seat 7: DaMang420 ($5.23 in chips) 
Seat 8: nlpoker999 ($3.96 in chips) 
Seat 9: deniz102301 ($5.35 in chips) 
ThePiva22: posts small blind $0.02
Walkel: posts big blind $0.05
Zocall: sits out 
*** HOLE CARDS ***
Dealt to Dorex2007 [4c Qd]
DaMang420: raises $0.10 to $0.15
nlpoker999: folds 
deniz102301: calls $0.15
buburik: folds 
JayJayJohnson: folds 
Dorex2007: folds 
ThePiva22: calls $0.13
Walkel: folds 
*** FLOP *** [8s 3d Th]
ThePiva22: checks 
DaMang420: bets $0.25
deniz102301: folds 
ThePiva22: folds 
Uncalled bet ($0.25) returned to DaMang420
DaMang420 collected $0.48 from pot
DaMang420: doesn't show hand 
*** SUMMARY ***
Total pot $0.50 | Rake $0.02 
Board [8s 3d Th]
Seat 2: buburik folded before Flop (didn't bet)
Seat 3: JayJayJohnson folded before Flop (didn't bet)
Seat 4: Dorex2007 (button) folded before Flop (didn't bet)
Seat 5: ThePiva22 (small blind) folded on the Flop
Seat 6: Walkel (big blind) folded before Flop
Seat 7: DaMang420 collected ($0.48)
Seat 8: nlpoker999 folded before Flop (didn't bet)
Seat 9: deniz102301 folded on the Flop



PokerStars Hand #237833961233:  Hold'em No Limit ($0.02/$0.05 USD) - 2022/08/06 16:51:21 PT [2022/08/06 19:51:21 ET]
Table 'Sirona III' 9-max Seat #5 is the button
Seat 2: buburik ($4.72 in chips) 
Seat 3: JayJayJohnson ($5.27 in chips) 
Seat 4: Dorex2007 ($5 in chips) 
Seat 5: ThePiva22 ($7.56 in chips) 
Seat 6: Walkel ($8.06 in chips) 
Seat 7: DaMang420 ($5.56 in chips) 
Seat 8: nlpoker999 ($3.96 in chips) 
Seat 9: deniz102301 ($5.20 in chips) 
Walkel: posts small blind $0.02
DaMang420: posts big blind $0.05
Zocall: sits out 
*** HOLE CARDS ***
Dealt to Dorex2007 [7c 9s]
nlpoker999: raises $0.10 to $0.15
deniz102301: folds 
buburik: folds 
JayJayJohnson: folds 
Dorex2007: folds 
ThePiva22: calls $0.15
Walkel: folds 
DaMang420: calls $0.10
*** FLOP *** [5c 4c Th]
DaMang420: checks 
nlpoker999: checks 
ThePiva22: bets $0.22
DaMang420: raises $0.22 to $0.44
nlpoker999: folds 
ThePiva22: calls $0.22
*** TURN *** [5c 4c Th] [4h]
DaMang420: bets $0.40
ThePiva22: calls $0.40
*** RIVER *** [5c 4c Th 4h] [Ac]
DaMang420: checks 
ThePiva22: checks 
*** SHOW DOWN ***
DaMang420: shows [5h 4d] (a full house, Fours full of Fives)
ThePiva22: mucks hand 
DaMang420 collected $2.06 from pot
*** SUMMARY ***
Total pot $2.15 | Rake $0.09 
Board [5c 4c Th 4h Ac]
Seat 2: buburik folded before Flop (didn't bet)
Seat 3: JayJayJohnson folded before Flop (didn't bet)
Seat 4: Dorex2007 folded before Flop (didn't bet)
Seat 5: ThePiva22 (button) mucked [8d 8c]
Seat 6: Walkel (small blind) folded before Flop
Seat 7: DaMang420 (big blind) showed [5h 4d] and won ($2.06) with a full house, Fours full of Fives
Seat 8: nlpoker999 folded on the Flop
Seat 9: deniz102301 folded before Flop (didn't bet)



PokerStars Hand #237833985170:  Hold'em No Limit ($0.02/$0.05 USD) - 2022/08/06 16:52:55 PT [2022/08/06 19:52:55 ET]
Table 'Sirona III' 9-max Seat #6 is the button
Seat 2: buburik ($4.72 in chips) 
Seat 3: JayJayJohnson ($5.27 in chips) 
Seat 4: Dorex2007 ($5 in chips) 
Seat 5: ThePiva22 ($6.57 in chips) 
Seat 6: Walkel ($8.04 in chips) 
Seat 7: DaMang420 ($6.63 in chips) 
Seat 8: nlpoker999 ($3.81 in chips) 
Seat 9: deniz102301 ($5.20 in chips) 
DaMang420: posts small blind $0.02
nlpoker999: posts big blind $0.05
Zocall: sits out 
*** HOLE CARDS ***
Dealt to Dorex2007 [2h 9d]
deniz102301: folds 
buburik: folds 
JayJayJohnson: folds 
Dorex2007: folds 
ThePiva22: folds 
Walkel: folds 
DaMang420: calls $0.03
nlpoker999: checks 
*** FLOP *** [Jd 2s Qs]
DaMang420: checks 
nlpoker999: bets $0.10
DaMang420: folds 
Uncalled bet ($0.10) returned to nlpoker999
nlpoker999 collected $0.10 from pot
nlpoker999: doesn't show hand 
*** SUMMARY ***
Total pot $0.10 | Rake $0 
Board [Jd 2s Qs]
Seat 2: buburik folded before Flop (didn't bet)
Seat 3: JayJayJohnson folded before Flop (didn't bet)
Seat 4: Dorex2007 folded before Flop (didn't bet)
Seat 5: ThePiva22 folded before Flop (didn't bet)
Seat 6: Walkel (button) folded before Flop (didn't bet)
Seat 7: DaMang420 (small blind) folded on the Flop
Seat 8: nlpoker999 (big blind) collected ($0.10)
Seat 9: deniz102301 folded before Flop (didn't bet)



PokerStars Hand #237833993478:  Hold'em No Limit ($0.02/$0.05 USD) - 2022/08/06 16:53:29 PT [2022/08/06 19:53:29 ET]
Table 'Sirona III' 9-max Seat #7 is the button
Seat 2: buburik ($4.72 in chips) 
Seat 3: JayJayJohnson ($5.27 in chips) 
Seat 4: Dorex2007 ($5 in chips) 
Seat 5: ThePiva22 ($6.57 in chips) 
Seat 6: Walkel ($8.04 in chips) 
Seat 7: DaMang420 ($6.58 in chips) 
Seat 8: nlpoker999 ($3.86 in chips) 
Seat 9: deniz102301 ($5.20 in chips) 
nlpoker999: posts small blind $0.02
deniz102301: posts big blind $0.05
Zocall: sits out 
*** HOLE CARDS ***
Dealt to Dorex2007 [Ac 2s]
buburik: raises $0.10 to $0.15
JayJayJohnson: folds 
Dorex2007: folds 
ThePiva22: folds 
Walkel: folds 
DaMang420: folds 
nlpoker999: folds 
deniz102301: folds 
Uncalled bet ($0.10) returned to buburik
buburik collected $0.12 from pot
buburik: doesn't show hand 
*** SUMMARY ***
Total pot $0.12 | Rake $0 
Seat 2: buburik collected ($0.12)
Seat 3: JayJayJohnson folded before Flop (didn't bet)
Seat 4: Dorex2007 folded before Flop (didn't bet)
Seat 5: ThePiva22 folded before Flop (didn't bet)
Seat 6: Walkel folded before Flop (didn't bet)
Seat 7: DaMang420 (button) folded before Flop (didn't bet)
Seat 8: nlpoker999 (small blind) folded before Flop
Seat 9: deniz102301 (big blind) folded before Flop



PokerStars Hand #237833997413:  Hold'em No Limit ($0.02/$0.05 USD) - 2022/08/06 16:53:46 PT [2022/08/06 19:53:46 ET]
Table 'Sirona III' 9-max Seat #8 is the button
Seat 1: Zocall ($7.22 in chips) 
Seat 2: buburik ($4.79 in chips) 
Seat 3: JayJayJohnson ($5.27 in chips) 
Seat 4: Dorex2007 ($5 in chips) 
Seat 5: ThePiva22 ($6.57 in chips) 
Seat 6: Walkel ($8.04 in chips) 
Seat 7: DaMang420 ($6.58 in chips) 
Seat 8: nlpoker999 ($3.84 in chips) 
Seat 9: deniz102301 ($5.15 in chips) 
deniz102301: posts small blind $0.02
Zocall: posts big blind $0.05
*** HOLE CARDS ***
Dealt to Dorex2007 [Ac 8h]
buburik: folds 
JayJayJohnson: folds 
Dorex2007: folds 
ThePiva22: calls $0.05
Walkel: folds 
DaMang420: folds 
nlpoker999: folds 
deniz102301: calls $0.03
Zocall: raises $0.15 to $0.20
ThePiva22: calls $0.15
deniz102301: folds 
*** FLOP *** [4s 9s Qd]
Zocall: bets $0.43
ThePiva22: folds 
Uncalled bet ($0.43) returned to Zocall
Zocall collected $0.43 from pot
Zocall: doesn't show hand 
*** SUMMARY ***
Total pot $0.45 | Rake $0.02 
Board [4s 9s Qd]
Seat 1: Zocall (big blind) collected ($0.43)
Seat 2: buburik folded before Flop (didn't bet)
Seat 3: JayJayJohnson folded before Flop (didn't bet)
Seat 4: Dorex2007 folded before Flop (didn't bet)
Seat 5: ThePiva22 folded on the Flop
Seat 6: Walkel folded before Flop (didn't bet)
Seat 7: DaMang420 folded before Flop (didn't bet)
Seat 8: nlpoker999 (button) folded before Flop (didn't bet)
Seat 9: deniz102301 (small blind) folded before Flop



PokerStars Hand #237834012232:  Hold'em No Limit ($0.02/$0.05 USD) - 2022/08/06 16:54:48 PT [2022/08/06 19:54:48 ET]
Table 'Sirona III' 9-max Seat #9 is the button
Seat 1: Zocall ($7.45 in chips) 
Seat 2: buburik ($4.79 in chips) 
Seat 3: JayJayJohnson ($5.27 in chips) 
Seat 4: Dorex2007 ($5 in chips) 
Seat 5: ThePiva22 ($6.37 in chips) 
Seat 6: Walkel ($8.04 in chips) 
Seat 7: DaMang420 ($6.58 in chips) 
Seat 8: nlpoker999 ($3.84 in chips) 
Seat 9: deniz102301 ($5.10 in chips) 
Zocall: posts small blind $0.02
buburik: posts big blind $0.05
*** HOLE CARDS ***
Dealt to Dorex2007 [Qd 5h]
JayJayJohnson: folds 
Dorex2007: folds 
ThePiva22: calls $0.05
Walkel: folds 
DaMang420: folds 
nlpoker999: folds 
deniz102301: calls $0.05
Zocall: calls $0.03
buburik: checks 
*** FLOP *** [6h 2d 3s]
Zocall: checks 
buburik: bets $0.10
ThePiva22: folds 
deniz102301: calls $0.10
Zocall: calls $0.10
*** TURN *** [6h 2d 3s] [9h]
Zocall: bets $0.24
buburik: calls $0.24
deniz102301: calls $0.24
*** RIVER *** [6h 2d 3s 9h] [4h]
Zocall: bets $1.17
buburik: folds 
deniz102301: folds 
Uncalled bet ($1.17) returned to Zocall
Zocall collected $1.17 from pot
Zocall: doesn't show hand 
*** SUMMARY ***
Total pot $1.22 | Rake $0.05 
Board [6h 2d 3s 9h 4h]
Seat 1: Zocall (small blind) collected ($1.17)
Seat 2: buburik (big blind) folded on the River
Seat 3: JayJayJohnson folded before Flop (didn't bet)
Seat 4: Dorex2007 folded before Flop (didn't bet)
Seat 5: ThePiva22 folded on the Flop
Seat 6: Walkel folded before Flop (didn't bet)
Seat 7: DaMang420 folded before Flop (didn't bet)
Seat 8: nlpoker999 folded before Flop (didn't bet)
Seat 9: deniz102301 (button) folded on the River



PokerStars Hand #237834031788:  Hold'em No Limit ($0.02/$0.05 USD) - 2022/08/06 16:56:08 PT [2022/08/06 19:56:08 ET]
Table 'Sirona III' 9-max Seat #1 is the button
Seat 1: Zocall ($8.23 in chips) 
Seat 2: buburik ($5 in chips) 
Seat 3: JayJayJohnson ($5.27 in chips) 
Seat 4: Dorex2007 ($5 in chips) 
Seat 5: ThePiva22 ($6.32 in chips) 
Seat 6: Walkel ($8.04 in chips) 
Seat 7: DaMang420 ($6.58 in chips) 
Seat 8: nlpoker999 ($3.84 in chips) 
Seat 9: deniz102301 ($4.71 in chips) 
buburik: posts small blind $0.02
JayJayJohnson: posts big blind $0.05
*** HOLE CARDS ***
Dealt to Dorex2007 [Jc Ac]
Dorex2007: raises $0.15 to $0.20
ThePiva22: folds 
Walkel: folds 
DaMang420: folds 
nlpoker999: folds 
deniz102301: folds 
Zocall: raises $0.47 to $0.67
buburik: folds 
JayJayJohnson: folds 
Dorex2007: folds 
Uncalled bet ($0.47) returned to Zocall
Zocall collected $0.47 from pot
Zocall: doesn't show hand 
*** SUMMARY ***
Total pot $0.47 | Rake $0 
Seat 1: Zocall (button) collected ($0.47)
Seat 2: buburik (small blind) folded before Flop
Seat 3: JayJayJohnson (big blind) folded before Flop
Seat 4: Dorex2007 folded before Flop
Seat 5: ThePiva22 folded before Flop (didn't bet)
Seat 6: Walkel folded before Flop (didn't bet)
Seat 7: DaMang420 folded before Flop (didn't bet)
Seat 8: nlpoker999 folded before Flop (didn't bet)
Seat 9: deniz102301 folded before Flop (didn't bet)



PokerStars Hand #237834039933:  Hold'em No Limit ($0.02/$0.05 USD) - 2022/08/06 16:56:49 PT [2022/08/06 19:56:49 ET]
Table 'Sirona III' 9-max Seat #2 is the button
Seat 1: Zocall ($8.50 in chips) 
Seat 2: buburik ($4.98 in chips) 
Seat 3: JayJayJohnson ($5.22 in chips) 
Seat 4: Dorex2007 ($5 in chips) 
Seat 5: ThePiva22 ($6.32 in chips) 
Seat 6: Walkel ($8.04 in chips) 
Seat 7: DaMang420 ($6.58 in chips) 
Seat 8: nlpoker999 ($3.84 in chips) 
Seat 9: deniz102301 ($4.71 in chips) 
JayJayJohnson: posts small blind $0.02
Dorex2007: posts big blind $0.05
*** HOLE CARDS ***
Dealt to Dorex2007 [5c Qd]
ThePiva22: calls $0.05
Walkel: folds 
DaMang420: folds 
nlpoker999: folds 
deniz102301: folds 
Zocall: folds 
buburik: folds 
JayJayJohnson: folds 
Dorex2007: checks 
*** FLOP *** [5s Jh 9h]
Dorex2007: checks 
ThePiva22: bets $0.06
Dorex2007: calls $0.06
*** TURN *** [5s Jh 9h] [Qc]
Dorex2007: checks 
ThePiva22: bets $0.11
Dorex2007: raises $0.19 to $0.30
ThePiva22: folds 
Uncalled bet ($0.19) returned to Dorex2007
Dorex2007 collected $0.44 from pot
Dorex2007: doesn't show hand 
*** SUMMARY ***
Total pot $0.46 | Rake $0.02 
Board [5s Jh 9h Qc]
Seat 1: Zocall folded before Flop (didn't bet)
Seat 2: buburik (button) folded before Flop (didn't bet)
Seat 3: JayJayJohnson (small blind) folded before Flop
Seat 4: Dorex2007 (big blind) collected ($0.44)
Seat 5: ThePiva22 folded on the Turn
Seat 6: Walkel folded before Flop (didn't bet)
Seat 7: DaMang420 folded before Flop (didn't bet)
Seat 8: nlpoker999 folded before Flop (didn't bet)
Seat 9: deniz102301 folded before Flop (didn't bet)



PokerStars Hand #237834093763:  Hold'em No Limit ($0.02/$0.05 USD) - 2022/08/06 17:01:01 PT [2022/08/06 20:01:01 ET]
Table 'Sirona III' 9-max Seat #8 is the button
Seat 2: buburik ($4.98 in chips) 
Seat 3: JayJayJohnson ($5.20 in chips) 
Seat 4: Dorex2007 ($5.22 in chips) 
Seat 5: ThePiva22 ($6.05 in chips) 
Seat 6: Walkel ($8.58 in chips) 
Seat 8: nlpoker999 ($4.10 in chips) 
Seat 9: deniz102301 ($4.01 in chips) 
deniz102301: posts small blind $0.02
buburik: posts big blind $0.05
Dorex2007: posts small blind $0.02
*** HOLE CARDS ***
Dealt to Dorex2007 [5d Ac]
JayJayJohnson: folds 
Dorex2007: folds 
ThePiva22: calls $0.05
Walkel: folds 
nlpoker999: calls $0.05
deniz102301: calls $0.03
buburik: checks 
*** FLOP *** [Js As 8h]
deniz102301: checks 
buburik: checks 
ThePiva22: checks 
nlpoker999: checks 
*** TURN *** [Js As 8h] [8s]
deniz102301: checks 
buburik: checks 
ThePiva22: checks 
nlpoker999: checks 
*** RIVER *** [Js As 8h 8s] [3d]
deniz102301: checks 
buburik: checks 
ThePiva22: bets $0.21
nlpoker999: folds 
deniz102301: folds 
buburik: folds 
Uncalled bet ($0.21) returned to ThePiva22
ThePiva22 collected $0.21 from pot
ThePiva22: doesn't show hand 
*** SUMMARY ***
Total pot $0.22 | Rake $0.01 
Board [Js As 8h 8s 3d]
Seat 2: buburik (big blind) folded on the River
Seat 3: JayJayJohnson folded before Flop (didn't bet)
Seat 4: Dorex2007 folded before Flop (didn't bet)
Seat 5: ThePiva22 collected ($0.21)
Seat 6: Walkel folded before Flop (didn't bet)
Seat 8: nlpoker999 (button) folded on the River
Seat 9: deniz102301 (small blind) folded on the River



PokerStars Hand #237834106079:  Hold'em No Limit ($0.02/$0.05 USD) - 2022/08/06 17:01:54 PT [2022/08/06 20:01:54 ET]
Table 'Sirona III' 9-max Seat #9 is the button
Seat 2: buburik ($4.93 in chips) 
Seat 3: JayJayJohnson ($5.20 in chips) 
Seat 4: Dorex2007 ($5.20 in chips) 
Seat 5: ThePiva22 ($6.21 in chips) 
Seat 6: Walkel ($8.58 in chips) 
Seat 8: nlpoker999 ($4.05 in chips) 
Seat 9: deniz102301 ($3.96 in chips) 
buburik: posts small blind $0.02
JayJayJohnson: posts big blind $0.05
*** HOLE CARDS ***
Dealt to Dorex2007 [Jc Js]
Dorex2007: raises $0.20 to $0.25
ThePiva22: folds 
Walkel: folds 
nlpoker999: folds 
deniz102301: folds 
buburik: folds 
JayJayJohnson: folds 
Uncalled bet ($0.20) returned to Dorex2007
Dorex2007 collected $0.12 from pot
Dorex2007: doesn't show hand 
*** SUMMARY ***
Total pot $0.12 | Rake $0 
Seat 2: buburik (small blind) folded before Flop
Seat 3: JayJayJohnson (big blind) folded before Flop
Seat 4: Dorex2007 collected ($0.12)
Seat 5: ThePiva22 folded before Flop (didn't bet)
Seat 6: Walkel folded before Flop (didn't bet)
Seat 8: nlpoker999 folded before Flop (didn't bet)
Seat 9: deniz102301 (button) folded before Flop (didn't bet)



PokerStars Hand #237834111857:  Hold'em No Limit ($0.02/$0.05 USD) - 2022/08/06 17:02:18 PT [2022/08/06 20:02:18 ET]
Table 'Sirona III' 9-max Seat #2 is the button
Seat 2: buburik ($4.91 in chips) 
Seat 3: JayJayJohnson ($5.15 in chips) 
Seat 4: Dorex2007 ($5.27 in chips) 
Seat 5: ThePiva22 ($6.21 in chips) 
Seat 6: Walkel ($8.58 in chips) 
Seat 8: nlpoker999 ($4.05 in chips) 
Seat 9: deniz102301 ($3.96 in chips) 
JayJayJohnson: posts small blind $0.02
Dorex2007: posts big blind $0.05
Zocall: sits out 
*** HOLE CARDS ***
Dealt to Dorex2007 [6d Qs]
ThePiva22: folds 
Walkel: folds 
nlpoker999: folds 
deniz102301: folds 
buburik: raises $0.10 to $0.15
JayJayJohnson: calls $0.13
Dorex2007: folds 
*** FLOP *** [Tc 5c 9h]
JayJayJohnson: checks 
buburik: bets $0.17
JayJayJohnson: raises $0.34 to $0.51
buburik: raises $0.35 to $0.86
JayJayJohnson: raises $4.14 to $5 and is all-in
buburik: folds 
Uncalled bet ($4.14) returned to JayJayJohnson
JayJayJohnson collected $1.98 from pot
*** SUMMARY ***
Total pot $2.07 | Rake $0.09 
Board [Tc 5c 9h]
Seat 2: buburik (button) folded on the Flop
Seat 3: JayJayJohnson (small blind) collected ($1.98)
Seat 4: Dorex2007 (big blind) folded before Flop
Seat 5: ThePiva22 folded before Flop (didn't bet)
Seat 6: Walkel folded before Flop (didn't bet)
Seat 8: nlpoker999 folded before Flop (didn't bet)
Seat 9: deniz102301 folded before Flop (didn't bet)



PokerStars Hand #237834123417:  Hold'em No Limit ($0.02/$0.05 USD) - 2022/08/06 17:03:07 PT [2022/08/06 20:03:07 ET]
Table 'Sirona III' 9-max Seat #3 is the button
Seat 2: buburik ($5 in chips) 
Seat 3: JayJayJohnson ($6.12 in chips) 
Seat 4: Dorex2007 ($5.22 in chips) 
Seat 5: ThePiva22 ($6.21 in chips) 
Seat 6: Walkel ($8.58 in chips) 
Seat 8: nlpoker999 ($4.05 in chips) 
Seat 9: deniz102301 ($3.96 in chips) 
Dorex2007: posts small blind $0.02
ThePiva22: posts big blind $0.05
Zocall: sits out 
*** HOLE CARDS ***
Dealt to Dorex2007 [3s 2d]
Walkel: folds 
Walkel leaves the table
nlpoker999: raises $0.10 to $0.15
deniz102301: folds 
buburik: folds 
JayJayJohnson: calls $0.15
Dorex2007: folds 
ThePiva22: folds 
*** FLOP *** [6c 5h 8c]
nlpoker999: bets $0.20
JayJayJohnson: folds 
Uncalled bet ($0.20) returned to nlpoker999
nlpoker999 collected $0.35 from pot
nlpoker999: doesn't show hand 
*** SUMMARY ***
Total pot $0.37 | Rake $0.02 
Board [6c 5h 8c]
Seat 2: buburik folded before Flop (didn't bet)
Seat 3: JayJayJohnson (button) folded on the Flop
Seat 4: Dorex2007 (small blind) folded before Flop
Seat 5: ThePiva22 (big blind) folded before Flop
Seat 6: Walkel folded before Flop (didn't bet)
Seat 8: nlpoker999 collected ($0.35)
Seat 9: deniz102301 folded before Flop (didn't bet)



PokerStars Hand #237834131043:  Hold'em No Limit ($0.02/$0.05 USD) - 2022/08/06 17:03:35 PT [2022/08/06 20:03:35 ET]
Table 'Sirona III' 9-max Seat #4 is the button
Seat 2: buburik ($5 in chips) 
Seat 3: JayJayJohnson ($5.97 in chips) 
Seat 4: Dorex2007 ($5.20 in chips) 
Seat 5: ThePiva22 ($6.16 in chips) 
Seat 8: nlpoker999 ($4.25 in chips) 
Seat 9: deniz102301 ($3.96 in chips) 
ThePiva22: posts small blind $0.02
nlpoker999: posts big blind $0.05
Zocall: sits out 
*** HOLE CARDS ***
Dealt to Dorex2007 [Th Ks]
deniz102301: folds 
buburik: folds 
JayJayJohnson: folds 
Dorex2007: raises $0.10 to $0.15
ThePiva22: calls $0.13
nlpoker999: folds 
*** FLOP *** [Qc Qs Qd]
ThePiva22: bets $0.17
Dorex2007: calls $0.17
*** TURN *** [Qc Qs Qd] [3c]
ThePiva22: bets $0.33
Dorex2007: calls $0.33
*** RIVER *** [Qc Qs Qd 3c] [5s]
ThePiva22: bets $0.30
Dorex2007: raises $0.96 to $1.26
ThePiva22: folds 
Uncalled bet ($0.96) returned to Dorex2007
Dorex2007 collected $1.87 from pot
Dorex2007: doesn't show hand 
*** SUMMARY ***
Total pot $1.95 | Rake $0.08 
Board [Qc Qs Qd 3c 5s]
Seat 2: buburik folded before Flop (didn't bet)
Seat 3: JayJayJohnson folded before Flop (didn't bet)
Seat 4: Dorex2007 (button) collected ($1.87)
Seat 5: ThePiva22 (small blind) folded on the River
Seat 8: nlpoker999 (big blind) folded before Flop
Seat 9: deniz102301 folded before Flop (didn't bet)



PokerStars Hand #237834142621:  Hold'em No Limit ($0.02/$0.05 USD) - 2022/08/06 17:04:26 PT [2022/08/06 20:04:26 ET]
Table 'Sirona III' 9-max Seat #5 is the button
Seat 2: buburik ($5 in chips) 
Seat 3: JayJayJohnson ($5.97 in chips) 
Seat 4: Dorex2007 ($6.12 in chips) 
Seat 5: ThePiva22 ($5.21 in chips) 
Seat 8: nlpoker999 ($4.20 in chips) 
Seat 9: deniz102301 ($3.96 in chips) 
nlpoker999: posts small blind $0.02
deniz102301: posts big blind $0.05
Zocall: sits out 
*** HOLE CARDS ***
Dealt to Dorex2007 [Ts 6h]
buburik: folds 
JayJayJohnson: folds 
Dorex2007: folds 
ThePiva22: raises $0.05 to $0.10
nlpoker999: calls $0.08
deniz102301: calls $0.05
*** FLOP *** [3c Ah Jd]
nlpoker999: checks 
deniz102301: bets $0.10
ThePiva22: calls $0.10
nlpoker999: folds 
*** TURN *** [3c Ah Jd] [Td]
deniz102301: checks 
ThePiva22: bets $0.24
JayJayJohnson leaves the table
deniz102301: calls $0.24
*** RIVER *** [3c Ah Jd Td] [4c]
Gara002 joins the table at seat #7 
deniz102301: checks 
Zocall leaves the table
ThePiva22: bets $0.47
deniz102301: folds 
Uncalled bet ($0.47) returned to ThePiva22
ThePiva22 collected $0.94 from pot
ThePiva22: doesn't show hand 
*** SUMMARY ***
Total pot $0.98 | Rake $0.04 
Board [3c Ah Jd Td 4c]
Seat 2: buburik folded before Flop (didn't bet)
Seat 3: JayJayJohnson folded before Flop (didn't bet)
Seat 4: Dorex2007 folded before Flop (didn't bet)
Seat 5: ThePiva22 (button) collected ($0.94)
Seat 8: nlpoker999 (small blind) folded on the Flop
Seat 9: deniz102301 (big blind) folded on the River



PokerStars Hand #237834154954:  Hold'em No Limit ($0.02/$0.05 USD) - 2022/08/06 17:05:18 PT [2022/08/06 20:05:18 ET]
Table 'Sirona III' 9-max Seat #8 is the button
Seat 4: Dorex2007 ($6.12 in chips) 
Seat 5: ThePiva22 ($5.71 in chips) 
Seat 8: nlpoker999 ($4.10 in chips) 
Seat 9: deniz102301 ($3.52 in chips) 
deniz102301: posts small blind $0.02
buburik: is sitting out 
Dorex2007: posts big blind $0.05
Gara002: sits out 
*** HOLE CARDS ***
Dealt to Dorex2007 [Tc 4h]
ThePiva22: folds 
nlpoker999: raises $0.10 to $0.15
buburik leaves the table
deniz102301: calls $0.13
Dorex2007: folds 
*** FLOP *** [4d As Qs]
deniz102301: checks 
nlpoker999: bets $0.15
IndigoShirt joins the table at seat #1 
deniz102301: folds 
Uncalled bet ($0.15) returned to nlpoker999
nlpoker999 collected $0.34 from pot
nlpoker999: doesn't show hand 
*** SUMMARY ***
Total pot $0.35 | Rake $0.01 
Board [4d As Qs]
Seat 4: Dorex2007 (big blind) folded before Flop
Seat 5: ThePiva22 folded before Flop (didn't bet)
Seat 8: nlpoker999 (button) collected ($0.34)
Seat 9: deniz102301 (small blind) folded on the Flop



PokerStars Hand #237834160249:  Hold'em No Limit ($0.02/$0.05 USD) - 2022/08/06 17:05:41 PT [2022/08/06 20:05:41 ET]
Table 'Sirona III' 9-max Seat #9 is the button
Seat 4: Dorex2007 ($6.07 in chips) 
Seat 5: ThePiva22 ($5.71 in chips) 
Seat 8: nlpoker999 ($4.29 in chips) 
Seat 9: deniz102301 ($3.37 in chips) 
Dorex2007: posts small blind $0.02
ThePiva22: posts big blind $0.05
Gara002: sits out 
*** HOLE CARDS ***
Dealt to Dorex2007 [2d 4s]
nlpoker999: raises $0.10 to $0.15
deniz102301: folds 
Dorex2007: folds 
ThePiva22: folds 
Uncalled bet ($0.10) returned to nlpoker999
nlpoker999 collected $0.12 from pot
nlpoker999: doesn't show hand 
*** SUMMARY ***
Total pot $0.12 | Rake $0 
Seat 4: Dorex2007 (small blind) folded before Flop
Seat 5: ThePiva22 (big blind) folded before Flop
Seat 8: nlpoker999 collected ($0.12)
Seat 9: deniz102301 (button) folded before Flop (didn't bet)



PokerStars Hand #237834171078:  Hold'em No Limit ($0.02/$0.05 USD) - 2022/08/06 17:05:49 PT [2022/08/06 20:05:49 ET]
Table 'Sirona III' 9-max Seat #4 is the button
Seat 4: Dorex2007 ($6.05 in chips) 
Seat 5: ThePiva22 ($5.66 in chips) 
Seat 7: Gara002 ($5 in chips) 
Seat 8: nlpoker999 ($4.36 in chips) 
Seat 9: deniz102301 ($3.37 in chips) 
ThePiva22: posts small blind $0.02
Gara002: posts big blind $0.05
IndigoShirt: sits out 
*** HOLE CARDS ***
Dealt to Dorex2007 [9h 8s]
nlpoker999: folds 
deniz102301: raises $0.10 to $0.15
Dorex2007: folds 
nlpoker999 leaves the table
ThePiva22: calls $0.13
Gara002: folds 
*** FLOP *** [Kc 2d Jd]
ThePiva22: checks 
deniz102301: bets $0.20
ThePiva22: folds 
Uncalled bet ($0.20) returned to deniz102301
deniz102301 collected $0.34 from pot
deniz102301: doesn't show hand 
*** SUMMARY ***
Total pot $0.35 | Rake $0.01 
Board [Kc 2d Jd]
Seat 4: Dorex2007 (button) folded before Flop (didn't bet)
Seat 5: ThePiva22 (small blind) folded on the Flop
Seat 7: Gara002 (big blind) folded before Flop
Seat 8: nlpoker999 folded before Flop (didn't bet)
Seat 9: deniz102301 collected ($0.34)



