PokerStars Hand #237965878445:  Hold'em No Limit ($0.02/$0.05 USD) - 2022/08/13 8:58:08 PT [2022/08/13 11:58:08 ET]
Table 'Amicitia III' 9-max Seat #8 is the button
Seat 1: Temireshov A ($5.98 in chips) 
Seat 2: 1tillit1 ($6.37 in chips) 
Seat 3: Sail44 ($3.90 in chips) 
Seat 4: Dorex2007 ($5 in chips) 
Seat 5: Baz13 ($5.29 in chips) 
Seat 7: freeswag ($6.26 in chips) 
Seat 8: Ramkha ($6.01 in chips) 
Seat 9: Feivel7985 ($4.10 in chips) 
Feivel7985: posts small blind $0.02
Temireshov A: posts big blind $0.05
Dorex2007: posts big blind $0.05
*** HOLE CARDS ***
Dealt to Dorex2007 [Ad Ac]
1tillit1: folds 
Sail44: folds 
Dorex2007: raises $0.10 to $0.15
Baz13: folds 
freeswag: folds 
Ramkha: folds 
Feivel7985: calls $0.13
Temireshov A: folds 
*** FLOP *** [5h 9d Jd]
Feivel7985: checks 
Dorex2007: bets $0.23
Feivel7985: folds 
Uncalled bet ($0.23) returned to Dorex2007
Dorex2007 collected $0.34 from pot
Dorex2007: doesn't show hand 
*** SUMMARY ***
Total pot $0.35 | Rake $0.01 
Board [5h 9d Jd]
Seat 1: Temireshov A (big blind) folded before Flop
Seat 2: 1tillit1 folded before Flop (didn't bet)
Seat 3: Sail44 folded before Flop (didn't bet)
Seat 4: Dorex2007 collected ($0.34)
Seat 5: Baz13 folded before Flop (didn't bet)
Seat 7: freeswag folded before Flop (didn't bet)
Seat 8: Ramkha (button) folded before Flop (didn't bet)
Seat 9: Feivel7985 (small blind) folded on the Flop



PokerStars Hand #237965884894:  Hold'em No Limit ($0.02/$0.05 USD) - 2022/08/13 8:58:37 PT [2022/08/13 11:58:37 ET]
Table 'Amicitia III' 9-max Seat #9 is the button
Seat 1: Temireshov A ($5.93 in chips) 
Seat 2: 1tillit1 ($6.37 in chips) 
Seat 3: Sail44 ($3.90 in chips) 
Seat 4: Dorex2007 ($5.19 in chips) 
Seat 5: Baz13 ($5.29 in chips) 
Seat 7: freeswag ($6.26 in chips) 
Seat 8: Ramkha ($6.01 in chips) 
Seat 9: Feivel7985 ($3.95 in chips) 
Temireshov A: posts small blind $0.02
1tillit1: posts big blind $0.05
*** HOLE CARDS ***
Dealt to Dorex2007 [8h Kc]
Sail44: folds 
Dorex2007: folds 
Baz13: folds 
freeswag: folds 
Ramkha: folds 
Feivel7985: calls $0.05
Temireshov A: calls $0.03
1tillit1: checks 
*** FLOP *** [2s 4d 8c]
Temireshov A: checks 
1tillit1: bets $0.09
Feivel7985: folds 
Temireshov A: folds 
Uncalled bet ($0.09) returned to 1tillit1
1tillit1 collected $0.14 from pot
1tillit1: doesn't show hand 
*** SUMMARY ***
Total pot $0.15 | Rake $0.01 
Board [2s 4d 8c]
Seat 1: Temireshov A (small blind) folded on the Flop
Seat 2: 1tillit1 (big blind) collected ($0.14)
Seat 3: Sail44 folded before Flop (didn't bet)
Seat 4: Dorex2007 folded before Flop (didn't bet)
Seat 5: Baz13 folded before Flop (didn't bet)
Seat 7: freeswag folded before Flop (didn't bet)
Seat 8: Ramkha folded before Flop (didn't bet)
Seat 9: Feivel7985 (button) folded on the Flop



PokerStars Hand #237965889146:  Hold'em No Limit ($0.02/$0.05 USD) - 2022/08/13 8:58:58 PT [2022/08/13 11:58:58 ET]
Table 'Amicitia III' 9-max Seat #1 is the button
Seat 1: Temireshov A ($5.88 in chips) 
Seat 2: 1tillit1 ($6.46 in chips) 
Seat 3: Sail44 ($3.90 in chips) 
Seat 4: Dorex2007 ($5.19 in chips) 
Seat 5: Baz13 ($5.29 in chips) 
Seat 7: freeswag ($6.26 in chips) 
Seat 8: Ramkha ($6.01 in chips) 
Seat 9: Feivel7985 ($3.90 in chips) 
1tillit1: posts small blind $0.02
Sail44: posts big blind $0.05
*** HOLE CARDS ***
Dealt to Dorex2007 [As 9c]
Dorex2007: folds 
Baz13: folds 
freeswag: folds 
Ramkha: folds 
Feivel7985: folds 
Temireshov A: folds 
1tillit1: folds 
Uncalled bet ($0.03) returned to Sail44
Sail44 collected $0.04 from pot
*** SUMMARY ***
Total pot $0.04 | Rake $0 
Seat 1: Temireshov A (button) folded before Flop (didn't bet)
Seat 2: 1tillit1 (small blind) folded before Flop
Seat 3: Sail44 (big blind) collected ($0.04)
Seat 4: Dorex2007 folded before Flop (didn't bet)
Seat 5: Baz13 folded before Flop (didn't bet)
Seat 7: freeswag folded before Flop (didn't bet)
Seat 8: Ramkha folded before Flop (didn't bet)
Seat 9: Feivel7985 folded before Flop (didn't bet)



PokerStars Hand #237965891389:  Hold'em No Limit ($0.02/$0.05 USD) - 2022/08/13 8:59:08 PT [2022/08/13 11:59:08 ET]
Table 'Amicitia III' 9-max Seat #2 is the button
Seat 1: Temireshov A ($5.88 in chips) 
Seat 2: 1tillit1 ($6.44 in chips) 
Seat 3: Sail44 ($3.92 in chips) 
Seat 4: Dorex2007 ($5.19 in chips) 
Seat 5: Baz13 ($5.29 in chips) 
Seat 7: freeswag ($6.26 in chips) 
Seat 8: Ramkha ($6.01 in chips) 
Seat 9: Feivel7985 ($3.90 in chips) 
Sail44: posts small blind $0.02
Dorex2007: posts big blind $0.05
*** HOLE CARDS ***
Dealt to Dorex2007 [7h Jh]
Baz13: calls $0.05
freeswag: folds 
Ramkha: raises $0.20 to $0.25
Feivel7985: folds 
Temireshov A: folds 
1tillit1: folds 
Sail44: folds 
Dorex2007: folds 
Baz13: calls $0.20
*** FLOP *** [8s 5d 9s]
Baz13: checks 
Ramkha: bets $0.41
Baz13: folds 
Uncalled bet ($0.41) returned to Ramkha
Ramkha collected $0.55 from pot
Ramkha: doesn't show hand 
*** SUMMARY ***
Total pot $0.57 | Rake $0.02 
Board [8s 5d 9s]
Seat 1: Temireshov A folded before Flop (didn't bet)
Seat 2: 1tillit1 (button) folded before Flop (didn't bet)
Seat 3: Sail44 (small blind) folded before Flop
Seat 4: Dorex2007 (big blind) folded before Flop
Seat 5: Baz13 folded on the Flop
Seat 7: freeswag folded before Flop (didn't bet)
Seat 8: Ramkha collected ($0.55)
Seat 9: Feivel7985 folded before Flop (didn't bet)



PokerStars Hand #237965897459:  Hold'em No Limit ($0.02/$0.05 USD) - 2022/08/13 8:59:37 PT [2022/08/13 11:59:37 ET]
Table 'Amicitia III' 9-max Seat #3 is the button
Seat 1: Temireshov A ($5.88 in chips) 
Seat 2: 1tillit1 ($6.44 in chips) 
Seat 3: Sail44 ($3.90 in chips) 
Seat 4: Dorex2007 ($5.14 in chips) 
Seat 5: Baz13 ($5.04 in chips) 
Seat 7: freeswag ($6.26 in chips) 
Seat 8: Ramkha ($6.31 in chips) 
Seat 9: Feivel7985 ($3.90 in chips) 
Dorex2007: posts small blind $0.02
Baz13: posts big blind $0.05
*** HOLE CARDS ***
Dealt to Dorex2007 [Kd 7d]
freeswag: folds 
Ramkha: raises $0.07 to $0.12
Feivel7985: folds 
Temireshov A: calls $0.12
1tillit1: folds 
Sail44: folds 
Dorex2007: folds 
Baz13: folds 
*** FLOP *** [8d 4d 5c]
Ramkha: checks 
Temireshov A: checks 
*** TURN *** [8d 4d 5c] [Jc]
Ramkha: checks 
Temireshov A: bets $0.15
Ramkha: folds 
Uncalled bet ($0.15) returned to Temireshov A
Temireshov A collected $0.30 from pot
*** SUMMARY ***
Total pot $0.31 | Rake $0.01 
Board [8d 4d 5c Jc]
Seat 1: Temireshov A collected ($0.30)
Seat 2: 1tillit1 folded before Flop (didn't bet)
Seat 3: Sail44 (button) folded before Flop (didn't bet)
Seat 4: Dorex2007 (small blind) folded before Flop
Seat 5: Baz13 (big blind) folded before Flop
Seat 7: freeswag folded before Flop (didn't bet)
Seat 8: Ramkha folded on the Turn
Seat 9: Feivel7985 folded before Flop (didn't bet)



PokerStars Hand #237965911312:  Hold'em No Limit ($0.02/$0.05 USD) - 2022/08/13 9:00:29 PT [2022/08/13 12:00:29 ET]
Table 'Amicitia III' 9-max Seat #4 is the button
Seat 1: Temireshov A ($6.06 in chips) 
Seat 2: 1tillit1 ($6.44 in chips) 
Seat 3: Sail44 ($3.90 in chips) 
Seat 4: Dorex2007 ($5.12 in chips) 
Seat 5: Baz13 ($5 in chips) 
Seat 7: freeswag ($6.26 in chips) 
Seat 8: Ramkha ($6.19 in chips) 
Seat 9: Feivel7985 ($3.90 in chips) 
Baz13: posts small blind $0.02
freeswag: posts big blind $0.05
*** HOLE CARDS ***
Dealt to Dorex2007 [8h 3d]
Ramkha: folds 
Feivel7985: calls $0.05
Temireshov A: folds 
1tillit1: folds 
Sail44: folds 
Dorex2007: folds 
Baz13: folds 
freeswag: checks 
*** FLOP *** [Kh Jc Qh]
freeswag: checks 
Feivel7985: checks 
*** TURN *** [Kh Jc Qh] [Ts]
freeswag: checks 
Feivel7985: checks 
*** RIVER *** [Kh Jc Qh Ts] [Qs]
freeswag: checks 
Feivel7985: checks 
*** SHOW DOWN ***
freeswag: shows [2d 6c] (a pair of Queens)
Feivel7985: shows [9c Qc] (a straight, Nine to King)
Feivel7985 collected $0.12 from pot
*** SUMMARY ***
Total pot $0.12 | Rake $0 
Board [Kh Jc Qh Ts Qs]
Seat 1: Temireshov A folded before Flop (didn't bet)
Seat 2: 1tillit1 folded before Flop (didn't bet)
Seat 3: Sail44 folded before Flop (didn't bet)
Seat 4: Dorex2007 (button) folded before Flop (didn't bet)
Seat 5: Baz13 (small blind) folded before Flop
Seat 7: freeswag (big blind) showed [2d 6c] and lost with a pair of Queens
Seat 8: Ramkha folded before Flop (didn't bet)
Seat 9: Feivel7985 showed [9c Qc] and won ($0.12) with a straight, Nine to King



PokerStars Hand #237965921485:  Hold'em No Limit ($0.02/$0.05 USD) - 2022/08/13 9:01:12 PT [2022/08/13 12:01:12 ET]
Table 'Amicitia III' 9-max Seat #5 is the button
Seat 1: Temireshov A ($6.06 in chips) 
Seat 2: 1tillit1 ($6.44 in chips) 
Seat 3: Sail44 ($3.90 in chips) 
Seat 4: Dorex2007 ($5.12 in chips) 
Seat 5: Baz13 ($5 in chips) 
Seat 7: freeswag ($6.21 in chips) 
Seat 8: Ramkha ($6.19 in chips) 
Seat 9: Feivel7985 ($3.97 in chips) 
freeswag: posts small blind $0.02
Ramkha: posts big blind $0.05
*** HOLE CARDS ***
Dealt to Dorex2007 [Jh 8h]
Feivel7985: folds 
Temireshov A: folds 
1tillit1: folds 
Sail44: raises $0.05 to $0.10
Dorex2007: folds 
Baz13: folds 
freeswag: folds 
Ramkha: folds 
Uncalled bet ($0.05) returned to Sail44
Sail44 collected $0.12 from pot
*** SUMMARY ***
Total pot $0.12 | Rake $0 
Seat 1: Temireshov A folded before Flop (didn't bet)
Seat 2: 1tillit1 folded before Flop (didn't bet)
Seat 3: Sail44 collected ($0.12)
Seat 4: Dorex2007 folded before Flop (didn't bet)
Seat 5: Baz13 (button) folded before Flop (didn't bet)
Seat 7: freeswag (small blind) folded before Flop
Seat 8: Ramkha (big blind) folded before Flop
Seat 9: Feivel7985 folded before Flop (didn't bet)



PokerStars Hand #237965926503:  Hold'em No Limit ($0.02/$0.05 USD) - 2022/08/13 9:01:31 PT [2022/08/13 12:01:31 ET]
Table 'Amicitia III' 9-max Seat #7 is the button
Seat 1: Temireshov A ($6.06 in chips) 
Seat 2: 1tillit1 ($6.44 in chips) 
Seat 3: Sail44 ($3.97 in chips) 
Seat 4: Dorex2007 ($5.12 in chips) 
Seat 5: Baz13 ($5 in chips) 
Seat 7: freeswag ($6.19 in chips) 
Seat 8: Ramkha ($6.14 in chips) 
Seat 9: Feivel7985 ($3.97 in chips) 
Ramkha: posts small blind $0.02
Feivel7985: posts big blind $0.05
Tiagoo$ZF: sits out 
*** HOLE CARDS ***
Dealt to Dorex2007 [Tc Kh]
Temireshov A: calls $0.05
1tillit1: folds 
Sail44: raises $0.05 to $0.10
Dorex2007: folds 
Baz13: folds 
freeswag: folds 
Ramkha: folds 
Feivel7985: calls $0.05
Temireshov A: calls $0.05
*** FLOP *** [2h 6c 6s]
Feivel7985: bets $0.15
Temireshov A: folds 
Sail44: raises $0.15 to $0.30
Feivel7985: calls $0.15
*** TURN *** [2h 6c 6s] [Ad]
Feivel7985: bets $0.44
Sail44: folds 
Uncalled bet ($0.44) returned to Feivel7985
Feivel7985 collected $0.87 from pot
Feivel7985: doesn't show hand 
*** SUMMARY ***
Total pot $0.92 | Rake $0.05 
Board [2h 6c 6s Ad]
Seat 1: Temireshov A folded on the Flop
Seat 2: 1tillit1 folded before Flop (didn't bet)
Seat 3: Sail44 folded on the Turn
Seat 4: Dorex2007 folded before Flop (didn't bet)
Seat 5: Baz13 folded before Flop (didn't bet)
Seat 7: freeswag (button) folded before Flop (didn't bet)
Seat 8: Ramkha (small blind) folded before Flop
Seat 9: Feivel7985 (big blind) collected ($0.87)



PokerStars Hand #237965942702:  Hold'em No Limit ($0.02/$0.05 USD) - 2022/08/13 9:02:30 PT [2022/08/13 12:02:30 ET]
Table 'Amicitia III' 9-max Seat #8 is the button
Seat 1: Temireshov A ($5.96 in chips) 
Seat 2: 1tillit1 ($6.44 in chips) 
Seat 3: Sail44 ($3.57 in chips) 
Seat 4: Dorex2007 ($5.12 in chips) 
Seat 5: Baz13 ($5 in chips) 
Seat 7: freeswag ($6.19 in chips) 
Seat 8: Ramkha ($6.12 in chips) 
Seat 9: Feivel7985 ($4.44 in chips) 
Feivel7985: posts small blind $0.02
Temireshov A: posts big blind $0.05
Tiagoo$ZF: sits out 
*** HOLE CARDS ***
Dealt to Dorex2007 [7s Ts]
1tillit1: folds 
Sail44: folds 
Dorex2007: calls $0.05
Baz13: folds 
freeswag: folds 
Ramkha: raises $0.20 to $0.25
Feivel7985: calls $0.23
Temireshov A: folds 
Dorex2007: folds 
*** FLOP *** [Th Ks 3c]
Feivel7985: checks 
Ramkha: bets $0.17
Feivel7985: folds 
Uncalled bet ($0.17) returned to Ramkha
Ramkha collected $0.58 from pot
Ramkha: doesn't show hand 
*** SUMMARY ***
Total pot $0.60 | Rake $0.02 
Board [Th Ks 3c]
Seat 1: Temireshov A (big blind) folded before Flop
Seat 2: 1tillit1 folded before Flop (didn't bet)
Seat 3: Sail44 folded before Flop (didn't bet)
Seat 4: Dorex2007 folded before Flop
Seat 5: Baz13 folded before Flop (didn't bet)
Seat 7: freeswag folded before Flop (didn't bet)
Seat 8: Ramkha (button) collected ($0.58)
Seat 9: Feivel7985 (small blind) folded on the Flop



PokerStars Hand #237965951609:  Hold'em No Limit ($0.02/$0.05 USD) - 2022/08/13 9:03:02 PT [2022/08/13 12:03:02 ET]
Table 'Amicitia III' 9-max Seat #9 is the button
Seat 1: Temireshov A ($5.91 in chips) 
Seat 2: 1tillit1 ($6.44 in chips) 
Seat 3: Sail44 ($3.57 in chips) 
Seat 4: Dorex2007 ($5.07 in chips) 
Seat 5: Baz13 ($5 in chips) 
Seat 7: freeswag ($6.19 in chips) 
Seat 8: Ramkha ($6.45 in chips) 
Seat 9: Feivel7985 ($4.19 in chips) 
Temireshov A: posts small blind $0.02
1tillit1: posts big blind $0.05
Tiagoo$ZF: sits out 
*** HOLE CARDS ***
Dealt to Dorex2007 [4s Jd]
Sail44: folds 
Dorex2007: folds 
Baz13: folds 
freeswag: folds 
Ramkha: raises $0.07 to $0.12
Feivel7985: folds 
Temireshov A: folds 
1tillit1: calls $0.07
*** FLOP *** [Th 4c 7c]
1tillit1: checks 
Ramkha: bets $0.13
1tillit1: folds 
Uncalled bet ($0.13) returned to Ramkha
Ramkha collected $0.25 from pot
Ramkha: doesn't show hand 
*** SUMMARY ***
Total pot $0.26 | Rake $0.01 
Board [Th 4c 7c]
Seat 1: Temireshov A (small blind) folded before Flop
Seat 2: 1tillit1 (big blind) folded on the Flop
Seat 3: Sail44 folded before Flop (didn't bet)
Seat 4: Dorex2007 folded before Flop (didn't bet)
Seat 5: Baz13 folded before Flop (didn't bet)
Seat 7: freeswag folded before Flop (didn't bet)
Seat 8: Ramkha collected ($0.25)
Seat 9: Feivel7985 (button) folded before Flop (didn't bet)



PokerStars Hand #237965963960:  Hold'em No Limit ($0.02/$0.05 USD) - 2022/08/13 9:03:43 PT [2022/08/13 12:03:43 ET]
Table 'Amicitia III' 9-max Seat #1 is the button
Seat 1: Temireshov A ($5.89 in chips) 
Seat 2: 1tillit1 ($6.32 in chips) 
Seat 3: Sail44 ($3.57 in chips) 
Seat 4: Dorex2007 ($5.07 in chips) 
Seat 5: Baz13 ($5 in chips) 
Seat 7: freeswag ($6.19 in chips) 
Seat 8: Ramkha ($6.58 in chips) 
Seat 9: Feivel7985 ($4.19 in chips) 
1tillit1: posts small blind $0.02
Sail44: posts big blind $0.05
Tiagoo$ZF: sits out 
*** HOLE CARDS ***
Dealt to Dorex2007 [6c Ah]
Dorex2007: folds 
Baz13: folds 
freeswag: folds 
Ramkha: folds 
Feivel7985: folds 
Temireshov A: calls $0.05
1tillit1: folds 
Sail44: raises $0.05 to $0.10
Temireshov A: calls $0.05
*** FLOP *** [2h As 8s]
Sail44: checks 
Temireshov A: checks 
*** TURN *** [2h As 8s] [7s]
Sail44: checks 
Temireshov A: checks 
*** RIVER *** [2h As 8s 7s] [Tc]
Sail44: checks 
Temireshov A: checks 
*** SHOW DOWN ***
Sail44: shows [4d 9c] (high card Ace)
Temireshov A: shows [Kh 6h] (high card Ace - King kicker)
Temireshov A collected $0.21 from pot
*** SUMMARY ***
Total pot $0.22 | Rake $0.01 
Board [2h As 8s 7s Tc]
Seat 1: Temireshov A (button) showed [Kh 6h] and won ($0.21) with high card Ace
Seat 2: 1tillit1 (small blind) folded before Flop
Seat 3: Sail44 (big blind) showed [4d 9c] and lost with high card Ace
Seat 4: Dorex2007 folded before Flop (didn't bet)
Seat 5: Baz13 folded before Flop (didn't bet)
Seat 7: freeswag folded before Flop (didn't bet)
Seat 8: Ramkha folded before Flop (didn't bet)
Seat 9: Feivel7985 folded before Flop (didn't bet)



PokerStars Hand #237965975532:  Hold'em No Limit ($0.02/$0.05 USD) - 2022/08/13 9:04:24 PT [2022/08/13 12:04:24 ET]
Table 'Amicitia III' 9-max Seat #2 is the button
Seat 1: Temireshov A ($6 in chips) 
Seat 2: 1tillit1 ($6.30 in chips) 
Seat 3: Sail44 ($3.47 in chips) 
Seat 4: Dorex2007 ($5.07 in chips) 
Seat 5: Baz13 ($5 in chips) 
Seat 7: freeswag ($6.19 in chips) 
Seat 8: Ramkha ($6.58 in chips) 
Seat 9: Feivel7985 ($4.19 in chips) 
Sail44: posts small blind $0.02
Dorex2007: posts big blind $0.05
Tiagoo$ZF: sits out 
*** HOLE CARDS ***
Dealt to Dorex2007 [Ac 2h]
Baz13: folds 
freeswag: folds 
Ramkha: folds 
Feivel7985: folds 
Temireshov A: calls $0.05
1tillit1: calls $0.05
Sail44: folds 
Dorex2007: checks 
*** FLOP *** [Ad 3s 4d]
Dorex2007: bets $0.16
Temireshov A: folds 
1tillit1: folds 
Uncalled bet ($0.16) returned to Dorex2007
Dorex2007 collected $0.16 from pot
Dorex2007: doesn't show hand 
*** SUMMARY ***
Total pot $0.17 | Rake $0.01 
Board [Ad 3s 4d]
Seat 1: Temireshov A folded on the Flop
Seat 2: 1tillit1 (button) folded on the Flop
Seat 3: Sail44 (small blind) folded before Flop
Seat 4: Dorex2007 (big blind) collected ($0.16)
Seat 5: Baz13 folded before Flop (didn't bet)
Seat 7: freeswag folded before Flop (didn't bet)
Seat 8: Ramkha folded before Flop (didn't bet)
Seat 9: Feivel7985 folded before Flop (didn't bet)



PokerStars Hand #237965983639:  Hold'em No Limit ($0.02/$0.05 USD) - 2022/08/13 9:04:52 PT [2022/08/13 12:04:52 ET]
Table 'Amicitia III' 9-max Seat #3 is the button
Seat 1: Temireshov A ($5.95 in chips) 
Seat 2: 1tillit1 ($6.25 in chips) 
Seat 3: Sail44 ($3.45 in chips) 
Seat 4: Dorex2007 ($5.18 in chips) 
Seat 5: Baz13 ($5 in chips) 
Seat 7: freeswag ($6.19 in chips) 
Seat 8: Ramkha ($6.58 in chips) 
Seat 9: Feivel7985 ($4.19 in chips) 
Dorex2007: posts small blind $0.02
Baz13: posts big blind $0.05
Tiagoo$ZF: sits out 
*** HOLE CARDS ***
Dealt to Dorex2007 [9c Ac]
freeswag: folds 
Ramkha: folds 
Feivel7985: folds 
Temireshov A: calls $0.05
1tillit1: folds 
Sail44: raises $0.05 to $0.10
Dorex2007: calls $0.08
Baz13: folds 
Temireshov A: calls $0.05
*** FLOP *** [3d 4d 6s]
Dorex2007: checks 
Temireshov A: checks 
Sail44: bets $0.20
Dorex2007: folds 
Temireshov A: calls $0.20
*** TURN *** [3d 4d 6s] [Kh]
Temireshov A: checks 
Sail44: bets $0.20
Temireshov A: raises $0.20 to $0.40
Sail44: calls $0.20
*** RIVER *** [3d 4d 6s Kh] [4c]
Temireshov A: checks 
Sail44: bets $1
Temireshov A: folds 
Uncalled bet ($1) returned to Sail44
Sail44 collected $1.49 from pot
*** SUMMARY ***
Total pot $1.55 | Rake $0.06 
Board [3d 4d 6s Kh 4c]
Seat 1: Temireshov A folded on the River
Seat 2: 1tillit1 folded before Flop (didn't bet)
Seat 3: Sail44 (button) collected ($1.49)
Seat 4: Dorex2007 (small blind) folded on the Flop
Seat 5: Baz13 (big blind) folded before Flop
Seat 7: freeswag folded before Flop (didn't bet)
Seat 8: Ramkha folded before Flop (didn't bet)
Seat 9: Feivel7985 folded before Flop (didn't bet)



PokerStars Hand #237966012021:  Hold'em No Limit ($0.02/$0.05 USD) - 2022/08/13 9:06:32 PT [2022/08/13 12:06:32 ET]
Table 'Amicitia III' 9-max Seat #4 is the button
Seat 1: Temireshov A ($5.25 in chips) 
Seat 2: 1tillit1 ($6.25 in chips) 
Seat 3: Sail44 ($4.24 in chips) 
Seat 4: Dorex2007 ($5.08 in chips) 
Seat 5: Baz13 ($5 in chips) 
Seat 6: Tiagoo$ZF ($3.93 in chips) 
Seat 7: freeswag ($6.19 in chips) 
Seat 8: Ramkha ($6.58 in chips) 
Seat 9: Feivel7985 ($4.19 in chips) 
Baz13: posts small blind $0.02
Tiagoo$ZF: posts big blind $0.05
*** HOLE CARDS ***
Dealt to Dorex2007 [7d 5d]
freeswag: raises $0.07 to $0.12
Ramkha: folds 
Feivel7985: calls $0.12
Temireshov A: folds 
1tillit1: folds 
Sail44: folds 
Dorex2007: folds 
Baz13: folds 
Tiagoo$ZF: folds 
*** FLOP *** [Jd Kd 2c]
Baz13 leaves the table
twk7 joins the table at seat #5 
freeswag: bets $0.15
Feivel7985: calls $0.15
*** TURN *** [Jd Kd 2c] [5c]
freeswag: bets $0.85
Feivel7985: folds 
Uncalled bet ($0.85) returned to freeswag
freeswag collected $0.58 from pot
freeswag: doesn't show hand 
*** SUMMARY ***
Total pot $0.61 | Rake $0.03 
Board [Jd Kd 2c 5c]
Seat 1: Temireshov A folded before Flop (didn't bet)
Seat 2: 1tillit1 folded before Flop (didn't bet)
Seat 3: Sail44 folded before Flop (didn't bet)
Seat 4: Dorex2007 (button) folded before Flop (didn't bet)
Seat 5: Baz13 (small blind) folded before Flop
Seat 6: Tiagoo$ZF (big blind) folded before Flop
Seat 7: freeswag collected ($0.58)
Seat 8: Ramkha folded before Flop (didn't bet)
Seat 9: Feivel7985 folded on the Turn



PokerStars Hand #237966027025:  Hold'em No Limit ($0.02/$0.05 USD) - 2022/08/13 9:07:25 PT [2022/08/13 12:07:25 ET]
Table 'Amicitia III' 9-max Seat #6 is the button
Seat 1: Temireshov A ($5.25 in chips) 
Seat 2: 1tillit1 ($6.25 in chips) 
Seat 3: Sail44 ($4.24 in chips) 
Seat 4: Dorex2007 ($5.08 in chips) 
Seat 6: Tiagoo$ZF ($3.88 in chips) 
Seat 7: freeswag ($6.50 in chips) 
Seat 8: Ramkha ($6.58 in chips) 
Seat 9: Feivel7985 ($3.92 in chips) 
freeswag: posts small blind $0.02
Ramkha: posts big blind $0.05
twk7: sits out 
*** HOLE CARDS ***
Dealt to Dorex2007 [5h 4c]
Feivel7985: calls $0.05
Temireshov A: folds 
1tillit1: folds 
Sail44: folds 
Dorex2007: folds 
Tiagoo$ZF: calls $0.05
freeswag: folds 
Ramkha: raises $0.20 to $0.25
Feivel7985: calls $0.20
Tiagoo$ZF: folds 
*** FLOP *** [2c 9h Qh]
Ramkha: checks 
Feivel7985: checks 
*** TURN *** [2c 9h Qh] [8c]
Ramkha: bets $0.17
Feivel7985: calls $0.17
*** RIVER *** [2c 9h Qh 8c] [Kd]
Ramkha: checks 
Feivel7985: bets $0.43
Ramkha: folds 
Uncalled bet ($0.43) returned to Feivel7985
Feivel7985 collected $0.86 from pot
Feivel7985: doesn't show hand 
*** SUMMARY ***
Total pot $0.91 | Rake $0.05 
Board [2c 9h Qh 8c Kd]
Seat 1: Temireshov A folded before Flop (didn't bet)
Seat 2: 1tillit1 folded before Flop (didn't bet)
Seat 3: Sail44 folded before Flop (didn't bet)
Seat 4: Dorex2007 folded before Flop (didn't bet)
Seat 6: Tiagoo$ZF (button) folded before Flop
Seat 7: freeswag (small blind) folded before Flop
Seat 8: Ramkha (big blind) folded on the River
Seat 9: Feivel7985 collected ($0.86)



PokerStars Hand #237966048603:  Hold'em No Limit ($0.02/$0.05 USD) - 2022/08/13 9:08:41 PT [2022/08/13 12:08:41 ET]
Table 'Amicitia III' 9-max Seat #7 is the button
Seat 1: Temireshov A ($5.25 in chips) 
Seat 2: 1tillit1 ($6.25 in chips) 
Seat 3: Sail44 ($4.24 in chips) 
Seat 4: Dorex2007 ($5.08 in chips) 
Seat 6: Tiagoo$ZF ($3.83 in chips) 
Seat 7: freeswag ($6.48 in chips) 
Seat 8: Ramkha ($6.16 in chips) 
Seat 9: Feivel7985 ($4.36 in chips) 
Ramkha: posts small blind $0.02
Feivel7985: posts big blind $0.05
twk7: sits out 
*** HOLE CARDS ***
Dealt to Dorex2007 [3c Kc]
Temireshov A: folds 
1tillit1: folds 
Sail44: folds 
Dorex2007: folds 
Tiagoo$ZF: folds 
freeswag: folds 
Ramkha: folds 
Uncalled bet ($0.03) returned to Feivel7985
Feivel7985 collected $0.04 from pot
Feivel7985: doesn't show hand 
*** SUMMARY ***
Total pot $0.04 | Rake $0 
Seat 1: Temireshov A folded before Flop (didn't bet)
Seat 2: 1tillit1 folded before Flop (didn't bet)
Seat 3: Sail44 folded before Flop (didn't bet)
Seat 4: Dorex2007 folded before Flop (didn't bet)
Seat 6: Tiagoo$ZF folded before Flop (didn't bet)
Seat 7: freeswag (button) folded before Flop (didn't bet)
Seat 8: Ramkha (small blind) folded before Flop
Seat 9: Feivel7985 (big blind) collected ($0.04)



PokerStars Hand #237966054544:  Hold'em No Limit ($0.02/$0.05 USD) - 2022/08/13 9:09:02 PT [2022/08/13 12:09:02 ET]
Table 'Amicitia III' 9-max Seat #8 is the button
Seat 1: Temireshov A ($5.25 in chips) 
Seat 2: 1tillit1 ($6.25 in chips) 
Seat 3: Sail44 ($4.24 in chips) 
Seat 4: Dorex2007 ($5.08 in chips) 
Seat 6: Tiagoo$ZF ($3.83 in chips) 
Seat 7: freeswag ($6.48 in chips) 
Seat 8: Ramkha ($6.14 in chips) 
Seat 9: Feivel7985 ($4.38 in chips) 
Feivel7985: posts small blind $0.02
Temireshov A: posts big blind $0.05
twk7: sits out 
*** HOLE CARDS ***
Dealt to Dorex2007 [Td Kc]
1tillit1: folds 
Sail44: folds 
Dorex2007: folds 
Tiagoo$ZF: folds 
freeswag: folds 
Ramkha: folds 
Feivel7985: calls $0.03
Temireshov A: checks 
*** FLOP *** [9s Js 6d]
Feivel7985: checks 
Temireshov A: bets $0.10
Feivel7985: folds 
Uncalled bet ($0.10) returned to Temireshov A
Temireshov A collected $0.10 from pot
*** SUMMARY ***
Total pot $0.10 | Rake $0 
Board [9s Js 6d]
Seat 1: Temireshov A (big blind) collected ($0.10)
Seat 2: 1tillit1 folded before Flop (didn't bet)
Seat 3: Sail44 folded before Flop (didn't bet)
Seat 4: Dorex2007 folded before Flop (didn't bet)
Seat 6: Tiagoo$ZF folded before Flop (didn't bet)
Seat 7: freeswag folded before Flop (didn't bet)
Seat 8: Ramkha (button) folded before Flop (didn't bet)
Seat 9: Feivel7985 (small blind) folded on the Flop



PokerStars Hand #237966066157:  Hold'em No Limit ($0.02/$0.05 USD) - 2022/08/13 9:09:32 PT [2022/08/13 12:09:32 ET]
Table 'Amicitia III' 9-max Seat #9 is the button
Seat 1: Temireshov A ($5.30 in chips) 
Seat 2: 1tillit1 ($6.25 in chips) 
Seat 3: Sail44 ($4.24 in chips) 
Seat 4: Dorex2007 ($5.08 in chips) 
Seat 6: Tiagoo$ZF ($3.83 in chips) 
Seat 7: freeswag ($6.48 in chips) 
Seat 8: Ramkha ($6.14 in chips) 
Seat 9: Feivel7985 ($4.33 in chips) 
Temireshov A: posts small blind $0.02
1tillit1: posts big blind $0.05
twk7: sits out 
*** HOLE CARDS ***
Dealt to Dorex2007 [3c 2d]
Sail44: folds 
Dorex2007: folds 
Tiagoo$ZF: folds 
freeswag: raises $0.07 to $0.12
Ramkha: folds 
Feivel7985: calls $0.12
Temireshov A: folds 
1tillit1: folds 
*** FLOP *** [3h 2c 9c]
freeswag: checks 
Feivel7985: checks 
*** TURN *** [3h 2c 9c] [7d]
freeswag: bets $0.44
Feivel7985: folds 
Uncalled bet ($0.44) returned to freeswag
freeswag collected $0.30 from pot
freeswag: doesn't show hand 
*** SUMMARY ***
Total pot $0.31 | Rake $0.01 
Board [3h 2c 9c 7d]
Seat 1: Temireshov A (small blind) folded before Flop
Seat 2: 1tillit1 (big blind) folded before Flop
Seat 3: Sail44 folded before Flop (didn't bet)
Seat 4: Dorex2007 folded before Flop (didn't bet)
Seat 6: Tiagoo$ZF folded before Flop (didn't bet)
Seat 7: freeswag collected ($0.30)
Seat 8: Ramkha folded before Flop (didn't bet)
Seat 9: Feivel7985 (button) folded on the Turn



PokerStars Hand #237966074859:  Hold'em No Limit ($0.02/$0.05 USD) - 2022/08/13 9:10:03 PT [2022/08/13 12:10:03 ET]
Table 'Amicitia III' 9-max Seat #1 is the button
Seat 1: Temireshov A ($5.28 in chips) 
Seat 2: 1tillit1 ($6.20 in chips) 
Seat 3: Sail44 ($4.24 in chips) 
Seat 4: Dorex2007 ($5.08 in chips) 
Seat 6: Tiagoo$ZF ($3.83 in chips) 
Seat 7: freeswag ($6.66 in chips) 
Seat 8: Ramkha ($6.14 in chips) 
Seat 9: Feivel7985 ($4.21 in chips) 
1tillit1: posts small blind $0.02
Sail44: posts big blind $0.05
twk7: sits out 
*** HOLE CARDS ***
Dealt to Dorex2007 [2d Ad]
Dorex2007: folds 
Tiagoo$ZF: folds 
freeswag: folds 
Ramkha: folds 
Feivel7985: calls $0.05
Temireshov A: calls $0.05
1tillit1: folds 
Sail44: raises $0.25 to $0.30
Feivel7985: calls $0.25
Temireshov A: calls $0.25
*** FLOP *** [5s 4c Td]
Sail44: bets $0.20
Feivel7985: folds 
Temireshov A: folds 
Uncalled bet ($0.20) returned to Sail44
Sail44 collected $0.88 from pot
*** SUMMARY ***
Total pot $0.92 | Rake $0.04 
Board [5s 4c Td]
Seat 1: Temireshov A (button) folded on the Flop
Seat 2: 1tillit1 (small blind) folded before Flop
Seat 3: Sail44 (big blind) collected ($0.88)
Seat 4: Dorex2007 folded before Flop (didn't bet)
Seat 6: Tiagoo$ZF folded before Flop (didn't bet)
Seat 7: freeswag folded before Flop (didn't bet)
Seat 8: Ramkha folded before Flop (didn't bet)
Seat 9: Feivel7985 folded on the Flop



PokerStars Hand #237966089184:  Hold'em No Limit ($0.02/$0.05 USD) - 2022/08/13 9:10:53 PT [2022/08/13 12:10:53 ET]
Table 'Amicitia III' 9-max Seat #2 is the button
Seat 1: Temireshov A ($4.98 in chips) 
Seat 2: 1tillit1 ($6.18 in chips) 
Seat 3: Sail44 ($4.82 in chips) 
Seat 4: Dorex2007 ($5.08 in chips) 
Seat 6: Tiagoo$ZF ($3.83 in chips) 
Seat 7: freeswag ($6.66 in chips) 
Seat 8: Ramkha ($6.14 in chips) 
Seat 9: Feivel7985 ($3.91 in chips) 
Sail44: posts small blind $0.02
Dorex2007: posts big blind $0.05
twk7: sits out 
*** HOLE CARDS ***
Dealt to Dorex2007 [5h 8s]
Tiagoo$ZF: folds 
freeswag: folds 
Ramkha: folds 
Feivel7985: folds 
Temireshov A: calls $0.05
1tillit1: folds 
Sail44: folds 
Dorex2007: checks 
*** FLOP *** [6c 5d Qd]
Dorex2007: checks 
Temireshov A: checks 
*** TURN *** [6c 5d Qd] [9d]
Dorex2007: checks 
Temireshov A: checks 
*** RIVER *** [6c 5d Qd 9d] [8c]
Dorex2007: checks 
Temireshov A: checks 
*** SHOW DOWN ***
Dorex2007: shows [5h 8s] (two pair, Eights and Fives)
Temireshov A: mucks hand 
Dorex2007 collected $0.12 from pot
*** SUMMARY ***
Total pot $0.12 | Rake $0 
Board [6c 5d Qd 9d 8c]
Seat 1: Temireshov A mucked [Jc Kd]
Seat 2: 1tillit1 (button) folded before Flop (didn't bet)
Seat 3: Sail44 (small blind) folded before Flop
Seat 4: Dorex2007 (big blind) showed [5h 8s] and won ($0.12) with two pair, Eights and Fives
Seat 6: Tiagoo$ZF folded before Flop (didn't bet)
Seat 7: freeswag folded before Flop (didn't bet)
Seat 8: Ramkha folded before Flop (didn't bet)
Seat 9: Feivel7985 folded before Flop (didn't bet)



