PokerStars Hand #226368050402:  Hold'em No Limit ($0.01/$0.02 USD) - 2021/05/01 10:30:30 PT [2021/05/01 13:30:30 ET]
Table 'Veritas V' 9-max Seat #8 is the button
Seat 1: black.pantherx ($1.86 in chips) 
Seat 2: alexouk80 ($1.95 in chips) 
Seat 3: crazydavy78 ($1.86 in chips) 
Seat 4: Plyuk ($1.10 in chips) 
Seat 5: Victor151886 ($4.82 in chips) 
Seat 6: ps123 ($1.54 in chips) 
Seat 7: Dorex2007 ($1.50 in chips) 
Seat 8: mataski ($1.39 in chips) 
Seat 9: GypsyBaron ($2.29 in chips) 
GypsyBaron: posts small blind $0.01
black.pantherx: posts big blind $0.02
Dorex2007: posts big blind $0.02
*** HOLE CARDS ***
Dealt to Dorex2007 [Ah Ac]
alexouk80: folds 
crazydavy78: calls $0.02
Plyuk: calls $0.02
Victor151886: folds 
ps123: folds 
Dorex2007: raises $0.04 to $0.06
mataski: folds 
GypsyBaron: folds 
black.pantherx: raises $1.80 to $1.86 and is all-in
crazydavy78: folds 
Plyuk: folds 
Dorex2007: calls $1.44 and is all-in
Uncalled bet ($0.36) returned to black.pantherx
*** FLOP *** [4s 5s 6s]
*** TURN *** [4s 5s 6s] [8c]
*** RIVER *** [4s 5s 6s 8c] [Td]
*** SHOW DOWN ***
black.pantherx: shows [Qh Qd] (a pair of Queens)
Dorex2007: shows [Ah Ac] (a pair of Aces)
Dorex2007 collected $2.94 from pot
*** SUMMARY ***
Total pot $3.05 | Rake $0.11 
Board [4s 5s 6s 8c Td]
Seat 1: black.pantherx (big blind) showed [Qh Qd] and lost with a pair of Queens
Seat 2: alexouk80 folded before Flop (didn't bet)
Seat 3: crazydavy78 folded before Flop
Seat 4: Plyuk folded before Flop
Seat 5: Victor151886 folded before Flop (didn't bet)
Seat 6: ps123 folded before Flop (didn't bet)
Seat 7: Dorex2007 showed [Ah Ac] and won ($2.94) with a pair of Aces
Seat 8: mataski (button) folded before Flop (didn't bet)
Seat 9: GypsyBaron (small blind) folded before Flop



PokerStars Hand #226368077965:  Hold'em No Limit ($0.01/$0.02 USD) - 2021/05/01 10:31:19 PT [2021/05/01 13:31:19 ET]
Table 'Veritas V' 9-max Seat #9 is the button
Seat 1: black.pantherx ($0.36 in chips) 
Seat 2: alexouk80 ($1.95 in chips) 
Seat 3: crazydavy78 ($1.84 in chips) 
Seat 4: Plyuk ($1.08 in chips) 
Seat 5: Victor151886 ($4.82 in chips) 
Seat 6: ps123 ($1.54 in chips) 
Seat 7: Dorex2007 ($2.94 in chips) 
Seat 8: mataski ($1.39 in chips) 
Seat 9: GypsyBaron ($2.28 in chips) 
black.pantherx: posts small blind $0.01
alexouk80: posts big blind $0.02
*** HOLE CARDS ***
Dealt to Dorex2007 [Js Ts]
crazydavy78: folds 
Plyuk: folds 
Victor151886: folds 
ps123: folds 
Dorex2007 said, "good first hand"
Dorex2007: folds 
mataski: folds 
GypsyBaron: folds 
black.pantherx: folds 
Uncalled bet ($0.01) returned to alexouk80
black.pantherx leaves the table
alexouk80 collected $0.02 from pot
*** SUMMARY ***
Total pot $0.02 | Rake $0 
Seat 1: black.pantherx (small blind) folded before Flop
Seat 2: alexouk80 (big blind) collected ($0.02)
Seat 3: crazydavy78 folded before Flop (didn't bet)
Seat 4: Plyuk folded before Flop (didn't bet)
Seat 5: Victor151886 folded before Flop (didn't bet)
Seat 6: ps123 folded before Flop (didn't bet)
Seat 7: Dorex2007 folded before Flop (didn't bet)
Seat 8: mataski folded before Flop (didn't bet)
Seat 9: GypsyBaron (button) folded before Flop (didn't bet)



PokerStars Hand #226368089326:  Hold'em No Limit ($0.01/$0.02 USD) - 2021/05/01 10:31:39 PT [2021/05/01 13:31:39 ET]
Table 'Veritas V' 9-max Seat #2 is the button
Seat 2: alexouk80 ($1.96 in chips) 
Seat 3: crazydavy78 ($1.84 in chips) 
Seat 4: Plyuk ($1.08 in chips) 
Seat 5: Victor151886 ($4.82 in chips) 
Seat 6: ps123 ($1.54 in chips) 
Seat 7: Dorex2007 ($2.94 in chips) 
Seat 8: mataski ($1.39 in chips) 
Seat 9: GypsyBaron ($2.28 in chips) 
crazydavy78: posts small blind $0.01
Plyuk: posts big blind $0.02
*** HOLE CARDS ***
Dealt to Dorex2007 [Ad 8d]
Victor151886: folds 
ps123: folds 
crococat joins the table at seat #1 
Dorex2007: raises $0.04 to $0.06
mataski: folds 
GypsyBaron: folds 
alexouk80: calls $0.06
crazydavy78: raises $0.08 to $0.14
Plyuk: folds 
Dorex2007: folds 
alexouk80: folds 
Uncalled bet ($0.08) returned to crazydavy78
crazydavy78 collected $0.20 from pot
crazydavy78: doesn't show hand 
*** SUMMARY ***
Total pot $0.20 | Rake $0 
Seat 2: alexouk80 (button) folded before Flop
Seat 3: crazydavy78 (small blind) collected ($0.20)
Seat 4: Plyuk (big blind) folded before Flop
Seat 5: Victor151886 folded before Flop (didn't bet)
Seat 6: ps123 folded before Flop (didn't bet)
Seat 7: Dorex2007 folded before Flop
Seat 8: mataski folded before Flop (didn't bet)
Seat 9: GypsyBaron folded before Flop (didn't bet)



PokerStars Hand #226368102688:  Hold'em No Limit ($0.01/$0.02 USD) - 2021/05/01 10:32:02 PT [2021/05/01 13:32:02 ET]
Table 'Veritas V' 9-max Seat #3 is the button
Seat 2: alexouk80 ($1.90 in chips) 
Seat 3: crazydavy78 ($1.98 in chips) 
Seat 4: Plyuk ($1.06 in chips) 
Seat 5: Victor151886 ($4.82 in chips) 
Seat 6: ps123 ($1.54 in chips) 
Seat 7: Dorex2007 ($2.88 in chips) 
Seat 8: mataski ($1.39 in chips) 
Seat 9: GypsyBaron ($2.28 in chips) 
Plyuk: posts small blind $0.01
Victor151886: posts big blind $0.02
crococat: sits out 
*** HOLE CARDS ***
Dealt to Dorex2007 [2s 8d]
ps123: folds 
Dorex2007: folds 
mataski: folds 
GypsyBaron: folds 
alexouk80: folds 
crazydavy78: calls $0.02
Plyuk: calls $0.01
Victor151886: checks 
*** FLOP *** [6s Qs Ts]
Plyuk: bets $0.03
Victor151886: folds 
crazydavy78: folds 
Uncalled bet ($0.03) returned to Plyuk
Plyuk collected $0.06 from pot
Plyuk: doesn't show hand 
*** SUMMARY ***
Total pot $0.06 | Rake $0 
Board [6s Qs Ts]
Seat 2: alexouk80 folded before Flop (didn't bet)
Seat 3: crazydavy78 (button) folded on the Flop
Seat 4: Plyuk (small blind) collected ($0.06)
Seat 5: Victor151886 (big blind) folded on the Flop
Seat 6: ps123 folded before Flop (didn't bet)
Seat 7: Dorex2007 folded before Flop (didn't bet)
Seat 8: mataski folded before Flop (didn't bet)
Seat 9: GypsyBaron folded before Flop (didn't bet)



PokerStars Hand #226368116201:  Hold'em No Limit ($0.01/$0.02 USD) - 2021/05/01 10:32:26 PT [2021/05/01 13:32:26 ET]
Table 'Veritas V' 9-max Seat #4 is the button
Seat 2: alexouk80 ($1.90 in chips) 
Seat 3: crazydavy78 ($1.96 in chips) 
Seat 4: Plyuk ($1.10 in chips) 
Seat 5: Victor151886 ($4.80 in chips) 
Seat 6: ps123 ($1.54 in chips) 
Seat 7: Dorex2007 ($2.88 in chips) 
Seat 8: mataski ($1.39 in chips) 
Seat 9: GypsyBaron ($2.28 in chips) 
Victor151886: posts small blind $0.01
ps123: posts big blind $0.02
crococat: sits out 
*** HOLE CARDS ***
Dealt to Dorex2007 [5h Qh]
Dorex2007: folds 
mataski: folds 
GypsyBaron: folds 
alexouk80: folds 
crazydavy78: folds 
Plyuk: raises $0.04 to $0.06
Victor151886: folds 
ps123: folds 
Uncalled bet ($0.04) returned to Plyuk
Plyuk collected $0.05 from pot
Plyuk: doesn't show hand 
*** SUMMARY ***
Total pot $0.05 | Rake $0 
Seat 2: alexouk80 folded before Flop (didn't bet)
Seat 3: crazydavy78 folded before Flop (didn't bet)
Seat 4: Plyuk (button) collected ($0.05)
Seat 5: Victor151886 (small blind) folded before Flop
Seat 6: ps123 (big blind) folded before Flop
Seat 7: Dorex2007 folded before Flop (didn't bet)
Seat 8: mataski folded before Flop (didn't bet)
Seat 9: GypsyBaron folded before Flop (didn't bet)



PokerStars Hand #226368124727:  Hold'em No Limit ($0.01/$0.02 USD) - 2021/05/01 10:32:42 PT [2021/05/01 13:32:42 ET]
Table 'Veritas V' 9-max Seat #5 is the button
Seat 2: alexouk80 ($1.90 in chips) 
Seat 3: crazydavy78 ($1.96 in chips) 
Seat 4: Plyuk ($1.13 in chips) 
Seat 5: Victor151886 ($4.79 in chips) 
Seat 6: ps123 ($1.52 in chips) 
Seat 7: Dorex2007 ($2.88 in chips) 
Seat 8: mataski ($1.39 in chips) 
Seat 9: GypsyBaron ($2.28 in chips) 
ps123: posts small blind $0.01
Dorex2007: posts big blind $0.02
crococat: sits out 
*** HOLE CARDS ***
Dealt to Dorex2007 [9c Ah]
mataski: folds 
GypsyBaron: folds 
alexouk80: folds 
crazydavy78: folds 
Plyuk: folds 
Victor151886: raises $0.04 to $0.06
ps123: folds 
Dorex2007: calls $0.04
*** FLOP *** [6s Qh 2c]
Dorex2007: checks 
Victor151886: checks 
*** TURN *** [6s Qh 2c] [Ks]
Dorex2007: checks 
Victor151886: checks 
*** RIVER *** [6s Qh 2c Ks] [Kc]
Dorex2007: bets $0.13
Victor151886: folds 
Uncalled bet ($0.13) returned to Dorex2007
Dorex2007 collected $0.13 from pot
Dorex2007: doesn't show hand 
*** SUMMARY ***
Total pot $0.13 | Rake $0 
Board [6s Qh 2c Ks Kc]
Seat 2: alexouk80 folded before Flop (didn't bet)
Seat 3: crazydavy78 folded before Flop (didn't bet)
Seat 4: Plyuk folded before Flop (didn't bet)
Seat 5: Victor151886 (button) folded on the River
Seat 6: ps123 (small blind) folded before Flop
Seat 7: Dorex2007 (big blind) collected ($0.13)
Seat 8: mataski folded before Flop (didn't bet)
Seat 9: GypsyBaron folded before Flop (didn't bet)



PokerStars Hand #226368148525:  Hold'em No Limit ($0.01/$0.02 USD) - 2021/05/01 10:33:23 PT [2021/05/01 13:33:23 ET]
Table 'Veritas V' 9-max Seat #6 is the button
Seat 2: alexouk80 ($1.90 in chips) 
Seat 3: crazydavy78 ($1.96 in chips) 
Seat 4: Plyuk ($1.13 in chips) 
Seat 5: Victor151886 ($4.73 in chips) 
Seat 6: ps123 ($1.51 in chips) 
Seat 7: Dorex2007 ($2.95 in chips) 
Seat 8: mataski ($1.39 in chips) 
Seat 9: GypsyBaron ($2.28 in chips) 
Dorex2007: posts small blind $0.01
mataski: posts big blind $0.02
crococat: sits out 
*** HOLE CARDS ***
Dealt to Dorex2007 [4s Qd]
GypsyBaron: calls $0.02
alexouk80: folds 
crazydavy78: calls $0.02
Plyuk: folds 
Victor151886: calls $0.02
ps123: folds 
Dorex2007: calls $0.01
mataski: checks 
*** FLOP *** [Kh 3s Qh]
Dorex2007: checks 
mataski: checks 
GypsyBaron: bets $0.10
crazydavy78: calls $0.10
Victor151886: folds 
Dorex2007: folds 
mataski: folds 
*** TURN *** [Kh 3s Qh] [5s]
GypsyBaron: bets $0.29
crazydavy78: raises $0.29 to $0.58
GypsyBaron: raises $1.58 to $2.16 and is all-in
crazydavy78: calls $1.26 and is all-in
Uncalled bet ($0.32) returned to GypsyBaron
*** RIVER *** [Kh 3s Qh 5s] [7h]
*** SHOW DOWN ***
GypsyBaron: shows [3h 3c] (three of a kind, Threes)
crazydavy78: shows [Kd Ts] (a pair of Kings)
GypsyBaron collected $3.84 from pot
*** SUMMARY ***
Total pot $3.98 | Rake $0.14 
Board [Kh 3s Qh 5s 7h]
Seat 2: alexouk80 folded before Flop (didn't bet)
Seat 3: crazydavy78 showed [Kd Ts] and lost with a pair of Kings
Seat 4: Plyuk folded before Flop (didn't bet)
Seat 5: Victor151886 folded on the Flop
Seat 6: ps123 (button) folded before Flop (didn't bet)
Seat 7: Dorex2007 (small blind) folded on the Flop
Seat 8: mataski (big blind) folded on the Flop
Seat 9: GypsyBaron showed [3h 3c] and won ($3.84) with three of a kind, Threes



PokerStars Hand #226368189304:  Hold'em No Limit ($0.01/$0.02 USD) - 2021/05/01 10:34:31 PT [2021/05/01 13:34:31 ET]
Table 'Veritas V' 9-max Seat #7 is the button
Seat 2: alexouk80 ($1.90 in chips) 
Seat 4: Plyuk ($1.13 in chips) 
Seat 5: Victor151886 ($4.71 in chips) 
Seat 6: ps123 ($1.51 in chips) 
Seat 7: Dorex2007 ($2.93 in chips) 
Seat 8: mataski ($1.37 in chips) 
Seat 9: GypsyBaron ($4.16 in chips) 
mataski: posts small blind $0.01
GypsyBaron: posts big blind $0.02
crococat: sits out 
*** HOLE CARDS ***
Dealt to Dorex2007 [Kd 4s]
alexouk80: raises $0.06 to $0.08
crazydavy78 leaves the table
Plyuk: calls $0.08
Victor151886: folds 
ps123: folds 
Dorex2007: folds 
mataski: folds 
GypsyBaron: folds 
*** FLOP *** [8d 8h 5c]
s_nami_bog38 joins the table at seat #3 
alexouk80: bets $0.12
Plyuk: raises $0.93 to $1.05 and is all-in
alexouk80: folds 
Uncalled bet ($0.93) returned to Plyuk
Plyuk collected $0.41 from pot
Plyuk: doesn't show hand 
*** SUMMARY ***
Total pot $0.43 | Rake $0.02 
Board [8d 8h 5c]
Seat 2: alexouk80 folded on the Flop
Seat 4: Plyuk collected ($0.41)
Seat 5: Victor151886 folded before Flop (didn't bet)
Seat 6: ps123 folded before Flop (didn't bet)
Seat 7: Dorex2007 (button) folded before Flop (didn't bet)
Seat 8: mataski (small blind) folded before Flop
Seat 9: GypsyBaron (big blind) folded before Flop



PokerStars Hand #226368212634:  Hold'em No Limit ($0.01/$0.02 USD) - 2021/05/01 10:35:12 PT [2021/05/01 13:35:12 ET]
Table 'Veritas V' 9-max Seat #8 is the button
Seat 1: crococat ($2 in chips) 
Seat 2: alexouk80 ($1.70 in chips) 
Seat 4: Plyuk ($1.34 in chips) 
Seat 5: Victor151886 ($4.71 in chips) 
Seat 6: ps123 ($1.51 in chips) 
Seat 7: Dorex2007 ($2.93 in chips) 
Seat 8: mataski ($1.36 in chips) 
Seat 9: GypsyBaron ($4.14 in chips) 
GypsyBaron: posts small blind $0.01
crococat: posts big blind $0.02
s_nami_bog38: sits out 
*** HOLE CARDS ***
Dealt to Dorex2007 [9h 6c]
alexouk80: folds 
Plyuk: folds 
Victor151886: folds 
ps123: calls $0.02
Dorex2007: folds 
mataski: folds 
GypsyBaron: folds 
crococat: checks 
*** FLOP *** [2d 5h 2c]
crococat: bets $0.03
ps123: calls $0.03
*** TURN *** [2d 5h 2c] [Ah]
crococat: bets $0.06
ps123: folds 
Uncalled bet ($0.06) returned to crococat
crococat collected $0.11 from pot
crococat: doesn't show hand 
*** SUMMARY ***
Total pot $0.11 | Rake $0 
Board [2d 5h 2c Ah]
Seat 1: crococat (big blind) collected ($0.11)
Seat 2: alexouk80 folded before Flop (didn't bet)
Seat 4: Plyuk folded before Flop (didn't bet)
Seat 5: Victor151886 folded before Flop (didn't bet)
Seat 6: ps123 folded on the Turn
Seat 7: Dorex2007 folded before Flop (didn't bet)
Seat 8: mataski (button) folded before Flop (didn't bet)
Seat 9: GypsyBaron (small blind) folded before Flop



PokerStars Hand #226368229188:  Hold'em No Limit ($0.01/$0.02 USD) - 2021/05/01 10:35:41 PT [2021/05/01 13:35:41 ET]
Table 'Veritas V' 9-max Seat #9 is the button
Seat 1: crococat ($2.06 in chips) 
Seat 2: alexouk80 ($1.70 in chips) 
Seat 3: s_nami_bog38 ($1.60 in chips) 
Seat 4: Plyuk ($1.34 in chips) 
Seat 5: Victor151886 ($4.71 in chips) 
Seat 6: ps123 ($1.46 in chips) 
Seat 7: Dorex2007 ($2.93 in chips) 
Seat 8: mataski ($1.36 in chips) 
Seat 9: GypsyBaron ($4.13 in chips) 
crococat: posts small blind $0.01
alexouk80: posts big blind $0.02
s_nami_bog38: posts big blind $0.02
*** HOLE CARDS ***
Dealt to Dorex2007 [As Qc]
s_nami_bog38: checks 
Plyuk: folds 
Victor151886: raises $0.06 to $0.08
ps123: folds 
Dorex2007: raises $0.06 to $0.14
mataski: folds 
GypsyBaron: folds 
crococat: folds 
alexouk80: folds 
s_nami_bog38: folds 
Victor151886: calls $0.06
*** FLOP *** [Jc 8c 2c]
Victor151886: bets $0.11
Dorex2007: raises $0.23 to $0.34
Victor151886: folds 
Uncalled bet ($0.23) returned to Dorex2007
Dorex2007 collected $0.53 from pot
Dorex2007: doesn't show hand 
*** SUMMARY ***
Total pot $0.55 | Rake $0.02 
Board [Jc 8c 2c]
Seat 1: crococat (small blind) folded before Flop
Seat 2: alexouk80 (big blind) folded before Flop
Seat 3: s_nami_bog38 folded before Flop (didn't bet)
Seat 4: Plyuk folded before Flop (didn't bet)
Seat 5: Victor151886 folded on the Flop
Seat 6: ps123 folded before Flop (didn't bet)
Seat 7: Dorex2007 collected ($0.53)
Seat 8: mataski folded before Flop (didn't bet)
Seat 9: GypsyBaron (button) folded before Flop (didn't bet)



PokerStars Hand #226368262434:  Hold'em No Limit ($0.01/$0.02 USD) - 2021/05/01 10:36:39 PT [2021/05/01 13:36:39 ET]
Table 'Veritas V' 9-max Seat #1 is the button
Seat 1: crococat ($2.05 in chips) 
Seat 2: alexouk80 ($1.68 in chips) 
Seat 3: s_nami_bog38 ($1.58 in chips) 
Seat 4: Plyuk ($1.34 in chips) 
Seat 5: Victor151886 ($4.46 in chips) 
Seat 6: ps123 ($1.46 in chips) 
Seat 7: Dorex2007 ($3.21 in chips) 
Seat 8: mataski ($1.36 in chips) 
Seat 9: GypsyBaron ($4.13 in chips) 
alexouk80: posts small blind $0.01
s_nami_bog38: posts big blind $0.02
*** HOLE CARDS ***
Dealt to Dorex2007 [3h Ks]
Plyuk: folds 
Victor151886: folds 
ps123: calls $0.02
Dorex2007: folds 
mataski: folds 
GypsyBaron: folds 
crococat: folds 
alexouk80: calls $0.01
s_nami_bog38: checks 
*** FLOP *** [Th 4d As]
alexouk80: checks 
s_nami_bog38: checks 
ps123: checks 
*** TURN *** [Th 4d As] [Qh]
alexouk80: checks 
s_nami_bog38: checks 
ps123: checks 
*** RIVER *** [Th 4d As Qh] [Js]
alexouk80: checks 
s_nami_bog38: checks 
ps123: bets $0.04
alexouk80: calls $0.04
s_nami_bog38: folds 
*** SHOW DOWN ***
ps123: shows [Ts Kc] (a straight, Ten to Ace)
alexouk80: mucks hand 
ps123 collected $0.14 from pot
*** SUMMARY ***
Total pot $0.14 | Rake $0 
Board [Th 4d As Qh Js]
Seat 1: crococat (button) folded before Flop (didn't bet)
Seat 2: alexouk80 (small blind) mucked [3d 3s]
Seat 3: s_nami_bog38 (big blind) folded on the River
Seat 4: Plyuk folded before Flop (didn't bet)
Seat 5: Victor151886 folded before Flop (didn't bet)
Seat 6: ps123 showed [Ts Kc] and won ($0.14) with a straight, Ten to Ace
Seat 7: Dorex2007 folded before Flop (didn't bet)
Seat 8: mataski folded before Flop (didn't bet)
Seat 9: GypsyBaron folded before Flop (didn't bet)



PokerStars Hand #226368287677:  Hold'em No Limit ($0.01/$0.02 USD) - 2021/05/01 10:37:23 PT [2021/05/01 13:37:23 ET]
Table 'Veritas V' 9-max Seat #2 is the button
Seat 1: crococat ($2.05 in chips) 
Seat 2: alexouk80 ($1.62 in chips) 
Seat 3: s_nami_bog38 ($1.56 in chips) 
Seat 4: Plyuk ($1.34 in chips) 
Seat 5: Victor151886 ($4.46 in chips) 
Seat 6: ps123 ($1.54 in chips) 
Seat 7: Dorex2007 ($3.21 in chips) 
Seat 8: mataski ($1.36 in chips) 
Seat 9: GypsyBaron ($4.13 in chips) 
s_nami_bog38: posts small blind $0.01
Plyuk: posts big blind $0.02
*** HOLE CARDS ***
Dealt to Dorex2007 [Kc 8c]
Victor151886: folds 
ps123: folds 
Dorex2007: folds 
mataski: folds 
GypsyBaron: calls $0.02
crococat: folds 
alexouk80: folds 
s_nami_bog38: calls $0.01
Plyuk: checks 
*** FLOP *** [Ad Ac 2c]
s_nami_bog38: checks 
Plyuk: checks 
GypsyBaron: bets $0.06
s_nami_bog38: folds 
Plyuk: folds 
Uncalled bet ($0.06) returned to GypsyBaron
GypsyBaron collected $0.06 from pot
GypsyBaron: doesn't show hand 
*** SUMMARY ***
Total pot $0.06 | Rake $0 
Board [Ad Ac 2c]
Seat 1: crococat folded before Flop (didn't bet)
Seat 2: alexouk80 (button) folded before Flop (didn't bet)
Seat 3: s_nami_bog38 (small blind) folded on the Flop
Seat 4: Plyuk (big blind) folded on the Flop
Seat 5: Victor151886 folded before Flop (didn't bet)
Seat 6: ps123 folded before Flop (didn't bet)
Seat 7: Dorex2007 folded before Flop (didn't bet)
Seat 8: mataski folded before Flop (didn't bet)
Seat 9: GypsyBaron collected ($0.06)



PokerStars Hand #226368300872:  Hold'em No Limit ($0.01/$0.02 USD) - 2021/05/01 10:37:46 PT [2021/05/01 13:37:46 ET]
Table 'Veritas V' 9-max Seat #3 is the button
Seat 1: crococat ($2.05 in chips) 
Seat 2: alexouk80 ($1.62 in chips) 
Seat 3: s_nami_bog38 ($1.54 in chips) 
Seat 4: Plyuk ($1.32 in chips) 
Seat 5: Victor151886 ($4.46 in chips) 
Seat 6: ps123 ($1.54 in chips) 
Seat 7: Dorex2007 ($3.21 in chips) 
Seat 8: mataski ($1.36 in chips) 
Seat 9: GypsyBaron ($4.17 in chips) 
Plyuk: posts small blind $0.01
Victor151886: posts big blind $0.02
*** HOLE CARDS ***
Dealt to Dorex2007 [Jh Qd]
ps123: folds 
Dorex2007: folds 
mataski: folds 
GypsyBaron: folds 
crococat: folds 
alexouk80: raises $0.06 to $0.08
s_nami_bog38: folds 
Plyuk: folds 
Victor151886: folds 
Uncalled bet ($0.06) returned to alexouk80
alexouk80 collected $0.05 from pot
*** SUMMARY ***
Total pot $0.05 | Rake $0 
Seat 1: crococat folded before Flop (didn't bet)
Seat 2: alexouk80 collected ($0.05)
Seat 3: s_nami_bog38 (button) folded before Flop (didn't bet)
Seat 4: Plyuk (small blind) folded before Flop
Seat 5: Victor151886 (big blind) folded before Flop
Seat 6: ps123 folded before Flop (didn't bet)
Seat 7: Dorex2007 folded before Flop (didn't bet)
Seat 8: mataski folded before Flop (didn't bet)
Seat 9: GypsyBaron folded before Flop (didn't bet)



PokerStars Hand #226368310949:  Hold'em No Limit ($0.01/$0.02 USD) - 2021/05/01 10:38:04 PT [2021/05/01 13:38:04 ET]
Table 'Veritas V' 9-max Seat #4 is the button
Seat 1: crococat ($2.05 in chips) 
Seat 2: alexouk80 ($1.65 in chips) 
Seat 3: s_nami_bog38 ($1.54 in chips) 
Seat 4: Plyuk ($1.31 in chips) 
Seat 5: Victor151886 ($4.44 in chips) 
Seat 6: ps123 ($1.54 in chips) 
Seat 7: Dorex2007 ($3.21 in chips) 
Seat 8: mataski ($1.36 in chips) 
Seat 9: GypsyBaron ($4.17 in chips) 
Victor151886: posts small blind $0.01
ps123: posts big blind $0.02
*** HOLE CARDS ***
Dealt to Dorex2007 [Kh 5h]
Dorex2007: folds 
mataski: folds 
GypsyBaron: folds 
crococat: folds 
alexouk80: raises $0.04 to $0.06
s_nami_bog38: folds 
Plyuk: folds 
Victor151886: folds 
ps123: folds 
Uncalled bet ($0.04) returned to alexouk80
alexouk80 collected $0.05 from pot
*** SUMMARY ***
Total pot $0.05 | Rake $0 
Seat 1: crococat folded before Flop (didn't bet)
Seat 2: alexouk80 collected ($0.05)
Seat 3: s_nami_bog38 folded before Flop (didn't bet)
Seat 4: Plyuk (button) folded before Flop (didn't bet)
Seat 5: Victor151886 (small blind) folded before Flop
Seat 6: ps123 (big blind) folded before Flop
Seat 7: Dorex2007 folded before Flop (didn't bet)
Seat 8: mataski folded before Flop (didn't bet)
Seat 9: GypsyBaron folded before Flop (didn't bet)



PokerStars Hand #226368323265:  Hold'em No Limit ($0.01/$0.02 USD) - 2021/05/01 10:38:25 PT [2021/05/01 13:38:25 ET]
Table 'Veritas V' 9-max Seat #5 is the button
Seat 1: crococat ($2.05 in chips) 
Seat 2: alexouk80 ($1.68 in chips) 
Seat 3: s_nami_bog38 ($1.54 in chips) 
Seat 4: Plyuk ($1.31 in chips) 
Seat 5: Victor151886 ($4.43 in chips) 
Seat 6: ps123 ($1.52 in chips) 
Seat 7: Dorex2007 ($3.21 in chips) 
Seat 8: mataski ($1.36 in chips) 
Seat 9: GypsyBaron ($4.17 in chips) 
ps123: posts small blind $0.01
Dorex2007: posts big blind $0.02
*** HOLE CARDS ***
Dealt to Dorex2007 [7h 9d]
mataski: raises $0.06 to $0.08
GypsyBaron: folds 
crococat: folds 
alexouk80: folds 
s_nami_bog38: folds 
Plyuk: folds 
Victor151886: folds 
ps123: folds 
Dorex2007: folds 
Uncalled bet ($0.06) returned to mataski
mataski collected $0.05 from pot
mataski: doesn't show hand 
*** SUMMARY ***
Total pot $0.05 | Rake $0 
Seat 1: crococat folded before Flop (didn't bet)
Seat 2: alexouk80 folded before Flop (didn't bet)
Seat 3: s_nami_bog38 folded before Flop (didn't bet)
Seat 4: Plyuk folded before Flop (didn't bet)
Seat 5: Victor151886 (button) folded before Flop (didn't bet)
Seat 6: ps123 (small blind) folded before Flop
Seat 7: Dorex2007 (big blind) folded before Flop
Seat 8: mataski collected ($0.05)
Seat 9: GypsyBaron folded before Flop (didn't bet)



PokerStars Hand #226368335740:  Hold'em No Limit ($0.01/$0.02 USD) - 2021/05/01 10:38:47 PT [2021/05/01 13:38:47 ET]
Table 'Veritas V' 9-max Seat #6 is the button
Seat 1: crococat ($2.05 in chips) 
Seat 2: alexouk80 ($1.68 in chips) 
Seat 3: s_nami_bog38 ($1.54 in chips) 
Seat 4: Plyuk ($1.31 in chips) 
Seat 5: Victor151886 ($4.43 in chips) 
Seat 6: ps123 ($1.51 in chips) 
Seat 7: Dorex2007 ($3.19 in chips) 
Seat 8: mataski ($1.39 in chips) 
Seat 9: GypsyBaron ($4.17 in chips) 
Dorex2007: posts small blind $0.01
mataski: posts big blind $0.02
*** HOLE CARDS ***
Dealt to Dorex2007 [Jc Js]
GypsyBaron: calls $0.02
crococat: folds 
alexouk80: folds 
s_nami_bog38: folds 
Plyuk: folds 
Victor151886: folds 
ps123: calls $0.02
Dorex2007: raises $0.06 to $0.08
mataski: folds 
GypsyBaron: calls $0.06
ps123: folds 
*** FLOP *** [4d Jd 7s]
Dorex2007: checks 
GypsyBaron: checks 
*** TURN *** [4d Jd 7s] [2h]
Dorex2007: bets $0.13
GypsyBaron: folds 
Uncalled bet ($0.13) returned to Dorex2007
Dorex2007 collected $0.19 from pot
Dorex2007: doesn't show hand 
*** SUMMARY ***
Total pot $0.20 | Rake $0.01 
Board [4d Jd 7s 2h]
Seat 1: crococat folded before Flop (didn't bet)
Seat 2: alexouk80 folded before Flop (didn't bet)
Seat 3: s_nami_bog38 folded before Flop (didn't bet)
Seat 4: Plyuk folded before Flop (didn't bet)
Seat 5: Victor151886 folded before Flop (didn't bet)
Seat 6: ps123 (button) folded before Flop
Seat 7: Dorex2007 (small blind) collected ($0.19)
Seat 8: mataski (big blind) folded before Flop
Seat 9: GypsyBaron folded on the Turn



PokerStars Hand #226368360201:  Hold'em No Limit ($0.01/$0.02 USD) - 2021/05/01 10:39:30 PT [2021/05/01 13:39:30 ET]
Table 'Veritas V' 9-max Seat #7 is the button
Seat 1: crococat ($2.05 in chips) 
Seat 2: alexouk80 ($1.68 in chips) 
Seat 3: s_nami_bog38 ($1.54 in chips) 
Seat 4: Plyuk ($1.31 in chips) 
Seat 5: Victor151886 ($4.43 in chips) 
Seat 6: ps123 ($1.49 in chips) 
Seat 7: Dorex2007 ($3.30 in chips) 
Seat 8: mataski ($1.37 in chips) 
Seat 9: GypsyBaron ($4.09 in chips) 
mataski: posts small blind $0.01
GypsyBaron: posts big blind $0.02
*** HOLE CARDS ***
Dealt to Dorex2007 [8s 8c]
crococat: raises $0.03 to $0.05
alexouk80: folds 
s_nami_bog38: folds 
Plyuk: folds 
Victor151886: folds 
ps123: folds 
Dorex2007: calls $0.05
mataski: raises $0.03 to $0.08
GypsyBaron: folds 
crococat: raises $0.23 to $0.31
Dorex2007: folds 
mataski: raises $1.06 to $1.37 and is all-in
crococat: calls $1.06
*** FLOP *** [4h 3c 9s]
*** TURN *** [4h 3c 9s] [2h]
*** RIVER *** [4h 3c 9s 2h] [Kd]
*** SHOW DOWN ***
mataski: shows [Ac As] (a pair of Aces)
crococat: shows [Ks Kc] (three of a kind, Kings)
crococat collected $2.71 from pot
*** SUMMARY ***
Total pot $2.81 | Rake $0.10 
Board [4h 3c 9s 2h Kd]
Seat 1: crococat showed [Ks Kc] and won ($2.71) with three of a kind, Kings
Seat 2: alexouk80 folded before Flop (didn't bet)
Seat 3: s_nami_bog38 folded before Flop (didn't bet)
Seat 4: Plyuk folded before Flop (didn't bet)
Seat 5: Victor151886 folded before Flop (didn't bet)
Seat 6: ps123 folded before Flop (didn't bet)
Seat 7: Dorex2007 (button) folded before Flop
Seat 8: mataski (small blind) showed [Ac As] and lost with a pair of Aces
Seat 9: GypsyBaron (big blind) folded before Flop



PokerStars Hand #226368390974:  Hold'em No Limit ($0.01/$0.02 USD) - 2021/05/01 10:40:24 PT [2021/05/01 13:40:24 ET]
Table 'Veritas V' 9-max Seat #9 is the button
Seat 1: crococat ($3.39 in chips) 
Seat 2: alexouk80 ($1.68 in chips) 
Seat 3: s_nami_bog38 ($1.54 in chips) 
Seat 4: Plyuk ($1.31 in chips) 
Seat 5: Victor151886 ($4.43 in chips) 
Seat 6: ps123 ($1.49 in chips) 
Seat 7: Dorex2007 ($3.25 in chips) 
Seat 9: GypsyBaron ($4.07 in chips) 
crococat: posts small blind $0.01
alexouk80: posts big blind $0.02
*** HOLE CARDS ***
Dealt to Dorex2007 [Jd Qh]
s_nami_bog38: folds 
mataski leaves the table
Plyuk: folds 
Victor151886: folds 
NBKenshin joins the table at seat #8 
ps123 has timed out
ps123: folds 
Dorex2007: raises $0.04 to $0.06
GypsyBaron: folds 
crococat: folds 
alexouk80: folds 
Uncalled bet ($0.04) returned to Dorex2007
Dorex2007 collected $0.05 from pot
Dorex2007: doesn't show hand 
*** SUMMARY ***
Total pot $0.05 | Rake $0 
Seat 1: crococat (small blind) folded before Flop
Seat 2: alexouk80 (big blind) folded before Flop
Seat 3: s_nami_bog38 folded before Flop (didn't bet)
Seat 4: Plyuk folded before Flop (didn't bet)
Seat 5: Victor151886 folded before Flop (didn't bet)
Seat 6: ps123 folded before Flop (didn't bet)
Seat 7: Dorex2007 collected ($0.05)
Seat 9: GypsyBaron (button) folded before Flop (didn't bet)



PokerStars Hand #226368407840:  Hold'em No Limit ($0.01/$0.02 USD) - 2021/05/01 10:40:53 PT [2021/05/01 13:40:53 ET]
Table 'Veritas V' 9-max Seat #1 is the button
Seat 1: crococat ($3.38 in chips) 
Seat 2: alexouk80 ($1.66 in chips) 
Seat 3: s_nami_bog38 ($1.54 in chips) 
Seat 4: Plyuk ($1.31 in chips) 
Seat 5: Victor151886 ($4.43 in chips) 
Seat 6: ps123 ($1.49 in chips) 
Seat 7: Dorex2007 ($3.28 in chips) 
Seat 9: GypsyBaron ($4.07 in chips) 
alexouk80: posts small blind $0.01
s_nami_bog38: posts big blind $0.02
NBKenshin: sits out 
*** HOLE CARDS ***
Dealt to Dorex2007 [Jc 6s]
Plyuk: folds 
Victor151886: raises $0.04 to $0.06
ps123: folds 
Dorex2007: folds 
GypsyBaron: folds 
crococat: folds 
alexouk80: folds 
s_nami_bog38: folds 
Uncalled bet ($0.04) returned to Victor151886
Victor151886 collected $0.05 from pot
Victor151886: doesn't show hand 
*** SUMMARY ***
Total pot $0.05 | Rake $0 
Seat 1: crococat (button) folded before Flop (didn't bet)
Seat 2: alexouk80 (small blind) folded before Flop
Seat 3: s_nami_bog38 (big blind) folded before Flop
Seat 4: Plyuk folded before Flop (didn't bet)
Seat 5: Victor151886 collected ($0.05)
Seat 6: ps123 folded before Flop (didn't bet)
Seat 7: Dorex2007 folded before Flop (didn't bet)
Seat 9: GypsyBaron folded before Flop (didn't bet)



PokerStars Hand #226368415306:  Hold'em No Limit ($0.01/$0.02 USD) - 2021/05/01 10:41:06 PT [2021/05/01 13:41:06 ET]
Table 'Veritas V' 9-max Seat #2 is the button
Seat 1: crococat ($3.38 in chips) 
Seat 2: alexouk80 ($1.65 in chips) 
Seat 3: s_nami_bog38 ($1.52 in chips) 
Seat 4: Plyuk ($1.31 in chips) 
Seat 5: Victor151886 ($4.46 in chips) 
Seat 6: ps123 ($1.49 in chips) 
Seat 7: Dorex2007 ($3.28 in chips) 
Seat 9: GypsyBaron ($4.07 in chips) 
s_nami_bog38: posts small blind $0.01
Plyuk: posts big blind $0.02
NBKenshin: sits out 
*** HOLE CARDS ***
Dealt to Dorex2007 [Ks Qs]
Victor151886: folds 
ps123: folds 
Dorex2007: raises $0.04 to $0.06
GypsyBaron: folds 
crococat: folds 
alexouk80: folds 
s_nami_bog38: folds 
Plyuk: folds 
Uncalled bet ($0.04) returned to Dorex2007
Dorex2007 collected $0.05 from pot
Dorex2007: doesn't show hand 
*** SUMMARY ***
Total pot $0.05 | Rake $0 
Seat 1: crococat folded before Flop (didn't bet)
Seat 2: alexouk80 (button) folded before Flop (didn't bet)
Seat 3: s_nami_bog38 (small blind) folded before Flop
Seat 4: Plyuk (big blind) folded before Flop
Seat 5: Victor151886 folded before Flop (didn't bet)
Seat 6: ps123 folded before Flop (didn't bet)
Seat 7: Dorex2007 collected ($0.05)
Seat 9: GypsyBaron folded before Flop (didn't bet)



PokerStars Hand #226368427890:  Hold'em No Limit ($0.01/$0.02 USD) - 2021/05/01 10:41:28 PT [2021/05/01 13:41:28 ET]
Table 'Veritas V' 9-max Seat #3 is the button
Seat 1: crococat ($3.38 in chips) 
Seat 2: alexouk80 ($1.65 in chips) 
Seat 3: s_nami_bog38 ($1.51 in chips) 
Seat 4: Plyuk ($1.29 in chips) 
Seat 5: Victor151886 ($4.46 in chips) 
Seat 6: ps123 ($1.49 in chips) 
Seat 7: Dorex2007 ($3.31 in chips) 
Seat 9: GypsyBaron ($4.07 in chips) 
Plyuk: posts small blind $0.01
Victor151886: posts big blind $0.02
NBKenshin: sits out 
*** HOLE CARDS ***
Dealt to Dorex2007 [Kd Ad]
ps123: calls $0.02
Dorex2007: raises $0.04 to $0.06
GypsyBaron: folds 
crococat: folds 
alexouk80: folds 
s_nami_bog38: folds 
Plyuk: folds 
Victor151886: folds 
ps123: calls $0.04
*** FLOP *** [3c 8h 8c]
ps123: checks 
Dorex2007: checks 
*** TURN *** [3c 8h 8c] [7d]
ps123: checks 
Dorex2007: bets $0.09
ps123: folds 
Uncalled bet ($0.09) returned to Dorex2007
Dorex2007 collected $0.14 from pot
Dorex2007: doesn't show hand 
*** SUMMARY ***
Total pot $0.15 | Rake $0.01 
Board [3c 8h 8c 7d]
Seat 1: crococat folded before Flop (didn't bet)
Seat 2: alexouk80 folded before Flop (didn't bet)
Seat 3: s_nami_bog38 (button) folded before Flop (didn't bet)
Seat 4: Plyuk (small blind) folded before Flop
Seat 5: Victor151886 (big blind) folded before Flop
Seat 6: ps123 folded on the Turn
Seat 7: Dorex2007 collected ($0.14)
Seat 9: GypsyBaron folded before Flop (didn't bet)



PokerStars Hand #226368452168:  Hold'em No Limit ($0.01/$0.02 USD) - 2021/05/01 10:41:53 PT [2021/05/01 13:41:53 ET]
Table 'Veritas V' 9-max Seat #4 is the button
Seat 1: crococat ($3.38 in chips) 
Seat 2: alexouk80 ($1.65 in chips) 
Seat 3: s_nami_bog38 ($1.51 in chips) 
Seat 4: Plyuk ($1.28 in chips) 
Seat 5: Victor151886 ($4.44 in chips) 
Seat 6: ps123 ($1.43 in chips) 
Seat 7: Dorex2007 ($3.39 in chips) 
Seat 9: GypsyBaron ($4.07 in chips) 
Victor151886: posts small blind $0.01
ps123: posts big blind $0.02
NBKenshin: sits out 
*** HOLE CARDS ***
Dealt to Dorex2007 [6s Ks]
Dorex2007: folds 
GypsyBaron: folds 
crococat: raises $0.03 to $0.05
alexouk80: folds 
s_nami_bog38: raises $0.09 to $0.14
Plyuk: folds 
Victor151886: folds 
ps123: folds 
crococat: calls $0.09
*** FLOP *** [Jh 4s 5d]
crococat: checks 
s_nami_bog38: bets $0.12
crococat: calls $0.12
*** TURN *** [Jh 4s 5d] [4d]
crococat: checks 
s_nami_bog38: bets $0.22
crococat: calls $0.22
*** RIVER *** [Jh 4s 5d 4d] [8h]
crococat: checks 
s_nami_bog38: checks 
*** SHOW DOWN ***
crococat: shows [Kh Jd] (two pair, Jacks and Fours)
s_nami_bog38: mucks hand 
crococat collected $0.96 from pot
*** SUMMARY ***
Total pot $0.99 | Rake $0.03 
Board [Jh 4s 5d 4d 8h]
Seat 1: crococat showed [Kh Jd] and won ($0.96) with two pair, Jacks and Fours
Seat 2: alexouk80 folded before Flop (didn't bet)
Seat 3: s_nami_bog38 mucked [Ah Qd]
Seat 4: Plyuk (button) folded before Flop (didn't bet)
Seat 5: Victor151886 (small blind) folded before Flop
Seat 6: ps123 (big blind) folded before Flop
Seat 7: Dorex2007 folded before Flop (didn't bet)
Seat 9: GypsyBaron folded before Flop (didn't bet)



PokerStars Hand #226368474860:  Hold'em No Limit ($0.01/$0.02 USD) - 2021/05/01 10:42:33 PT [2021/05/01 13:42:33 ET]
Table 'Veritas V' 9-max Seat #5 is the button
Seat 1: crococat ($3.86 in chips) 
Seat 2: alexouk80 ($1.65 in chips) 
Seat 3: s_nami_bog38 ($1.03 in chips) 
Seat 4: Plyuk ($1.28 in chips) 
Seat 5: Victor151886 ($4.43 in chips) 
Seat 6: ps123 ($1.41 in chips) 
Seat 7: Dorex2007 ($3.39 in chips) 
Seat 9: GypsyBaron ($4.07 in chips) 
ps123: posts small blind $0.01
Dorex2007: posts big blind $0.02
NBKenshin: sits out 
*** HOLE CARDS ***
Dealt to Dorex2007 [Kc 5d]
GypsyBaron: folds 
crococat: folds 
alexouk80: raises $0.04 to $0.06
s_nami_bog38 said, "fish"
s_nami_bog38: folds 
Plyuk: calls $0.06
Victor151886: folds 
ps123: folds 
Dorex2007: folds 
*** FLOP *** [7h Kh Ah]
alexouk80: bets $0.09
Plyuk: folds 
Uncalled bet ($0.09) returned to alexouk80
alexouk80 collected $0.14 from pot
*** SUMMARY ***
Total pot $0.15 | Rake $0.01 
Board [7h Kh Ah]
Seat 1: crococat folded before Flop (didn't bet)
Seat 2: alexouk80 collected ($0.14)
Seat 3: s_nami_bog38 folded before Flop (didn't bet)
Seat 4: Plyuk folded on the Flop
Seat 5: Victor151886 (button) folded before Flop (didn't bet)
Seat 6: ps123 (small blind) folded before Flop
Seat 7: Dorex2007 (big blind) folded before Flop
Seat 9: GypsyBaron folded before Flop (didn't bet)



PokerStars Hand #226368494559:  Hold'em No Limit ($0.01/$0.02 USD) - 2021/05/01 10:43:07 PT [2021/05/01 13:43:07 ET]
Table 'Veritas V' 9-max Seat #6 is the button
Seat 1: crococat ($3.86 in chips) 
Seat 2: alexouk80 ($1.73 in chips) 
Seat 3: s_nami_bog38 ($1.03 in chips) 
Seat 4: Plyuk ($1.22 in chips) 
Seat 5: Victor151886 ($4.43 in chips) 
Seat 6: ps123 ($1.40 in chips) 
Seat 7: Dorex2007 ($3.37 in chips) 
Seat 8: NBKenshin ($1 in chips) 
Seat 9: GypsyBaron ($4.07 in chips) 
Dorex2007: posts small blind $0.01
NBKenshin: posts big blind $0.02
*** HOLE CARDS ***
Dealt to Dorex2007 [6c 7c]
GypsyBaron: folds 
crococat: calls $0.02
alexouk80: folds 
s_nami_bog38: folds 
Plyuk: folds 
Victor151886: folds 
ps123: folds 
Dorex2007: calls $0.01
NBKenshin: checks 
*** FLOP *** [8d 5s 9c]
Dorex2007: checks 
NBKenshin: checks 
crococat: bets $0.03
Dorex2007: calls $0.03
NBKenshin: folds 
*** TURN *** [8d 5s 9c] [Ks]
Dorex2007: checks 
crococat: bets $0.06
Dorex2007: calls $0.06
*** RIVER *** [8d 5s 9c Ks] [8h]
Dorex2007: checks 
crococat: bets $0.12
Dorex2007: raises $0.24 to $0.36
crococat: raises $0.48 to $0.84
Dorex2007: raises $2.42 to $3.26 and is all-in
crococat: calls $2.42
*** SHOW DOWN ***
Dorex2007: shows [6c 7c] (a straight, Five to Nine)
crococat: shows [9s 9d] (a full house, Nines full of Eights)
crococat collected $6.52 from pot
*** SUMMARY ***
Total pot $6.76 | Rake $0.24 
Board [8d 5s 9c Ks 8h]
Seat 1: crococat showed [9s 9d] and won ($6.52) with a full house, Nines full of Eights
Seat 2: alexouk80 folded before Flop (didn't bet)
Seat 3: s_nami_bog38 folded before Flop (didn't bet)
Seat 4: Plyuk folded before Flop (didn't bet)
Seat 5: Victor151886 folded before Flop (didn't bet)
Seat 6: ps123 (button) folded before Flop (didn't bet)
Seat 7: Dorex2007 (small blind) showed [6c 7c] and lost with a straight, Five to Nine
Seat 8: NBKenshin (big blind) folded on the Flop
Seat 9: GypsyBaron folded before Flop (didn't bet)



