PokerStars Hand #230767698056:  Hold'em No Limit ($0.01/$0.02 USD) - 2021/10/20 20:32:36 PT [2021/10/20 23:32:36 ET]
Table 'Scylla V' 9-max Seat #2 is the button
Seat 1: Dorex2007 ($2 in chips) 
Seat 2: geniuss ($3.05 in chips) 
Seat 3: MrThomas28 ($3.22 in chips) 
Seat 4: EvgeniyVisus ($2 in chips) 
Seat 5: Roman_jr89 ($1.52 in chips) 
Seat 6: Tobiz89 ($2.85 in chips) 
Seat 8: Trader PK ($3.78 in chips) 
Seat 9: Gtrrap ($1.40 in chips) 
MrThomas28: posts small blind $0.01
EvgeniyVisus: posts big blind $0.02
Dorex2007: posts big blind $0.02
*** HOLE CARDS ***
Dealt to Dorex2007 [7s Kc]
Roman_jr89: raises $0.03 to $0.05
Tobiz89: raises $0.15 to $0.20
Trader PK: folds 
Gtrrap: folds 
Dorex2007: folds 
geniuss: raises $0.15 to $0.35
MrThomas28: folds 
EvgeniyVisus: folds 
Roman_jr89: calls $0.30
Tobiz89: calls $0.15
*** FLOP *** [Td 7d 2d]
Roman_jr89: checks 
Tobiz89: checks 
geniuss: checks 
*** TURN *** [Td 7d 2d] [9h]
Roman_jr89: checks 
Tobiz89: bets $0.58
geniuss: calls $0.58
Roman_jr89: folds 
*** RIVER *** [Td 7d 2d 9h] [8d]
Tobiz89: checks 
geniuss: bets $2.12 and is all-in
Tobiz89: folds 
Uncalled bet ($2.12) returned to geniuss
geniuss collected $2.18 from pot
*** SUMMARY ***
Total pot $2.26 | Rake $0.08 
Board [Td 7d 2d 9h 8d]
Seat 1: Dorex2007 folded before Flop (didn't bet)
Seat 2: geniuss (button) collected ($2.18)
Seat 3: MrThomas28 (small blind) folded before Flop
Seat 4: EvgeniyVisus (big blind) folded before Flop
Seat 5: Roman_jr89 folded on the Turn
Seat 6: Tobiz89 folded on the River
Seat 8: Trader PK folded before Flop (didn't bet)
Seat 9: Gtrrap folded before Flop (didn't bet)



PokerStars Hand #230767720596:  Hold'em No Limit ($0.01/$0.02 USD) - 2021/10/20 20:34:49 PT [2021/10/20 23:34:49 ET]
Table 'Scylla V' 9-max Seat #3 is the button
Seat 1: Dorex2007 ($2 in chips) 
Seat 2: geniuss ($4.30 in chips) 
Seat 3: MrThomas28 ($3.21 in chips) 
Seat 4: EvgeniyVisus ($2 in chips) 
Seat 5: Roman_jr89 ($1.17 in chips) 
Seat 6: Tobiz89 ($2 in chips) 
Seat 8: Trader PK ($3.78 in chips) 
Seat 9: Gtrrap ($1.40 in chips) 
EvgeniyVisus: posts small blind $0.01
Roman_jr89: posts big blind $0.02
*** HOLE CARDS ***
Dealt to Dorex2007 [Th 9h]
Tobiz89: folds 
Trader PK: folds 
Gtrrap: folds 
Dorex2007: raises $0.04 to $0.06
geniuss: folds 
MrThomas28: folds 
EvgeniyVisus: folds 
Roman_jr89: calls $0.04
*** FLOP *** [Qd 8s 6d]
Roman_jr89: checks 
Dorex2007: bets $0.13
Roman_jr89: folds 
Uncalled bet ($0.13) returned to Dorex2007
Dorex2007 collected $0.13 from pot
Dorex2007: doesn't show hand 
*** SUMMARY ***
Total pot $0.13 | Rake $0 
Board [Qd 8s 6d]
Seat 1: Dorex2007 collected ($0.13)
Seat 2: geniuss folded before Flop (didn't bet)
Seat 3: MrThomas28 (button) folded before Flop (didn't bet)
Seat 4: EvgeniyVisus (small blind) folded before Flop
Seat 5: Roman_jr89 (big blind) folded on the Flop
Seat 6: Tobiz89 folded before Flop (didn't bet)
Seat 8: Trader PK folded before Flop (didn't bet)
Seat 9: Gtrrap folded before Flop (didn't bet)



PokerStars Hand #230767724877:  Hold'em No Limit ($0.01/$0.02 USD) - 2021/10/20 20:35:15 PT [2021/10/20 23:35:15 ET]
Table 'Scylla V' 9-max Seat #4 is the button
Seat 1: Dorex2007 ($2.07 in chips) 
Seat 2: geniuss ($4.30 in chips) 
Seat 3: MrThomas28 ($3.21 in chips) 
Seat 4: EvgeniyVisus ($2 in chips) 
Seat 5: Roman_jr89 ($1.11 in chips) 
Seat 6: Tobiz89 ($2 in chips) 
Seat 8: Trader PK ($3.78 in chips) 
Seat 9: Gtrrap ($1.40 in chips) 
Roman_jr89: posts small blind $0.01
Tobiz89: posts big blind $0.02
*** HOLE CARDS ***
Dealt to Dorex2007 [5h 7h]
Trader PK: folds 
Gtrrap: folds 
Dorex2007: folds 
geniuss: folds 
MrThomas28: folds 
EvgeniyVisus: folds 
Roman_jr89: calls $0.01
Tobiz89: raises $0.08 to $0.10
Roman_jr89: calls $0.08
*** FLOP *** [Ac 6h Js]
Roman_jr89: checks 
Tobiz89: bets $0.14
Roman_jr89: folds 
Uncalled bet ($0.14) returned to Tobiz89
Tobiz89 collected $0.19 from pot
Tobiz89: doesn't show hand 
*** SUMMARY ***
Total pot $0.20 | Rake $0.01 
Board [Ac 6h Js]
Seat 1: Dorex2007 folded before Flop (didn't bet)
Seat 2: geniuss folded before Flop (didn't bet)
Seat 3: MrThomas28 folded before Flop (didn't bet)
Seat 4: EvgeniyVisus (button) folded before Flop (didn't bet)
Seat 5: Roman_jr89 (small blind) folded on the Flop
Seat 6: Tobiz89 (big blind) collected ($0.19)
Seat 8: Trader PK folded before Flop (didn't bet)
Seat 9: Gtrrap folded before Flop (didn't bet)



PokerStars Hand #230767736979:  Hold'em No Limit ($0.01/$0.02 USD) - 2021/10/20 20:36:14 PT [2021/10/20 23:36:14 ET]
Table 'Scylla V' 9-max Seat #5 is the button
Seat 1: Dorex2007 ($2.07 in chips) 
Seat 2: geniuss ($4.30 in chips) 
Seat 3: MrThomas28 ($3.21 in chips) 
Seat 4: EvgeniyVisus ($2 in chips) 
Seat 5: Roman_jr89 ($1.01 in chips) 
Seat 6: Tobiz89 ($2.09 in chips) 
Seat 8: Trader PK ($3.78 in chips) 
Seat 9: Gtrrap ($1.40 in chips) 
Tobiz89: posts small blind $0.01
Trader PK: posts big blind $0.02
*** HOLE CARDS ***
Dealt to Dorex2007 [Td 4c]
Gtrrap: folds 
Dorex2007: folds 
geniuss: folds 
MrThomas28: folds 
EvgeniyVisus: raises $0.04 to $0.06
Roman_jr89: calls $0.06
Tobiz89: folds 
Trader PK: calls $0.04
*** FLOP *** [Jd Tc 4s]
Trader PK: checks 
EvgeniyVisus: checks 
Roman_jr89: checks 
*** TURN *** [Jd Tc 4s] [2s]
Trader PK: bets $0.02
EvgeniyVisus: folds 
Roman_jr89: raises $0.15 to $0.17
Trader PK: calls $0.15
*** RIVER *** [Jd Tc 4s 2s] [As]
Trader PK: checks 
Roman_jr89: checks 
*** SHOW DOWN ***
Trader PK: shows [Kd Ac] (a pair of Aces)
Roman_jr89: mucks hand 
Trader PK collected $0.51 from pot
KodSavi leaves the table
*** SUMMARY ***
Total pot $0.53 | Rake $0.02 
Board [Jd Tc 4s 2s As]
Seat 1: Dorex2007 folded before Flop (didn't bet)
Seat 2: geniuss folded before Flop (didn't bet)
Seat 3: MrThomas28 folded before Flop (didn't bet)
Seat 4: EvgeniyVisus folded on the Turn
Seat 5: Roman_jr89 (button) mucked [9s 8h]
Seat 6: Tobiz89 (small blind) folded before Flop
Seat 8: Trader PK (big blind) showed [Kd Ac] and won ($0.51) with a pair of Aces
Seat 9: Gtrrap folded before Flop (didn't bet)



PokerStars Hand #230767747029:  Hold'em No Limit ($0.01/$0.02 USD) - 2021/10/20 20:37:14 PT [2021/10/20 23:37:14 ET]
Table 'Scylla V' 9-max Seat #6 is the button
Seat 1: Dorex2007 ($2.07 in chips) 
Seat 2: geniuss ($4.30 in chips) 
Seat 3: MrThomas28 ($3.21 in chips) 
Seat 4: EvgeniyVisus ($2 in chips) 
Seat 5: Roman_jr89 ($0.78 in chips) 
Seat 6: Tobiz89 ($2.08 in chips) 
Seat 8: Trader PK ($4.06 in chips) 
Seat 9: Gtrrap ($1.40 in chips) 
Trader PK: posts small blind $0.01
Gtrrap: posts big blind $0.02
*** HOLE CARDS ***
Dealt to Dorex2007 [5h Ks]
Dorex2007: folds 
geniuss: folds 
MrThomas28: raises $0.04 to $0.06
EvgeniyVisus: folds 
Roman_jr89: raises $0.09 to $0.15
Tobiz89: folds 
Trader PK: folds 
Gtrrap: folds 
MrThomas28: calls $0.09
*** FLOP *** [5c 8d 6c]
MrThomas28: checks 
Roman_jr89: bets $0.63 and is all-in
MrThomas28: folds 
Uncalled bet ($0.63) returned to Roman_jr89
Roman_jr89 collected $0.32 from pot
Roman_jr89: doesn't show hand 
*** SUMMARY ***
Total pot $0.33 | Rake $0.01 
Board [5c 8d 6c]
Seat 1: Dorex2007 folded before Flop (didn't bet)
Seat 2: geniuss folded before Flop (didn't bet)
Seat 3: MrThomas28 folded on the Flop
Seat 4: EvgeniyVisus folded before Flop (didn't bet)
Seat 5: Roman_jr89 collected ($0.32)
Seat 6: Tobiz89 (button) folded before Flop (didn't bet)
Seat 8: Trader PK (small blind) folded before Flop
Seat 9: Gtrrap (big blind) folded before Flop



PokerStars Hand #230767753391:  Hold'em No Limit ($0.01/$0.02 USD) - 2021/10/20 20:37:52 PT [2021/10/20 23:37:52 ET]
Table 'Scylla V' 9-max Seat #8 is the button
Seat 1: Dorex2007 ($2.07 in chips) 
Seat 2: geniuss ($4.30 in chips) 
Seat 3: MrThomas28 ($3.06 in chips) 
Seat 4: EvgeniyVisus ($2 in chips) 
Seat 5: Roman_jr89 ($0.95 in chips) 
Seat 6: Tobiz89 ($2.08 in chips) 
Seat 8: Trader PK ($4.05 in chips) 
Seat 9: Gtrrap ($1.38 in chips) 
Gtrrap: posts small blind $0.01
Dorex2007: posts big blind $0.02
*** HOLE CARDS ***
Dealt to Dorex2007 [Ad Jd]
geniuss: folds 
MrThomas28: folds 
EvgeniyVisus: folds 
Roman_jr89: folds 
Tobiz89: folds 
Trader PK: folds 
Gtrrap: folds 
Uncalled bet ($0.01) returned to Dorex2007
Dorex2007 collected $0.02 from pot
Dorex2007: doesn't show hand 
*** SUMMARY ***
Total pot $0.02 | Rake $0 
Seat 1: Dorex2007 (big blind) collected ($0.02)
Seat 2: geniuss folded before Flop (didn't bet)
Seat 3: MrThomas28 folded before Flop (didn't bet)
Seat 4: EvgeniyVisus folded before Flop (didn't bet)
Seat 5: Roman_jr89 folded before Flop (didn't bet)
Seat 6: Tobiz89 folded before Flop (didn't bet)
Seat 8: Trader PK (button) folded before Flop (didn't bet)
Seat 9: Gtrrap (small blind) folded before Flop



PokerStars Hand #230767755714:  Hold'em No Limit ($0.01/$0.02 USD) - 2021/10/20 20:38:06 PT [2021/10/20 23:38:06 ET]
Table 'Scylla V' 9-max Seat #9 is the button
Seat 1: Dorex2007 ($2.08 in chips) 
Seat 2: geniuss ($4.30 in chips) 
Seat 3: MrThomas28 ($3.06 in chips) 
Seat 4: EvgeniyVisus ($2 in chips) 
Seat 5: Roman_jr89 ($0.95 in chips) 
Seat 6: Tobiz89 ($2.08 in chips) 
Seat 8: Trader PK ($4.05 in chips) 
Seat 9: Gtrrap ($1.37 in chips) 
Dorex2007: posts small blind $0.01
geniuss: posts big blind $0.02
*** HOLE CARDS ***
Dealt to Dorex2007 [Kh Ac]
MrThomas28: raises $0.04 to $0.06
EvgeniyVisus: folds 
Roman_jr89: folds 
Tobiz89: folds 
Trader PK: calls $0.06
Gtrrap: folds 
Dorex2007: raises $0.14 to $0.20
geniuss: folds 
MrThomas28: calls $0.14
Trader PK: folds 
*** FLOP *** [Ks Qc Jc]
Dorex2007: bets $0.46
MrThomas28: folds 
Uncalled bet ($0.46) returned to Dorex2007
Dorex2007 collected $0.46 from pot
Dorex2007: doesn't show hand 
*** SUMMARY ***
Total pot $0.48 | Rake $0.02 
Board [Ks Qc Jc]
Seat 1: Dorex2007 (small blind) collected ($0.46)
Seat 2: geniuss (big blind) folded before Flop
Seat 3: MrThomas28 folded on the Flop
Seat 4: EvgeniyVisus folded before Flop (didn't bet)
Seat 5: Roman_jr89 folded before Flop (didn't bet)
Seat 6: Tobiz89 folded before Flop (didn't bet)
Seat 8: Trader PK folded before Flop
Seat 9: Gtrrap (button) folded before Flop (didn't bet)



PokerStars Hand #230767764767:  Hold'em No Limit ($0.01/$0.02 USD) - 2021/10/20 20:38:46 PT [2021/10/20 23:38:46 ET]
Table 'Scylla V' 9-max Seat #1 is the button
Seat 1: Dorex2007 ($2.34 in chips) 
Seat 2: geniuss ($4.28 in chips) 
Seat 3: MrThomas28 ($2.86 in chips) 
Seat 4: EvgeniyVisus ($2 in chips) 
Seat 5: Roman_jr89 ($0.95 in chips) 
Seat 6: Tobiz89 ($2.08 in chips) 
Seat 8: Trader PK ($3.99 in chips) 
Seat 9: Gtrrap ($1.37 in chips) 
geniuss: posts small blind $0.01
MrThomas28: posts big blind $0.02
*** HOLE CARDS ***
Dealt to Dorex2007 [Qh As]
EvgeniyVisus: folds 
Roman_jr89: folds 
Tobiz89: folds 
Trader PK: folds 
Gtrrap: raises $0.04 to $0.06
Dorex2007: calls $0.06
geniuss: folds 
MrThomas28: folds 
*** FLOP *** [5h 4d Jc]
Gtrrap: bets $0.14
Dorex2007: folds 
Uncalled bet ($0.14) returned to Gtrrap
Gtrrap collected $0.14 from pot
Gtrrap: doesn't show hand 
*** SUMMARY ***
Total pot $0.15 | Rake $0.01 
Board [5h 4d Jc]
Seat 1: Dorex2007 (button) folded on the Flop
Seat 2: geniuss (small blind) folded before Flop
Seat 3: MrThomas28 (big blind) folded before Flop
Seat 4: EvgeniyVisus folded before Flop (didn't bet)
Seat 5: Roman_jr89 folded before Flop (didn't bet)
Seat 6: Tobiz89 folded before Flop (didn't bet)
Seat 8: Trader PK folded before Flop (didn't bet)
Seat 9: Gtrrap collected ($0.14)



PokerStars Hand #230767769998:  Hold'em No Limit ($0.01/$0.02 USD) - 2021/10/20 20:39:18 PT [2021/10/20 23:39:18 ET]
Table 'Scylla V' 9-max Seat #2 is the button
Seat 1: Dorex2007 ($2.28 in chips) 
Seat 2: geniuss ($4.27 in chips) 
Seat 3: MrThomas28 ($2.84 in chips) 
Seat 5: Roman_jr89 ($0.95 in chips) 
Seat 6: Tobiz89 ($2.08 in chips) 
Seat 8: Trader PK ($3.99 in chips) 
Seat 9: Gtrrap ($1.45 in chips) 
MrThomas28: posts small blind $0.01
EvgeniyVisus: is sitting out 
EvgeniyVisus leaves the table
Roman_jr89: posts big blind $0.02
*** HOLE CARDS ***
Dealt to Dorex2007 [6h Ah]
Tobiz89: folds 
Trader PK: folds 
Gtrrap: folds 
Dorex2007: raises $0.02 to $0.04
geniuss: folds 
MrThomas28: folds 
Roman_jr89: calls $0.02
*** FLOP *** [Qd 9h 8s]
Roman_jr89: bets $0.03
Dorex2007: calls $0.03
*** TURN *** [Qd 9h 8s] [7c]
Roman_jr89: bets $0.11
Dorex2007: calls $0.11
*** RIVER *** [Qd 9h 8s 7c] [8d]
Roman_jr89: bets $0.77 and is all-in
Dorex2007: folds 
Uncalled bet ($0.77) returned to Roman_jr89
Roman_jr89 collected $0.36 from pot
Roman_jr89: doesn't show hand 
*** SUMMARY ***
Total pot $0.37 | Rake $0.01 
Board [Qd 9h 8s 7c 8d]
Seat 1: Dorex2007 folded on the River
Seat 2: geniuss (button) folded before Flop (didn't bet)
Seat 3: MrThomas28 (small blind) folded before Flop
Seat 5: Roman_jr89 (big blind) collected ($0.36)
Seat 6: Tobiz89 folded before Flop (didn't bet)
Seat 8: Trader PK folded before Flop (didn't bet)
Seat 9: Gtrrap folded before Flop (didn't bet)



PokerStars Hand #230767783680:  Hold'em No Limit ($0.01/$0.02 USD) - 2021/10/20 20:40:38 PT [2021/10/20 23:40:38 ET]
Table 'Scylla V' 9-max Seat #5 is the button
Seat 1: Dorex2007 ($2.10 in chips) 
Seat 2: geniuss ($4.27 in chips) 
Seat 5: Roman_jr89 ($1.13 in chips) 
Seat 6: Tobiz89 ($2.08 in chips) 
Seat 8: Trader PK ($3.99 in chips) 
Seat 9: Gtrrap ($1.45 in chips) 
Tobiz89: posts small blind $0.01
Trader PK: posts big blind $0.02
*** HOLE CARDS ***
Dealt to Dorex2007 [Ac Jd]
Gtrrap: calls $0.02
Dorex2007: raises $0.04 to $0.06
geniuss: folds 
Roman_jr89: calls $0.06
Tobiz89: folds 
Trader PK: calls $0.04
Gtrrap: calls $0.04
*** FLOP *** [Qd 9c 8h]
Trader PK: checks 
Gtrrap: checks 
Dorex2007: bets $0.12
Roman_jr89: folds 
Trader PK: folds 
Gtrrap: raises $0.12 to $0.24
Dorex2007: calls $0.12
*** TURN *** [Qd 9c 8h] [4d]
Gtrrap: bets $0.54
Dorex2007: calls $0.54
*** RIVER *** [Qd 9c 8h 4d] [Ks]
Gtrrap: bets $0.61 and is all-in
Dorex2007: folds 
Uncalled bet ($0.61) returned to Gtrrap
Gtrrap collected $1.75 from pot
Gtrrap: doesn't show hand 
*** SUMMARY ***
Total pot $1.81 | Rake $0.06 
Board [Qd 9c 8h 4d Ks]
Seat 1: Dorex2007 folded on the River
Seat 2: geniuss folded before Flop (didn't bet)
Seat 5: Roman_jr89 (button) folded on the Flop
Seat 6: Tobiz89 (small blind) folded before Flop
Seat 8: Trader PK (big blind) folded on the Flop
Seat 9: Gtrrap collected ($1.75)



PokerStars Hand #230767798259:  Hold'em No Limit ($0.01/$0.02 USD) - 2021/10/20 20:42:04 PT [2021/10/20 23:42:04 ET]
Table 'Scylla V' 9-max Seat #6 is the button
Seat 1: Dorex2007 ($2 in chips) 
Seat 2: geniuss ($4.27 in chips) 
Seat 5: Roman_jr89 ($1.07 in chips) 
Seat 6: Tobiz89 ($2.07 in chips) 
Seat 8: Trader PK ($3.93 in chips) 
Seat 9: Gtrrap ($2.36 in chips) 
Trader PK: posts small blind $0.01
Gtrrap: posts big blind $0.02
*** HOLE CARDS ***
Dealt to Dorex2007 [Jd 4d]
Dorex2007: folds 
geniuss: folds 
Roman_jr89: raises $0.03 to $0.05
Tobiz89: folds 
Trader PK: calls $0.04
Gtrrap: calls $0.03
*** FLOP *** [6s 9s 9c]
Trader PK: checks 
Gtrrap: checks 
Roman_jr89: bets $0.10
Trader PK: folds 
Gtrrap: calls $0.10
*** TURN *** [6s 9s 9c] [5h]
Gtrrap: checks 
Roman_jr89: bets $0.22
Gtrrap: folds 
Uncalled bet ($0.22) returned to Roman_jr89
Roman_jr89 collected $0.34 from pot
Roman_jr89: doesn't show hand 
*** SUMMARY ***
Total pot $0.35 | Rake $0.01 
Board [6s 9s 9c 5h]
Seat 1: Dorex2007 folded before Flop (didn't bet)
Seat 2: geniuss folded before Flop (didn't bet)
Seat 5: Roman_jr89 collected ($0.34)
Seat 6: Tobiz89 (button) folded before Flop (didn't bet)
Seat 8: Trader PK (small blind) folded on the Flop
Seat 9: Gtrrap (big blind) folded on the Turn



PokerStars Hand #230767817784:  Hold'em No Limit ($0.01/$0.02 USD) - 2021/10/20 20:43:05 PT [2021/10/20 23:43:05 ET]
Table 'Scylla V' 9-max Seat #8 is the button
Seat 1: Dorex2007 ($2 in chips) 
Seat 2: geniuss ($4.27 in chips) 
Seat 5: Roman_jr89 ($1.26 in chips) 
Seat 6: Tobiz89 ($2.07 in chips) 
Seat 8: Trader PK ($3.88 in chips) 
Seat 9: Gtrrap ($2.21 in chips) 
Gtrrap: posts small blind $0.01
Dorex2007: posts big blind $0.02
*** HOLE CARDS ***
Dealt to Dorex2007 [7h 9s]
geniuss: folds 
Roman_jr89: folds 
AvantGuard-7 joins the table at seat #4 
Tobiz89: folds 
Trader PK: folds 
Gtrrap: folds 
Uncalled bet ($0.01) returned to Dorex2007
Dorex2007 collected $0.02 from pot
Dorex2007: doesn't show hand 
*** SUMMARY ***
Total pot $0.02 | Rake $0 
Seat 1: Dorex2007 (big blind) collected ($0.02)
Seat 2: geniuss folded before Flop (didn't bet)
Seat 5: Roman_jr89 folded before Flop (didn't bet)
Seat 6: Tobiz89 folded before Flop (didn't bet)
Seat 8: Trader PK (button) folded before Flop (didn't bet)
Seat 9: Gtrrap (small blind) folded before Flop



PokerStars Hand #230767821246:  Hold'em No Limit ($0.01/$0.02 USD) - 2021/10/20 20:43:26 PT [2021/10/20 23:43:26 ET]
Table 'Scylla V' 9-max Seat #9 is the button
Seat 1: Dorex2007 ($2.01 in chips) 
Seat 2: geniuss ($4.27 in chips) 
Seat 5: Roman_jr89 ($1.26 in chips) 
Seat 6: Tobiz89 ($2.07 in chips) 
Seat 8: Trader PK ($3.88 in chips) 
Seat 9: Gtrrap ($2.20 in chips) 
Dorex2007: posts small blind $0.01
geniuss: posts big blind $0.02
AvantGuard-7: sits out 
*** HOLE CARDS ***
Dealt to Dorex2007 [4d 9c]
Roman_jr89: folds 
Tobiz89: raises $0.04 to $0.06
Trader PK: folds 
Gtrrap: folds 
Dorex2007: folds 
geniuss: folds 
Uncalled bet ($0.04) returned to Tobiz89
Tobiz89 collected $0.05 from pot
Tobiz89: doesn't show hand 
*** SUMMARY ***
Total pot $0.05 | Rake $0 
Seat 1: Dorex2007 (small blind) folded before Flop
Seat 2: geniuss (big blind) folded before Flop
Seat 5: Roman_jr89 folded before Flop (didn't bet)
Seat 6: Tobiz89 collected ($0.05)
Seat 8: Trader PK folded before Flop (didn't bet)
Seat 9: Gtrrap (button) folded before Flop (didn't bet)



PokerStars Hand #230767824988:  Hold'em No Limit ($0.01/$0.02 USD) - 2021/10/20 20:43:49 PT [2021/10/20 23:43:49 ET]
Table 'Scylla V' 9-max Seat #1 is the button
Seat 1: Dorex2007 ($2 in chips) 
Seat 2: geniuss ($4.25 in chips) 
Seat 3: MrThomas28 ($2.83 in chips) 
Seat 5: Roman_jr89 ($1.26 in chips) 
Seat 6: Tobiz89 ($2.10 in chips) 
Seat 8: Trader PK ($3.88 in chips) 
Seat 9: Gtrrap ($2.20 in chips) 
geniuss: posts small blind $0.01
MrThomas28: posts big blind $0.02
Gazem21 joins the table at seat #7 
AvantGuard-7: sits out 
*** HOLE CARDS ***
Dealt to Dorex2007 [2h Ks]
Roman_jr89 has timed out
Roman_jr89: folds 
Tobiz89: folds 
Trader PK: folds 
Gtrrap: folds 
Dorex2007: folds 
geniuss: raises $0.03 to $0.05
MrThomas28: calls $0.03
*** FLOP *** [6d 8s 8d]
geniuss: checks 
MrThomas28: checks 
*** TURN *** [6d 8s 8d] [9c]
geniuss: checks 
MrThomas28: checks 
*** RIVER *** [6d 8s 8d 9c] [Qc]
geniuss: checks 
MrThomas28: checks 
*** SHOW DOWN ***
geniuss: shows [Ah 7s] (a pair of Eights)
MrThomas28: shows [Ts Ad] (a pair of Eights - Ace+Queen+Ten kicker)
MrThomas28 collected $0.10 from pot
*** SUMMARY ***
Total pot $0.10 | Rake $0 
Board [6d 8s 8d 9c Qc]
Seat 1: Dorex2007 (button) folded before Flop (didn't bet)
Seat 2: geniuss (small blind) showed [Ah 7s] and lost with a pair of Eights
Seat 3: MrThomas28 (big blind) showed [Ts Ad] and won ($0.10) with a pair of Eights
Seat 5: Roman_jr89 folded before Flop (didn't bet)
Seat 6: Tobiz89 folded before Flop (didn't bet)
Seat 8: Trader PK folded before Flop (didn't bet)
Seat 9: Gtrrap folded before Flop (didn't bet)



PokerStars Hand #230767836469:  Hold'em No Limit ($0.01/$0.02 USD) - 2021/10/20 20:44:58 PT [2021/10/20 23:44:58 ET]
Table 'Scylla V' 9-max Seat #2 is the button
Seat 1: Dorex2007 ($2 in chips) 
Seat 2: geniuss ($4.20 in chips) 
Seat 3: MrThomas28 ($2.88 in chips) 
Seat 4: AvantGuard-7 ($0.80 in chips) 
Seat 5: Roman_jr89 ($1.26 in chips) 
Seat 6: Tobiz89 ($2.10 in chips) 
Seat 7: Gazem21 ($1.99 in chips) 
Seat 8: Trader PK ($3.88 in chips) 
Seat 9: Gtrrap ($2.20 in chips) 
MrThomas28: posts small blind $0.01
AvantGuard-7: posts big blind $0.02
Gazem21: posts big blind $0.02
*** HOLE CARDS ***
Dealt to Dorex2007 [9d 5d]
Roman_jr89: folds 
Tobiz89: folds 
Gazem21: checks 
Trader PK: folds 
Gtrrap: folds 
Dorex2007: folds 
geniuss: folds 
MrThomas28: calls $0.01
AvantGuard-7: checks 
*** FLOP *** [Qh 3d Ks]
MrThomas28: checks 
AvantGuard-7: checks 
Gazem21: checks 
*** TURN *** [Qh 3d Ks] [Ad]
MrThomas28: bets $0.06
AvantGuard-7: folds 
Gazem21: folds 
Uncalled bet ($0.06) returned to MrThomas28
MrThomas28 collected $0.06 from pot
MrThomas28: doesn't show hand 
*** SUMMARY ***
Total pot $0.06 | Rake $0 
Board [Qh 3d Ks Ad]
Seat 1: Dorex2007 folded before Flop (didn't bet)
Seat 2: geniuss (button) folded before Flop (didn't bet)
Seat 3: MrThomas28 (small blind) collected ($0.06)
Seat 4: AvantGuard-7 (big blind) folded on the Turn
Seat 5: Roman_jr89 folded before Flop (didn't bet)
Seat 6: Tobiz89 folded before Flop (didn't bet)
Seat 7: Gazem21 folded on the Turn (didn't bet)
Seat 8: Trader PK folded before Flop (didn't bet)
Seat 9: Gtrrap folded before Flop (didn't bet)



PokerStars Hand #230767844691:  Hold'em No Limit ($0.01/$0.02 USD) - 2021/10/20 20:45:48 PT [2021/10/20 23:45:48 ET]
Table 'Scylla V' 9-max Seat #3 is the button
Seat 1: Dorex2007 ($2 in chips) 
Seat 2: geniuss ($4.20 in chips) 
Seat 3: MrThomas28 ($2.92 in chips) 
Seat 4: AvantGuard-7 ($0.78 in chips) 
Seat 5: Roman_jr89 ($1.26 in chips) 
Seat 6: Tobiz89 ($2.10 in chips) 
Seat 7: Gazem21 ($1.97 in chips) 
Seat 8: Trader PK ($3.88 in chips) 
Seat 9: Gtrrap ($2.20 in chips) 
AvantGuard-7: posts small blind $0.01
Roman_jr89: posts big blind $0.02
*** HOLE CARDS ***
Dealt to Dorex2007 [8s Ah]
Tobiz89: raises $0.04 to $0.06
Gazem21: folds 
Trader PK: folds 
Gtrrap: folds 
Dorex2007: folds 
geniuss: folds 
MrThomas28: folds 
AvantGuard-7: folds 
Roman_jr89: calls $0.04
*** FLOP *** [8d 4h Jc]
Roman_jr89: checks 
Tobiz89: bets $0.09
Roman_jr89: calls $0.09
*** TURN *** [8d 4h Jc] [Ad]
Roman_jr89: bets $0.20
Tobiz89: calls $0.20
*** RIVER *** [8d 4h Jc Ad] [As]
Roman_jr89: bets $0.52
Tobiz89: raises $1.23 to $1.75 and is all-in
Roman_jr89: folds 
Uncalled bet ($1.23) returned to Tobiz89
Tobiz89 collected $1.69 from pot
Tobiz89: doesn't show hand 
*** SUMMARY ***
Total pot $1.75 | Rake $0.06 
Board [8d 4h Jc Ad As]
Seat 1: Dorex2007 folded before Flop (didn't bet)
Seat 2: geniuss folded before Flop (didn't bet)
Seat 3: MrThomas28 (button) folded before Flop (didn't bet)
Seat 4: AvantGuard-7 (small blind) folded before Flop
Seat 5: Roman_jr89 (big blind) folded on the River
Seat 6: Tobiz89 collected ($1.69)
Seat 7: Gazem21 folded before Flop (didn't bet)
Seat 8: Trader PK folded before Flop (didn't bet)
Seat 9: Gtrrap folded before Flop (didn't bet)



PokerStars Hand #230767863782:  Hold'em No Limit ($0.01/$0.02 USD) - 2021/10/20 20:46:41 PT [2021/10/20 23:46:41 ET]
Table 'Scylla V' 9-max Seat #4 is the button
Seat 1: Dorex2007 ($2 in chips) 
Seat 2: geniuss ($4.20 in chips) 
Seat 3: MrThomas28 ($2.92 in chips) 
Seat 4: AvantGuard-7 ($0.77 in chips) 
Seat 5: Roman_jr89 ($0.39 in chips) 
Seat 6: Tobiz89 ($2.92 in chips) 
Seat 7: Gazem21 ($1.97 in chips) 
Seat 8: Trader PK ($3.88 in chips) 
Seat 9: Gtrrap ($2.20 in chips) 
Roman_jr89: posts small blind $0.01
Tobiz89: posts big blind $0.02
*** HOLE CARDS ***
Dealt to Dorex2007 [Jh Kc]
Gazem21: calls $0.02
Trader PK: calls $0.02
Gtrrap: folds 
Dorex2007: raises $0.04 to $0.06
geniuss: calls $0.06
MrThomas28: folds 
AvantGuard-7: folds 
Roman_jr89: folds 
Tobiz89: folds 
Gazem21: calls $0.04
Trader PK: calls $0.04
*** FLOP *** [7s 5s Ks]
Gazem21: checks 
Trader PK: bets $0.13
Dorex2007: calls $0.13
geniuss: folds 
Gazem21: folds 
*** TURN *** [7s 5s Ks] [Td]
Trader PK: checks 
Dorex2007: checks 
*** RIVER *** [7s 5s Ks Td] [9d]
Trader PK: bets $0.26
Dorex2007: calls $0.26
*** SHOW DOWN ***
Trader PK: shows [Kh Ah] (a pair of Kings)
Dorex2007: mucks hand 
Trader PK collected $1.01 from pot
*** SUMMARY ***
Total pot $1.05 | Rake $0.04 
Board [7s 5s Ks Td 9d]
Seat 1: Dorex2007 mucked [Jh Kc]
Seat 2: geniuss folded on the Flop
Seat 3: MrThomas28 folded before Flop (didn't bet)
Seat 4: AvantGuard-7 (button) folded before Flop (didn't bet)
Seat 5: Roman_jr89 (small blind) folded before Flop
Seat 6: Tobiz89 (big blind) folded before Flop
Seat 7: Gazem21 folded on the Flop
Seat 8: Trader PK showed [Kh Ah] and won ($1.01) with a pair of Kings
Seat 9: Gtrrap folded before Flop (didn't bet)



PokerStars Hand #230767872494:  Hold'em No Limit ($0.01/$0.02 USD) - 2021/10/20 20:47:34 PT [2021/10/20 23:47:34 ET]
Table 'Scylla V' 9-max Seat #5 is the button
Seat 1: Dorex2007 ($2 in chips) 
Seat 2: geniuss ($4.14 in chips) 
Seat 3: MrThomas28 ($2.92 in chips) 
Seat 4: AvantGuard-7 ($0.77 in chips) 
Seat 5: Roman_jr89 ($0.38 in chips) 
Seat 7: Gazem21 ($1.91 in chips) 
Seat 8: Trader PK ($4.44 in chips) 
Seat 9: Gtrrap ($2.20 in chips) 
Gazem21: posts small blind $0.01
Trader PK: posts big blind $0.02
*** HOLE CARDS ***
Dealt to Dorex2007 [Kh 9s]
Gtrrap: calls $0.02
Dorex2007: folds 
geniuss: folds 
MrThomas28: folds 
AvantGuard-7: folds 
Roman_jr89: raises $0.36 to $0.38 and is all-in
Gazem21: calls $0.37
Trader PK: folds 
Gtrrap: folds 
*** FLOP *** [Kd Jc 6h]
*** TURN *** [Kd Jc 6h] [Jh]
*** RIVER *** [Kd Jc 6h Jh] [8c]
*** SHOW DOWN ***
Gazem21: shows [Qh Ts] (a pair of Jacks)
Roman_jr89: shows [2d 8d] (two pair, Jacks and Eights)
Roman_jr89 collected $0.77 from pot
*** SUMMARY ***
Total pot $0.80 | Rake $0.03 
Board [Kd Jc 6h Jh 8c]
Seat 1: Dorex2007 folded before Flop (didn't bet)
Seat 2: geniuss folded before Flop (didn't bet)
Seat 3: MrThomas28 folded before Flop (didn't bet)
Seat 4: AvantGuard-7 folded before Flop (didn't bet)
Seat 5: Roman_jr89 (button) showed [2d 8d] and won ($0.77) with two pair, Jacks and Eights
Seat 7: Gazem21 (small blind) showed [Qh Ts] and lost with a pair of Jacks
Seat 8: Trader PK (big blind) folded before Flop
Seat 9: Gtrrap folded before Flop



PokerStars Hand #230767879798:  Hold'em No Limit ($0.01/$0.02 USD) - 2021/10/20 20:48:19 PT [2021/10/20 23:48:19 ET]
Table 'Scylla V' 9-max Seat #7 is the button
Seat 1: Dorex2007 ($2 in chips) 
Seat 2: geniuss ($4.14 in chips) 
Seat 3: MrThomas28 ($2.92 in chips) 
Seat 4: AvantGuard-7 ($0.77 in chips) 
Seat 5: Roman_jr89 ($0.77 in chips) 
Seat 7: Gazem21 ($1.53 in chips) 
Seat 8: Trader PK ($4.42 in chips) 
Seat 9: Gtrrap ($2.18 in chips) 
Trader PK: posts small blind $0.01
Gtrrap: posts big blind $0.02
*** HOLE CARDS ***
Dealt to Dorex2007 [8c Qd]
Dorex2007: folds 
geniuss: folds 
MrThomas28: folds 
AvantGuard-7: folds 
Roman_jr89: raises $0.03 to $0.05
Gazem21: calls $0.05
Trader PK: folds 
Gtrrap: calls $0.03
*** FLOP *** [Jh As 3h]
Gtrrap: checks 
Roman_jr89: bets $0.08
Gazem21: folds 
Gtrrap: raises $0.16 to $0.24
Roman_jr89: raises $0.48 to $0.72 and is all-in
Gtrrap: calls $0.48
*** TURN *** [Jh As 3h] [8h]
*** RIVER *** [Jh As 3h 8h] [7h]
*** SHOW DOWN ***
Gtrrap: shows [3c Ah] (a flush, Ace high)
Roman_jr89: shows [8s Ac] (two pair, Aces and Eights)
Gtrrap collected $1.54 from pot
*** SUMMARY ***
Total pot $1.60 | Rake $0.06 
Board [Jh As 3h 8h 7h]
Seat 1: Dorex2007 folded before Flop (didn't bet)
Seat 2: geniuss folded before Flop (didn't bet)
Seat 3: MrThomas28 folded before Flop (didn't bet)
Seat 4: AvantGuard-7 folded before Flop (didn't bet)
Seat 5: Roman_jr89 showed [8s Ac] and lost with two pair, Aces and Eights
Seat 7: Gazem21 (button) folded on the Flop
Seat 8: Trader PK (small blind) folded before Flop
Seat 9: Gtrrap (big blind) showed [3c Ah] and won ($1.54) with a flush, Ace high



PokerStars Hand #230767891643:  Hold'em No Limit ($0.01/$0.02 USD) - 2021/10/20 20:49:31 PT [2021/10/20 23:49:31 ET]
Table 'Scylla V' 9-max Seat #8 is the button
Seat 1: Dorex2007 ($2 in chips) 
Seat 2: geniuss ($4.14 in chips) 
Seat 3: MrThomas28 ($2.92 in chips) 
Seat 4: AvantGuard-7 ($0.77 in chips) 
Seat 7: Gazem21 ($1.48 in chips) 
Seat 8: Trader PK ($4.41 in chips) 
Seat 9: Gtrrap ($2.95 in chips) 
Gtrrap: posts small blind $0.01
Dorex2007: posts big blind $0.02
*** HOLE CARDS ***
Dealt to Dorex2007 [4s 4h]
geniuss: folds 
MrThomas28: folds 
AvantGuard-7: folds 
Gazem21: folds 
Trader PK: calls $0.02
Gtrrap: folds 
Dorex2007: checks 
*** FLOP *** [2h Kc Jc]
Dorex2007: checks 
Trader PK: bets $0.02
Dorex2007: folds 
Uncalled bet ($0.02) returned to Trader PK
Trader PK collected $0.05 from pot
Trader PK: doesn't show hand 
*** SUMMARY ***
Total pot $0.05 | Rake $0 
Board [2h Kc Jc]
Seat 1: Dorex2007 (big blind) folded on the Flop
Seat 2: geniuss folded before Flop (didn't bet)
Seat 3: MrThomas28 folded before Flop (didn't bet)
Seat 4: AvantGuard-7 folded before Flop (didn't bet)
Seat 7: Gazem21 folded before Flop (didn't bet)
Seat 8: Trader PK (button) collected ($0.05)
Seat 9: Gtrrap (small blind) folded before Flop



PokerStars Hand #230767895957:  Hold'em No Limit ($0.01/$0.02 USD) - 2021/10/20 20:49:58 PT [2021/10/20 23:49:58 ET]
Table 'Scylla V' 9-max Seat #9 is the button
Seat 1: Dorex2007 ($2 in chips) 
Seat 2: geniuss ($4.14 in chips) 
Seat 3: MrThomas28 ($2.92 in chips) 
Seat 4: AvantGuard-7 ($0.77 in chips) 
Seat 7: Gazem21 ($1.48 in chips) 
Seat 8: Trader PK ($4.44 in chips) 
Seat 9: Gtrrap ($2.94 in chips) 
Dorex2007: posts small blind $0.01
geniuss: posts big blind $0.02
*** HOLE CARDS ***
Dealt to Dorex2007 [7c 8h]
Roman_jr89 leaves the table
MrThomas28: folds 
AvantGuard-7: raises $0.02 to $0.04
Gazem21: folds 
Trader PK: folds 
Gtrrap: calls $0.04
Dorex2007: folds 
geniuss: folds 
*** FLOP *** [4s 3c 2c]
AvantGuard-7: bets $0.07
Gtrrap: folds 
Uncalled bet ($0.07) returned to AvantGuard-7
AvantGuard-7 collected $0.11 from pot
AvantGuard-7: doesn't show hand 
*** SUMMARY ***
Total pot $0.11 | Rake $0 
Board [4s 3c 2c]
Seat 1: Dorex2007 (small blind) folded before Flop
Seat 2: geniuss (big blind) folded before Flop
Seat 3: MrThomas28 folded before Flop (didn't bet)
Seat 4: AvantGuard-7 collected ($0.11)
Seat 7: Gazem21 folded before Flop (didn't bet)
Seat 8: Trader PK folded before Flop (didn't bet)
Seat 9: Gtrrap (button) folded on the Flop



PokerStars Hand #230767902772:  Hold'em No Limit ($0.01/$0.02 USD) - 2021/10/20 20:50:40 PT [2021/10/20 23:50:40 ET]
Table 'Scylla V' 9-max Seat #1 is the button
Seat 1: Dorex2007 ($2 in chips) 
Seat 2: geniuss ($4.12 in chips) 
Seat 3: MrThomas28 ($2.92 in chips) 
Seat 4: AvantGuard-7 ($0.84 in chips) 
Seat 7: Gazem21 ($1.48 in chips) 
Seat 8: Trader PK ($4.44 in chips) 
Seat 9: Gtrrap ($2.90 in chips) 
geniuss: posts small blind $0.01
MrThomas28: posts big blind $0.02
*** HOLE CARDS ***
Dealt to Dorex2007 [7d Kc]
AvantGuard-7: folds 
Gazem21: calls $0.02
Trader PK: folds 
Gtrrap: folds 
Dorex2007: folds 
abufirs joins the table at seat #5 
geniuss: calls $0.01
MrThomas28: checks 
*** FLOP *** [8h 5h Qs]
geniuss: checks 
MrThomas28: checks 
Gazem21: checks 
*** TURN *** [8h 5h Qs] [4d]
geniuss: checks 
MrThomas28: checks 
Gazem21: checks 
*** RIVER *** [8h 5h Qs 4d] [8d]
geniuss: checks 
MrThomas28: checks 
Gazem21: checks 
*** SHOW DOWN ***
geniuss: shows [9d Ad] (a pair of Eights)
MrThomas28: shows [4s 6d] (two pair, Eights and Fours)
Gazem21: mucks hand 
MrThomas28 collected $0.06 from pot
*** SUMMARY ***
Total pot $0.06 | Rake $0 
Board [8h 5h Qs 4d 8d]
Seat 1: Dorex2007 (button) folded before Flop (didn't bet)
Seat 2: geniuss (small blind) showed [9d Ad] and lost with a pair of Eights
Seat 3: MrThomas28 (big blind) showed [4s 6d] and won ($0.06) with two pair, Eights and Fours
Seat 4: AvantGuard-7 folded before Flop (didn't bet)
Seat 7: Gazem21 mucked [Js As]
Seat 8: Trader PK folded before Flop (didn't bet)
Seat 9: Gtrrap folded before Flop (didn't bet)



PokerStars Hand #230767911923:  Hold'em No Limit ($0.01/$0.02 USD) - 2021/10/20 20:51:36 PT [2021/10/20 23:51:36 ET]
Table 'Scylla V' 9-max Seat #2 is the button
Seat 1: Dorex2007 ($2 in chips) 
Seat 2: geniuss ($4.10 in chips) 
Seat 3: MrThomas28 ($2.96 in chips) 
Seat 4: AvantGuard-7 ($0.84 in chips) 
Seat 7: Gazem21 ($1.46 in chips) 
Seat 8: Trader PK ($4.44 in chips) 
Seat 9: Gtrrap ($2.90 in chips) 
MrThomas28: posts small blind $0.01
AvantGuard-7: posts big blind $0.02
abufirs: sits out 
*** HOLE CARDS ***
Dealt to Dorex2007 [Ad Ac]
Gazem21: folds 
Trader PK: folds 
Gtrrap: raises $0.04 to $0.06
Dorex2007: raises $0.04 to $0.10
geniuss: folds 
MrThomas28: folds 
AvantGuard-7: folds 
Gtrrap: calls $0.04
*** FLOP *** [2s Kc Kh]
Gtrrap: checks 
Dorex2007: bets $0.11
Gtrrap: calls $0.11
*** TURN *** [2s Kc Kh] [8h]
Gtrrap: checks 
Dorex2007: checks 
*** RIVER *** [2s Kc Kh 8h] [Td]
Gtrrap: bets $0.21
Dorex2007: calls $0.21
*** SHOW DOWN ***
Gtrrap: shows [Kd As] (three of a kind, Kings)
Dorex2007: mucks hand 
Gtrrap collected $0.84 from pot
*** SUMMARY ***
Total pot $0.87 | Rake $0.03 
Board [2s Kc Kh 8h Td]
Seat 1: Dorex2007 mucked [Ad Ac]
Seat 2: geniuss (button) folded before Flop (didn't bet)
Seat 3: MrThomas28 (small blind) folded before Flop
Seat 4: AvantGuard-7 (big blind) folded before Flop
Seat 7: Gazem21 folded before Flop (didn't bet)
Seat 8: Trader PK folded before Flop (didn't bet)
Seat 9: Gtrrap showed [Kd As] and won ($0.84) with three of a kind, Kings



PokerStars Hand #230767919088:  Hold'em No Limit ($0.01/$0.02 USD) - 2021/10/20 20:52:21 PT [2021/10/20 23:52:21 ET]
Table 'Scylla V' 9-max Seat #3 is the button
Seat 1: Dorex2007 ($2 in chips) 
Seat 2: geniuss ($4.10 in chips) 
Seat 3: MrThomas28 ($2.95 in chips) 
Seat 4: AvantGuard-7 ($0.82 in chips) 
Seat 5: abufirs ($1.74 in chips) 
Seat 7: Gazem21 ($1.46 in chips) 
Seat 8: Trader PK ($4.44 in chips) 
Seat 9: Gtrrap ($3.32 in chips) 
AvantGuard-7: posts small blind $0.01
abufirs: posts big blind $0.02
*** HOLE CARDS ***
Dealt to Dorex2007 [3c Jd]
Gazem21: folds 
Trader PK: folds 
Gtrrap: calls $0.02
Dorex2007: folds 
geniuss: folds 
MrThomas28: raises $0.06 to $0.08
AvantGuard-7: folds 
abufirs: calls $0.06
Gtrrap: folds 
*** FLOP *** [4d Ts 7d]
abufirs: checks 
MrThomas28: checks 
*** TURN *** [4d Ts 7d] [9d]
abufirs: checks 
MrThomas28: checks 
*** RIVER *** [4d Ts 7d 9d] [Kd]
abufirs: checks 
MrThomas28: checks 
*** SHOW DOWN ***
abufirs: shows [6c Ac] (high card Ace)
MrThomas28: shows [Ah Jc] (high card Ace - King+Jack kicker)
MrThomas28 collected $0.18 from pot
*** SUMMARY ***
Total pot $0.19 | Rake $0.01 
Board [4d Ts 7d 9d Kd]
Seat 1: Dorex2007 folded before Flop (didn't bet)
Seat 2: geniuss folded before Flop (didn't bet)
Seat 3: MrThomas28 (button) showed [Ah Jc] and won ($0.18) with high card Ace
Seat 4: AvantGuard-7 (small blind) folded before Flop
Seat 5: abufirs (big blind) showed [6c Ac] and lost with high card Ace
Seat 7: Gazem21 folded before Flop (didn't bet)
Seat 8: Trader PK folded before Flop (didn't bet)
Seat 9: Gtrrap folded before Flop



PokerStars Hand #230767928108:  Hold'em No Limit ($0.01/$0.02 USD) - 2021/10/20 20:53:17 PT [2021/10/20 23:53:17 ET]
Table 'Scylla V' 9-max Seat #4 is the button
Seat 1: Dorex2007 ($2 in chips) 
Seat 2: geniuss ($4.10 in chips) 
Seat 3: MrThomas28 ($3.05 in chips) 
Seat 4: AvantGuard-7 ($0.81 in chips) 
Seat 5: abufirs ($1.66 in chips) 
Seat 7: Gazem21 ($1.46 in chips) 
Seat 8: Trader PK ($4.44 in chips) 
Seat 9: Gtrrap ($3.30 in chips) 
abufirs: posts small blind $0.01
Gazem21: posts big blind $0.02
*** HOLE CARDS ***
Dealt to Dorex2007 [8c Qh]
Trader PK: folds 
Gtrrap: folds 
Dorex2007: folds 
geniuss: folds 
MrThomas28: folds 
AvantGuard-7: calls $0.02
abufirs: calls $0.01
Gazem21: checks 
*** FLOP *** [9s 4c 3s]
abufirs: checks 
Gazem21: checks 
AvantGuard-7: bets $0.05
abufirs: folds 
Gazem21: folds 
Uncalled bet ($0.05) returned to AvantGuard-7
AvantGuard-7 collected $0.06 from pot
AvantGuard-7: doesn't show hand 
*** SUMMARY ***
Total pot $0.06 | Rake $0 
Board [9s 4c 3s]
Seat 1: Dorex2007 folded before Flop (didn't bet)
Seat 2: geniuss folded before Flop (didn't bet)
Seat 3: MrThomas28 folded before Flop (didn't bet)
Seat 4: AvantGuard-7 (button) collected ($0.06)
Seat 5: abufirs (small blind) folded on the Flop
Seat 7: Gazem21 (big blind) folded on the Flop
Seat 8: Trader PK folded before Flop (didn't bet)
Seat 9: Gtrrap folded before Flop (didn't bet)



PokerStars Hand #230767941000:  Hold'em No Limit ($0.01/$0.02 USD) - 2021/10/20 20:54:19 PT [2021/10/20 23:54:19 ET]
Table 'Scylla V' 9-max Seat #5 is the button
Seat 1: Dorex2007 ($2 in chips) 
Seat 2: geniuss ($4.10 in chips) 
Seat 3: MrThomas28 ($3.05 in chips) 
Seat 4: AvantGuard-7 ($0.85 in chips) 
Seat 5: abufirs ($1.64 in chips) 
Seat 7: Gazem21 ($1.44 in chips) 
Seat 9: Gtrrap ($3.30 in chips) 
Gazem21: posts small blind $0.01
Trader PK: is sitting out 
Gtrrap: posts big blind $0.02
*** HOLE CARDS ***
Dealt to Dorex2007 [6h 4d]
Dorex2007: folds 
geniuss: folds 
MrThomas28: raises $0.04 to $0.06
AvantGuard-7: folds 
abufirs: calls $0.06
Gazem21: calls $0.05
Gtrrap: calls $0.04
*** FLOP *** [2d 2c 4s]
Gazem21: checks 
Gtrrap: checks 
MrThomas28: checks 
abufirs: checks 
*** TURN *** [2d 2c 4s] [Ah]
Gazem21: checks 
Gtrrap: checks 
MrThomas28: bets $0.14
abufirs: folds 
Gazem21: folds 
Gtrrap: folds 
Uncalled bet ($0.14) returned to MrThomas28
MrThomas28 collected $0.23 from pot
MrThomas28: doesn't show hand 
*** SUMMARY ***
Total pot $0.24 | Rake $0.01 
Board [2d 2c 4s Ah]
Seat 1: Dorex2007 folded before Flop (didn't bet)
Seat 2: geniuss folded before Flop (didn't bet)
Seat 3: MrThomas28 collected ($0.23)
Seat 4: AvantGuard-7 folded before Flop (didn't bet)
Seat 5: abufirs (button) folded on the Turn
Seat 7: Gazem21 (small blind) folded on the Turn
Seat 9: Gtrrap (big blind) folded on the Turn



PokerStars Hand #230767949363:  Hold'em No Limit ($0.01/$0.02 USD) - 2021/10/20 20:55:13 PT [2021/10/20 23:55:13 ET]
Table 'Scylla V' 9-max Seat #7 is the button
Seat 1: Dorex2007 ($2 in chips) 
Seat 2: geniuss ($4.10 in chips) 
Seat 3: MrThomas28 ($3.22 in chips) 
Seat 4: AvantGuard-7 ($0.85 in chips) 
Seat 5: abufirs ($1.58 in chips) 
Seat 7: Gazem21 ($1.38 in chips) 
Seat 9: Gtrrap ($3.24 in chips) 
Gtrrap: posts small blind $0.01
Dorex2007: posts big blind $0.02
*** HOLE CARDS ***
Dealt to Dorex2007 [8h Kd]
geniuss: folds 
Trader PK leaves the table
MrThomas28: folds 
AvantGuard-7: folds 
abufirs: folds 
Gazem21: folds 
Gtrrap: folds 
Uncalled bet ($0.01) returned to Dorex2007
Dorex2007 collected $0.02 from pot
Dorex2007: doesn't show hand 
*** SUMMARY ***
Total pot $0.02 | Rake $0 
Seat 1: Dorex2007 (big blind) collected ($0.02)
Seat 2: geniuss folded before Flop (didn't bet)
Seat 3: MrThomas28 folded before Flop (didn't bet)
Seat 4: AvantGuard-7 folded before Flop (didn't bet)
Seat 5: abufirs folded before Flop (didn't bet)
Seat 7: Gazem21 (button) folded before Flop (didn't bet)
Seat 9: Gtrrap (small blind) folded before Flop



PokerStars Hand #230767951459:  Hold'em No Limit ($0.01/$0.02 USD) - 2021/10/20 20:55:29 PT [2021/10/20 23:55:29 ET]
Table 'Scylla V' 9-max Seat #9 is the button
Seat 1: Dorex2007 ($2.01 in chips) 
Seat 2: geniuss ($4.10 in chips) 
Seat 3: MrThomas28 ($3.22 in chips) 
Seat 4: AvantGuard-7 ($0.85 in chips) 
Seat 5: abufirs ($1.58 in chips) 
Seat 7: Gazem21 ($1.38 in chips) 
Seat 9: Gtrrap ($3.23 in chips) 
Dorex2007: posts small blind $0.01
geniuss: posts big blind $0.02
*** HOLE CARDS ***
Dealt to Dorex2007 [2d 8d]
MrThomas28: folds 
AvantGuard-7: folds 
abufirs: raises $0.04 to $0.06
LuckyGranpa joins the table at seat #8 
Gazem21: folds 
Gtrrap: calls $0.06
Dorex2007: folds 
geniuss: folds 
*** FLOP *** [3c 3d 8s]
abufirs: bets $0.08
Gtrrap: folds 
Uncalled bet ($0.08) returned to abufirs
abufirs collected $0.14 from pot
*** SUMMARY ***
Total pot $0.15 | Rake $0.01 
Board [3c 3d 8s]
Seat 1: Dorex2007 (small blind) folded before Flop
Seat 2: geniuss (big blind) folded before Flop
Seat 3: MrThomas28 folded before Flop (didn't bet)
Seat 4: AvantGuard-7 folded before Flop (didn't bet)
Seat 5: abufirs collected ($0.14)
Seat 7: Gazem21 folded before Flop (didn't bet)
Seat 9: Gtrrap (button) folded on the Flop



PokerStars Hand #230767956356:  Hold'em No Limit ($0.01/$0.02 USD) - 2021/10/20 20:56:07 PT [2021/10/20 23:56:07 ET]
Table 'Scylla V' 9-max Seat #1 is the button
Seat 1: Dorex2007 ($2 in chips) 
Seat 2: geniuss ($4.08 in chips) 
Seat 3: MrThomas28 ($3.22 in chips) 
Seat 4: AvantGuard-7 ($0.85 in chips) 
Seat 5: abufirs ($1.66 in chips) 
Seat 7: Gazem21 ($1.38 in chips) 
Seat 8: LuckyGranpa ($0.80 in chips) 
Seat 9: Gtrrap ($3.17 in chips) 
geniuss: posts small blind $0.01
MrThomas28: posts big blind $0.02
LuckyGranpa: posts big blind $0.02
*** HOLE CARDS ***
Dealt to Dorex2007 [7h 2h]
AvantGuard-7: folds 
abufirs: raises $0.04 to $0.06
Gazem21: calls $0.06
LuckyGranpa: calls $0.04
Gtrrap: folds 
Dorex2007: folds 
geniuss: folds 
MrThomas28: calls $0.04
*** FLOP *** [Ad 8h 8s]
MrThomas28: checks 
abufirs: bets $0.12
Gazem21: folds 
LuckyGranpa: folds 
MrThomas28: folds 
Uncalled bet ($0.12) returned to abufirs
abufirs collected $0.24 from pot
*** SUMMARY ***
Total pot $0.25 | Rake $0.01 
Board [Ad 8h 8s]
Seat 1: Dorex2007 (button) folded before Flop (didn't bet)
Seat 2: geniuss (small blind) folded before Flop
Seat 3: MrThomas28 (big blind) folded on the Flop
Seat 4: AvantGuard-7 folded before Flop (didn't bet)
Seat 5: abufirs collected ($0.24)
Seat 7: Gazem21 folded on the Flop
Seat 8: LuckyGranpa folded on the Flop
Seat 9: Gtrrap folded before Flop (didn't bet)



PokerStars Hand #230767962037:  Hold'em No Limit ($0.01/$0.02 USD) - 2021/10/20 20:56:51 PT [2021/10/20 23:56:51 ET]
Table 'Scylla V' 9-max Seat #2 is the button
Seat 1: Dorex2007 ($2 in chips) 
Seat 2: geniuss ($4.07 in chips) 
Seat 3: MrThomas28 ($3.16 in chips) 
Seat 4: AvantGuard-7 ($0.85 in chips) 
Seat 5: abufirs ($1.84 in chips) 
Seat 7: Gazem21 ($1.32 in chips) 
Seat 8: LuckyGranpa ($0.74 in chips) 
Seat 9: Gtrrap ($3.17 in chips) 
MrThomas28: posts small blind $0.01
AvantGuard-7: posts big blind $0.02
Tobiz89: sits out 
*** HOLE CARDS ***
Dealt to Dorex2007 [6h 7h]
abufirs: calls $0.02
Gazem21: folds 
LuckyGranpa: folds 
Gtrrap: folds 
Dorex2007: calls $0.02
geniuss: calls $0.02
MrThomas28: folds 
AvantGuard-7: checks 
*** FLOP *** [Ts Ac 2d]
AvantGuard-7: bets $0.06
abufirs: folds 
Dorex2007: folds 
geniuss: calls $0.06
*** TURN *** [Ts Ac 2d] [Kd]
AvantGuard-7: bets $0.12
geniuss: calls $0.12
*** RIVER *** [Ts Ac 2d Kd] [Qd]
AvantGuard-7: checks 
geniuss: checks 
*** SHOW DOWN ***
AvantGuard-7: shows [Ad Qc] (two pair, Aces and Queens)
geniuss: shows [As Js] (a straight, Ten to Ace)
geniuss collected $0.43 from pot
*** SUMMARY ***
Total pot $0.45 | Rake $0.02 
Board [Ts Ac 2d Kd Qd]
Seat 1: Dorex2007 folded on the Flop
Seat 2: geniuss (button) showed [As Js] and won ($0.43) with a straight, Ten to Ace
Seat 3: MrThomas28 (small blind) folded before Flop
Seat 4: AvantGuard-7 (big blind) showed [Ad Qc] and lost with two pair, Aces and Queens
Seat 5: abufirs folded on the Flop
Seat 7: Gazem21 folded before Flop (didn't bet)
Seat 8: LuckyGranpa folded before Flop (didn't bet)
Seat 9: Gtrrap folded before Flop (didn't bet)



PokerStars Hand #230767969958:  Hold'em No Limit ($0.01/$0.02 USD) - 2021/10/20 20:57:52 PT [2021/10/20 23:57:52 ET]
Table 'Scylla V' 9-max Seat #3 is the button
Seat 1: Dorex2007 ($2 in chips) 
Seat 2: geniuss ($4.30 in chips) 
Seat 3: MrThomas28 ($3.15 in chips) 
Seat 4: AvantGuard-7 ($0.65 in chips) 
Seat 5: abufirs ($1.82 in chips) 
Seat 7: Gazem21 ($1.32 in chips) 
Seat 8: LuckyGranpa ($0.74 in chips) 
Seat 9: Gtrrap ($3.17 in chips) 
AvantGuard-7: posts small blind $0.01
abufirs: posts big blind $0.02
Tobiz89: sits out 
*** HOLE CARDS ***
Dealt to Dorex2007 [Td 3c]
Gazem21: calls $0.02
LuckyGranpa: calls $0.02
Gtrrap: calls $0.02
Dorex2007: folds 
geniuss: folds 
MrThomas28: folds 
AvantGuard-7: calls $0.01
abufirs: checks 
*** FLOP *** [Th 2h Jd]
AvantGuard-7: checks 
abufirs: checks 
Gazem21: checks 
LuckyGranpa: checks 
Gtrrap: checks 
*** TURN *** [Th 2h Jd] [Ts]
AvantGuard-7: checks 
abufirs: checks 
Gazem21: checks 
LuckyGranpa: checks 
Gtrrap: checks 
*** RIVER *** [Th 2h Jd Ts] [6d]
AvantGuard-7: bets $0.02
abufirs: folds 
Gazem21: calls $0.02
LuckyGranpa: folds 
Gtrrap: folds 
*** SHOW DOWN ***
AvantGuard-7: shows [6c 8d] (two pair, Tens and Sixes)
Gazem21: shows [6h 7h] (two pair, Tens and Sixes)
AvantGuard-7 collected $0.07 from pot
Gazem21 collected $0.07 from pot
*** SUMMARY ***
Total pot $0.14 | Rake $0 
Board [Th 2h Jd Ts 6d]
Seat 1: Dorex2007 folded before Flop (didn't bet)
Seat 2: geniuss folded before Flop (didn't bet)
Seat 3: MrThomas28 (button) folded before Flop (didn't bet)
Seat 4: AvantGuard-7 (small blind) showed [6c 8d] and won ($0.07) with two pair, Tens and Sixes
Seat 5: abufirs (big blind) folded on the River
Seat 7: Gazem21 showed [6h 7h] and won ($0.07) with two pair, Tens and Sixes
Seat 8: LuckyGranpa folded on the River
Seat 9: Gtrrap folded on the River



PokerStars Hand #230767978603:  Hold'em No Limit ($0.01/$0.02 USD) - 2021/10/20 20:58:58 PT [2021/10/20 23:58:58 ET]
Table 'Scylla V' 9-max Seat #4 is the button
Seat 1: Dorex2007 ($2 in chips) 
Seat 2: geniuss ($4.30 in chips) 
Seat 3: MrThomas28 ($3.15 in chips) 
Seat 4: AvantGuard-7 ($0.68 in chips) 
Seat 5: abufirs ($1.80 in chips) 
Seat 6: Tobiz89 ($2.90 in chips) 
Seat 7: Gazem21 ($1.35 in chips) 
Seat 8: LuckyGranpa ($0.72 in chips) 
Seat 9: Gtrrap ($3.15 in chips) 
abufirs: posts small blind $0.01
Tobiz89: posts big blind $0.02
*** HOLE CARDS ***
Dealt to Dorex2007 [Js 5s]
Gazem21: calls $0.02
LuckyGranpa: folds 
Gtrrap: folds 
Dorex2007: folds 
geniuss: folds 
MrThomas28: raises $0.04 to $0.06
AvantGuard-7: folds 
abufirs: calls $0.05
Tobiz89: folds 
Gazem21: calls $0.04
*** FLOP *** [9d 4s 2c]
abufirs: bets $0.19
Gazem21: folds 
MrThomas28: calls $0.19
*** TURN *** [9d 4s 2c] [8d]
abufirs: bets $0.56
MrThomas28: calls $0.56
*** RIVER *** [9d 4s 2c 8d] [Ac]
abufirs: checks 
MrThomas28: bets $1
abufirs: folds 
Uncalled bet ($1) returned to MrThomas28
MrThomas28 collected $1.64 from pot
MrThomas28: doesn't show hand 
*** SUMMARY ***
Total pot $1.70 | Rake $0.06 
Board [9d 4s 2c 8d Ac]
Seat 1: Dorex2007 folded before Flop (didn't bet)
Seat 2: geniuss folded before Flop (didn't bet)
Seat 3: MrThomas28 collected ($1.64)
Seat 4: AvantGuard-7 (button) folded before Flop (didn't bet)
Seat 5: abufirs (small blind) folded on the River
Seat 6: Tobiz89 (big blind) folded before Flop
Seat 7: Gazem21 folded on the Flop
Seat 8: LuckyGranpa folded before Flop (didn't bet)
Seat 9: Gtrrap folded before Flop (didn't bet)



