PokerStars Hand #237032148584:  Hold'em No Limit ($0.01/$0.02 USD) - 2022/06/27 20:25:44 PT [2022/06/27 23:25:44 ET]
Table 'Innes' 9-max Seat #6 is the button
Seat 1: Diegokoltun ($1.58 in chips) 
Seat 2: bspice01 ($1.43 in chips) 
Seat 3: lardass51 ($1.59 in chips) 
Seat 4: frosa9397 ($1.95 in chips) 
Seat 5: RealKoi ($2.08 in chips) 
Seat 6: georgebigode ($1.01 in chips) 
Seat 7: idealét1-2 ($3.72 in chips) 
Seat 8: Dorex2007 ($2 in chips) 
Seat 9: matt blakk ($1.95 in chips) 
idealét1-2: posts small blind $0.01
Dorex2007: posts big blind $0.02
*** HOLE CARDS ***
Dealt to Dorex2007 [Qh Ad]
matt blakk: folds 
Diegokoltun: folds 
bspice01: folds 
lardass51: folds 
frosa9397: folds 
RealKoi: folds 
georgebigode: folds 
idealét1-2: calls $0.01
Dorex2007: checks 
*** FLOP *** [Qc Kd 7h]
idealét1-2: checks 
Dorex2007: bets $0.04
idealét1-2: calls $0.04
*** TURN *** [Qc Kd 7h] [7s]
idealét1-2: bets $0.10
Dorex2007: folds 
Uncalled bet ($0.10) returned to idealét1-2
idealét1-2 collected $0.12 from pot
*** SUMMARY ***
Total pot $0.12 | Rake $0 
Board [Qc Kd 7h 7s]
Seat 1: Diegokoltun folded before Flop (didn't bet)
Seat 2: bspice01 folded before Flop (didn't bet)
Seat 3: lardass51 folded before Flop (didn't bet)
Seat 4: frosa9397 folded before Flop (didn't bet)
Seat 5: RealKoi folded before Flop (didn't bet)
Seat 6: georgebigode (button) folded before Flop (didn't bet)
Seat 7: idealét1-2 (small blind) collected ($0.12)
Seat 8: Dorex2007 (big blind) folded on the Turn
Seat 9: matt blakk folded before Flop (didn't bet)



PokerStars Hand #237032158496:  Hold'em No Limit ($0.01/$0.02 USD) - 2022/06/27 20:26:47 PT [2022/06/27 23:26:47 ET]
Table 'Innes' 9-max Seat #7 is the button
Seat 1: Diegokoltun ($1.58 in chips) 
Seat 2: bspice01 ($1.43 in chips) 
Seat 3: lardass51 ($1.59 in chips) 
Seat 4: frosa9397 ($1.95 in chips) 
Seat 5: RealKoi ($2.08 in chips) 
Seat 6: georgebigode ($1.01 in chips) 
Seat 7: idealét1-2 ($3.78 in chips) 
Seat 8: Dorex2007 ($2 in chips) 
Seat 9: matt blakk ($1.95 in chips) 
Dorex2007: posts small blind $0.01
matt blakk: posts big blind $0.02
*** HOLE CARDS ***
Dealt to Dorex2007 [Td 6h]
Diegokoltun: folds 
bspice01: folds 
lardass51 has timed out
lardass51: folds 
frosa9397: folds 
RealKoi: folds 
georgebigode: folds 
idealét1-2: folds 
Dorex2007: calls $0.01
matt blakk: checks 
*** FLOP *** [6c 8c 8d]
Dorex2007: bets $0.04
matt blakk: folds 
Uncalled bet ($0.04) returned to Dorex2007
Dorex2007 collected $0.04 from pot
*** SUMMARY ***
Total pot $0.04 | Rake $0 
Board [6c 8c 8d]
Seat 1: Diegokoltun folded before Flop (didn't bet)
Seat 2: bspice01 folded before Flop (didn't bet)
Seat 3: lardass51 folded before Flop (didn't bet)
Seat 4: frosa9397 folded before Flop (didn't bet)
Seat 5: RealKoi folded before Flop (didn't bet)
Seat 6: georgebigode folded before Flop (didn't bet)
Seat 7: idealét1-2 (button) folded before Flop (didn't bet)
Seat 8: Dorex2007 (small blind) collected ($0.04)
Seat 9: matt blakk (big blind) folded on the Flop



PokerStars Hand #237032165861:  Hold'em No Limit ($0.01/$0.02 USD) - 2022/06/27 20:27:33 PT [2022/06/27 23:27:33 ET]
Table 'Innes' 9-max Seat #8 is the button
Seat 1: Diegokoltun ($1.58 in chips) 
Seat 2: bspice01 ($1.43 in chips) 
Seat 3: lardass51 ($1.59 in chips) 
Seat 4: frosa9397 ($1.95 in chips) 
Seat 5: RealKoi ($2.08 in chips) 
Seat 6: georgebigode ($1.01 in chips) 
Seat 7: idealét1-2 ($3.78 in chips) 
Seat 8: Dorex2007 ($2.02 in chips) 
Seat 9: matt blakk ($1.93 in chips) 
matt blakk: posts small blind $0.01
Diegokoltun: posts big blind $0.02
*** HOLE CARDS ***
Dealt to Dorex2007 [5c 9s]
bspice01: folds 
lardass51: calls $0.02
frosa9397: folds 
RealKoi: folds 
georgebigode: folds 
idealét1-2: calls $0.02
Dorex2007: folds 
matt blakk: calls $0.01
Diegokoltun: checks 
*** FLOP *** [3h 4h 9c]
matt blakk: checks 
Diegokoltun: checks 
lardass51: checks 
idealét1-2: checks 
*** TURN *** [3h 4h 9c] [5d]
matt blakk: checks 
Diegokoltun: checks 
lardass51: checks 
idealét1-2: checks 
*** RIVER *** [3h 4h 9c 5d] [Kd]
matt blakk: checks 
Diegokoltun: checks 
lardass51: checks 
idealét1-2: checks 
*** SHOW DOWN ***
matt blakk: shows [2s 2h] (a pair of Deuces)
Diegokoltun: mucks hand 
lardass51: mucks hand 
idealét1-2: mucks hand 
matt blakk collected $0.08 from pot
*** SUMMARY ***
Total pot $0.08 | Rake $0 
Board [3h 4h 9c 5d Kd]
Seat 1: Diegokoltun (big blind) mucked [2c 7c]
Seat 2: bspice01 folded before Flop (didn't bet)
Seat 3: lardass51 mucked [Ad 8h]
Seat 4: frosa9397 folded before Flop (didn't bet)
Seat 5: RealKoi folded before Flop (didn't bet)
Seat 6: georgebigode folded before Flop (didn't bet)
Seat 7: idealét1-2 mucked [Jd Td]
Seat 8: Dorex2007 (button) folded before Flop (didn't bet)
Seat 9: matt blakk (small blind) showed [2s 2h] and won ($0.08) with a pair of Deuces



PokerStars Hand #237032176422:  Hold'em No Limit ($0.01/$0.02 USD) - 2022/06/27 20:28:41 PT [2022/06/27 23:28:41 ET]
Table 'Innes' 9-max Seat #9 is the button
Seat 1: Diegokoltun ($1.56 in chips) 
Seat 2: bspice01 ($1.43 in chips) 
Seat 3: lardass51 ($1.57 in chips) 
Seat 4: frosa9397 ($1.95 in chips) 
Seat 5: RealKoi ($2.08 in chips) 
Seat 6: georgebigode ($1.01 in chips) 
Seat 7: idealét1-2 ($3.76 in chips) 
Seat 8: Dorex2007 ($2.02 in chips) 
Seat 9: matt blakk ($1.99 in chips) 
Diegokoltun: posts small blind $0.01
bspice01: posts big blind $0.02
*** HOLE CARDS ***
Dealt to Dorex2007 [Tc Kc]
lardass51: folds 
frosa9397: raises $0.02 to $0.04
RealKoi: folds 
georgebigode: folds 
idealét1-2: folds 
Dorex2007: calls $0.04
matt blakk: folds 
Diegokoltun: folds 
bspice01: calls $0.02
*** FLOP *** [7h 2h Kd]
bspice01: checks 
frosa9397: bets $0.08
Dorex2007: calls $0.08
bspice01: folds 
*** TURN *** [7h 2h Kd] [9h]
frosa9397: bets $0.02
Dorex2007: raises $0.19 to $0.21
frosa9397: calls $0.19
*** RIVER *** [7h 2h Kd 9h] [6c]
frosa9397: checks 
Dorex2007: bets $1.69 and is all-in
frosa9397: folds 
Uncalled bet ($1.69) returned to Dorex2007
Dorex2007 collected $0.69 from pot
*** SUMMARY ***
Total pot $0.71 | Rake $0.02 
Board [7h 2h Kd 9h 6c]
Seat 1: Diegokoltun (small blind) folded before Flop
Seat 2: bspice01 (big blind) folded on the Flop
Seat 3: lardass51 folded before Flop (didn't bet)
Seat 4: frosa9397 folded on the River
Seat 5: RealKoi folded before Flop (didn't bet)
Seat 6: georgebigode folded before Flop (didn't bet)
Seat 7: idealét1-2 folded before Flop (didn't bet)
Seat 8: Dorex2007 collected ($0.69)
Seat 9: matt blakk (button) folded before Flop (didn't bet)



PokerStars Hand #237032187102:  Hold'em No Limit ($0.01/$0.02 USD) - 2022/06/27 20:29:51 PT [2022/06/27 23:29:51 ET]
Table 'Innes' 9-max Seat #1 is the button
Seat 1: Diegokoltun ($1.55 in chips) 
Seat 2: bspice01 ($1.39 in chips) 
Seat 3: lardass51 ($1.57 in chips) 
Seat 4: frosa9397 ($1.62 in chips) 
Seat 5: RealKoi ($2.08 in chips) 
Seat 6: georgebigode ($1.01 in chips) 
Seat 7: idealét1-2 ($3.76 in chips) 
Seat 8: Dorex2007 ($2.38 in chips) 
Seat 9: matt blakk ($1.99 in chips) 
bspice01: posts small blind $0.01
lardass51: posts big blind $0.02
*** HOLE CARDS ***
Dealt to Dorex2007 [Ts 6h]
frosa9397: folds 
RealKoi: calls $0.02
georgebigode: folds 
idealét1-2: calls $0.02
Dorex2007: folds 
matt blakk: folds 
Diegokoltun: folds 
bspice01: folds 
lardass51: checks 
*** FLOP *** [Tc 5s 7c]
lardass51: checks 
RealKoi: checks 
idealét1-2: bets $0.08
lardass51: folds 
RealKoi: folds 
Uncalled bet ($0.08) returned to idealét1-2
idealét1-2 collected $0.07 from pot
*** SUMMARY ***
Total pot $0.07 | Rake $0 
Board [Tc 5s 7c]
Seat 1: Diegokoltun (button) folded before Flop (didn't bet)
Seat 2: bspice01 (small blind) folded before Flop
Seat 3: lardass51 (big blind) folded on the Flop
Seat 4: frosa9397 folded before Flop (didn't bet)
Seat 5: RealKoi folded on the Flop
Seat 6: georgebigode folded before Flop (didn't bet)
Seat 7: idealét1-2 collected ($0.07)
Seat 8: Dorex2007 folded before Flop (didn't bet)
Seat 9: matt blakk folded before Flop (didn't bet)



PokerStars Hand #237032194390:  Hold'em No Limit ($0.01/$0.02 USD) - 2022/06/27 20:30:38 PT [2022/06/27 23:30:38 ET]
Table 'Innes' 9-max Seat #2 is the button
Seat 1: Diegokoltun ($1.55 in chips) 
Seat 2: bspice01 ($1.38 in chips) 
Seat 3: lardass51 ($1.55 in chips) 
Seat 4: frosa9397 ($1.62 in chips) 
Seat 5: RealKoi ($2.06 in chips) 
Seat 6: georgebigode ($1.01 in chips) 
Seat 7: idealét1-2 ($3.81 in chips) 
Seat 8: Dorex2007 ($2.38 in chips) 
Seat 9: matt blakk ($1.99 in chips) 
lardass51: posts small blind $0.01
frosa9397: posts big blind $0.02
*** HOLE CARDS ***
Dealt to Dorex2007 [Kc 8c]
RealKoi: raises $0.02 to $0.04
georgebigode: folds 
idealét1-2: folds 
Dorex2007: folds 
matt blakk: calls $0.04
Diegokoltun: folds 
bspice01: folds 
lardass51: folds 
frosa9397: folds 
*** FLOP *** [Tc Qs Kd]
RealKoi: bets $0.04
matt blakk: calls $0.04
*** TURN *** [Tc Qs Kd] [Js]
RealKoi: bets $0.09
matt blakk: calls $0.09
*** RIVER *** [Tc Qs Kd Js] [4c]
RealKoi: bets $0.18
matt blakk: folds [Jc Ts]
Uncalled bet ($0.18) returned to RealKoi
RealKoi collected $0.36 from pot
*** SUMMARY ***
Total pot $0.37 | Rake $0.01 
Board [Tc Qs Kd Js 4c]
Seat 1: Diegokoltun folded before Flop (didn't bet)
Seat 2: bspice01 (button) folded before Flop (didn't bet)
Seat 3: lardass51 (small blind) folded before Flop
Seat 4: frosa9397 (big blind) folded before Flop
Seat 5: RealKoi collected ($0.36)
Seat 6: georgebigode folded before Flop (didn't bet)
Seat 7: idealét1-2 folded before Flop (didn't bet)
Seat 8: Dorex2007 folded before Flop (didn't bet)
Seat 9: matt blakk folded on the River



PokerStars Hand #237032203981:  Hold'em No Limit ($0.01/$0.02 USD) - 2022/06/27 20:31:41 PT [2022/06/27 23:31:41 ET]
Table 'Innes' 9-max Seat #3 is the button
Seat 1: Diegokoltun ($1.55 in chips) 
Seat 2: bspice01 ($1.38 in chips) 
Seat 3: lardass51 ($1.54 in chips) 
Seat 4: frosa9397 ($1.60 in chips) 
Seat 5: RealKoi ($2.25 in chips) 
Seat 6: georgebigode ($1.01 in chips) 
Seat 7: idealét1-2 ($3.81 in chips) 
Seat 8: Dorex2007 ($2.38 in chips) 
Seat 9: matt blakk ($1.82 in chips) 
frosa9397: posts small blind $0.01
RealKoi: posts big blind $0.02
*** HOLE CARDS ***
Dealt to Dorex2007 [Qc Kd]
georgebigode has timed out
georgebigode: folds 
idealét1-2: calls $0.02
Dorex2007: raises $0.02 to $0.04
matt blakk: folds 
Diegokoltun: folds 
bspice01: calls $0.04
lardass51: folds 
frosa9397: folds 
RealKoi: folds 
idealét1-2: calls $0.02
*** FLOP *** [3h 6c Tc]
idealét1-2: checks 
Dorex2007: checks 
bspice01: checks 
*** TURN *** [3h 6c Tc] [5h]
idealét1-2: checks 
Dorex2007: checks 
bspice01: checks 
*** RIVER *** [3h 6c Tc 5h] [3d]
idealét1-2: checks 
Dorex2007: checks 
bspice01: checks 
*** SHOW DOWN ***
idealét1-2: shows [9h Jd] (a pair of Threes)
Dorex2007: shows [Qc Kd] (a pair of Threes - King kicker)
bspice01: shows [Js Ah] (a pair of Threes - Ace kicker)
bspice01 collected $0.14 from pot
*** SUMMARY ***
Total pot $0.15 | Rake $0.01 
Board [3h 6c Tc 5h 3d]
Seat 1: Diegokoltun folded before Flop (didn't bet)
Seat 2: bspice01 showed [Js Ah] and won ($0.14) with a pair of Threes
Seat 3: lardass51 (button) folded before Flop (didn't bet)
Seat 4: frosa9397 (small blind) folded before Flop
Seat 5: RealKoi (big blind) folded before Flop
Seat 6: georgebigode folded before Flop (didn't bet)
Seat 7: idealét1-2 showed [9h Jd] and lost with a pair of Threes
Seat 8: Dorex2007 showed [Qc Kd] and lost with a pair of Threes
Seat 9: matt blakk folded before Flop (didn't bet)



PokerStars Hand #237032211084:  Hold'em No Limit ($0.01/$0.02 USD) - 2022/06/27 20:32:27 PT [2022/06/27 23:32:27 ET]
Table 'Innes' 9-max Seat #4 is the button
Seat 1: Diegokoltun ($1.55 in chips) 
Seat 2: bspice01 ($1.48 in chips) 
Seat 3: lardass51 ($1.54 in chips) 
Seat 4: frosa9397 ($1.59 in chips) 
Seat 5: RealKoi ($2.23 in chips) 
Seat 6: georgebigode ($1.01 in chips) 
Seat 7: idealét1-2 ($3.77 in chips) 
Seat 8: Dorex2007 ($2.34 in chips) 
Seat 9: matt blakk ($1.82 in chips) 
RealKoi: posts small blind $0.01
georgebigode: posts big blind $0.02
*** HOLE CARDS ***
Dealt to Dorex2007 [Kd 6c]
idealét1-2: calls $0.02
Dorex2007: folds 
matt blakk: folds 
Diegokoltun: folds 
bspice01: folds 
lardass51: folds 
frosa9397: folds 
RealKoi: calls $0.01
georgebigode: checks 
*** FLOP *** [Jd 8d Qc]
RealKoi: checks 
georgebigode: checks 
idealét1-2: bets $0.12
RealKoi: calls $0.12
georgebigode: folds 
*** TURN *** [Jd 8d Qc] [8c]
RealKoi: checks 
idealét1-2: checks 
*** RIVER *** [Jd 8d Qc 8c] [7h]
RealKoi: checks 
idealét1-2: checks 
*** SHOW DOWN ***
RealKoi: shows [Td 4d] (a pair of Eights)
idealét1-2: shows [Kc Qd] (two pair, Queens and Eights)
idealét1-2 collected $0.29 from pot
*** SUMMARY ***
Total pot $0.30 | Rake $0.01 
Board [Jd 8d Qc 8c 7h]
Seat 1: Diegokoltun folded before Flop (didn't bet)
Seat 2: bspice01 folded before Flop (didn't bet)
Seat 3: lardass51 folded before Flop (didn't bet)
Seat 4: frosa9397 (button) folded before Flop (didn't bet)
Seat 5: RealKoi (small blind) showed [Td 4d] and lost with a pair of Eights
Seat 6: georgebigode (big blind) folded on the Flop
Seat 7: idealét1-2 showed [Kc Qd] and won ($0.29) with two pair, Queens and Eights
Seat 8: Dorex2007 folded before Flop (didn't bet)
Seat 9: matt blakk folded before Flop (didn't bet)



PokerStars Hand #237032232360:  Hold'em No Limit ($0.01/$0.02 USD) - 2022/06/27 20:33:50 PT [2022/06/27 23:33:50 ET]
Table 'Innes' 9-max Seat #5 is the button
Seat 1: Diegokoltun ($1.55 in chips) 
Seat 2: bspice01 ($1.48 in chips) 
Seat 3: lardass51 ($1.54 in chips) 
Seat 4: frosa9397 ($1.59 in chips) 
Seat 5: RealKoi ($2.09 in chips) 
Seat 6: georgebigode ($0.99 in chips) 
Seat 7: idealét1-2 ($3.92 in chips) 
Seat 8: Dorex2007 ($2.34 in chips) 
Seat 9: matt blakk ($1.82 in chips) 
georgebigode: posts small blind $0.01
idealét1-2: posts big blind $0.02
*** HOLE CARDS ***
Dealt to Dorex2007 [9d 5s]
Dorex2007: folds 
matt blakk: raises $0.04 to $0.06
Diegokoltun: folds 
bspice01: folds 
lardass51: folds 
frosa9397: folds 
RealKoi: calls $0.06
georgebigode: folds 
idealét1-2: folds 
*** FLOP *** [Qs 4s 5d]
matt blakk: bets $0.10
RealKoi: raises $0.10 to $0.20
matt blakk: raises $0.46 to $0.66
RealKoi: calls $0.46
*** TURN *** [Qs 4s 5d] [8s]
matt blakk: bets $1.10 and is all-in
RealKoi: folds 
Uncalled bet ($1.10) returned to matt blakk
matt blakk collected $1.42 from pot
*** SUMMARY ***
Total pot $1.47 | Rake $0.05 
Board [Qs 4s 5d 8s]
Seat 1: Diegokoltun folded before Flop (didn't bet)
Seat 2: bspice01 folded before Flop (didn't bet)
Seat 3: lardass51 folded before Flop (didn't bet)
Seat 4: frosa9397 folded before Flop (didn't bet)
Seat 5: RealKoi (button) folded on the Turn
Seat 6: georgebigode (small blind) folded before Flop
Seat 7: idealét1-2 (big blind) folded before Flop
Seat 8: Dorex2007 folded before Flop (didn't bet)
Seat 9: matt blakk collected ($1.42)



PokerStars Hand #237032242713:  Hold'em No Limit ($0.01/$0.02 USD) - 2022/06/27 20:34:59 PT [2022/06/27 23:34:59 ET]
Table 'Innes' 9-max Seat #6 is the button
Seat 1: Diegokoltun ($1.55 in chips) 
Seat 2: bspice01 ($1.48 in chips) 
Seat 3: lardass51 ($1.54 in chips) 
Seat 4: frosa9397 ($1.59 in chips) 
Seat 5: RealKoi ($1.37 in chips) 
Seat 6: georgebigode ($0.98 in chips) 
Seat 7: idealét1-2 ($3.90 in chips) 
Seat 8: Dorex2007 ($2.34 in chips) 
Seat 9: matt blakk ($2.52 in chips) 
idealét1-2: posts small blind $0.01
Dorex2007: posts big blind $0.02
*** HOLE CARDS ***
Dealt to Dorex2007 [6h Th]
matt blakk: folds 
Diegokoltun: folds 
bspice01: folds 
lardass51: folds 
frosa9397: folds 
RealKoi: calls $0.02
georgebigode: calls $0.02
idealét1-2: calls $0.01
Dorex2007: checks 
*** FLOP *** [9h Ah 7c]
idealét1-2: checks 
Dorex2007: bets $0.04
RealKoi: folds 
georgebigode: calls $0.04
idealét1-2: folds 
*** TURN *** [9h Ah 7c] [Ts]
Dorex2007: bets $0.10
georgebigode: raises $0.10 to $0.20
Dorex2007: calls $0.10
*** RIVER *** [9h Ah 7c Ts] [Jd]
Dorex2007: checks 
georgebigode: bets $0.30
Dorex2007: folds 
Uncalled bet ($0.30) returned to georgebigode
georgebigode collected $0.54 from pot
*** SUMMARY ***
Total pot $0.56 | Rake $0.02 
Board [9h Ah 7c Ts Jd]
Seat 1: Diegokoltun folded before Flop (didn't bet)
Seat 2: bspice01 folded before Flop (didn't bet)
Seat 3: lardass51 folded before Flop (didn't bet)
Seat 4: frosa9397 folded before Flop (didn't bet)
Seat 5: RealKoi folded on the Flop
Seat 6: georgebigode (button) collected ($0.54)
Seat 7: idealét1-2 (small blind) folded on the Flop
Seat 8: Dorex2007 (big blind) folded on the River
Seat 9: matt blakk folded before Flop (didn't bet)



PokerStars Hand #237032256426:  Hold'em No Limit ($0.01/$0.02 USD) - 2022/06/27 20:36:31 PT [2022/06/27 23:36:31 ET]
Table 'Innes' 9-max Seat #7 is the button
Seat 1: Diegokoltun ($1.55 in chips) 
Seat 2: bspice01 ($1.48 in chips) 
Seat 3: lardass51 ($1.54 in chips) 
Seat 4: frosa9397 ($1.59 in chips) 
Seat 5: RealKoi ($1.35 in chips) 
Seat 6: georgebigode ($1.26 in chips) 
Seat 7: idealét1-2 ($3.88 in chips) 
Seat 8: Dorex2007 ($2.08 in chips) 
Seat 9: matt blakk ($2.52 in chips) 
Dorex2007: posts small blind $0.01
matt blakk: posts big blind $0.02
*** HOLE CARDS ***
Dealt to Dorex2007 [9c 8h]
Diegokoltun: folds 
bspice01: folds 
lardass51 has timed out
lardass51: folds 
frosa9397: folds 
RealKoi: folds 
georgebigode: folds 
idealét1-2: folds 
Dorex2007: calls $0.01
matt blakk: checks 
*** FLOP *** [5h Kc 4c]
Dorex2007: checks 
matt blakk: checks 
*** TURN *** [5h Kc 4c] [Jh]
Dorex2007: checks 
matt blakk: bets $0.05
Dorex2007: folds 
Uncalled bet ($0.05) returned to matt blakk
matt blakk collected $0.04 from pot
*** SUMMARY ***
Total pot $0.04 | Rake $0 
Board [5h Kc 4c Jh]
Seat 1: Diegokoltun folded before Flop (didn't bet)
Seat 2: bspice01 folded before Flop (didn't bet)
Seat 3: lardass51 folded before Flop (didn't bet)
Seat 4: frosa9397 folded before Flop (didn't bet)
Seat 5: RealKoi folded before Flop (didn't bet)
Seat 6: georgebigode folded before Flop (didn't bet)
Seat 7: idealét1-2 (button) folded before Flop (didn't bet)
Seat 8: Dorex2007 (small blind) folded on the Turn
Seat 9: matt blakk (big blind) collected ($0.04)



PokerStars Hand #237032264143:  Hold'em No Limit ($0.01/$0.02 USD) - 2022/06/27 20:37:22 PT [2022/06/27 23:37:22 ET]
Table 'Innes' 9-max Seat #8 is the button
Seat 1: Diegokoltun ($1.55 in chips) 
Seat 2: bspice01 ($1.48 in chips) 
Seat 3: lardass51 ($1.54 in chips) 
Seat 4: frosa9397 ($1.59 in chips) 
Seat 5: RealKoi ($1.35 in chips) 
Seat 6: georgebigode ($1.26 in chips) 
Seat 7: idealét1-2 ($3.88 in chips) 
Seat 8: Dorex2007 ($2.06 in chips) 
Seat 9: matt blakk ($2.54 in chips) 
matt blakk: posts small blind $0.01
Diegokoltun: posts big blind $0.02
*** HOLE CARDS ***
Dealt to Dorex2007 [Jc 9d]
bspice01: folds 
bspice01 leaves the table
lardass51: calls $0.02
frosa9397: calls $0.02
RealKoi: folds 
georgebigode: folds 
idealét1-2: folds 
Dorex2007: calls $0.02
matt blakk: calls $0.01
Diegokoltun: checks 
*** FLOP *** [6d 2d Js]
matt blakk: bets $0.07
Diegokoltun: folds 
lardass51: folds 
frosa9397: folds 
Dorex2007: raises $0.07 to $0.14
matt blakk: calls $0.07
*** TURN *** [6d 2d Js] [Ks]
matt blakk: checks 
Dorex2007: bets $0.37
dazza12373 joins the table at seat #2 
matt blakk: folds 
Uncalled bet ($0.37) returned to Dorex2007
Dorex2007 collected $0.37 from pot
*** SUMMARY ***
Total pot $0.38 | Rake $0.01 
Board [6d 2d Js Ks]
Seat 1: Diegokoltun (big blind) folded on the Flop
Seat 2: bspice01 folded before Flop (didn't bet)
Seat 3: lardass51 folded on the Flop
Seat 4: frosa9397 folded on the Flop
Seat 5: RealKoi folded before Flop (didn't bet)
Seat 6: georgebigode folded before Flop (didn't bet)
Seat 7: idealét1-2 folded before Flop (didn't bet)
Seat 8: Dorex2007 (button) collected ($0.37)
Seat 9: matt blakk (small blind) folded on the Turn



PokerStars Hand #237032275635:  Hold'em No Limit ($0.01/$0.02 USD) - 2022/06/27 20:38:39 PT [2022/06/27 23:38:39 ET]
Table 'Innes' 9-max Seat #9 is the button
Seat 1: Diegokoltun ($1.53 in chips) 
Seat 2: dazza12373 ($2 in chips) 
Seat 3: lardass51 ($1.52 in chips) 
Seat 4: frosa9397 ($1.57 in chips) 
Seat 5: RealKoi ($1.35 in chips) 
Seat 6: georgebigode ($1.26 in chips) 
Seat 7: idealét1-2 ($3.88 in chips) 
Seat 8: Dorex2007 ($2.27 in chips) 
Seat 9: matt blakk ($2.38 in chips) 
Diegokoltun: posts small blind $0.01
dazza12373: posts big blind $0.02
*** HOLE CARDS ***
Dealt to Dorex2007 [5s Ts]
lardass51 has timed out
lardass51: folds 
frosa9397: folds 
RealKoi: folds 
georgebigode: folds 
idealét1-2: folds 
Dorex2007: folds 
matt blakk: folds 
Diegokoltun: calls $0.01
dazza12373: raises $1.98 to $2 and is all-in
Diegokoltun: folds 
Uncalled bet ($1.98) returned to dazza12373
dazza12373 collected $0.04 from pot
*** SUMMARY ***
Total pot $0.04 | Rake $0 
Seat 1: Diegokoltun (small blind) folded before Flop
Seat 2: dazza12373 (big blind) collected ($0.04)
Seat 3: lardass51 folded before Flop (didn't bet)
Seat 4: frosa9397 folded before Flop (didn't bet)
Seat 5: RealKoi folded before Flop (didn't bet)
Seat 6: georgebigode folded before Flop (didn't bet)
Seat 7: idealét1-2 folded before Flop (didn't bet)
Seat 8: Dorex2007 folded before Flop (didn't bet)
Seat 9: matt blakk (button) folded before Flop (didn't bet)



PokerStars Hand #237032282464:  Hold'em No Limit ($0.01/$0.02 USD) - 2022/06/27 20:39:25 PT [2022/06/27 23:39:25 ET]
Table 'Innes' 9-max Seat #1 is the button
Seat 1: Diegokoltun ($1.51 in chips) 
Seat 2: dazza12373 ($2.02 in chips) 
Seat 3: lardass51 ($1.52 in chips) 
Seat 4: frosa9397 ($1.57 in chips) 
Seat 5: RealKoi ($1.35 in chips) 
Seat 6: georgebigode ($1.26 in chips) 
Seat 7: idealét1-2 ($3.88 in chips) 
Seat 8: Dorex2007 ($2.27 in chips) 
Seat 9: matt blakk ($2.38 in chips) 
dazza12373: posts small blind $0.01
lardass51: posts big blind $0.02
*** HOLE CARDS ***
Dealt to Dorex2007 [5h Tc]
frosa9397: folds 
RealKoi: folds 
georgebigode: calls $0.02
idealét1-2: folds 
Dorex2007: folds 
matt blakk: raises $0.04 to $0.06
Diegokoltun has timed out
Diegokoltun: folds 
dazza12373: calls $0.05
lardass51: folds 
georgebigode: calls $0.04
*** FLOP *** [Jh 7s 8h]
frosa9397 is disconnected 
dazza12373: checks 
georgebigode: checks 
matt blakk: bets $0.12
dazza12373: folds 
georgebigode: calls $0.12
*** TURN *** [Jh 7s 8h] [8c]
georgebigode: checks 
matt blakk: checks 
*** RIVER *** [Jh 7s 8h 8c] [8s]
georgebigode: bets $0.08
matt blakk: raises $0.30 to $0.38
georgebigode: folds 
Uncalled bet ($0.30) returned to matt blakk
matt blakk collected $0.58 from pot
*** SUMMARY ***
Total pot $0.60 | Rake $0.02 
Board [Jh 7s 8h 8c 8s]
Seat 1: Diegokoltun (button) folded before Flop (didn't bet)
Seat 2: dazza12373 (small blind) folded on the Flop
Seat 3: lardass51 (big blind) folded before Flop
Seat 4: frosa9397 folded before Flop (didn't bet)
Seat 5: RealKoi folded before Flop (didn't bet)
Seat 6: georgebigode folded on the River
Seat 7: idealét1-2 folded before Flop (didn't bet)
Seat 8: Dorex2007 folded before Flop (didn't bet)
Seat 9: matt blakk collected ($0.58)



PokerStars Hand #237032300471:  Hold'em No Limit ($0.01/$0.02 USD) - 2022/06/27 20:40:55 PT [2022/06/27 23:40:55 ET]
Table 'Innes' 9-max Seat #2 is the button
Seat 1: Diegokoltun ($1.51 in chips) 
Seat 2: dazza12373 ($1.96 in chips) 
Seat 3: lardass51 ($1.50 in chips) 
Seat 5: RealKoi ($1.35 in chips) 
Seat 6: georgebigode ($1 in chips) 
Seat 7: idealét1-2 ($3.88 in chips) 
Seat 8: Dorex2007 ($2.27 in chips) 
Seat 9: matt blakk ($2.70 in chips) 
lardass51: posts small blind $0.01
frosa9397 has timed out while disconnected
frosa9397: is sitting out 
RealKoi: posts big blind $0.02
*** HOLE CARDS ***
Dealt to Dorex2007 [7s Jc]
georgebigode: calls $0.02
idealét1-2: folds 
Dorex2007: folds 
matt blakk: raises $0.06 to $0.08
Diegokoltun: folds 
dazza12373: folds 
lardass51: folds 
RealKoi: folds 
georgebigode: folds 
Uncalled bet ($0.06) returned to matt blakk
matt blakk collected $0.07 from pot
*** SUMMARY ***
Total pot $0.07 | Rake $0 
Seat 1: Diegokoltun folded before Flop (didn't bet)
Seat 2: dazza12373 (button) folded before Flop (didn't bet)
Seat 3: lardass51 (small blind) folded before Flop
Seat 5: RealKoi (big blind) folded before Flop
Seat 6: georgebigode folded before Flop
Seat 7: idealét1-2 folded before Flop (didn't bet)
Seat 8: Dorex2007 folded before Flop (didn't bet)
Seat 9: matt blakk collected ($0.07)



PokerStars Hand #237032305634:  Hold'em No Limit ($0.01/$0.02 USD) - 2022/06/27 20:41:30 PT [2022/06/27 23:41:30 ET]
Table 'Innes' 9-max Seat #3 is the button
Seat 1: Diegokoltun ($1.51 in chips) 
Seat 2: dazza12373 ($1.96 in chips) 
Seat 3: lardass51 ($1.49 in chips) 
Seat 5: RealKoi ($1.33 in chips) 
Seat 6: georgebigode ($0.98 in chips) 
Seat 8: Dorex2007 ($2.27 in chips) 
Seat 9: matt blakk ($2.75 in chips) 
RealKoi: posts small blind $0.01
georgebigode: posts big blind $0.02
*** HOLE CARDS ***
Dealt to Dorex2007 [4c Jc]
Dorex2007: folds 
matt blakk: folds 
Diegokoltun: folds 
dazza12373: folds 
dazza12373 leaves the table
lardass51: calls $0.02
RealKoi: calls $0.01
georgebigode: checks 
*** FLOP *** [Kh 5d 4d]
RealKoi: bets $0.02
georgebigode: calls $0.02
lardass51: calls $0.02
*** TURN *** [Kh 5d 4d] [2h]
RealKoi: bets $0.02
georgebigode: calls $0.02
lardass51: folds 
*** RIVER *** [Kh 5d 4d 2h] [9c]
RealKoi: bets $0.02
georgebigode: folds 
Uncalled bet ($0.02) returned to RealKoi
RealKoi collected $0.15 from pot
*** SUMMARY ***
Total pot $0.16 | Rake $0.01 
Board [Kh 5d 4d 2h 9c]
Seat 1: Diegokoltun folded before Flop (didn't bet)
Seat 2: dazza12373 folded before Flop (didn't bet)
Seat 3: lardass51 (button) folded on the Turn
Seat 5: RealKoi (small blind) collected ($0.15)
Seat 6: georgebigode (big blind) folded on the River
Seat 8: Dorex2007 folded before Flop (didn't bet)
Seat 9: matt blakk folded before Flop (didn't bet)



PokerStars Hand #237032314467:  Hold'em No Limit ($0.01/$0.02 USD) - 2022/06/27 20:42:30 PT [2022/06/27 23:42:30 ET]
Table 'Innes' 9-max Seat #5 is the button
Seat 1: Diegokoltun ($1.51 in chips) 
Seat 3: lardass51 ($1.45 in chips) 
Seat 5: RealKoi ($1.42 in chips) 
Seat 6: georgebigode ($0.92 in chips) 
Seat 8: Dorex2007 ($2.27 in chips) 
Seat 9: matt blakk ($2.75 in chips) 
georgebigode: posts small blind $0.01
Dorex2007: posts big blind $0.02
*** HOLE CARDS ***
Dealt to Dorex2007 [2s 9h]
matt blakk: folds 
Diegokoltun: folds 
lardass51: folds 
RealKoi: calls $0.02
georgebigode: calls $0.01
Dorex2007: checks 
*** FLOP *** [5s 6c As]
georgebigode: checks 
Dorex2007: checks 
RealKoi: bets $0.02
georgebigode: calls $0.02
Dorex2007: folds 
*** TURN *** [5s 6c As] [6s]
georgebigode: checks 
RealKoi: bets $0.02
georgebigode: calls $0.02
*** RIVER *** [5s 6c As 6s] [3h]
georgebigode: checks 
RealKoi: bets $0.07
georgebigode: folds 
Uncalled bet ($0.07) returned to RealKoi
RealKoi collected $0.14 from pot
*** SUMMARY ***
Total pot $0.14 | Rake $0 
Board [5s 6c As 6s 3h]
Seat 1: Diegokoltun folded before Flop (didn't bet)
Seat 3: lardass51 folded before Flop (didn't bet)
Seat 5: RealKoi (button) collected ($0.14)
Seat 6: georgebigode (small blind) folded on the River
Seat 8: Dorex2007 (big blind) folded on the Flop
Seat 9: matt blakk folded before Flop (didn't bet)



PokerStars Hand #237032322701:  Hold'em No Limit ($0.01/$0.02 USD) - 2022/06/27 20:43:26 PT [2022/06/27 23:43:26 ET]
Table 'Innes' 9-max Seat #6 is the button
Seat 1: Diegokoltun ($1.51 in chips) 
Seat 3: lardass51 ($1.45 in chips) 
Seat 5: RealKoi ($1.50 in chips) 
Seat 6: georgebigode ($0.86 in chips) 
Seat 8: Dorex2007 ($2.25 in chips) 
Seat 9: matt blakk ($2.75 in chips) 
Dorex2007: posts small blind $0.01
matt blakk: posts big blind $0.02
*** HOLE CARDS ***
Dealt to Dorex2007 [Kh 8h]
Diegokoltun: folds 
lardass51: folds 
RealKoi: calls $0.02
georgebigode: folds 
Dorex2007: calls $0.01
matt blakk: checks 
*** FLOP *** [4s 2h Ks]
Dorex2007: bets $0.06
matt blakk: calls $0.06
RealKoi: calls $0.06
*** TURN *** [4s 2h Ks] [Ah]
Dorex2007: bets $0.23
matt blakk: folds 
RealKoi: folds 
Uncalled bet ($0.23) returned to Dorex2007
Dorex2007 collected $0.23 from pot
*** SUMMARY ***
Total pot $0.24 | Rake $0.01 
Board [4s 2h Ks Ah]
Seat 1: Diegokoltun folded before Flop (didn't bet)
Seat 3: lardass51 folded before Flop (didn't bet)
Seat 5: RealKoi folded on the Turn
Seat 6: georgebigode (button) folded before Flop (didn't bet)
Seat 8: Dorex2007 (small blind) collected ($0.23)
Seat 9: matt blakk (big blind) folded on the Turn



PokerStars Hand #237032332858:  Hold'em No Limit ($0.01/$0.02 USD) - 2022/06/27 20:44:35 PT [2022/06/27 23:44:35 ET]
Table 'Innes' 9-max Seat #8 is the button
Seat 1: Diegokoltun ($1.51 in chips) 
Seat 3: lardass51 ($1.45 in chips) 
Seat 5: RealKoi ($1.42 in chips) 
Seat 6: georgebigode ($0.86 in chips) 
Seat 8: Dorex2007 ($2.40 in chips) 
Seat 9: matt blakk ($2.67 in chips) 
matt blakk: posts small blind $0.01
Diegokoltun: posts big blind $0.02
*** HOLE CARDS ***
Dealt to Dorex2007 [Kc 8h]
lardass51: calls $0.02
RealKoi: folds 
georgebigode: calls $0.02
Dorex2007: folds 
matt blakk: calls $0.01
Diegokoltun: checks 
*** FLOP *** [2s 4s 4h]
matt blakk: checks 
Diegokoltun: checks 
lardass51: checks 
georgebigode: checks 
*** TURN *** [2s 4s 4h] [Ah]
matt blakk: checks 
Diegokoltun: checks 
lardass51: bets $0.02
georgebigode: calls $0.02
matt blakk: calls $0.02
Diegokoltun: folds 
*** RIVER *** [2s 4s 4h Ah] [Jd]
matt blakk: checks 
lardass51: bets $0.02
georgebigode: calls $0.02
matt blakk: folds 
*** SHOW DOWN ***
lardass51: shows [Ac 3c] (two pair, Aces and Fours)
georgebigode: mucks hand 
lardass51 collected $0.17 from pot
*** SUMMARY ***
Total pot $0.18 | Rake $0.01 
Board [2s 4s 4h Ah Jd]
Seat 1: Diegokoltun (big blind) folded on the Turn
Seat 3: lardass51 showed [Ac 3c] and won ($0.17) with two pair, Aces and Fours
Seat 5: RealKoi folded before Flop (didn't bet)
Seat 6: georgebigode mucked [9h Jh]
Seat 8: Dorex2007 (button) folded before Flop (didn't bet)
Seat 9: matt blakk (small blind) folded on the River



PokerStars Hand #237032343646:  Hold'em No Limit ($0.01/$0.02 USD) - 2022/06/27 20:45:30 PT [2022/06/27 23:45:30 ET]
Table 'Innes' 9-max Seat #9 is the button
Seat 1: Diegokoltun ($1.49 in chips) 
Seat 3: lardass51 ($1.56 in chips) 
Seat 5: RealKoi ($1.42 in chips) 
Seat 6: georgebigode ($0.80 in chips) 
Seat 8: Dorex2007 ($2.40 in chips) 
Seat 9: matt blakk ($2.63 in chips) 
Diegokoltun: posts small blind $0.01
lardass51: posts big blind $0.02
*** HOLE CARDS ***
Dealt to Dorex2007 [Kh 4d]
RealKoi: calls $0.02
georgebigode: folds 
Dorex2007: folds 
matt blakk: calls $0.02
Diegokoltun: calls $0.01
RafaCastro2001 joins the table at seat #2 
lardass51: checks 
*** FLOP *** [Ac 2c 9h]
Diegokoltun: checks 
lardass51: checks 
RealKoi: checks 
matt blakk: checks 
*** TURN *** [Ac 2c 9h] [As]
Diegokoltun: checks 
lardass51: checks 
RealKoi: checks 
ACA 2009 A joins the table at seat #7 
matt blakk: checks 
*** RIVER *** [Ac 2c 9h As] [Qc]
Diegokoltun: checks 
lardass51: checks 
RealKoi: checks 
matt blakk: checks 
*** SHOW DOWN ***
Diegokoltun: shows [Kc 7s] (a pair of Aces)
lardass51: mucks hand 
RealKoi: mucks hand 
matt blakk: mucks hand 
Diegokoltun collected $0.08 from pot
*** SUMMARY ***
Total pot $0.08 | Rake $0 
Board [Ac 2c 9h As Qc]
Seat 1: Diegokoltun (small blind) showed [Kc 7s] and won ($0.08) with a pair of Aces
Seat 3: lardass51 (big blind) mucked [4h 3d]
Seat 5: RealKoi mucked [7d Jd]
Seat 6: georgebigode folded before Flop (didn't bet)
Seat 8: Dorex2007 folded before Flop (didn't bet)
Seat 9: matt blakk (button) mucked [5h 3h]



PokerStars Hand #237032353732:  Hold'em No Limit ($0.01/$0.02 USD) - 2022/06/27 20:46:40 PT [2022/06/27 23:46:40 ET]
Table 'Innes' 9-max Seat #1 is the button
Seat 1: Diegokoltun ($1.55 in chips) 
Seat 3: lardass51 ($1.54 in chips) 
Seat 5: RealKoi ($1.40 in chips) 
Seat 6: georgebigode ($0.80 in chips) 
Seat 8: Dorex2007 ($2.40 in chips) 
Seat 9: matt blakk ($2.61 in chips) 
lardass51: posts small blind $0.01
RealKoi: posts big blind $0.02
ACA 2009 A: sits out 
*** HOLE CARDS ***
Dealt to Dorex2007 [Ah Qd]
georgebigode: calls $0.02
Dorex2007: raises $0.10 to $0.12
matt blakk: folds 
Diegokoltun: folds 
lardass51: folds 
RealKoi: folds 
georgebigode: calls $0.10
*** FLOP *** [9c 8c Ts]
georgebigode: checks 
Dorex2007: bets $0.26
georgebigode: calls $0.26
*** TURN *** [9c 8c Ts] [8s]
georgebigode: bets $0.42 and is all-in
Dorex2007: folds 
Uncalled bet ($0.42) returned to georgebigode
georgebigode collected $0.76 from pot
*** SUMMARY ***
Total pot $0.79 | Rake $0.03 
Board [9c 8c Ts 8s]
Seat 1: Diegokoltun (button) folded before Flop (didn't bet)
Seat 3: lardass51 (small blind) folded before Flop
Seat 5: RealKoi (big blind) folded before Flop
Seat 6: georgebigode collected ($0.76)
Seat 8: Dorex2007 folded on the Turn
Seat 9: matt blakk folded before Flop (didn't bet)



PokerStars Hand #237032362300:  Hold'em No Limit ($0.01/$0.02 USD) - 2022/06/27 20:47:39 PT [2022/06/27 23:47:39 ET]
Table 'Innes' 9-max Seat #3 is the button
Seat 3: lardass51 ($1.53 in chips) 
Seat 5: RealKoi ($1.38 in chips) 
Seat 6: georgebigode ($1.18 in chips) 
Seat 7: ACA 2009 A ($0.85 in chips) 
Seat 8: Dorex2007 ($2.02 in chips) 
Seat 9: matt blakk ($2.61 in chips) 
RealKoi: posts small blind $0.01
georgebigode: posts big blind $0.02
ACA 2009 A: posts big blind $0.02
RafaCastro2001: sits out 
*** HOLE CARDS ***
Dealt to Dorex2007 [Kh 6d]
ACA 2009 A: checks 
Dorex2007: folds 
matt blakk: folds 
lardass51: calls $0.02
RealKoi: calls $0.01
georgebigode: checks 
*** FLOP *** [Ah Js Qd]
RealKoi: checks 
georgebigode: checks 
ACA 2009 A: checks 
lardass51: checks 
*** TURN *** [Ah Js Qd] [2d]
RealKoi: checks 
georgebigode: checks 
ACA 2009 A: checks 
lardass51: checks 
*** RIVER *** [Ah Js Qd 2d] [9h]
RealKoi: checks 
georgebigode: checks 
ACA 2009 A: checks 
lardass51: checks 
*** SHOW DOWN ***
RealKoi: shows [6h 4s] (high card Ace)
georgebigode: shows [Th 4c] (high card Ace - Queen+Jack+Ten kicker)
ACA 2009 A: shows [5d Ks] (high card Ace - King kicker)
lardass51: shows [8c 8h] (a pair of Eights)
lardass51 collected $0.08 from pot
*** SUMMARY ***
Total pot $0.08 | Rake $0 
Board [Ah Js Qd 2d 9h]
Seat 3: lardass51 (button) showed [8c 8h] and won ($0.08) with a pair of Eights
Seat 5: RealKoi (small blind) showed [6h 4s] and lost with high card Ace
Seat 6: georgebigode (big blind) showed [Th 4c] and lost with high card Ace
Seat 7: ACA 2009 A showed [5d Ks] and lost with high card Ace
Seat 8: Dorex2007 folded before Flop (didn't bet)
Seat 9: matt blakk folded before Flop (didn't bet)



PokerStars Hand #237032371406:  Hold'em No Limit ($0.01/$0.02 USD) - 2022/06/27 20:48:42 PT [2022/06/27 23:48:42 ET]
Table 'Innes' 9-max Seat #5 is the button
Seat 2: RafaCastro2001 ($1.89 in chips) 
Seat 3: lardass51 ($1.59 in chips) 
Seat 5: RealKoi ($1.36 in chips) 
Seat 6: georgebigode ($1.16 in chips) 
Seat 7: ACA 2009 A ($0.83 in chips) 
Seat 8: Dorex2007 ($2.02 in chips) 
Seat 9: matt blakk ($2.61 in chips) 
georgebigode: posts small blind $0.01
ACA 2009 A: posts big blind $0.02
RafaCastro2001: posts big blind $0.02
*** HOLE CARDS ***
Dealt to Dorex2007 [4h Kh]
Dorex2007: calls $0.02
matt blakk: folds 
RafaCastro2001: checks 
lardass51: folds 
RealKoi: raises $0.04 to $0.06
georgebigode: folds 
ACA 2009 A: folds 
Dorex2007: folds 
RafaCastro2001: folds 
Uncalled bet ($0.04) returned to RealKoi
RealKoi collected $0.09 from pot
*** SUMMARY ***
Total pot $0.09 | Rake $0 
Seat 2: RafaCastro2001 folded before Flop (didn't bet)
Seat 3: lardass51 folded before Flop (didn't bet)
Seat 5: RealKoi (button) collected ($0.09)
Seat 6: georgebigode (small blind) folded before Flop
Seat 7: ACA 2009 A (big blind) folded before Flop
Seat 8: Dorex2007 folded before Flop
Seat 9: matt blakk folded before Flop (didn't bet)



PokerStars Hand #237032375887:  Hold'em No Limit ($0.01/$0.02 USD) - 2022/06/27 20:49:14 PT [2022/06/27 23:49:14 ET]
Table 'Innes' 9-max Seat #6 is the button
Seat 2: RafaCastro2001 ($1.87 in chips) 
Seat 3: lardass51 ($1.59 in chips) 
Seat 5: RealKoi ($1.43 in chips) 
Seat 6: georgebigode ($1.15 in chips) 
Seat 7: ACA 2009 A ($0.81 in chips) 
Seat 8: Dorex2007 ($2 in chips) 
Seat 9: matt blakk ($2.61 in chips) 
ACA 2009 A: posts small blind $0.01
Dorex2007: posts big blind $0.02
*** HOLE CARDS ***
Dealt to Dorex2007 [6d Qc]
matt blakk: raises $0.04 to $0.06
RafaCastro2001: folds 
lardass51 is disconnected 
lardass51 has timed out while being disconnected
lardass51: folds 
RealKoi: calls $0.06
georgebigode: folds 
ACA 2009 A: folds 
Dorex2007: folds 
*** FLOP *** [5s 4c Kd]
matt blakk: bets $0.10
ACA 2009 A leaves the table
RealKoi: calls $0.10
*** TURN *** [5s 4c Kd] [6c]
frosa9397 leaves the table
matt blakk: bets $0.25
lardass51 leaves the table
RealKoi: folds 
Uncalled bet ($0.25) returned to matt blakk
matt blakk collected $0.34 from pot
*** SUMMARY ***
Total pot $0.35 | Rake $0.01 
Board [5s 4c Kd 6c]
Seat 2: RafaCastro2001 folded before Flop (didn't bet)
Seat 3: lardass51 folded before Flop (didn't bet)
Seat 5: RealKoi folded on the Turn
Seat 6: georgebigode (button) folded before Flop (didn't bet)
Seat 7: ACA 2009 A (small blind) folded before Flop
Seat 8: Dorex2007 (big blind) folded before Flop
Seat 9: matt blakk collected ($0.34)



PokerStars Hand #237032386340:  Hold'em No Limit ($0.01/$0.02 USD) - 2022/06/27 20:50:27 PT [2022/06/27 23:50:27 ET]
Table 'Innes' 9-max Seat #8 is the button
Seat 2: RafaCastro2001 ($1.87 in chips) 
Seat 5: RealKoi ($1.27 in chips) 
Seat 6: georgebigode ($1.15 in chips) 
Seat 8: Dorex2007 ($2 in chips) 
Seat 9: matt blakk ($2.79 in chips) 
matt blakk: posts small blind $0.01
RafaCastro2001: posts big blind $0.02
*** HOLE CARDS ***
Dealt to Dorex2007 [Ad 4d]
RealKoi: calls $0.02
georgebigode: calls $0.02
Dorex2007: calls $0.02
matt blakk: folds 
RafaCastro2001: checks 
*** FLOP *** [5d 3s 4h]
RafaCastro2001: checks 
RealKoi: bets $0.02
georgebigode: calls $0.02
Dorex2007: calls $0.02
RafaCastro2001: calls $0.02
*** TURN *** [5d 3s 4h] [6d]
RafaCastro2001: checks 
RealKoi: checks 
georgebigode: checks 
Dorex2007: bets $0.11
RafaCastro2001: folds 
RealKoi: folds 
georgebigode: folds 
Uncalled bet ($0.11) returned to Dorex2007
Dorex2007 collected $0.16 from pot
*** SUMMARY ***
Total pot $0.17 | Rake $0.01 
Board [5d 3s 4h 6d]
Seat 2: RafaCastro2001 (big blind) folded on the Turn
Seat 5: RealKoi folded on the Turn
Seat 6: georgebigode folded on the Turn
Seat 8: Dorex2007 (button) collected ($0.16)
Seat 9: matt blakk (small blind) folded before Flop



PokerStars Hand #237032396777:  Hold'em No Limit ($0.01/$0.02 USD) - 2022/06/27 20:51:38 PT [2022/06/27 23:51:38 ET]
Table 'Innes' 9-max Seat #9 is the button
Seat 2: RafaCastro2001 ($1.83 in chips) 
Seat 5: RealKoi ($1.23 in chips) 
Seat 6: georgebigode ($1.11 in chips) 
Seat 8: Dorex2007 ($2.12 in chips) 
Seat 9: matt blakk ($2.78 in chips) 
RafaCastro2001: posts small blind $0.01
RealKoi: posts big blind $0.02
*** HOLE CARDS ***
Dealt to Dorex2007 [2c 7h]
georgebigode: folds 
Dorex2007: folds 
matt blakk: folds 
RafaCastro2001: calls $0.01
RealKoi: checks 
*** FLOP *** [9c 6s Jh]
RafaCastro2001: bets $0.06
RealKoi: calls $0.06
*** TURN *** [9c 6s Jh] [Tc]
RafaCastro2001: checks 
RealKoi: bets $0.07
RafaCastro2001: calls $0.07
*** RIVER *** [9c 6s Jh Tc] [2h]
RafaCastro2001: checks 
RealKoi: bets $0.16
RafaCastro2001: folds 
Uncalled bet ($0.16) returned to RealKoi
RealKoi collected $0.29 from pot
*** SUMMARY ***
Total pot $0.30 | Rake $0.01 
Board [9c 6s Jh Tc 2h]
Seat 2: RafaCastro2001 (small blind) folded on the River
Seat 5: RealKoi (big blind) collected ($0.29)
Seat 6: georgebigode folded before Flop (didn't bet)
Seat 8: Dorex2007 folded before Flop (didn't bet)
Seat 9: matt blakk (button) folded before Flop (didn't bet)



PokerStars Hand #237032407140:  Hold'em No Limit ($0.01/$0.02 USD) - 2022/06/27 20:52:51 PT [2022/06/27 23:52:51 ET]
Table 'Innes' 9-max Seat #2 is the button
Seat 2: RafaCastro2001 ($1.68 in chips) 
Seat 5: RealKoi ($1.37 in chips) 
Seat 6: georgebigode ($1.11 in chips) 
Seat 8: Dorex2007 ($2.12 in chips) 
Seat 9: matt blakk ($2.78 in chips) 
RealKoi: posts small blind $0.01
georgebigode: posts big blind $0.02
*** HOLE CARDS ***
Dealt to Dorex2007 [Qd Kh]
Dorex2007: raises $0.10 to $0.12
matt blakk: folds 
RafaCastro2001: calls $0.12
RealKoi: folds 
Roboto713 joins the table at seat #7 
georgebigode: folds 
*** FLOP *** [Th Kd Td]
Dorex2007: bets $0.26
RafaCastro2001: folds 
Uncalled bet ($0.26) returned to Dorex2007
Dorex2007 collected $0.26 from pot
*** SUMMARY ***
Total pot $0.27 | Rake $0.01 
Board [Th Kd Td]
Seat 2: RafaCastro2001 (button) folded on the Flop
Seat 5: RealKoi (small blind) folded before Flop
Seat 6: georgebigode (big blind) folded before Flop
Seat 8: Dorex2007 collected ($0.26)
Seat 9: matt blakk folded before Flop (didn't bet)



PokerStars Hand #237032411143:  Hold'em No Limit ($0.01/$0.02 USD) - 2022/06/27 20:53:19 PT [2022/06/27 23:53:19 ET]
Table 'Innes' 9-max Seat #5 is the button
Seat 2: RafaCastro2001 ($1.56 in chips) 
Seat 5: RealKoi ($1.36 in chips) 
Seat 6: georgebigode ($1.09 in chips) 
Seat 7: Roboto713 ($0.80 in chips) 
Seat 8: Dorex2007 ($2.26 in chips) 
Seat 9: matt blakk ($2.78 in chips) 
georgebigode: posts small blind $0.01
Roboto713: posts big blind $0.02
*** HOLE CARDS ***
Dealt to Dorex2007 [Qs Td]
Dorex2007: folds 
matt blakk: folds 
RafaCastro2001: folds 
RealKoi: calls $0.02
georgebigode: calls $0.01
Roboto713: raises $0.02 to $0.04
RealKoi: calls $0.02
georgebigode: calls $0.02
*** FLOP *** [7d Js Qh]
georgebigode: checks 
Roboto713: checks 
RealKoi: bets $0.06
georgebigode: folds 
Roboto713: calls $0.06
*** TURN *** [7d Js Qh] [7h]
Roboto713: bets $0.02
RealKoi: calls $0.02
*** RIVER *** [7d Js Qh 7h] [Ad]
Roboto713: bets $0.02
RealKoi: raises $0.06 to $0.08
Roboto713: calls $0.06
*** SHOW DOWN ***
RealKoi: shows [3h 3s] (two pair, Sevens and Threes)
Roboto713: shows [4c 4h] (two pair, Sevens and Fours)
Roboto713 collected $0.42 from pot
*** SUMMARY ***
Total pot $0.44 | Rake $0.02 
Board [7d Js Qh 7h Ad]
Seat 2: RafaCastro2001 folded before Flop (didn't bet)
Seat 5: RealKoi (button) showed [3h 3s] and lost with two pair, Sevens and Threes
Seat 6: georgebigode (small blind) folded on the Flop
Seat 7: Roboto713 (big blind) showed [4c 4h] and won ($0.42) with two pair, Sevens and Fours
Seat 8: Dorex2007 folded before Flop (didn't bet)
Seat 9: matt blakk folded before Flop (didn't bet)



PokerStars Hand #237032419271:  Hold'em No Limit ($0.01/$0.02 USD) - 2022/06/27 20:54:17 PT [2022/06/27 23:54:17 ET]
Table 'Innes' 9-max Seat #6 is the button
Seat 2: RafaCastro2001 ($1.56 in chips) 
Seat 5: RealKoi ($1.16 in chips) 
Seat 6: georgebigode ($1.05 in chips) 
Seat 7: Roboto713 ($1.02 in chips) 
Seat 8: Dorex2007 ($2.26 in chips) 
Seat 9: matt blakk ($2.78 in chips) 
Roboto713: posts small blind $0.01
Dorex2007: posts big blind $0.02
*** HOLE CARDS ***
Dealt to Dorex2007 [8s 5s]
matt blakk: raises $0.04 to $0.06
RafaCastro2001: folds 
RealKoi: calls $0.06
georgebigode: calls $0.06
Roboto713: folds 
Dorex2007: folds 
*** FLOP *** [4s 6s Ad]
santibaron joins the table at seat #3 
matt blakk: checks 
RealKoi: bets $0.08
georgebigode: calls $0.08
matt blakk: calls $0.08
*** TURN *** [4s 6s Ad] [Kc]
matt blakk: checks 
RealKoi: bets $0.21
georgebigode: calls $0.21
matt blakk: folds 
*** RIVER *** [4s 6s Ad Kc] [3s]
RealKoi: bets $0.42
georgebigode: calls $0.42
Pedro Cec604 joins the table at seat #4 
*** SHOW DOWN ***
RealKoi: shows [9h Ah] (a pair of Aces)
georgebigode: shows [Qc Ac] (a pair of Aces - King+Queen kicker)
georgebigode collected $1.65 from pot
*** SUMMARY ***
Total pot $1.71 | Rake $0.06 
Board [4s 6s Ad Kc 3s]
Seat 2: RafaCastro2001 folded before Flop (didn't bet)
Seat 5: RealKoi showed [9h Ah] and lost with a pair of Aces
Seat 6: georgebigode (button) showed [Qc Ac] and won ($1.65) with a pair of Aces
Seat 7: Roboto713 (small blind) folded before Flop
Seat 8: Dorex2007 (big blind) folded before Flop
Seat 9: matt blakk folded on the Turn



PokerStars Hand #237032426512:  Hold'em No Limit ($0.01/$0.02 USD) - 2022/06/27 20:55:10 PT [2022/06/27 23:55:10 ET]
Table 'Innes' 9-max Seat #7 is the button
Seat 2: RafaCastro2001 ($1.56 in chips) 
Seat 5: RealKoi ($0.39 in chips) 
Seat 6: georgebigode ($1.93 in chips) 
Seat 7: Roboto713 ($1.01 in chips) 
Seat 8: Dorex2007 ($2.24 in chips) 
Seat 9: matt blakk ($2.64 in chips) 
Dorex2007: posts small blind $0.01
matt blakk: posts big blind $0.02
Diegokoltun: sits out 
santibaron: sits out 
Pedro Cec604: sits out 
*** HOLE CARDS ***
Dealt to Dorex2007 [Qc 6c]
RafaCastro2001: calls $0.02
RealKoi: raises $0.02 to $0.04
georgebigode: folds 
Roboto713: calls $0.04
Dorex2007: folds 
matt blakk: raises $0.20 to $0.24
RafaCastro2001: folds 
RealKoi: calls $0.20
Roboto713: folds 
*** FLOP *** [3s 9d Td]
matt blakk: bets $0.36
RealKoi: calls $0.15 and is all-in
Uncalled bet ($0.21) returned to matt blakk
*** TURN *** [3s 9d Td] [7c]
*** RIVER *** [3s 9d Td 7c] [2c]
*** SHOW DOWN ***
matt blakk: shows [Qh Qd] (a pair of Queens)
RealKoi: shows [Jd Ad] (high card Ace)
matt blakk collected $0.82 from pot
*** SUMMARY ***
Total pot $0.85 | Rake $0.03 
Board [3s 9d Td 7c 2c]
Seat 2: RafaCastro2001 folded before Flop
Seat 5: RealKoi showed [Jd Ad] and lost with high card Ace
Seat 6: georgebigode folded before Flop (didn't bet)
Seat 7: Roboto713 (button) folded before Flop
Seat 8: Dorex2007 (small blind) folded before Flop
Seat 9: matt blakk (big blind) showed [Qh Qd] and won ($0.82) with a pair of Queens



PokerStars Hand #237032433986:  Hold'em No Limit ($0.01/$0.02 USD) - 2022/06/27 20:56:12 PT [2022/06/27 23:56:12 ET]
Table 'Innes' 9-max Seat #8 is the button
Seat 1: Diegokoltun ($1.55 in chips) 
Seat 2: RafaCastro2001 ($1.54 in chips) 
Seat 4: Pedro Cec604 ($0.80 in chips) 
Seat 6: georgebigode ($1.93 in chips) 
Seat 7: Roboto713 ($0.97 in chips) 
Seat 8: Dorex2007 ($2.23 in chips) 
Seat 9: matt blakk ($3.07 in chips) 
matt blakk: posts small blind $0.01
Diegokoltun: posts big blind $0.02
santibaron: sits out 
Pedro Cec604: posts big blind $0.02
*** HOLE CARDS ***
Dealt to Dorex2007 [5d Tc]
RafaCastro2001: folds 
Pedro Cec604: checks 
georgebigode: folds 
RealKoi leaves the table
Roboto713: raises $0.02 to $0.04
Dorex2007: folds 
matt blakk: raises $0.13 to $0.17
Diegokoltun: folds 
Pedro Cec604: folds 
Roboto713: raises $0.23 to $0.40
matt blakk: raises $2.67 to $3.07 and is all-in
Roboto713: calls $0.57 and is all-in
Uncalled bet ($2.10) returned to matt blakk
*** FLOP *** [3h Qh 4h]
*** TURN *** [3h Qh 4h] [Jh]
*** RIVER *** [3h Qh 4h Jh] [Kh]
*** SHOW DOWN ***
matt blakk: shows [Ah Kc] (a flush, Ace high)
Roboto713: shows [Ad As] (a flush, King high)
matt blakk collected $1.91 from pot
*** SUMMARY ***
Total pot $1.98 | Rake $0.07 
Board [3h Qh 4h Jh Kh]
Seat 1: Diegokoltun (big blind) folded before Flop
Seat 2: RafaCastro2001 folded before Flop (didn't bet)
Seat 4: Pedro Cec604 folded before Flop (didn't bet)
Seat 6: georgebigode folded before Flop (didn't bet)
Seat 7: Roboto713 showed [Ad As] and lost with a flush, King high
Seat 8: Dorex2007 (button) folded before Flop (didn't bet)
Seat 9: matt blakk (small blind) showed [Ah Kc] and won ($1.91) with a flush, Ace high



PokerStars Hand #237032438843:  Hold'em No Limit ($0.01/$0.02 USD) - 2022/06/27 20:56:53 PT [2022/06/27 23:56:53 ET]
Table 'Innes' 9-max Seat #9 is the button
Seat 1: Diegokoltun ($1.53 in chips) 
Seat 2: RafaCastro2001 ($1.54 in chips) 
Seat 4: Pedro Cec604 ($0.78 in chips) 
Seat 6: georgebigode ($1.93 in chips) 
Seat 8: Dorex2007 ($2.23 in chips) 
Seat 9: matt blakk ($4.01 in chips) 
Diegokoltun: posts small blind $0.01
RafaCastro2001: posts big blind $0.02
santibaron: sits out 
*** HOLE CARDS ***
Dealt to Dorex2007 [7s Tc]
Pedro Cec604: calls $0.02
Roboto713 leaves the table
georgebigode: folds 
Dorex2007: folds 
matt blakk: raises $0.04 to $0.06
Diegokoltun: folds 
RafaCastro2001: calls $0.04
Pedro Cec604: calls $0.04
*** FLOP *** [6h Ks Ts]
RafaCastro2001: checks 
Pedro Cec604: bets $0.04
matt blakk: calls $0.04
RafaCastro2001: folds 
*** TURN *** [6h Ks Ts] [Jh]
Pedro Cec604: checks 
matt blakk: checks 
*** RIVER *** [6h Ks Ts Jh] [Qh]
Pedro Cec604: bets $0.26
matt blakk: calls $0.26
*** SHOW DOWN ***
Pedro Cec604: shows [6s Ah] (a straight, Ten to Ace)
matt blakk: shows [As 9c] (a straight, Ten to Ace)
Pedro Cec604 collected $0.38 from pot
matt blakk collected $0.38 from pot
*** SUMMARY ***
Total pot $0.79 | Rake $0.03 
Board [6h Ks Ts Jh Qh]
Seat 1: Diegokoltun (small blind) folded before Flop
Seat 2: RafaCastro2001 (big blind) folded on the Flop
Seat 4: Pedro Cec604 showed [6s Ah] and won ($0.38) with a straight, Ten to Ace
Seat 6: georgebigode folded before Flop (didn't bet)
Seat 8: Dorex2007 folded before Flop (didn't bet)
Seat 9: matt blakk (button) showed [As 9c] and won ($0.38) with a straight, Ten to Ace



PokerStars Hand #237032450952:  Hold'em No Limit ($0.01/$0.02 USD) - 2022/06/27 20:58:36 PT [2022/06/27 23:58:36 ET]
Table 'Innes' 9-max Seat #1 is the button
Seat 1: Diegokoltun ($1.52 in chips) 
Seat 2: RafaCastro2001 ($1.48 in chips) 
Seat 3: santibaron ($1.60 in chips) 
Seat 4: Pedro Cec604 ($0.80 in chips) 
Seat 6: georgebigode ($1.93 in chips) 
Seat 8: Dorex2007 ($2.23 in chips) 
Seat 9: matt blakk ($4.03 in chips) 
RafaCastro2001: posts small blind $0.01
santibaron: posts big blind $0.02
*** HOLE CARDS ***
Dealt to Dorex2007 [Jc 9c]
Pedro Cec604: folds 
georgebigode: calls $0.02
Dorex2007: calls $0.02
matt blakk: folds 
riddick697 joins the table at seat #7 
zzthomaszzz joins the table at seat #5 
Diegokoltun has timed out
Diegokoltun: folds 
RafaCastro2001: calls $0.01
santibaron: checks 
*** FLOP *** [4h 7c Qc]
RafaCastro2001: checks 
santibaron: checks 
georgebigode: checks 
Dorex2007: bets $0.08
RafaCastro2001: folds 
santibaron: folds 
georgebigode: folds 
Uncalled bet ($0.08) returned to Dorex2007
Dorex2007 collected $0.08 from pot
*** SUMMARY ***
Total pot $0.08 | Rake $0 
Board [4h 7c Qc]
Seat 1: Diegokoltun (button) folded before Flop (didn't bet)
Seat 2: RafaCastro2001 (small blind) folded on the Flop
Seat 3: santibaron (big blind) folded on the Flop
Seat 4: Pedro Cec604 folded before Flop (didn't bet)
Seat 6: georgebigode folded on the Flop
Seat 8: Dorex2007 collected ($0.08)
Seat 9: matt blakk folded before Flop (didn't bet)



PokerStars Hand #237032458103:  Hold'em No Limit ($0.01/$0.02 USD) - 2022/06/27 20:59:36 PT [2022/06/27 23:59:36 ET]
Table 'Innes' 9-max Seat #2 is the button
Seat 1: Diegokoltun ($1.52 in chips) 
Seat 2: RafaCastro2001 ($1.46 in chips) 
Seat 3: santibaron ($1.58 in chips) 
Seat 4: Pedro Cec604 ($0.80 in chips) 
Seat 6: georgebigode ($1.91 in chips) 
Seat 7: riddick697 ($0.80 in chips) 
Seat 8: Dorex2007 ($2.29 in chips) 
Seat 9: matt blakk ($4.03 in chips) 
santibaron: posts small blind $0.01
Pedro Cec604: posts big blind $0.02
zzthomaszzz: sits out 
riddick697: posts big blind $0.02
*** HOLE CARDS ***
Dealt to Dorex2007 [9d Ad]
georgebigode: calls $0.02
riddick697: checks 
Dorex2007: calls $0.02
matt blakk: raises $0.04 to $0.06
Diegokoltun: raises $0.48 to $0.54
RafaCastro2001: folds 
santibaron: folds 
Pedro Cec604: folds 
georgebigode: folds 
riddick697: folds 
Dorex2007: folds 
matt blakk: folds 
Uncalled bet ($0.48) returned to Diegokoltun
Diegokoltun collected $0.21 from pot
*** SUMMARY ***
Total pot $0.21 | Rake $0 
Seat 1: Diegokoltun collected ($0.21)
Seat 2: RafaCastro2001 (button) folded before Flop (didn't bet)
Seat 3: santibaron (small blind) folded before Flop
Seat 4: Pedro Cec604 (big blind) folded before Flop
Seat 6: georgebigode folded before Flop
Seat 7: riddick697 folded before Flop (didn't bet)
Seat 8: Dorex2007 folded before Flop
Seat 9: matt blakk folded before Flop



