PokerStars Hand #230767991608:  Hold'em No Limit ($0.01/$0.02 USD) - 2021/10/20 21:00:35 PT [2021/10/21 0:00:35 ET]
Table 'Gedania IV' 9-max Seat #8 is the button
Seat 1: marc633 ($0.18 in chips) 
Seat 2: Dorex2007 ($2.01 in chips) 
Seat 3: XIXKEEPER ($1.13 in chips) 
Seat 4: Grf79 ($2.89 in chips) 
Seat 5: CaptRodDog ($1.88 in chips) 
Seat 6: MrThomas28 ($3.19 in chips) 
Seat 8: Dragut-Reis ($2 in chips) 
Seat 9: destroynl ($6.29 in chips) 
destroynl: posts small blind $0.01
marc633: posts big blind $0.02
*** HOLE CARDS ***
Dealt to Dorex2007 [5c 6d]
Dorex2007: folds 
XIXKEEPER: raises $0.06 to $0.08
Grf79: folds 
CaptRodDog: folds 
MrThomas28: folds 
Dragut-Reis: folds 
destroynl: folds 
marc633: folds 
Uncalled bet ($0.06) returned to XIXKEEPER
XIXKEEPER collected $0.05 from pot
XIXKEEPER: doesn't show hand 
*** SUMMARY ***
Total pot $0.05 | Rake $0 
Seat 1: marc633 (big blind) folded before Flop
Seat 2: Dorex2007 folded before Flop (didn't bet)
Seat 3: XIXKEEPER collected ($0.05)
Seat 4: Grf79 folded before Flop (didn't bet)
Seat 5: CaptRodDog folded before Flop (didn't bet)
Seat 6: MrThomas28 folded before Flop (didn't bet)
Seat 8: Dragut-Reis (button) folded before Flop (didn't bet)
Seat 9: destroynl (small blind) folded before Flop



PokerStars Hand #230767996327:  Hold'em No Limit ($0.01/$0.02 USD) - 2021/10/20 21:01:07 PT [2021/10/21 0:01:07 ET]
Table 'Gedania IV' 9-max Seat #9 is the button
Seat 1: marc633 ($0.16 in chips) 
Seat 2: Dorex2007 ($2.01 in chips) 
Seat 3: XIXKEEPER ($1.16 in chips) 
Seat 4: Grf79 ($2.89 in chips) 
Seat 5: CaptRodDog ($1.88 in chips) 
Seat 6: MrThomas28 ($3.19 in chips) 
Seat 8: Dragut-Reis ($2 in chips) 
Seat 9: destroynl ($6.28 in chips) 
marc633: posts small blind $0.01
Dorex2007: posts big blind $0.02
*** HOLE CARDS ***
Dealt to Dorex2007 [Js Jc]
XIXKEEPER: folds 
Grf79: folds 
CaptRodDog: folds 
MrThomas28: raises $0.04 to $0.06
Dragut-Reis: raises $0.15 to $0.21
destroynl: folds 
marc633: folds 
Dorex2007: folds 
MrThomas28: folds 
Uncalled bet ($0.15) returned to Dragut-Reis
Dragut-Reis collected $0.15 from pot
Dragut-Reis: doesn't show hand 
*** SUMMARY ***
Total pot $0.15 | Rake $0 
Seat 1: marc633 (small blind) folded before Flop
Seat 2: Dorex2007 (big blind) folded before Flop
Seat 3: XIXKEEPER folded before Flop (didn't bet)
Seat 4: Grf79 folded before Flop (didn't bet)
Seat 5: CaptRodDog folded before Flop (didn't bet)
Seat 6: MrThomas28 folded before Flop
Seat 8: Dragut-Reis collected ($0.15)
Seat 9: destroynl (button) folded before Flop (didn't bet)



PokerStars Hand #230768004640:  Hold'em No Limit ($0.01/$0.02 USD) - 2021/10/20 21:02:02 PT [2021/10/21 0:02:02 ET]
Table 'Gedania IV' 9-max Seat #1 is the button
Seat 1: marc633 ($0.15 in chips) 
Seat 2: Dorex2007 ($2 in chips) 
Seat 3: XIXKEEPER ($1.16 in chips) 
Seat 4: Grf79 ($2.89 in chips) 
Seat 5: CaptRodDog ($1.88 in chips) 
Seat 6: MrThomas28 ($3.13 in chips) 
Seat 7: PILOTOCH ULK ($1.97 in chips) 
Seat 8: Dragut-Reis ($2.09 in chips) 
Seat 9: destroynl ($6.28 in chips) 
Dorex2007: posts small blind $0.01
XIXKEEPER: posts big blind $0.02
*** HOLE CARDS ***
Dealt to Dorex2007 [8c Js]
Grf79: folds 
CaptRodDog has timed out
CaptRodDog: folds 
MrThomas28: raises $0.04 to $0.06
PILOTOCH ULK: folds 
Dragut-Reis: raises $0.15 to $0.21
destroynl: folds 
marc633: calls $0.15 and is all-in
Dorex2007: folds 
XIXKEEPER: folds 
MrThomas28: raises $0.36 to $0.57
Dragut-Reis: raises $1.52 to $2.09 and is all-in
MrThomas28: calls $1.52
*** FLOP *** [Ah 7h 8d]
*** TURN *** [Ah 7h 8d] [6s]
*** RIVER *** [Ah 7h 8d 6s] [9d]
*** SHOW DOWN ***
MrThomas28: shows [As Kc] (a pair of Aces)
Dragut-Reis: shows [Ts Tc] (a straight, Six to Ten)
Dragut-Reis collected $3.75 from side pot
marc633: shows [Jh Kd] (high card Ace)
Dragut-Reis collected $0.46 from main pot
*** SUMMARY ***
Total pot $4.36 Main pot $0.46. Side pot $3.75. | Rake $0.15 
Board [Ah 7h 8d 6s 9d]
Seat 1: marc633 (button) showed [Jh Kd] and lost with high card Ace
Seat 2: Dorex2007 (small blind) folded before Flop
Seat 3: XIXKEEPER (big blind) folded before Flop
Seat 4: Grf79 folded before Flop (didn't bet)
Seat 5: CaptRodDog folded before Flop (didn't bet)
Seat 6: MrThomas28 showed [As Kc] and lost with a pair of Aces
Seat 7: PILOTOCH ULK folded before Flop (didn't bet)
Seat 8: Dragut-Reis showed [Ts Tc] and won ($4.21) with a straight, Six to Ten
Seat 9: destroynl folded before Flop (didn't bet)



PokerStars Hand #230768012269:  Hold'em No Limit ($0.01/$0.02 USD) - 2021/10/20 21:02:53 PT [2021/10/21 0:02:53 ET]
Table 'Gedania IV' 9-max Seat #2 is the button
Seat 2: Dorex2007 ($2 in chips) 
Seat 3: XIXKEEPER ($1.14 in chips) 
Seat 4: Grf79 ($2.89 in chips) 
Seat 5: CaptRodDog ($1.88 in chips) 
Seat 6: MrThomas28 ($2 in chips) 
Seat 7: PILOTOCH ULK ($1.97 in chips) 
Seat 8: Dragut-Reis ($4.21 in chips) 
Seat 9: destroynl ($6.28 in chips) 
XIXKEEPER: posts small blind $0.01
Grf79: posts big blind $0.02
*** HOLE CARDS ***
Dealt to Dorex2007 [5d 6c]
CaptRodDog: calls $0.02
MrThomas28: raises $0.06 to $0.08
PILOTOCH ULK: folds 
marc633 leaves the table
Dragut-Reis: folds 
destroynl: folds 
Dorex2007: folds 
XIXKEEPER: folds 
NormBabe joins the table at seat #1 
Grf79: folds 
CaptRodDog: calls $0.06
*** FLOP *** [3h As Jc]
CaptRodDog: checks 
MrThomas28: bets $0.11
CaptRodDog: calls $0.11
*** TURN *** [3h As Jc] [Js]
CaptRodDog: checks 
MrThomas28: bets $0.26
CaptRodDog: folds 
Uncalled bet ($0.26) returned to MrThomas28
MrThomas28 collected $0.40 from pot
MrThomas28: doesn't show hand 
*** SUMMARY ***
Total pot $0.41 | Rake $0.01 
Board [3h As Jc Js]
Seat 2: Dorex2007 (button) folded before Flop (didn't bet)
Seat 3: XIXKEEPER (small blind) folded before Flop
Seat 4: Grf79 (big blind) folded before Flop
Seat 5: CaptRodDog folded on the Turn
Seat 6: MrThomas28 collected ($0.40)
Seat 7: PILOTOCH ULK folded before Flop (didn't bet)
Seat 8: Dragut-Reis folded before Flop (didn't bet)
Seat 9: destroynl folded before Flop (didn't bet)



PokerStars Hand #230768021365:  Hold'em No Limit ($0.01/$0.02 USD) - 2021/10/20 21:03:53 PT [2021/10/21 0:03:53 ET]
Table 'Gedania IV' 9-max Seat #3 is the button
Seat 1: NormBabe ($2 in chips) 
Seat 2: Dorex2007 ($2 in chips) 
Seat 3: XIXKEEPER ($1.13 in chips) 
Seat 4: Grf79 ($2.87 in chips) 
Seat 5: CaptRodDog ($1.69 in chips) 
Seat 6: MrThomas28 ($2.21 in chips) 
Seat 7: PILOTOCH ULK ($1.97 in chips) 
Seat 8: Dragut-Reis ($4.21 in chips) 
Seat 9: destroynl ($6.28 in chips) 
Grf79: posts small blind $0.01
CaptRodDog: posts big blind $0.02
NormBabe: posts big blind $0.02
*** HOLE CARDS ***
Dealt to Dorex2007 [Ac Ah]
MrThomas28: folds 
PILOTOCH ULK: raises $0.04 to $0.06
Dragut-Reis: folds 
destroynl: folds 
NormBabe: folds 
Dorex2007: raises $0.04 to $0.10
XIXKEEPER: folds 
Grf79: folds 
CaptRodDog: folds 
PILOTOCH ULK: calls $0.04
*** FLOP *** [Jh 4s Td]
PILOTOCH ULK: checks 
Dorex2007: bets $0.12
PILOTOCH ULK: calls $0.12
*** TURN *** [Jh 4s Td] [9s]
PILOTOCH ULK: checks 
Dorex2007: bets $0.24
PILOTOCH ULK: calls $0.24
*** RIVER *** [Jh 4s Td 9s] [Tc]
PILOTOCH ULK: checks 
Dorex2007: bets $0.63
PILOTOCH ULK: calls $0.63
*** SHOW DOWN ***
Dorex2007: shows [Ac Ah] (two pair, Aces and Tens)
PILOTOCH ULK: mucks hand 
Dorex2007 collected $2.15 from pot
*** SUMMARY ***
Total pot $2.23 | Rake $0.08 
Board [Jh 4s Td 9s Tc]
Seat 1: NormBabe folded before Flop (didn't bet)
Seat 2: Dorex2007 showed [Ac Ah] and won ($2.15) with two pair, Aces and Tens
Seat 3: XIXKEEPER (button) folded before Flop (didn't bet)
Seat 4: Grf79 (small blind) folded before Flop
Seat 5: CaptRodDog (big blind) folded before Flop
Seat 6: MrThomas28 folded before Flop (didn't bet)
Seat 7: PILOTOCH ULK mucked [Jd Kd]
Seat 8: Dragut-Reis folded before Flop (didn't bet)
Seat 9: destroynl folded before Flop (didn't bet)



PokerStars Hand #230768034269:  Hold'em No Limit ($0.01/$0.02 USD) - 2021/10/20 21:05:20 PT [2021/10/21 0:05:20 ET]
Table 'Gedania IV' 9-max Seat #4 is the button
Seat 1: NormBabe ($1.98 in chips) 
Seat 2: Dorex2007 ($3.06 in chips) 
Seat 3: XIXKEEPER ($1.13 in chips) 
Seat 4: Grf79 ($2.86 in chips) 
Seat 5: CaptRodDog ($1.67 in chips) 
Seat 6: MrThomas28 ($2.21 in chips) 
Seat 7: PILOTOCH ULK ($0.88 in chips) 
Seat 8: Dragut-Reis ($4.21 in chips) 
Seat 9: destroynl ($6.28 in chips) 
CaptRodDog: posts small blind $0.01
MrThomas28: posts big blind $0.02
*** HOLE CARDS ***
Dealt to Dorex2007 [As 4d]
PILOTOCH ULK: folds 
Dragut-Reis: folds 
destroynl: folds 
NormBabe: folds 
Dorex2007: folds 
XIXKEEPER: raises $0.02 to $0.04
Grf79: folds 
CaptRodDog: calls $0.03
MrThomas28: raises $0.14 to $0.18
destroynl leaves the table
XIXKEEPER: calls $0.14
CaptRodDog: folds 
*** FLOP *** [Jd 6h 2c]
MrThomas28: bets $0.23
XIXKEEPER: folds 
Uncalled bet ($0.23) returned to MrThomas28
MrThomas28 collected $0.39 from pot
MrThomas28: doesn't show hand 
*** SUMMARY ***
Total pot $0.40 | Rake $0.01 
Board [Jd 6h 2c]
Seat 1: NormBabe folded before Flop (didn't bet)
Seat 2: Dorex2007 folded before Flop (didn't bet)
Seat 3: XIXKEEPER folded on the Flop
Seat 4: Grf79 (button) folded before Flop (didn't bet)
Seat 5: CaptRodDog (small blind) folded before Flop
Seat 6: MrThomas28 (big blind) collected ($0.39)
Seat 7: PILOTOCH ULK folded before Flop (didn't bet)
Seat 8: Dragut-Reis folded before Flop (didn't bet)
Seat 9: destroynl folded before Flop (didn't bet)



PokerStars Hand #230768042261:  Hold'em No Limit ($0.01/$0.02 USD) - 2021/10/20 21:06:13 PT [2021/10/21 0:06:13 ET]
Table 'Gedania IV' 9-max Seat #5 is the button
Seat 1: NormBabe ($1.98 in chips) 
Seat 2: Dorex2007 ($3.06 in chips) 
Seat 3: XIXKEEPER ($0.95 in chips) 
Seat 4: Grf79 ($2.86 in chips) 
Seat 5: CaptRodDog ($1.63 in chips) 
Seat 6: MrThomas28 ($2.42 in chips) 
Seat 7: PILOTOCH ULK ($2 in chips) 
Seat 8: Dragut-Reis ($4.21 in chips) 
MrThomas28: posts small blind $0.01
PILOTOCH ULK: posts big blind $0.02
*** HOLE CARDS ***
Dealt to Dorex2007 [2h Ad]
Dragut-Reis: folds 
NormBabe: folds 
Dorex2007: folds 
Artmis 33 joins the table at seat #9 
XIXKEEPER: raises $0.06 to $0.08
Grf79: folds 
CaptRodDog: folds 
MrThomas28: folds 
PILOTOCH ULK: folds 
Uncalled bet ($0.06) returned to XIXKEEPER
XIXKEEPER collected $0.05 from pot
PILOTOCH ULK leaves the table
XIXKEEPER: doesn't show hand 
*** SUMMARY ***
Total pot $0.05 | Rake $0 
Seat 1: NormBabe folded before Flop (didn't bet)
Seat 2: Dorex2007 folded before Flop (didn't bet)
Seat 3: XIXKEEPER collected ($0.05)
Seat 4: Grf79 folded before Flop (didn't bet)
Seat 5: CaptRodDog (button) folded before Flop (didn't bet)
Seat 6: MrThomas28 (small blind) folded before Flop
Seat 7: PILOTOCH ULK (big blind) folded before Flop
Seat 8: Dragut-Reis folded before Flop (didn't bet)



PokerStars Hand #230768044382:  Hold'em No Limit ($0.01/$0.02 USD) - 2021/10/20 21:06:39 PT [2021/10/21 0:06:39 ET]
Table 'Gedania IV' 9-max Seat #6 is the button
Seat 1: NormBabe ($1.98 in chips) 
Seat 2: Dorex2007 ($3.06 in chips) 
Seat 3: XIXKEEPER ($0.98 in chips) 
Seat 4: Grf79 ($2.86 in chips) 
Seat 5: CaptRodDog ($1.63 in chips) 
Seat 6: MrThomas28 ($2.41 in chips) 
Seat 8: Dragut-Reis ($4.21 in chips) 
Seat 9: Artmis 33 ($2 in chips) 
Dragut-Reis: posts small blind $0.01
Artmis 33: posts big blind $0.02
*** HOLE CARDS ***
Dealt to Dorex2007 [7d Jd]
NormBabe: raises $0.06 to $0.08
Dorex2007: folds 
XIXKEEPER: folds 
Grf79: folds 
CaptRodDog: calls $0.08
MrThomas28: folds 
Dragut-Reis: folds 
Artmis 33: folds 
*** FLOP *** [Ts Qh Ad]
NormBabe: bets $0.18
CaptRodDog: calls $0.18
*** TURN *** [Ts Qh Ad] [3s]
Tobiz89 joins the table at seat #7 
NormBabe: bets $0.53
CaptRodDog: raises $0.84 to $1.37 and is all-in
NormBabe: folds 
Uncalled bet ($0.84) returned to CaptRodDog
CaptRodDog collected $1.55 from pot
CaptRodDog: doesn't show hand 
*** SUMMARY ***
Total pot $1.61 | Rake $0.06 
Board [Ts Qh Ad 3s]
Seat 1: NormBabe folded on the Turn
Seat 2: Dorex2007 folded before Flop (didn't bet)
Seat 3: XIXKEEPER folded before Flop (didn't bet)
Seat 4: Grf79 folded before Flop (didn't bet)
Seat 5: CaptRodDog collected ($1.55)
Seat 6: MrThomas28 (button) folded before Flop (didn't bet)
Seat 8: Dragut-Reis (small blind) folded before Flop
Seat 9: Artmis 33 (big blind) folded before Flop



PokerStars Hand #230768055514:  Hold'em No Limit ($0.01/$0.02 USD) - 2021/10/20 21:07:55 PT [2021/10/21 0:07:55 ET]
Table 'Gedania IV' 9-max Seat #8 is the button
Seat 1: NormBabe ($2 in chips) 
Seat 2: Dorex2007 ($3.06 in chips) 
Seat 3: XIXKEEPER ($0.98 in chips) 
Seat 4: Grf79 ($2.86 in chips) 
Seat 5: CaptRodDog ($2.39 in chips) 
Seat 6: MrThomas28 ($2.41 in chips) 
Seat 8: Dragut-Reis ($4.20 in chips) 
Seat 9: Artmis 33 ($1.98 in chips) 
Artmis 33: posts small blind $0.01
NormBabe: posts big blind $0.02
Tobiz89: sits out 
*** HOLE CARDS ***
Dealt to Dorex2007 [7d 5h]
Dorex2007: folds 
XIXKEEPER: calls $0.02
Grf79: folds 
CaptRodDog: calls $0.02
MrThomas28: folds 
Dragut-Reis: calls $0.02
Artmis 33: folds 
NormBabe: checks 
*** FLOP *** [Jc Kd 5d]
NormBabe: checks 
XIXKEEPER: checks 
CaptRodDog: checks 
Dragut-Reis: checks 
*** TURN *** [Jc Kd 5d] [Qh]
NormBabe: checks 
XIXKEEPER: checks 
CaptRodDog: checks 
Dragut-Reis: checks 
*** RIVER *** [Jc Kd 5d Qh] [Td]
NormBabe: checks 
XIXKEEPER: checks 
CaptRodDog: checks 
Dragut-Reis: checks 
*** SHOW DOWN ***
NormBabe: shows [3s Th] (a pair of Tens)
XIXKEEPER: shows [Qc 4c] (a pair of Queens)
CaptRodDog: mucks hand 
Dragut-Reis: mucks hand 
XIXKEEPER collected $0.09 from pot
*** SUMMARY ***
Total pot $0.09 | Rake $0 
Board [Jc Kd 5d Qh Td]
Seat 1: NormBabe (big blind) showed [3s Th] and lost with a pair of Tens
Seat 2: Dorex2007 folded before Flop (didn't bet)
Seat 3: XIXKEEPER showed [Qc 4c] and won ($0.09) with a pair of Queens
Seat 4: Grf79 folded before Flop (didn't bet)
Seat 5: CaptRodDog mucked [3c 2d]
Seat 6: MrThomas28 folded before Flop (didn't bet)
Seat 8: Dragut-Reis (button) mucked [2c 2s]
Seat 9: Artmis 33 (small blind) folded before Flop



PokerStars Hand #230768065664:  Hold'em No Limit ($0.01/$0.02 USD) - 2021/10/20 21:09:03 PT [2021/10/21 0:09:03 ET]
Table 'Gedania IV' 9-max Seat #9 is the button
Seat 1: NormBabe ($1.98 in chips) 
Seat 2: Dorex2007 ($3.06 in chips) 
Seat 3: XIXKEEPER ($1.05 in chips) 
Seat 4: Grf79 ($2.86 in chips) 
Seat 5: CaptRodDog ($2.37 in chips) 
Seat 6: MrThomas28 ($2.41 in chips) 
Seat 8: Dragut-Reis ($4.18 in chips) 
Seat 9: Artmis 33 ($1.97 in chips) 
NormBabe: posts small blind $0.01
Dorex2007: posts big blind $0.02
Tobiz89: sits out 
*** HOLE CARDS ***
Dealt to Dorex2007 [Tc Ad]
XIXKEEPER: folds 
Grf79: folds 
CaptRodDog: calls $0.02
MrThomas28: raises $0.06 to $0.08
Dragut-Reis: folds 
Artmis 33: folds 
NormBabe: folds 
Dorex2007: folds 
CaptRodDog: calls $0.06
*** FLOP *** [4c Qs 8d]
CaptRodDog: checks 
MrThomas28: bets $0.06
CaptRodDog: calls $0.06
*** TURN *** [4c Qs 8d] [3d]
CaptRodDog: checks 
MrThomas28: checks 
*** RIVER *** [4c Qs 8d 3d] [8s]
CaptRodDog: bets $0.30
MrThomas28: folds 
Uncalled bet ($0.30) returned to CaptRodDog
CaptRodDog collected $0.30 from pot
CaptRodDog: doesn't show hand 
*** SUMMARY ***
Total pot $0.31 | Rake $0.01 
Board [4c Qs 8d 3d 8s]
Seat 1: NormBabe (small blind) folded before Flop
Seat 2: Dorex2007 (big blind) folded before Flop
Seat 3: XIXKEEPER folded before Flop (didn't bet)
Seat 4: Grf79 folded before Flop (didn't bet)
Seat 5: CaptRodDog collected ($0.30)
Seat 6: MrThomas28 folded on the River
Seat 8: Dragut-Reis folded before Flop (didn't bet)
Seat 9: Artmis 33 (button) folded before Flop (didn't bet)



PokerStars Hand #230768102072:  Hold'em No Limit ($0.01/$0.02 USD) - 2021/10/20 21:13:06 PT [2021/10/21 0:13:06 ET]
Table 'Gedania IV' 9-max Seat #5 is the button
Seat 1: NormBabe ($1.97 in chips) 
Seat 2: Dorex2007 ($3.04 in chips) 
Seat 3: XIXKEEPER ($0.93 in chips) 
Seat 4: Grf79 ($2.88 in chips) 
Seat 5: CaptRodDog ($2.53 in chips) 
Seat 6: MrThomas28 ($2.36 in chips) 
Seat 7: Tobiz89 ($2 in chips) 
Seat 8: Dragut-Reis ($4.18 in chips) 
Seat 9: Artmis 33 ($1.97 in chips) 
MrThomas28: posts small blind $0.01
Tobiz89: posts big blind $0.02
Dorex2007: posts small blind $0.01
*** HOLE CARDS ***
Dealt to Dorex2007 [Jc 6h]
Dragut-Reis: folds 
Artmis 33: folds 
NormBabe: folds 
Dorex2007: folds 
XIXKEEPER: folds 
Grf79: folds 
CaptRodDog: folds 
MrThomas28: raises $0.04 to $0.06
Tobiz89: folds 
Uncalled bet ($0.04) returned to MrThomas28
MrThomas28 collected $0.05 from pot
MrThomas28: doesn't show hand 
*** SUMMARY ***
Total pot $0.05 | Rake $0 
Seat 1: NormBabe folded before Flop (didn't bet)
Seat 2: Dorex2007 folded before Flop (didn't bet)
Seat 3: XIXKEEPER folded before Flop (didn't bet)
Seat 4: Grf79 folded before Flop (didn't bet)
Seat 5: CaptRodDog (button) folded before Flop (didn't bet)
Seat 6: MrThomas28 (small blind) collected ($0.05)
Seat 7: Tobiz89 (big blind) folded before Flop
Seat 8: Dragut-Reis folded before Flop (didn't bet)
Seat 9: Artmis 33 folded before Flop (didn't bet)



PokerStars Hand #230768104879:  Hold'em No Limit ($0.01/$0.02 USD) - 2021/10/20 21:13:25 PT [2021/10/21 0:13:25 ET]
Table 'Gedania IV' 9-max Seat #6 is the button
Seat 1: NormBabe ($1.97 in chips) 
Seat 2: Dorex2007 ($3.03 in chips) 
Seat 3: XIXKEEPER ($0.93 in chips) 
Seat 4: Grf79 ($2.88 in chips) 
Seat 5: CaptRodDog ($2.53 in chips) 
Seat 6: MrThomas28 ($2.39 in chips) 
Seat 7: Tobiz89 ($2 in chips) 
Seat 8: Dragut-Reis ($4.18 in chips) 
Seat 9: Artmis 33 ($1.97 in chips) 
Tobiz89: posts small blind $0.01
Dragut-Reis: posts big blind $0.02
*** HOLE CARDS ***
Dealt to Dorex2007 [6s 7c]
Artmis 33: folds 
NormBabe: folds 
Dorex2007: folds 
XIXKEEPER: folds 
Grf79: folds 
CaptRodDog: calls $0.02
MrThomas28: raises $0.06 to $0.08
Tobiz89: folds 
Dragut-Reis: folds 
CaptRodDog: calls $0.06
*** FLOP *** [9h 3c Ac]
CaptRodDog: checks 
MrThomas28: checks 
*** TURN *** [9h 3c Ac] [Ts]
CaptRodDog: checks 
MrThomas28: bets $0.11
CaptRodDog: folds 
Uncalled bet ($0.11) returned to MrThomas28
MrThomas28 collected $0.18 from pot
MrThomas28: doesn't show hand 
*** SUMMARY ***
Total pot $0.19 | Rake $0.01 
Board [9h 3c Ac Ts]
Seat 1: NormBabe folded before Flop (didn't bet)
Seat 2: Dorex2007 folded before Flop (didn't bet)
Seat 3: XIXKEEPER folded before Flop (didn't bet)
Seat 4: Grf79 folded before Flop (didn't bet)
Seat 5: CaptRodDog folded on the Turn
Seat 6: MrThomas28 (button) collected ($0.18)
Seat 7: Tobiz89 (small blind) folded before Flop
Seat 8: Dragut-Reis (big blind) folded before Flop
Seat 9: Artmis 33 folded before Flop (didn't bet)



PokerStars Hand #230768116116:  Hold'em No Limit ($0.01/$0.02 USD) - 2021/10/20 21:14:41 PT [2021/10/21 0:14:41 ET]
Table 'Gedania IV' 9-max Seat #7 is the button
Seat 1: NormBabe ($1.97 in chips) 
Seat 2: Dorex2007 ($3.03 in chips) 
Seat 3: XIXKEEPER ($0.93 in chips) 
Seat 4: Grf79 ($2.88 in chips) 
Seat 6: MrThomas28 ($2.49 in chips) 
Seat 7: Tobiz89 ($2 in chips) 
Seat 8: Dragut-Reis ($4.16 in chips) 
Seat 9: Artmis 33 ($1.97 in chips) 
Dragut-Reis: posts small blind $0.01
Artmis 33: posts big blind $0.02
*** HOLE CARDS ***
Dealt to Dorex2007 [3s 4h]
NormBabe: folds 
Dorex2007: folds 
XIXKEEPER: folds 
Grf79: calls $0.02
MrThomas28: raises $0.06 to $0.08
Tobiz89: folds 
Dragut-Reis: folds 
Artmis 33: folds 
Grf79: calls $0.06
*** FLOP *** [8d 3h 9s]
Grf79: checks 
MrThomas28: bets $0.06
Grf79: folds 
Uncalled bet ($0.06) returned to MrThomas28
MrThomas28 collected $0.18 from pot
MrThomas28: doesn't show hand 
*** SUMMARY ***
Total pot $0.19 | Rake $0.01 
Board [8d 3h 9s]
Seat 1: NormBabe folded before Flop (didn't bet)
Seat 2: Dorex2007 folded before Flop (didn't bet)
Seat 3: XIXKEEPER folded before Flop (didn't bet)
Seat 4: Grf79 folded on the Flop
Seat 6: MrThomas28 collected ($0.18)
Seat 7: Tobiz89 (button) folded before Flop (didn't bet)
Seat 8: Dragut-Reis (small blind) folded before Flop
Seat 9: Artmis 33 (big blind) folded before Flop



PokerStars Hand #230768124110:  Hold'em No Limit ($0.01/$0.02 USD) - 2021/10/20 21:15:33 PT [2021/10/21 0:15:33 ET]
Table 'Gedania IV' 9-max Seat #8 is the button
Seat 1: NormBabe ($1.97 in chips) 
Seat 2: Dorex2007 ($3.03 in chips) 
Seat 3: XIXKEEPER ($0.93 in chips) 
Seat 4: Grf79 ($2.80 in chips) 
Seat 6: MrThomas28 ($2.59 in chips) 
Seat 7: Tobiz89 ($2 in chips) 
Seat 8: Dragut-Reis ($4.15 in chips) 
Seat 9: Artmis 33 ($1.95 in chips) 
Artmis 33: posts small blind $0.01
NormBabe: posts big blind $0.02
*** HOLE CARDS ***
Dealt to Dorex2007 [Td Ad]
Dorex2007: raises $0.04 to $0.06
XIXKEEPER: folds 
Grf79: folds 
MrThomas28: folds 
Tobiz89: folds 
Dragut-Reis: folds 
Artmis 33: folds 
NormBabe: calls $0.04
*** FLOP *** [Ks 2d Qd]
NormBabe: checks 
Dorex2007: bets $0.13
NormBabe: raises $0.39 to $0.52
Dorex2007: calls $0.39
*** TURN *** [Ks 2d Qd] [5s]
NormBabe: bets $1.39 and is all-in
Dorex2007: calls $1.39
*** RIVER *** [Ks 2d Qd 5s] [6h]
*** SHOW DOWN ***
NormBabe: shows [2h 2c] (three of a kind, Deuces)
Dorex2007: shows [Td Ad] (high card Ace)
NormBabe cashed out the hand for $2.92 | Cash Out Fee $0.03
*** SUMMARY ***
Total pot $3.95 | Rake $0.14 
Board [Ks 2d Qd 5s 6h]
Seat 1: NormBabe (big blind) showed [2h 2c] and won ($3.81) with three of a kind, Deuces (pot not awarded as player cashed out)
Seat 2: Dorex2007 showed [Td Ad] and lost with high card Ace
Seat 3: XIXKEEPER folded before Flop (didn't bet)
Seat 4: Grf79 folded before Flop (didn't bet)
Seat 6: MrThomas28 folded before Flop (didn't bet)
Seat 7: Tobiz89 folded before Flop (didn't bet)
Seat 8: Dragut-Reis (button) folded before Flop (didn't bet)
Seat 9: Artmis 33 (small blind) folded before Flop



PokerStars Hand #230768135201:  Hold'em No Limit ($0.01/$0.02 USD) - 2021/10/20 21:16:48 PT [2021/10/21 0:16:48 ET]
Table 'Gedania IV' 9-max Seat #9 is the button
Seat 1: NormBabe ($2.92 in chips) 
Seat 2: Dorex2007 ($2 in chips) 
Seat 3: XIXKEEPER ($0.93 in chips) 
Seat 4: Grf79 ($2.80 in chips) 
Seat 5: CaptRodDog ($2.45 in chips) 
Seat 6: MrThomas28 ($2.59 in chips) 
Seat 7: Tobiz89 ($2 in chips) 
Seat 8: Dragut-Reis ($4.15 in chips) 
Seat 9: Artmis 33 ($1.94 in chips) 
NormBabe: posts small blind $0.01
Dorex2007: posts big blind $0.02
*** HOLE CARDS ***
Dealt to Dorex2007 [Jd 4d]
XIXKEEPER: folds 
Grf79: calls $0.02
CaptRodDog: calls $0.02
MrThomas28: folds 
Tobiz89: folds 
Dragut-Reis: folds 
Artmis 33: folds 
NormBabe: calls $0.01
Dorex2007: checks 
*** FLOP *** [6c Jh Th]
NormBabe: checks 
Dorex2007: checks 
Grf79: bets $0.04
CaptRodDog: folds 
NormBabe: folds 
Dorex2007: calls $0.04
*** TURN *** [6c Jh Th] [Ad]
Dorex2007: checks 
Grf79: bets $0.15
Dorex2007: folds 
Uncalled bet ($0.15) returned to Grf79
Grf79 collected $0.15 from pot
Grf79: doesn't show hand 
*** SUMMARY ***
Total pot $0.16 | Rake $0.01 
Board [6c Jh Th Ad]
Seat 1: NormBabe (small blind) folded on the Flop
Seat 2: Dorex2007 (big blind) folded on the Turn
Seat 3: XIXKEEPER folded before Flop (didn't bet)
Seat 4: Grf79 collected ($0.15)
Seat 5: CaptRodDog folded on the Flop
Seat 6: MrThomas28 folded before Flop (didn't bet)
Seat 7: Tobiz89 folded before Flop (didn't bet)
Seat 8: Dragut-Reis folded before Flop (didn't bet)
Seat 9: Artmis 33 (button) folded before Flop (didn't bet)



PokerStars Hand #230768152417:  Hold'em No Limit ($0.01/$0.02 USD) - 2021/10/20 21:17:39 PT [2021/10/21 0:17:39 ET]
Table 'Gedania IV' 9-max Seat #1 is the button
Seat 1: NormBabe ($2.90 in chips) 
Seat 2: Dorex2007 ($2 in chips) 
Seat 3: XIXKEEPER ($0.93 in chips) 
Seat 4: Grf79 ($2.89 in chips) 
Seat 5: CaptRodDog ($2.43 in chips) 
Seat 6: MrThomas28 ($2.59 in chips) 
Seat 7: Tobiz89 ($2 in chips) 
Seat 8: Dragut-Reis ($4.15 in chips) 
Seat 9: Artmis 33 ($1.94 in chips) 
Dorex2007: posts small blind $0.01
XIXKEEPER: posts big blind $0.02
*** HOLE CARDS ***
Dealt to Dorex2007 [6h Kc]
Grf79: calls $0.02
CaptRodDog: folds 
MrThomas28: calls $0.02
Tobiz89: raises $0.10 to $0.12
Dragut-Reis: folds 
Artmis 33: folds 
NormBabe: calls $0.12
Dorex2007: folds 
XIXKEEPER: folds 
Grf79: folds 
MrThomas28: raises $0.36 to $0.48
Tobiz89: folds 
NormBabe: calls $0.36
*** FLOP *** [5h Ad 4h]
MrThomas28: bets $2.11 and is all-in
NormBabe: folds 
Uncalled bet ($2.11) returned to MrThomas28
MrThomas28 collected $1.09 from pot
MrThomas28: doesn't show hand 
*** SUMMARY ***
Total pot $1.13 | Rake $0.04 
Board [5h Ad 4h]
Seat 1: NormBabe (button) folded on the Flop
Seat 2: Dorex2007 (small blind) folded before Flop
Seat 3: XIXKEEPER (big blind) folded before Flop
Seat 4: Grf79 folded before Flop
Seat 5: CaptRodDog folded before Flop (didn't bet)
Seat 6: MrThomas28 collected ($1.09)
Seat 7: Tobiz89 folded before Flop
Seat 8: Dragut-Reis folded before Flop (didn't bet)
Seat 9: Artmis 33 folded before Flop (didn't bet)



PokerStars Hand #230768160336:  Hold'em No Limit ($0.01/$0.02 USD) - 2021/10/20 21:18:34 PT [2021/10/21 0:18:34 ET]
Table 'Gedania IV' 9-max Seat #2 is the button
Seat 1: NormBabe ($2.42 in chips) 
Seat 2: Dorex2007 ($2 in chips) 
Seat 3: XIXKEEPER ($0.91 in chips) 
Seat 4: Grf79 ($2.87 in chips) 
Seat 5: CaptRodDog ($2.43 in chips) 
Seat 6: MrThomas28 ($3.20 in chips) 
Seat 7: Tobiz89 ($2 in chips) 
Seat 8: Dragut-Reis ($4.15 in chips) 
Seat 9: Artmis 33 ($1.94 in chips) 
XIXKEEPER: posts small blind $0.01
Grf79: posts big blind $0.02
*** HOLE CARDS ***
Dealt to Dorex2007 [6c 4h]
CaptRodDog: folds 
MrThomas28: folds 
Tobiz89: folds 
Dragut-Reis: folds 
Artmis 33: folds 
NormBabe: folds 
Dorex2007: folds 
XIXKEEPER: calls $0.01
Grf79: checks 
*** FLOP *** [Kc Kd 3c]
XIXKEEPER: checks 
Grf79: checks 
*** TURN *** [Kc Kd 3c] [Qc]
XIXKEEPER: checks 
Grf79: checks 
*** RIVER *** [Kc Kd 3c Qc] [9d]
XIXKEEPER: checks 
Grf79: checks 
*** SHOW DOWN ***
XIXKEEPER: shows [6h 9c] (two pair, Kings and Nines)
Grf79: mucks hand 
XIXKEEPER collected $0.04 from pot
*** SUMMARY ***
Total pot $0.04 | Rake $0 
Board [Kc Kd 3c Qc 9d]
Seat 1: NormBabe folded before Flop (didn't bet)
Seat 2: Dorex2007 (button) folded before Flop (didn't bet)
Seat 3: XIXKEEPER (small blind) showed [6h 9c] and won ($0.04) with two pair, Kings and Nines
Seat 4: Grf79 (big blind) mucked [2d Ac]
Seat 5: CaptRodDog folded before Flop (didn't bet)
Seat 6: MrThomas28 folded before Flop (didn't bet)
Seat 7: Tobiz89 folded before Flop (didn't bet)
Seat 8: Dragut-Reis folded before Flop (didn't bet)
Seat 9: Artmis 33 folded before Flop (didn't bet)



PokerStars Hand #230768175012:  Hold'em No Limit ($0.01/$0.02 USD) - 2021/10/20 21:20:14 PT [2021/10/21 0:20:14 ET]
Table 'Gedania IV' 9-max Seat #3 is the button
Seat 1: NormBabe ($2.42 in chips) 
Seat 2: Dorex2007 ($2 in chips) 
Seat 3: XIXKEEPER ($0.93 in chips) 
Seat 4: Grf79 ($2.85 in chips) 
Seat 5: CaptRodDog ($2.43 in chips) 
Seat 6: MrThomas28 ($3.20 in chips) 
Seat 7: Tobiz89 ($2 in chips) 
Seat 8: Dragut-Reis ($4.15 in chips) 
Seat 9: Artmis 33 ($1.94 in chips) 
Grf79: posts small blind $0.01
CaptRodDog: posts big blind $0.02
*** HOLE CARDS ***
Dealt to Dorex2007 [5s 2c]
MrThomas28: raises $0.04 to $0.06
Tobiz89: folds 
Dragut-Reis: folds 
Artmis 33: folds 
NormBabe: folds 
Dorex2007: folds 
XIXKEEPER: folds 
Grf79: folds 
CaptRodDog: calls $0.04
*** FLOP *** [8d Kc Ac]
CaptRodDog: checks 
MrThomas28: bets $0.05
CaptRodDog: folds 
Uncalled bet ($0.05) returned to MrThomas28
MrThomas28 collected $0.13 from pot
MrThomas28: doesn't show hand 
*** SUMMARY ***
Total pot $0.13 | Rake $0 
Board [8d Kc Ac]
Seat 1: NormBabe folded before Flop (didn't bet)
Seat 2: Dorex2007 folded before Flop (didn't bet)
Seat 3: XIXKEEPER (button) folded before Flop (didn't bet)
Seat 4: Grf79 (small blind) folded before Flop
Seat 5: CaptRodDog (big blind) folded on the Flop
Seat 6: MrThomas28 collected ($0.13)
Seat 7: Tobiz89 folded before Flop (didn't bet)
Seat 8: Dragut-Reis folded before Flop (didn't bet)
Seat 9: Artmis 33 folded before Flop (didn't bet)



PokerStars Hand #230768180922:  Hold'em No Limit ($0.01/$0.02 USD) - 2021/10/20 21:20:49 PT [2021/10/21 0:20:49 ET]
Table 'Gedania IV' 9-max Seat #4 is the button
Seat 1: NormBabe ($2.42 in chips) 
Seat 2: Dorex2007 ($2 in chips) 
Seat 3: XIXKEEPER ($0.93 in chips) 
Seat 4: Grf79 ($2.84 in chips) 
Seat 5: CaptRodDog ($2.37 in chips) 
Seat 6: MrThomas28 ($3.27 in chips) 
Seat 7: Tobiz89 ($2 in chips) 
Seat 8: Dragut-Reis ($4.15 in chips) 
Seat 9: Artmis 33 ($1.94 in chips) 
CaptRodDog: posts small blind $0.01
MrThomas28: posts big blind $0.02
*** HOLE CARDS ***
Dealt to Dorex2007 [7h 4c]
Tobiz89: folds 
Dragut-Reis: folds 
Artmis 33: raises $0.02 to $0.04
NormBabe: folds 
Dorex2007: folds 
XIXKEEPER: calls $0.04
Grf79: calls $0.04
CaptRodDog: calls $0.03
MrThomas28: folds 
*** FLOP *** [7s 9c 5d]
CaptRodDog: checks 
Artmis 33: checks 
XIXKEEPER: bets $0.06
Grf79: raises $0.06 to $0.12
CaptRodDog: calls $0.12
Artmis 33: calls $0.12
XIXKEEPER: calls $0.06
*** TURN *** [7s 9c 5d] [Js]
CaptRodDog: bets $0.64
Artmis 33: folds 
XIXKEEPER: folds 
Grf79: folds 
Uncalled bet ($0.64) returned to CaptRodDog
CaptRodDog collected $0.64 from pot
CaptRodDog: doesn't show hand 
*** SUMMARY ***
Total pot $0.66 | Rake $0.02 
Board [7s 9c 5d Js]
Seat 1: NormBabe folded before Flop (didn't bet)
Seat 2: Dorex2007 folded before Flop (didn't bet)
Seat 3: XIXKEEPER folded on the Turn
Seat 4: Grf79 (button) folded on the Turn
Seat 5: CaptRodDog (small blind) collected ($0.64)
Seat 6: MrThomas28 (big blind) folded before Flop
Seat 7: Tobiz89 folded before Flop (didn't bet)
Seat 8: Dragut-Reis folded before Flop (didn't bet)
Seat 9: Artmis 33 folded on the Turn



PokerStars Hand #230768196483:  Hold'em No Limit ($0.01/$0.02 USD) - 2021/10/20 21:22:37 PT [2021/10/21 0:22:37 ET]
Table 'Gedania IV' 9-max Seat #5 is the button
Seat 1: NormBabe ($2.42 in chips) 
Seat 2: Dorex2007 ($2 in chips) 
Seat 3: XIXKEEPER ($0.77 in chips) 
Seat 4: Grf79 ($2.68 in chips) 
Seat 5: CaptRodDog ($2.85 in chips) 
Seat 6: MrThomas28 ($3.25 in chips) 
Seat 7: Tobiz89 ($2 in chips) 
Seat 8: Dragut-Reis ($4.15 in chips) 
Seat 9: Artmis 33 ($1.78 in chips) 
MrThomas28: posts small blind $0.01
Tobiz89: posts big blind $0.02
*** HOLE CARDS ***
Dealt to Dorex2007 [Ah Jh]
Dragut-Reis: raises $0.04 to $0.06
Artmis 33: folds 
NormBabe: folds 
Dorex2007: calls $0.06
XIXKEEPER: folds 
Grf79: folds 
CaptRodDog: folds 
MrThomas28: calls $0.05
Tobiz89: folds 
*** FLOP *** [4s 7h Kh]
MrThomas28: checks 
Dragut-Reis: bets $0.08
Dorex2007: calls $0.08
MrThomas28: calls $0.08
*** TURN *** [4s 7h Kh] [Js]
MrThomas28: checks 
Dragut-Reis: bets $0.20
Dorex2007: calls $0.20
MrThomas28: folds 
*** RIVER *** [4s 7h Kh Js] [7d]
Dragut-Reis: bets $0.38
Dorex2007: folds 
Uncalled bet ($0.38) returned to Dragut-Reis
Dragut-Reis collected $0.81 from pot
Dragut-Reis: doesn't show hand 
*** SUMMARY ***
Total pot $0.84 | Rake $0.03 
Board [4s 7h Kh Js 7d]
Seat 1: NormBabe folded before Flop (didn't bet)
Seat 2: Dorex2007 folded on the River
Seat 3: XIXKEEPER folded before Flop (didn't bet)
Seat 4: Grf79 folded before Flop (didn't bet)
Seat 5: CaptRodDog (button) folded before Flop (didn't bet)
Seat 6: MrThomas28 (small blind) folded on the Turn
Seat 7: Tobiz89 (big blind) folded before Flop
Seat 8: Dragut-Reis collected ($0.81)
Seat 9: Artmis 33 folded before Flop (didn't bet)



PokerStars Hand #230768211686:  Hold'em No Limit ($0.01/$0.02 USD) - 2021/10/20 21:23:46 PT [2021/10/21 0:23:46 ET]
Table 'Gedania IV' 9-max Seat #6 is the button
Seat 1: NormBabe ($2.42 in chips) 
Seat 2: Dorex2007 ($2 in chips) 
Seat 3: XIXKEEPER ($0.77 in chips) 
Seat 4: Grf79 ($2.68 in chips) 
Seat 5: CaptRodDog ($2.85 in chips) 
Seat 6: MrThomas28 ($3.11 in chips) 
Seat 7: Tobiz89 ($2 in chips) 
Seat 9: Artmis 33 ($1.78 in chips) 
Tobiz89: posts small blind $0.01
Dragut-Reis: is sitting out 
Artmis 33: posts big blind $0.02
*** HOLE CARDS ***
Dealt to Dorex2007 [5c 8s]
NormBabe: folds 
Dorex2007: folds 
Dragut-Reis leaves the table
XIXKEEPER: raises $0.06 to $0.08
Grf79: folds 
CaptRodDog: folds 
MrThomas28: folds 
Tobiz89: folds 
Artmis 33: folds 
Uncalled bet ($0.06) returned to XIXKEEPER
XIXKEEPER collected $0.05 from pot
XIXKEEPER: doesn't show hand 
*** SUMMARY ***
Total pot $0.05 | Rake $0 
Seat 1: NormBabe folded before Flop (didn't bet)
Seat 2: Dorex2007 folded before Flop (didn't bet)
Seat 3: XIXKEEPER collected ($0.05)
Seat 4: Grf79 folded before Flop (didn't bet)
Seat 5: CaptRodDog folded before Flop (didn't bet)
Seat 6: MrThomas28 (button) folded before Flop (didn't bet)
Seat 7: Tobiz89 (small blind) folded before Flop
Seat 9: Artmis 33 (big blind) folded before Flop



PokerStars Hand #230768216232:  Hold'em No Limit ($0.01/$0.02 USD) - 2021/10/20 21:24:17 PT [2021/10/21 0:24:17 ET]
Table 'Gedania IV' 9-max Seat #7 is the button
Seat 1: NormBabe ($2.42 in chips) 
Seat 2: Dorex2007 ($2 in chips) 
Seat 3: XIXKEEPER ($0.80 in chips) 
Seat 4: Grf79 ($2.68 in chips) 
Seat 5: CaptRodDog ($2.85 in chips) 
Seat 6: MrThomas28 ($3.11 in chips) 
Seat 7: Tobiz89 ($2 in chips) 
Seat 9: Artmis 33 ($1.76 in chips) 
Artmis 33: posts small blind $0.01
NormBabe: posts big blind $0.02
*** HOLE CARDS ***
Dealt to Dorex2007 [9s 7c]
Dorex2007: folds 
XIXKEEPER: folds 
Grf79: calls $0.02
CaptRodDog: calls $0.02
MrThomas28: folds 
Tobiz89: raises $0.10 to $0.12
Artmis 33: folds 
NormBabe: folds 
Grf79: folds 
CaptRodDog: calls $0.10
*** FLOP *** [3h Ts Qh]
CaptRodDog: bets $0.28
Tobiz89: folds 
Uncalled bet ($0.28) returned to CaptRodDog
CaptRodDog collected $0.28 from pot
CaptRodDog: doesn't show hand 
*** SUMMARY ***
Total pot $0.29 | Rake $0.01 
Board [3h Ts Qh]
Seat 1: NormBabe (big blind) folded before Flop
Seat 2: Dorex2007 folded before Flop (didn't bet)
Seat 3: XIXKEEPER folded before Flop (didn't bet)
Seat 4: Grf79 folded before Flop
Seat 5: CaptRodDog collected ($0.28)
Seat 6: MrThomas28 folded before Flop (didn't bet)
Seat 7: Tobiz89 (button) folded on the Flop
Seat 9: Artmis 33 (small blind) folded before Flop



PokerStars Hand #230768224446:  Hold'em No Limit ($0.01/$0.02 USD) - 2021/10/20 21:25:13 PT [2021/10/21 0:25:13 ET]
Table 'Gedania IV' 9-max Seat #9 is the button
Seat 1: NormBabe ($2.40 in chips) 
Seat 2: Dorex2007 ($2 in chips) 
Seat 3: XIXKEEPER ($0.80 in chips) 
Seat 4: Grf79 ($2.66 in chips) 
Seat 5: CaptRodDog ($3.01 in chips) 
Seat 6: MrThomas28 ($3.11 in chips) 
Seat 7: Tobiz89 ($2 in chips) 
Seat 9: Artmis 33 ($1.75 in chips) 
NormBabe: posts small blind $0.01
Dorex2007: posts big blind $0.02
*** HOLE CARDS ***
Dealt to Dorex2007 [Tc 8s]
XIXKEEPER has timed out
XIXKEEPER: folds 
Grf79: folds 
CaptRodDog: folds 
MrThomas28: folds 
Tobiz89: folds 
Artmis 33: raises $0.02 to $0.04
NormBabe: folds 
Dorex2007: folds 
Uncalled bet ($0.02) returned to Artmis 33
Artmis 33 collected $0.05 from pot
Artmis 33: doesn't show hand 
*** SUMMARY ***
Total pot $0.05 | Rake $0 
Seat 1: NormBabe (small blind) folded before Flop
Seat 2: Dorex2007 (big blind) folded before Flop
Seat 3: XIXKEEPER folded before Flop (didn't bet)
Seat 4: Grf79 folded before Flop (didn't bet)
Seat 5: CaptRodDog folded before Flop (didn't bet)
Seat 6: MrThomas28 folded before Flop (didn't bet)
Seat 7: Tobiz89 folded before Flop (didn't bet)
Seat 9: Artmis 33 (button) collected ($0.05)



PokerStars Hand #230768228341:  Hold'em No Limit ($0.01/$0.02 USD) - 2021/10/20 21:25:41 PT [2021/10/21 0:25:41 ET]
Table 'Gedania IV' 9-max Seat #1 is the button
Seat 1: NormBabe ($2.39 in chips) 
Seat 2: Dorex2007 ($2 in chips) 
Seat 4: Grf79 ($2.66 in chips) 
Seat 5: CaptRodDog ($3.01 in chips) 
Seat 6: MrThomas28 ($3.11 in chips) 
Seat 7: Tobiz89 ($2 in chips) 
Seat 9: Artmis 33 ($1.78 in chips) 
Dorex2007: posts small blind $0.01
Grf79: posts big blind $0.02
*** HOLE CARDS ***
Dealt to Dorex2007 [2s 6h]
CaptRodDog: calls $0.02
MrThomas28: folds 
Tobiz89: folds 
Artmis 33: raises $0.04 to $0.06
NormBabe: folds 
SrO157 joins the table at seat #8 
Dorex2007: folds 
XIXKEEPER is disconnected 
Grf79: folds 
CaptRodDog: calls $0.04
*** FLOP *** [7h 4s 6s]
CaptRodDog: checks 
Artmis 33: bets $0.07
CaptRodDog: calls $0.07
*** TURN *** [7h 4s 6s] [6d]
CaptRodDog: checks 
Artmis 33: bets $0.14
CaptRodDog: folds 
Uncalled bet ($0.14) returned to Artmis 33
Artmis 33 collected $0.28 from pot
Artmis 33: doesn't show hand 
*** SUMMARY ***
Total pot $0.29 | Rake $0.01 
Board [7h 4s 6s 6d]
Seat 1: NormBabe (button) folded before Flop (didn't bet)
Seat 2: Dorex2007 (small blind) folded before Flop
Seat 4: Grf79 (big blind) folded before Flop
Seat 5: CaptRodDog folded on the Turn
Seat 6: MrThomas28 folded before Flop (didn't bet)
Seat 7: Tobiz89 folded before Flop (didn't bet)
Seat 9: Artmis 33 collected ($0.28)



PokerStars Hand #230768240124:  Hold'em No Limit ($0.01/$0.02 USD) - 2021/10/20 21:27:02 PT [2021/10/21 0:27:02 ET]
Table 'Gedania IV' 9-max Seat #2 is the button
Seat 1: NormBabe ($2.39 in chips) 
Seat 2: Dorex2007 ($2 in chips) 
Seat 4: Grf79 ($2.64 in chips) 
Seat 5: CaptRodDog ($2.88 in chips) 
Seat 6: MrThomas28 ($3.11 in chips) 
Seat 7: Tobiz89 ($2 in chips) 
Seat 8: SrO157 ($0.80 in chips) 
Seat 9: Artmis 33 ($1.93 in chips) 
Grf79: posts small blind $0.01
CaptRodDog: posts big blind $0.02
SrO157: posts big blind $0.02
*** HOLE CARDS ***
Dealt to Dorex2007 [9c As]
MrThomas28: folds 
Tobiz89: raises $0.08 to $0.10
SrO157: calls $0.08
Artmis 33: folds 
NormBabe: folds 
Dorex2007: folds 
Grf79: folds 
CaptRodDog: folds 
*** FLOP *** [5c 6c 8c]
Tobiz89: checks 
SrO157: bets $0.70 and is all-in
Tobiz89: folds 
Uncalled bet ($0.70) returned to SrO157
SrO157 collected $0.22 from pot
SrO157: doesn't show hand 
*** SUMMARY ***
Total pot $0.23 | Rake $0.01 
Board [5c 6c 8c]
Seat 1: NormBabe folded before Flop (didn't bet)
Seat 2: Dorex2007 (button) folded before Flop (didn't bet)
Seat 4: Grf79 (small blind) folded before Flop
Seat 5: CaptRodDog (big blind) folded before Flop
Seat 6: MrThomas28 folded before Flop (didn't bet)
Seat 7: Tobiz89 folded on the Flop
Seat 8: SrO157 collected ($0.22)
Seat 9: Artmis 33 folded before Flop (didn't bet)



PokerStars Hand #230768246751:  Hold'em No Limit ($0.01/$0.02 USD) - 2021/10/20 21:27:48 PT [2021/10/21 0:27:48 ET]
Table 'Gedania IV' 9-max Seat #4 is the button
Seat 1: NormBabe ($2.39 in chips) 
Seat 2: Dorex2007 ($2 in chips) 
Seat 4: Grf79 ($2.63 in chips) 
Seat 5: CaptRodDog ($2.86 in chips) 
Seat 6: MrThomas28 ($3.11 in chips) 
Seat 7: Tobiz89 ($2 in chips) 
Seat 8: SrO157 ($0.92 in chips) 
Seat 9: Artmis 33 ($1.93 in chips) 
CaptRodDog: posts small blind $0.01
MrThomas28: posts big blind $0.02
*** HOLE CARDS ***
Dealt to Dorex2007 [9s Qc]
Tobiz89: folds 
SrO157: folds 
Artmis 33: raises $0.02 to $0.04
NormBabe: folds 
Dorex2007: folds 
Grf79: folds 
CaptRodDog: calls $0.03
MrThomas28: folds 
*** FLOP *** [Ah 3d 7s]
CaptRodDog: checks 
Artmis 33: checks 
*** TURN *** [Ah 3d 7s] [Qd]
CaptRodDog: checks 
Artmis 33: checks 
*** RIVER *** [Ah 3d 7s Qd] [Kd]
CaptRodDog: checks 
Artmis 33: checks 
*** SHOW DOWN ***
CaptRodDog: shows [8h 6d] (high card Ace)
Artmis 33: shows [7c 8c] (a pair of Sevens)
Artmis 33 collected $0.10 from pot
*** SUMMARY ***
Total pot $0.10 | Rake $0 
Board [Ah 3d 7s Qd Kd]
Seat 1: NormBabe folded before Flop (didn't bet)
Seat 2: Dorex2007 folded before Flop (didn't bet)
Seat 4: Grf79 (button) folded before Flop (didn't bet)
Seat 5: CaptRodDog (small blind) showed [8h 6d] and lost with high card Ace
Seat 6: MrThomas28 (big blind) folded before Flop
Seat 7: Tobiz89 folded before Flop (didn't bet)
Seat 8: SrO157 folded before Flop (didn't bet)
Seat 9: Artmis 33 showed [7c 8c] and won ($0.10) with a pair of Sevens



PokerStars Hand #230768255952:  Hold'em No Limit ($0.01/$0.02 USD) - 2021/10/20 21:28:52 PT [2021/10/21 0:28:52 ET]
Table 'Gedania IV' 9-max Seat #5 is the button
Seat 1: NormBabe ($2.39 in chips) 
Seat 2: Dorex2007 ($2 in chips) 
Seat 4: Grf79 ($2.63 in chips) 
Seat 5: CaptRodDog ($2.82 in chips) 
Seat 6: MrThomas28 ($3.09 in chips) 
Seat 7: Tobiz89 ($2 in chips) 
Seat 8: SrO157 ($0.92 in chips) 
Seat 9: Artmis 33 ($1.99 in chips) 
MrThomas28: posts small blind $0.01
Tobiz89: posts big blind $0.02
*** HOLE CARDS ***
Dealt to Dorex2007 [7h 8c]
SrO157: folds 
Artmis 33: folds 
NormBabe: folds 
Dorex2007: folds 
Grf79: folds 
CaptRodDog: folds 
MrThomas28: raises $0.04 to $0.06
Tobiz89: folds 
Uncalled bet ($0.04) returned to MrThomas28
MrThomas28 collected $0.04 from pot
MrThomas28: doesn't show hand 
*** SUMMARY ***
Total pot $0.04 | Rake $0 
Seat 1: NormBabe folded before Flop (didn't bet)
Seat 2: Dorex2007 folded before Flop (didn't bet)
Seat 4: Grf79 folded before Flop (didn't bet)
Seat 5: CaptRodDog (button) folded before Flop (didn't bet)
Seat 6: MrThomas28 (small blind) collected ($0.04)
Seat 7: Tobiz89 (big blind) folded before Flop
Seat 8: SrO157 folded before Flop (didn't bet)
Seat 9: Artmis 33 folded before Flop (didn't bet)



PokerStars Hand #230768261929:  Hold'em No Limit ($0.01/$0.02 USD) - 2021/10/20 21:29:27 PT [2021/10/21 0:29:27 ET]
Table 'Gedania IV' 9-max Seat #6 is the button
Seat 1: NormBabe ($2.39 in chips) 
Seat 2: Dorex2007 ($2 in chips) 
Seat 4: Grf79 ($2.63 in chips) 
Seat 5: CaptRodDog ($2.82 in chips) 
Seat 6: MrThomas28 ($3.11 in chips) 
Seat 7: Tobiz89 ($2 in chips) 
Seat 8: SrO157 ($0.92 in chips) 
Seat 9: Artmis 33 ($1.99 in chips) 
Tobiz89: posts small blind $0.01
SrO157: posts big blind $0.02
*** HOLE CARDS ***
Dealt to Dorex2007 [8c 4h]
Artmis 33: folds 
NormBabe: folds 
Dorex2007: folds 
Grf79: folds 
CaptRodDog: calls $0.02
MrThomas28: folds 
Tobiz89: folds 
SrO157: checks 
*** FLOP *** [Kh Jh 6d]
SrO157: checks 
CaptRodDog: checks 
*** TURN *** [Kh Jh 6d] [Kd]
SrO157: bets $0.02
CaptRodDog: calls $0.02
*** RIVER *** [Kh Jh 6d Kd] [7c]
SrO157: bets $0.04
CaptRodDog: calls $0.04
*** SHOW DOWN ***
SrO157: shows [8s Ad] (a pair of Kings)
CaptRodDog: shows [As Qs] (a pair of Kings - Ace+Queen kicker)
CaptRodDog collected $0.16 from pot
*** SUMMARY ***
Total pot $0.17 | Rake $0.01 
Board [Kh Jh 6d Kd 7c]
Seat 1: NormBabe folded before Flop (didn't bet)
Seat 2: Dorex2007 folded before Flop (didn't bet)
Seat 4: Grf79 folded before Flop (didn't bet)
Seat 5: CaptRodDog showed [As Qs] and won ($0.16) with a pair of Kings
Seat 6: MrThomas28 (button) folded before Flop (didn't bet)
Seat 7: Tobiz89 (small blind) folded before Flop
Seat 8: SrO157 (big blind) showed [8s Ad] and lost with a pair of Kings
Seat 9: Artmis 33 folded before Flop (didn't bet)



PokerStars Hand #230768269913:  Hold'em No Limit ($0.01/$0.02 USD) - 2021/10/20 21:30:23 PT [2021/10/21 0:30:23 ET]
Table 'Gedania IV' 9-max Seat #7 is the button
Seat 1: NormBabe ($2.39 in chips) 
Seat 2: Dorex2007 ($2 in chips) 
Seat 4: Grf79 ($2.63 in chips) 
Seat 5: CaptRodDog ($2.90 in chips) 
Seat 6: MrThomas28 ($3.11 in chips) 
Seat 7: Tobiz89 ($2 in chips) 
Seat 8: SrO157 ($0.84 in chips) 
Seat 9: Artmis 33 ($1.99 in chips) 
SrO157: posts small blind $0.01
Artmis 33: posts big blind $0.02
*** HOLE CARDS ***
Dealt to Dorex2007 [4s 2d]
NormBabe: folds 
Dorex2007: folds 
Grf79: calls $0.02
CaptRodDog: folds 
MrThomas28: folds 
Tobiz89: raises $0.08 to $0.10
SrO157: calls $0.09
Artmis 33: calls $0.08
Grf79: calls $0.08
*** FLOP *** [4c 9d 8h]
SrO157: checks 
Artmis 33: bets $1.89 and is all-in
Grf79: folds 
Tobiz89: folds 
SrO157: calls $0.74 and is all-in
Uncalled bet ($1.15) returned to Artmis 33
*** TURN *** [4c 9d 8h] [6c]
*** RIVER *** [4c 9d 8h 6c] [2s]
*** SHOW DOWN ***
SrO157: shows [Td Jc] (high card Jack)
Artmis 33: shows [9s 9c] (three of a kind, Nines)
Artmis 33 collected $1.81 from pot
*** SUMMARY ***
Total pot $1.88 | Rake $0.07 
Board [4c 9d 8h 6c 2s]
Seat 1: NormBabe folded before Flop (didn't bet)
Seat 2: Dorex2007 folded before Flop (didn't bet)
Seat 4: Grf79 folded on the Flop
Seat 5: CaptRodDog folded before Flop (didn't bet)
Seat 6: MrThomas28 folded before Flop (didn't bet)
Seat 7: Tobiz89 (button) folded on the Flop
Seat 8: SrO157 (small blind) showed [Td Jc] and lost with high card Jack
Seat 9: Artmis 33 (big blind) showed [9s 9c] and won ($1.81) with three of a kind, Nines



PokerStars Hand #230768282366:  Hold'em No Limit ($0.01/$0.02 USD) - 2021/10/20 21:31:51 PT [2021/10/21 0:31:51 ET]
Table 'Gedania IV' 9-max Seat #9 is the button
Seat 1: NormBabe ($2.39 in chips) 
Seat 2: Dorex2007 ($2 in chips) 
Seat 4: Grf79 ($2.53 in chips) 
Seat 5: CaptRodDog ($2.90 in chips) 
Seat 6: MrThomas28 ($3.11 in chips) 
Seat 7: Tobiz89 ($2 in chips) 
Seat 9: Artmis 33 ($2.96 in chips) 
NormBabe: posts small blind $0.01
Dorex2007: posts big blind $0.02
*** HOLE CARDS ***
Dealt to Dorex2007 [Tc 5c]
Grf79: folds 
CaptRodDog: calls $0.02
MrThomas28: raises $0.07 to $0.09
Tobiz89: folds 
Artmis 33: folds 
NormBabe: folds 
Dorex2007: folds 
CaptRodDog: folds 
Uncalled bet ($0.07) returned to MrThomas28
MrThomas28 collected $0.07 from pot
MrThomas28: doesn't show hand 
*** SUMMARY ***
Total pot $0.07 | Rake $0 
Seat 1: NormBabe (small blind) folded before Flop
Seat 2: Dorex2007 (big blind) folded before Flop
Seat 4: Grf79 folded before Flop (didn't bet)
Seat 5: CaptRodDog folded before Flop
Seat 6: MrThomas28 collected ($0.07)
Seat 7: Tobiz89 folded before Flop (didn't bet)
Seat 9: Artmis 33 (button) folded before Flop (didn't bet)



PokerStars Hand #230768285379:  Hold'em No Limit ($0.01/$0.02 USD) - 2021/10/20 21:32:12 PT [2021/10/21 0:32:12 ET]
Table 'Gedania IV' 9-max Seat #1 is the button
Seat 1: NormBabe ($2.38 in chips) 
Seat 2: Dorex2007 ($2 in chips) 
Seat 4: Grf79 ($2.53 in chips) 
Seat 5: CaptRodDog ($2.88 in chips) 
Seat 6: MrThomas28 ($3.16 in chips) 
Seat 7: Tobiz89 ($2 in chips) 
Seat 9: Artmis 33 ($2.96 in chips) 
Dorex2007: posts small blind $0.01
Grf79: posts big blind $0.02
*** HOLE CARDS ***
Dealt to Dorex2007 [3d 8s]
CaptRodDog: calls $0.02
MrThomas28: folds 
Tobiz89: folds 
Artmis 33: calls $0.02
NormBabe: folds 
Dorex2007: folds 
Grf79: checks 
*** FLOP *** [4h 5s 4c]
SrO157 leaves the table
bloody55hawk joins the table at seat #8 
Grf79: checks 
CaptRodDog: checks 
Artmis 33: checks 
*** TURN *** [4h 5s 4c] [Ts]
Grf79: checks 
CaptRodDog: checks 
Artmis 33: bets $0.02
Grf79: folds 
CaptRodDog: folds 
Uncalled bet ($0.02) returned to Artmis 33
Artmis 33 collected $0.07 from pot
Artmis 33: doesn't show hand 
*** SUMMARY ***
Total pot $0.07 | Rake $0 
Board [4h 5s 4c Ts]
Seat 1: NormBabe (button) folded before Flop (didn't bet)
Seat 2: Dorex2007 (small blind) folded before Flop
Seat 4: Grf79 (big blind) folded on the Turn
Seat 5: CaptRodDog folded on the Turn
Seat 6: MrThomas28 folded before Flop (didn't bet)
Seat 7: Tobiz89 folded before Flop (didn't bet)
Seat 9: Artmis 33 collected ($0.07)



PokerStars Hand #230768293968:  Hold'em No Limit ($0.01/$0.02 USD) - 2021/10/20 21:33:12 PT [2021/10/21 0:33:12 ET]
Table 'Gedania IV' 9-max Seat #2 is the button
Seat 1: NormBabe ($2.38 in chips) 
Seat 2: Dorex2007 ($2 in chips) 
Seat 4: Grf79 ($2.51 in chips) 
Seat 5: CaptRodDog ($2.86 in chips) 
Seat 6: MrThomas28 ($3.16 in chips) 
Seat 7: Tobiz89 ($2 in chips) 
Seat 9: Artmis 33 ($3.01 in chips) 
Grf79: posts small blind $0.01
CaptRodDog: posts big blind $0.02
bloody55hawk: sits out 
*** HOLE CARDS ***
Dealt to Dorex2007 [Ad 5d]
MrThomas28: folds 
Tobiz89: folds 
Artmis 33: raises $0.02 to $0.04
NormBabe: folds 
Dorex2007: raises $0.08 to $0.12
Grf79: folds 
CaptRodDog: folds 
Artmis 33: folds 
Uncalled bet ($0.08) returned to Dorex2007
Dorex2007 collected $0.11 from pot
Dorex2007: doesn't show hand 
*** SUMMARY ***
Total pot $0.11 | Rake $0 
Seat 1: NormBabe folded before Flop (didn't bet)
Seat 2: Dorex2007 (button) collected ($0.11)
Seat 4: Grf79 (small blind) folded before Flop
Seat 5: CaptRodDog (big blind) folded before Flop
Seat 6: MrThomas28 folded before Flop (didn't bet)
Seat 7: Tobiz89 folded before Flop (didn't bet)
Seat 9: Artmis 33 folded before Flop



PokerStars Hand #230768299299:  Hold'em No Limit ($0.01/$0.02 USD) - 2021/10/20 21:33:49 PT [2021/10/21 0:33:49 ET]
Table 'Gedania IV' 9-max Seat #4 is the button
Seat 1: NormBabe ($2.38 in chips) 
Seat 2: Dorex2007 ($2.07 in chips) 
Seat 4: Grf79 ($2.50 in chips) 
Seat 5: CaptRodDog ($2.84 in chips) 
Seat 6: MrThomas28 ($3.16 in chips) 
Seat 9: Artmis 33 ($2.97 in chips) 
CaptRodDog: posts small blind $0.01
MrThomas28: posts big blind $0.02
bloody55hawk: sits out 
*** HOLE CARDS ***
Dealt to Dorex2007 [3s 6d]
Artmis 33: folds 
NormBabe: folds 
Dorex2007: folds 
Grf79: calls $0.02
CaptRodDog: calls $0.01
MrThomas28: checks 
*** FLOP *** [8d 8s 2c]
CaptRodDog: checks 
MrThomas28: checks 
Grf79: bets $0.04
CaptRodDog: folds 
MrThomas28: folds 
Uncalled bet ($0.04) returned to Grf79
Grf79 collected $0.06 from pot
Grf79: doesn't show hand 
*** SUMMARY ***
Total pot $0.06 | Rake $0 
Board [8d 8s 2c]
Seat 1: NormBabe folded before Flop (didn't bet)
Seat 2: Dorex2007 folded before Flop (didn't bet)
Seat 4: Grf79 (button) collected ($0.06)
Seat 5: CaptRodDog (small blind) folded on the Flop
Seat 6: MrThomas28 (big blind) folded on the Flop
Seat 9: Artmis 33 folded before Flop (didn't bet)



PokerStars Hand #230768305251:  Hold'em No Limit ($0.01/$0.02 USD) - 2021/10/20 21:34:30 PT [2021/10/21 0:34:30 ET]
Table 'Gedania IV' 9-max Seat #5 is the button
Seat 1: NormBabe ($2.38 in chips) 
Seat 2: Dorex2007 ($2.07 in chips) 
Seat 4: Grf79 ($2.54 in chips) 
Seat 5: CaptRodDog ($2.82 in chips) 
Seat 6: MrThomas28 ($3.14 in chips) 
Seat 8: bloody55hawk ($0.80 in chips) 
Seat 9: Artmis 33 ($2.97 in chips) 
MrThomas28: posts small blind $0.01
bloody55hawk: posts big blind $0.02
*** HOLE CARDS ***
Dealt to Dorex2007 [2h 5s]
Artmis 33: raises $0.02 to $0.04
NormBabe: folds 
Dorex2007: folds 
Grf79: calls $0.04
CaptRodDog: folds 
MrThomas28: folds 
bloody55hawk: folds 
*** FLOP *** [Th 4s 6d]
Artmis 33: checks 
Grf79: checks 
*** TURN *** [Th 4s 6d] [7s]
Artmis 33: bets $0.06
Grf79: calls $0.06
*** RIVER *** [Th 4s 6d 7s] [2c]
Artmis 33: checks 
Grf79: bets $0.08
Artmis 33: calls $0.08
*** SHOW DOWN ***
Grf79: shows [Tc Ts] (three of a kind, Tens)
Artmis 33: mucks hand 
Grf79 collected $0.38 from pot
*** SUMMARY ***
Total pot $0.39 | Rake $0.01 
Board [Th 4s 6d 7s 2c]
Seat 1: NormBabe folded before Flop (didn't bet)
Seat 2: Dorex2007 folded before Flop (didn't bet)
Seat 4: Grf79 showed [Tc Ts] and won ($0.38) with three of a kind, Tens
Seat 5: CaptRodDog (button) folded before Flop (didn't bet)
Seat 6: MrThomas28 (small blind) folded before Flop
Seat 8: bloody55hawk (big blind) folded before Flop
Seat 9: Artmis 33 mucked [5c 5h]



PokerStars Hand #230768311512:  Hold'em No Limit ($0.01/$0.02 USD) - 2021/10/20 21:35:14 PT [2021/10/21 0:35:14 ET]
Table 'Gedania IV' 9-max Seat #6 is the button
Seat 1: NormBabe ($2.38 in chips) 
Seat 2: Dorex2007 ($2.07 in chips) 
Seat 4: Grf79 ($2.74 in chips) 
Seat 5: CaptRodDog ($2.82 in chips) 
Seat 6: MrThomas28 ($3.13 in chips) 
Seat 8: bloody55hawk ($0.80 in chips) 
Seat 9: Artmis 33 ($2.79 in chips) 
bloody55hawk: posts small blind $0.01
Artmis 33: posts big blind $0.02
*** HOLE CARDS ***
Dealt to Dorex2007 [Th Td]
NormBabe: folds 
Dorex2007: raises $0.04 to $0.06
Grf79: folds 
CaptRodDog: folds 
MrThomas28: folds 
bloody55hawk: folds 
Artmis 33: folds 
Uncalled bet ($0.04) returned to Dorex2007
Dorex2007 collected $0.05 from pot
Dorex2007: doesn't show hand 
*** SUMMARY ***
Total pot $0.05 | Rake $0 
Seat 1: NormBabe folded before Flop (didn't bet)
Seat 2: Dorex2007 collected ($0.05)
Seat 4: Grf79 folded before Flop (didn't bet)
Seat 5: CaptRodDog folded before Flop (didn't bet)
Seat 6: MrThomas28 (button) folded before Flop (didn't bet)
Seat 8: bloody55hawk (small blind) folded before Flop
Seat 9: Artmis 33 (big blind) folded before Flop



PokerStars Hand #230768313699:  Hold'em No Limit ($0.01/$0.02 USD) - 2021/10/20 21:35:29 PT [2021/10/21 0:35:29 ET]
Table 'Gedania IV' 9-max Seat #8 is the button
Seat 1: NormBabe ($2.38 in chips) 
Seat 2: Dorex2007 ($2.10 in chips) 
Seat 4: Grf79 ($2.74 in chips) 
Seat 5: CaptRodDog ($2.82 in chips) 
Seat 6: MrThomas28 ($3.13 in chips) 
Seat 8: bloody55hawk ($0.80 in chips) 
Seat 9: Artmis 33 ($2.77 in chips) 
Artmis 33: posts small blind $0.01
NormBabe: posts big blind $0.02
*** HOLE CARDS ***
Dealt to Dorex2007 [Qh 4d]
Dorex2007: folds 
Grf79: folds 
CaptRodDog: folds 
MrThomas28: folds 
bloody55hawk: raises $0.04 to $0.06
Artmis 33: folds 
NormBabe: folds 
Uncalled bet ($0.04) returned to bloody55hawk
bloody55hawk collected $0.05 from pot
bloody55hawk: doesn't show hand 
*** SUMMARY ***
Total pot $0.05 | Rake $0 
Seat 1: NormBabe (big blind) folded before Flop
Seat 2: Dorex2007 folded before Flop (didn't bet)
Seat 4: Grf79 folded before Flop (didn't bet)
Seat 5: CaptRodDog folded before Flop (didn't bet)
Seat 6: MrThomas28 folded before Flop (didn't bet)
Seat 8: bloody55hawk (button) collected ($0.05)
Seat 9: Artmis 33 (small blind) folded before Flop



PokerStars Hand #230768316659:  Hold'em No Limit ($0.01/$0.02 USD) - 2021/10/20 21:35:49 PT [2021/10/21 0:35:49 ET]
Table 'Gedania IV' 9-max Seat #9 is the button
Seat 1: NormBabe ($2.36 in chips) 
Seat 2: Dorex2007 ($2.10 in chips) 
Seat 4: Grf79 ($2.74 in chips) 
Seat 5: CaptRodDog ($2.82 in chips) 
Seat 6: MrThomas28 ($3.13 in chips) 
Seat 8: bloody55hawk ($0.83 in chips) 
Seat 9: Artmis 33 ($2.76 in chips) 
NormBabe: posts small blind $0.01
Dorex2007: posts big blind $0.02
*** HOLE CARDS ***
Dealt to Dorex2007 [6d Js]
Grf79: folds 
CaptRodDog: calls $0.02
MrThomas28: folds 
bloody55hawk: folds 
Artmis 33: folds 
NormBabe: folds 
Dorex2007: checks 
*** FLOP *** [Th 7c 2s]
Dorex2007: checks 
CaptRodDog: checks 
*** TURN *** [Th 7c 2s] [Ts]
XIXKEEPER leaves the table
Dorex2007: checks 
CaptRodDog: checks 
*** RIVER *** [Th 7c 2s Ts] [Jd]
Dorex2007: checks 
CaptRodDog: checks 
*** SHOW DOWN ***
Dorex2007: shows [6d Js] (two pair, Jacks and Tens)
CaptRodDog: mucks hand 
Dorex2007 collected $0.05 from pot
*** SUMMARY ***
Total pot $0.05 | Rake $0 
Board [Th 7c 2s Ts Jd]
Seat 1: NormBabe (small blind) folded before Flop
Seat 2: Dorex2007 (big blind) showed [6d Js] and won ($0.05) with two pair, Jacks and Tens
Seat 4: Grf79 folded before Flop (didn't bet)
Seat 5: CaptRodDog mucked [6s Qs]
Seat 6: MrThomas28 folded before Flop (didn't bet)
Seat 8: bloody55hawk folded before Flop (didn't bet)
Seat 9: Artmis 33 (button) folded before Flop (didn't bet)



PokerStars Hand #230768321952:  Hold'em No Limit ($0.01/$0.02 USD) - 2021/10/20 21:36:27 PT [2021/10/21 0:36:27 ET]
Table 'Gedania IV' 9-max Seat #1 is the button
Seat 1: NormBabe ($2.35 in chips) 
Seat 2: Dorex2007 ($2.13 in chips) 
Seat 4: Grf79 ($2.74 in chips) 
Seat 5: CaptRodDog ($2.80 in chips) 
Seat 6: MrThomas28 ($3.13 in chips) 
Seat 8: bloody55hawk ($0.83 in chips) 
Dorex2007: posts small blind $0.01
Grf79: posts big blind $0.02
*** HOLE CARDS ***
Dealt to Dorex2007 [4d Qd]
SrO157 joins the table at seat #3 
CaptRodDog: folds 
MrThomas28: folds 
bloody55hawk: folds 
NormBabe: folds 
Dorex2007: calls $0.01
Grf79: checks 
*** FLOP *** [Jd Jh 5d]
Dorex2007: checks 
Grf79: bets $0.02
Dorex2007: calls $0.02
*** TURN *** [Jd Jh 5d] [2h]
Dorex2007: checks 
Grf79: bets $0.04
Dorex2007: calls $0.04
*** RIVER *** [Jd Jh 5d 2h] [9c]
Dorex2007: checks 
Grf79: bets $0.10
Dorex2007: folds 
Uncalled bet ($0.10) returned to Grf79
Grf79 collected $0.15 from pot
Grf79: doesn't show hand 
*** SUMMARY ***
Total pot $0.16 | Rake $0.01 
Board [Jd Jh 5d 2h 9c]
Seat 1: NormBabe (button) folded before Flop (didn't bet)
Seat 2: Dorex2007 (small blind) folded on the River
Seat 4: Grf79 (big blind) collected ($0.15)
Seat 5: CaptRodDog folded before Flop (didn't bet)
Seat 6: MrThomas28 folded before Flop (didn't bet)
Seat 8: bloody55hawk folded before Flop (didn't bet)



PokerStars Hand #230768328776:  Hold'em No Limit ($0.01/$0.02 USD) - 2021/10/20 21:37:15 PT [2021/10/21 0:37:15 ET]
Table 'Gedania IV' 9-max Seat #2 is the button
Seat 1: NormBabe ($2.35 in chips) 
Seat 2: Dorex2007 ($2.05 in chips) 
Seat 4: Grf79 ($2.81 in chips) 
Seat 5: CaptRodDog ($2.80 in chips) 
Seat 6: MrThomas28 ($3.13 in chips) 
Seat 8: bloody55hawk ($0.83 in chips) 
Grf79: posts small blind $0.01
CaptRodDog: posts big blind $0.02
*** HOLE CARDS ***
Dealt to Dorex2007 [2d 2h]
MrThomas28: folds 
bloody55hawk: raises $0.04 to $0.06
NormBabe: folds 
Dorex2007: calls $0.06
Grf79: folds 
CaptRodDog: calls $0.04
*** FLOP *** [Ah 6c Ad]
CaptRodDog: checks 
bloody55hawk: checks 
Dorex2007: checks 
*** TURN *** [Ah 6c Ad] [Td]
CaptRodDog: checks 
bloody55hawk: checks 
Dorex2007: checks 
*** RIVER *** [Ah 6c Ad Td] [8h]
CaptRodDog: checks 
bloody55hawk: checks 
Dorex2007: checks 
*** SHOW DOWN ***
CaptRodDog: shows [Jd 5d] (a pair of Aces)
bloody55hawk: shows [Ks Qc] (a pair of Aces - King kicker)
Dorex2007: shows [2d 2h] (two pair, Aces and Deuces)
Dorex2007 collected $0.18 from pot
*** SUMMARY ***
Total pot $0.19 | Rake $0.01 
Board [Ah 6c Ad Td 8h]
Seat 1: NormBabe folded before Flop (didn't bet)
Seat 2: Dorex2007 (button) showed [2d 2h] and won ($0.18) with two pair, Aces and Deuces
Seat 4: Grf79 (small blind) folded before Flop
Seat 5: CaptRodDog (big blind) showed [Jd 5d] and lost with a pair of Aces
Seat 6: MrThomas28 folded before Flop (didn't bet)
Seat 8: bloody55hawk showed [Ks Qc] and lost with a pair of Aces



PokerStars Hand #230768347716:  Hold'em No Limit ($0.01/$0.02 USD) - 2021/10/20 21:38:41 PT [2021/10/21 0:38:41 ET]
Table 'Gedania IV' 9-max Seat #4 is the button
Seat 1: NormBabe ($2.35 in chips) 
Seat 2: Dorex2007 ($2.17 in chips) 
Seat 3: SrO157 ($0.80 in chips) 
Seat 4: Grf79 ($2.80 in chips) 
Seat 5: CaptRodDog ($2.74 in chips) 
Seat 6: MrThomas28 ($3.13 in chips) 
Seat 8: bloody55hawk ($0.80 in chips) 
CaptRodDog: posts small blind $0.01
MrThomas28: posts big blind $0.02
SrO157: posts big blind $0.02
*** HOLE CARDS ***
Dealt to Dorex2007 [Qc 4h]
bloody55hawk: folds 
NormBabe: folds 
Dorex2007: folds 
SrO157: raises $0.03 to $0.05
Grf79: folds 
CaptRodDog: calls $0.04
MrThomas28: folds 
*** FLOP *** [Ad 5d Qs]
CaptRodDog: bets $0.12
SrO157: folds 
Uncalled bet ($0.12) returned to CaptRodDog
CaptRodDog collected $0.12 from pot
CaptRodDog: doesn't show hand 
*** SUMMARY ***
Total pot $0.12 | Rake $0 
Board [Ad 5d Qs]
Seat 1: NormBabe folded before Flop (didn't bet)
Seat 2: Dorex2007 folded before Flop (didn't bet)
Seat 3: SrO157 folded on the Flop
Seat 4: Grf79 (button) folded before Flop (didn't bet)
Seat 5: CaptRodDog (small blind) collected ($0.12)
Seat 6: MrThomas28 (big blind) folded before Flop
Seat 8: bloody55hawk folded before Flop (didn't bet)



PokerStars Hand #230768352720:  Hold'em No Limit ($0.01/$0.02 USD) - 2021/10/20 21:39:17 PT [2021/10/21 0:39:17 ET]
Table 'Gedania IV' 9-max Seat #5 is the button
Seat 1: NormBabe ($2.35 in chips) 
Seat 2: Dorex2007 ($2.17 in chips) 
Seat 3: SrO157 ($0.75 in chips) 
Seat 4: Grf79 ($2.80 in chips) 
Seat 5: CaptRodDog ($2.81 in chips) 
Seat 6: MrThomas28 ($3.11 in chips) 
Seat 7: Tobiz89 ($2 in chips) 
Seat 8: bloody55hawk ($0.80 in chips) 
MrThomas28: posts small blind $0.01
Tobiz89: posts big blind $0.02
*** HOLE CARDS ***
Dealt to Dorex2007 [Ks Tc]
bloody55hawk: raises $0.04 to $0.06
NormBabe: folds 
Dorex2007: folds 
SrO157: raises $0.69 to $0.75 and is all-in
Grf79: folds 
CaptRodDog: folds 
MrThomas28: folds 
Tobiz89: folds 
bloody55hawk: folds 
Uncalled bet ($0.69) returned to SrO157
SrO157 collected $0.15 from pot
SrO157: doesn't show hand 
*** SUMMARY ***
Total pot $0.15 | Rake $0 
Seat 1: NormBabe folded before Flop (didn't bet)
Seat 2: Dorex2007 folded before Flop (didn't bet)
Seat 3: SrO157 collected ($0.15)
Seat 4: Grf79 folded before Flop (didn't bet)
Seat 5: CaptRodDog (button) folded before Flop (didn't bet)
Seat 6: MrThomas28 (small blind) folded before Flop
Seat 7: Tobiz89 (big blind) folded before Flop
Seat 8: bloody55hawk folded before Flop



PokerStars Hand #230768358136:  Hold'em No Limit ($0.01/$0.02 USD) - 2021/10/20 21:39:56 PT [2021/10/21 0:39:56 ET]
Table 'Gedania IV' 9-max Seat #6 is the button
Seat 1: NormBabe ($2.35 in chips) 
Seat 2: Dorex2007 ($2.17 in chips) 
Seat 3: SrO157 ($0.84 in chips) 
Seat 4: Grf79 ($2.80 in chips) 
Seat 5: CaptRodDog ($2.81 in chips) 
Seat 6: MrThomas28 ($3.10 in chips) 
Seat 7: Tobiz89 ($2 in chips) 
Seat 8: bloody55hawk ($0.80 in chips) 
Tobiz89: posts small blind $0.01
bloody55hawk: posts big blind $0.02
*** HOLE CARDS ***
Dealt to Dorex2007 [3d 9c]
NormBabe: folds 
Dorex2007: folds 
SrO157: raises $0.03 to $0.05
Grf79: folds 
CaptRodDog: folds 
MrThomas28: folds 
Tobiz89: folds 
bloody55hawk: calls $0.03
*** FLOP *** [4h 6c Ts]
bloody55hawk: checks 
SrO157: bets $0.05
bloody55hawk: folds 
Uncalled bet ($0.05) returned to SrO157
SrO157 collected $0.11 from pot
SrO157: doesn't show hand 
*** SUMMARY ***
Total pot $0.11 | Rake $0 
Board [4h 6c Ts]
Seat 1: NormBabe folded before Flop (didn't bet)
Seat 2: Dorex2007 folded before Flop (didn't bet)
Seat 3: SrO157 collected ($0.11)
Seat 4: Grf79 folded before Flop (didn't bet)
Seat 5: CaptRodDog folded before Flop (didn't bet)
Seat 6: MrThomas28 (button) folded before Flop (didn't bet)
Seat 7: Tobiz89 (small blind) folded before Flop
Seat 8: bloody55hawk (big blind) folded on the Flop



PokerStars Hand #230768365342:  Hold'em No Limit ($0.01/$0.02 USD) - 2021/10/20 21:40:47 PT [2021/10/21 0:40:47 ET]
Table 'Gedania IV' 9-max Seat #7 is the button
Seat 1: NormBabe ($2.35 in chips) 
Seat 2: Dorex2007 ($2.17 in chips) 
Seat 3: SrO157 ($0.90 in chips) 
Seat 4: Grf79 ($2.80 in chips) 
Seat 5: CaptRodDog ($2.81 in chips) 
Seat 6: MrThomas28 ($3.10 in chips) 
Seat 7: Tobiz89 ($2 in chips) 
Seat 8: bloody55hawk ($0.80 in chips) 
Seat 9: Artmis 33 ($2.76 in chips) 
bloody55hawk: posts small blind $0.01
Artmis 33: posts big blind $0.02
*** HOLE CARDS ***
Dealt to Dorex2007 [4h Ts]
NormBabe: folds 
Dorex2007: folds 
SrO157: folds 
Grf79: folds 
CaptRodDog: calls $0.02
MrThomas28: folds 
Tobiz89: folds 
bloody55hawk: folds 
Artmis 33: checks 
*** FLOP *** [Jc Kd Qc]
Artmis 33: checks 
CaptRodDog: bets $0.05
Artmis 33: calls $0.05
*** TURN *** [Jc Kd Qc] [Tc]
Artmis 33: checks 
CaptRodDog: bets $0.02
Artmis 33: calls $0.02
*** RIVER *** [Jc Kd Qc Tc] [9c]
Artmis 33: checks 
CaptRodDog: bets $0.02
Artmis 33: calls $0.02
*** SHOW DOWN ***
CaptRodDog: shows [8c Ks] (a straight flush, Eight to Queen)
Artmis 33: mucks hand 
CaptRodDog collected $0.22 from pot
*** SUMMARY ***
Total pot $0.23 | Rake $0.01 
Board [Jc Kd Qc Tc 9c]
Seat 1: NormBabe folded before Flop (didn't bet)
Seat 2: Dorex2007 folded before Flop (didn't bet)
Seat 3: SrO157 folded before Flop (didn't bet)
Seat 4: Grf79 folded before Flop (didn't bet)
Seat 5: CaptRodDog showed [8c Ks] and won ($0.22) with a straight flush, Eight to Queen
Seat 6: MrThomas28 folded before Flop (didn't bet)
Seat 7: Tobiz89 (button) folded before Flop (didn't bet)
Seat 8: bloody55hawk (small blind) folded before Flop
Seat 9: Artmis 33 (big blind) mucked [Jd 3h]



PokerStars Hand #230768379993:  Hold'em No Limit ($0.01/$0.02 USD) - 2021/10/20 21:42:31 PT [2021/10/21 0:42:31 ET]
Table 'Gedania IV' 9-max Seat #8 is the button
Seat 1: NormBabe ($2.35 in chips) 
Seat 2: Dorex2007 ($2.17 in chips) 
Seat 3: SrO157 ($0.90 in chips) 
Seat 4: Grf79 ($2.80 in chips) 
Seat 5: CaptRodDog ($2.92 in chips) 
Seat 6: MrThomas28 ($3.10 in chips) 
Seat 7: Tobiz89 ($2 in chips) 
Seat 8: bloody55hawk ($0.80 in chips) 
Seat 9: Artmis 33 ($2.65 in chips) 
Artmis 33: posts small blind $0.01
NormBabe: posts big blind $0.02
*** HOLE CARDS ***
Dealt to Dorex2007 [Qd Jd]
Dorex2007: folds 
SrO157: folds 
Grf79: folds 
CaptRodDog: folds 
MrThomas28: raises $0.04 to $0.06
Tobiz89: folds 
bloody55hawk: folds 
Artmis 33: folds 
NormBabe: folds 
Uncalled bet ($0.04) returned to MrThomas28
MrThomas28 collected $0.05 from pot
MrThomas28: doesn't show hand 
*** SUMMARY ***
Total pot $0.05 | Rake $0 
Seat 1: NormBabe (big blind) folded before Flop
Seat 2: Dorex2007 folded before Flop (didn't bet)
Seat 3: SrO157 folded before Flop (didn't bet)
Seat 4: Grf79 folded before Flop (didn't bet)
Seat 5: CaptRodDog folded before Flop (didn't bet)
Seat 6: MrThomas28 collected ($0.05)
Seat 7: Tobiz89 folded before Flop (didn't bet)
Seat 8: bloody55hawk (button) folded before Flop (didn't bet)
Seat 9: Artmis 33 (small blind) folded before Flop



PokerStars Hand #230768385318:  Hold'em No Limit ($0.01/$0.02 USD) - 2021/10/20 21:43:09 PT [2021/10/21 0:43:09 ET]
Table 'Gedania IV' 9-max Seat #9 is the button
Seat 1: NormBabe ($2.33 in chips) 
Seat 2: Dorex2007 ($2.17 in chips) 
Seat 3: SrO157 ($0.90 in chips) 
Seat 4: Grf79 ($2.80 in chips) 
Seat 5: CaptRodDog ($2.92 in chips) 
Seat 6: MrThomas28 ($3.13 in chips) 
Seat 7: Tobiz89 ($2 in chips) 
Seat 8: bloody55hawk ($0.80 in chips) 
Seat 9: Artmis 33 ($2.64 in chips) 
NormBabe: posts small blind $0.01
Dorex2007: posts big blind $0.02
*** HOLE CARDS ***
Dealt to Dorex2007 [Qh 2s]
SrO157: folds 
Grf79: calls $0.02
CaptRodDog: calls $0.02
MrThomas28: folds 
Tobiz89: folds 
bloody55hawk: folds 
Artmis 33: folds 
NormBabe: folds 
Dorex2007: checks 
*** FLOP *** [9c Jc 3h]
Dorex2007: checks 
Grf79: checks 
CaptRodDog: checks 
*** TURN *** [9c Jc 3h] [Js]
Dorex2007: checks 
Grf79: checks 
CaptRodDog: checks 
*** RIVER *** [9c Jc 3h Js] [6h]
Dorex2007: checks 
Grf79: checks 
CaptRodDog: bets $0.02
Dorex2007: folds 
Grf79: folds 
Uncalled bet ($0.02) returned to CaptRodDog
CaptRodDog collected $0.07 from pot
CaptRodDog: doesn't show hand 
*** SUMMARY ***
Total pot $0.07 | Rake $0 
Board [9c Jc 3h Js 6h]
Seat 1: NormBabe (small blind) folded before Flop
Seat 2: Dorex2007 (big blind) folded on the River
Seat 3: SrO157 folded before Flop (didn't bet)
Seat 4: Grf79 folded on the River
Seat 5: CaptRodDog collected ($0.07)
Seat 6: MrThomas28 folded before Flop (didn't bet)
Seat 7: Tobiz89 folded before Flop (didn't bet)
Seat 8: bloody55hawk folded before Flop (didn't bet)
Seat 9: Artmis 33 (button) folded before Flop (didn't bet)



PokerStars Hand #230768395672:  Hold'em No Limit ($0.01/$0.02 USD) - 2021/10/20 21:44:23 PT [2021/10/21 0:44:23 ET]
Table 'Gedania IV' 9-max Seat #1 is the button
Seat 1: NormBabe ($2.32 in chips) 
Seat 2: Dorex2007 ($2.15 in chips) 
Seat 3: SrO157 ($0.90 in chips) 
Seat 4: Grf79 ($2.78 in chips) 
Seat 5: CaptRodDog ($2.97 in chips) 
Seat 6: MrThomas28 ($3.13 in chips) 
Seat 7: Tobiz89 ($2 in chips) 
Seat 8: bloody55hawk ($0.80 in chips) 
Seat 9: Artmis 33 ($2.64 in chips) 
Dorex2007: posts small blind $0.01
SrO157: posts big blind $0.02
*** HOLE CARDS ***
Dealt to Dorex2007 [9d Th]
Grf79: calls $0.02
CaptRodDog: calls $0.02
MrThomas28: raises $0.06 to $0.08
Tobiz89: folds 
bloody55hawk: folds 
Artmis 33: folds 
NormBabe: folds 
Dorex2007: folds 
SrO157: folds 
Grf79: folds 
CaptRodDog: folds 
Uncalled bet ($0.06) returned to MrThomas28
MrThomas28 collected $0.09 from pot
MrThomas28: doesn't show hand 
*** SUMMARY ***
Total pot $0.09 | Rake $0 
Seat 1: NormBabe (button) folded before Flop (didn't bet)
Seat 2: Dorex2007 (small blind) folded before Flop
Seat 3: SrO157 (big blind) folded before Flop
Seat 4: Grf79 folded before Flop
Seat 5: CaptRodDog folded before Flop
Seat 6: MrThomas28 collected ($0.09)
Seat 7: Tobiz89 folded before Flop (didn't bet)
Seat 8: bloody55hawk folded before Flop (didn't bet)
Seat 9: Artmis 33 folded before Flop (didn't bet)



PokerStars Hand #230768400519:  Hold'em No Limit ($0.01/$0.02 USD) - 2021/10/20 21:44:57 PT [2021/10/21 0:44:57 ET]
Table 'Gedania IV' 9-max Seat #2 is the button
Seat 1: NormBabe ($2.32 in chips) 
Seat 2: Dorex2007 ($2.14 in chips) 
Seat 3: SrO157 ($0.88 in chips) 
Seat 4: Grf79 ($2.76 in chips) 
Seat 5: CaptRodDog ($2.95 in chips) 
Seat 6: MrThomas28 ($3.20 in chips) 
Seat 7: Tobiz89 ($2 in chips) 
Seat 8: bloody55hawk ($0.80 in chips) 
Seat 9: Artmis 33 ($2.64 in chips) 
SrO157: posts small blind $0.01
Grf79: posts big blind $0.02
*** HOLE CARDS ***
Dealt to Dorex2007 [Js Ah]
CaptRodDog: calls $0.02
MrThomas28: folds 
Tobiz89: folds 
bloody55hawk: folds 
Artmis 33: folds 
NormBabe: folds 
Dorex2007: raises $0.02 to $0.04
SrO157: calls $0.03
Grf79: calls $0.02
CaptRodDog: calls $0.02
*** FLOP *** [8h Ts Ad]
SrO157: checks 
Grf79: checks 
CaptRodDog: checks 
Dorex2007: bets $0.15
SrO157: folds 
Grf79: folds 
CaptRodDog: calls $0.15
*** TURN *** [8h Ts Ad] [6s]
CaptRodDog: checks 
Dorex2007: bets $0.22
CaptRodDog: folds 
Uncalled bet ($0.22) returned to Dorex2007
Dorex2007 collected $0.44 from pot
Dorex2007: doesn't show hand 
*** SUMMARY ***
Total pot $0.46 | Rake $0.02 
Board [8h Ts Ad 6s]
Seat 1: NormBabe folded before Flop (didn't bet)
Seat 2: Dorex2007 (button) collected ($0.44)
Seat 3: SrO157 (small blind) folded on the Flop
Seat 4: Grf79 (big blind) folded on the Flop
Seat 5: CaptRodDog folded on the Turn
Seat 6: MrThomas28 folded before Flop (didn't bet)
Seat 7: Tobiz89 folded before Flop (didn't bet)
Seat 8: bloody55hawk folded before Flop (didn't bet)
Seat 9: Artmis 33 folded before Flop (didn't bet)



PokerStars Hand #230768412800:  Hold'em No Limit ($0.01/$0.02 USD) - 2021/10/20 21:46:23 PT [2021/10/21 0:46:23 ET]
Table 'Gedania IV' 9-max Seat #3 is the button
Seat 1: NormBabe ($2.32 in chips) 
Seat 2: Dorex2007 ($2.39 in chips) 
Seat 3: SrO157 ($0.84 in chips) 
Seat 4: Grf79 ($2.72 in chips) 
Seat 5: CaptRodDog ($2.76 in chips) 
Seat 6: MrThomas28 ($3.20 in chips) 
Seat 7: Tobiz89 ($2 in chips) 
Seat 8: bloody55hawk ($0.80 in chips) 
Seat 9: Artmis 33 ($2.64 in chips) 
Grf79: posts small blind $0.01
CaptRodDog: posts big blind $0.02
*** HOLE CARDS ***
Dealt to Dorex2007 [Qs 4s]
MrThomas28: folds 
Tobiz89: folds 
bloody55hawk: raises $0.06 to $0.08
Artmis 33: folds 
NormBabe: folds 
Dorex2007: folds 
SrO157: folds 
Grf79: folds 
CaptRodDog: calls $0.06
*** FLOP *** [8c Qd 3h]
CaptRodDog: checks 
bloody55hawk: checks 
*** TURN *** [8c Qd 3h] [7s]
CaptRodDog: checks 
bloody55hawk: bets $0.08
CaptRodDog: folds 
Uncalled bet ($0.08) returned to bloody55hawk
bloody55hawk collected $0.16 from pot
bloody55hawk: doesn't show hand 
*** SUMMARY ***
Total pot $0.17 | Rake $0.01 
Board [8c Qd 3h 7s]
Seat 1: NormBabe folded before Flop (didn't bet)
Seat 2: Dorex2007 folded before Flop (didn't bet)
Seat 3: SrO157 (button) folded before Flop (didn't bet)
Seat 4: Grf79 (small blind) folded before Flop
Seat 5: CaptRodDog (big blind) folded on the Turn
Seat 6: MrThomas28 folded before Flop (didn't bet)
Seat 7: Tobiz89 folded before Flop (didn't bet)
Seat 8: bloody55hawk collected ($0.16)
Seat 9: Artmis 33 folded before Flop (didn't bet)



PokerStars Hand #230768419647:  Hold'em No Limit ($0.01/$0.02 USD) - 2021/10/20 21:47:13 PT [2021/10/21 0:47:13 ET]
Table 'Gedania IV' 9-max Seat #4 is the button
Seat 1: NormBabe ($2.32 in chips) 
Seat 2: Dorex2007 ($2.39 in chips) 
Seat 3: SrO157 ($0.84 in chips) 
Seat 4: Grf79 ($2.71 in chips) 
Seat 5: CaptRodDog ($2.68 in chips) 
Seat 6: MrThomas28 ($3.20 in chips) 
Seat 7: Tobiz89 ($2 in chips) 
Seat 8: bloody55hawk ($0.88 in chips) 
Seat 9: Artmis 33 ($2.64 in chips) 
CaptRodDog: posts small blind $0.01
MrThomas28: posts big blind $0.02
*** HOLE CARDS ***
Dealt to Dorex2007 [Qc 4h]
Tobiz89: folds 
bloody55hawk: folds 
Artmis 33: folds 
NormBabe: folds 
Dorex2007: folds 
SrO157: folds 
Grf79: folds 
CaptRodDog: calls $0.01
MrThomas28: checks 
*** FLOP *** [3c 7d 9h]
CaptRodDog: checks 
MrThomas28: bets $0.02
CaptRodDog: calls $0.02
*** TURN *** [3c 7d 9h] [Ah]
CaptRodDog: checks 
MrThomas28: bets $0.06
CaptRodDog: folds 
Uncalled bet ($0.06) returned to MrThomas28
MrThomas28 collected $0.08 from pot
MrThomas28: doesn't show hand 
*** SUMMARY ***
Total pot $0.08 | Rake $0 
Board [3c 7d 9h Ah]
Seat 1: NormBabe folded before Flop (didn't bet)
Seat 2: Dorex2007 folded before Flop (didn't bet)
Seat 3: SrO157 folded before Flop (didn't bet)
Seat 4: Grf79 (button) folded before Flop (didn't bet)
Seat 5: CaptRodDog (small blind) folded on the Turn
Seat 6: MrThomas28 (big blind) collected ($0.08)
Seat 7: Tobiz89 folded before Flop (didn't bet)
Seat 8: bloody55hawk folded before Flop (didn't bet)
Seat 9: Artmis 33 folded before Flop (didn't bet)



PokerStars Hand #230768426717:  Hold'em No Limit ($0.01/$0.02 USD) - 2021/10/20 21:48:03 PT [2021/10/21 0:48:03 ET]
Table 'Gedania IV' 9-max Seat #5 is the button
Seat 1: NormBabe ($2.32 in chips) 
Seat 2: Dorex2007 ($2.39 in chips) 
Seat 3: SrO157 ($0.84 in chips) 
Seat 4: Grf79 ($2.71 in chips) 
Seat 5: CaptRodDog ($2.64 in chips) 
Seat 6: MrThomas28 ($3.24 in chips) 
Seat 7: Tobiz89 ($2 in chips) 
Seat 8: bloody55hawk ($0.88 in chips) 
Seat 9: Artmis 33 ($2.64 in chips) 
MrThomas28: posts small blind $0.01
Tobiz89: posts big blind $0.02
*** HOLE CARDS ***
Dealt to Dorex2007 [3s 8s]
bloody55hawk: raises $0.04 to $0.06
Artmis 33: folds 
NormBabe: folds 
Dorex2007: folds 
SrO157: calls $0.06
Grf79: folds 
CaptRodDog: folds 
CaptRodDog leaves the table
MrThomas28: folds 
Tobiz89: folds 
*** FLOP *** [6c Th 3c]
bloody55hawk: bets $0.82 and is all-in
SrO157: calls $0.78 and is all-in
Uncalled bet ($0.04) returned to bloody55hawk
*** TURN *** [6c Th 3c] [4d]
*** RIVER *** [6c Th 3c 4d] [8h]
*** SHOW DOWN ***
bloody55hawk: shows [6h 6s] (three of a kind, Sixes)
SrO157: shows [Jc 8c] (a pair of Eights)
bloody55hawk cashed out the hand for $1.21 | Cash Out Fee $0.01
*** SUMMARY ***
Total pot $1.71 | Rake $0.06 
Board [6c Th 3c 4d 8h]
Seat 1: NormBabe folded before Flop (didn't bet)
Seat 2: Dorex2007 folded before Flop (didn't bet)
Seat 3: SrO157 showed [Jc 8c] and lost with a pair of Eights
Seat 4: Grf79 folded before Flop (didn't bet)
Seat 5: CaptRodDog (button) folded before Flop (didn't bet)
Seat 6: MrThomas28 (small blind) folded before Flop
Seat 7: Tobiz89 (big blind) folded before Flop
Seat 8: bloody55hawk showed [6h 6s] and won ($1.65) with three of a kind, Sixes (pot not awarded as player cashed out)
Seat 9: Artmis 33 folded before Flop (didn't bet)



PokerStars Hand #230768431044:  Hold'em No Limit ($0.01/$0.02 USD) - 2021/10/20 21:48:33 PT [2021/10/21 0:48:33 ET]
Table 'Gedania IV' 9-max Seat #6 is the button
Seat 1: NormBabe ($2.32 in chips) 
Seat 2: Dorex2007 ($2.39 in chips) 
Seat 4: Grf79 ($2.71 in chips) 
Seat 6: MrThomas28 ($3.23 in chips) 
Seat 7: Tobiz89 ($2 in chips) 
Seat 9: Artmis 33 ($2.64 in chips) 
Tobiz89: posts small blind $0.01
bloody55hawk: is sitting out 
Artmis 33: posts big blind $0.02
*** HOLE CARDS ***
Dealt to Dorex2007 [Qc Qs]
NormBabe: calls $0.02
Dorex2007: raises $0.04 to $0.06
Grf79: folds 
MrThomas28: folds 
bloody55hawk leaves the table
Tobiz89: folds 
Artmis 33: folds 
NormBabe: calls $0.04
*** FLOP *** [Td 7d 4c]
NormBabe: checks 
Dorex2007: bets $0.14
NormBabe: folds 
Uncalled bet ($0.14) returned to Dorex2007
Dorex2007 collected $0.14 from pot
Dorex2007: doesn't show hand 
*** SUMMARY ***
Total pot $0.15 | Rake $0.01 
Board [Td 7d 4c]
Seat 1: NormBabe folded on the Flop
Seat 2: Dorex2007 collected ($0.14)
Seat 4: Grf79 folded before Flop (didn't bet)
Seat 6: MrThomas28 (button) folded before Flop (didn't bet)
Seat 7: Tobiz89 (small blind) folded before Flop
Seat 9: Artmis 33 (big blind) folded before Flop



PokerStars Hand #230768440927:  Hold'em No Limit ($0.01/$0.02 USD) - 2021/10/20 21:49:05 PT [2021/10/21 0:49:05 ET]
Table 'Gedania IV' 9-max Seat #7 is the button
Seat 2: Dorex2007 ($2.47 in chips) 
Seat 4: Grf79 ($2.71 in chips) 
Seat 6: MrThomas28 ($3.23 in chips) 
Seat 7: Tobiz89 ($2 in chips) 
Seat 9: Artmis 33 ($2.62 in chips) 
Artmis 33: posts small blind $0.01
NormBabe: is sitting out 
Dorex2007: posts big blind $0.02
*** HOLE CARDS ***
Dealt to Dorex2007 [8s Ks]
NormBabe leaves the table
Grf79: folds 
MrThomas28: folds 
Tobiz89: raises $0.03 to $0.05
Artmis 33: folds 
Dorex2007: calls $0.03
*** FLOP *** [3s 2d 5c]
Dorex2007: checks 
Tobiz89: bets $0.08
Dorex2007: folds 
Uncalled bet ($0.08) returned to Tobiz89
Tobiz89 collected $0.11 from pot
Tobiz89: doesn't show hand 
*** SUMMARY ***
Total pot $0.11 | Rake $0 
Board [3s 2d 5c]
Seat 2: Dorex2007 (big blind) folded on the Flop
Seat 4: Grf79 folded before Flop (didn't bet)
Seat 6: MrThomas28 folded before Flop (didn't bet)
Seat 7: Tobiz89 (button) collected ($0.11)
Seat 9: Artmis 33 (small blind) folded before Flop



PokerStars Hand #230768444945:  Hold'em No Limit ($0.01/$0.02 USD) - 2021/10/20 21:49:34 PT [2021/10/21 0:49:34 ET]
Table 'Gedania IV' 9-max Seat #9 is the button
Seat 2: Dorex2007 ($2.42 in chips) 
Seat 4: Grf79 ($2.71 in chips) 
Seat 6: MrThomas28 ($3.23 in chips) 
Seat 7: Tobiz89 ($2.06 in chips) 
Seat 9: Artmis 33 ($2.61 in chips) 
Dorex2007: posts small blind $0.01
Grf79: posts big blind $0.02
*** HOLE CARDS ***
Dealt to Dorex2007 [8h Jh]
MrThomas28: raises $0.04 to $0.06
Tobiz89: calls $0.06
Artmis 33: folds 
Dorex2007: folds 
Grf79: folds 
*** FLOP *** [6h 5c 9d]
MrThomas28: checks 
Tobiz89: bets $0.11
MrThomas28: calls $0.11
*** TURN *** [6h 5c 9d] [Th]
MrThomas28: checks 
Tobiz89: checks 
*** RIVER *** [6h 5c 9d Th] [Qh]
SrO157 leaves the table
MrThomas28: checks 
Tobiz89: checks 
*** SHOW DOWN ***
MrThomas28: shows [Ad 3d] (high card Ace)
Tobiz89: shows [3s 3c] (a pair of Threes)
Tobiz89 collected $0.36 from pot
*** SUMMARY ***
Total pot $0.37 | Rake $0.01 
Board [6h 5c 9d Th Qh]
Seat 2: Dorex2007 (small blind) folded before Flop
Seat 4: Grf79 (big blind) folded before Flop
Seat 6: MrThomas28 showed [Ad 3d] and lost with high card Ace
Seat 7: Tobiz89 showed [3s 3c] and won ($0.36) with a pair of Threes
Seat 9: Artmis 33 (button) folded before Flop (didn't bet)



PokerStars Hand #230768452519:  Hold'em No Limit ($0.01/$0.02 USD) - 2021/10/20 21:50:27 PT [2021/10/21 0:50:27 ET]
Table 'Gedania IV' 9-max Seat #2 is the button
Seat 2: Dorex2007 ($2.41 in chips) 
Seat 4: Grf79 ($2.69 in chips) 
Seat 6: MrThomas28 ($3.06 in chips) 
Seat 7: Tobiz89 ($2.25 in chips) 
Seat 9: Artmis 33 ($2.61 in chips) 
Grf79: posts small blind $0.01
MrThomas28: posts big blind $0.02
*** HOLE CARDS ***
Dealt to Dorex2007 [9s Tc]
Tobiz89: folds 
Artmis 33: folds 
Dorex2007: calls $0.02
Grf79: calls $0.01
MrThomas28: checks 
*** FLOP *** [3c Qc 4s]
Grf79: checks 
MrThomas28: checks 
Dorex2007: checks 
*** TURN *** [3c Qc 4s] [5c]
Grf79: checks 
MrThomas28: checks 
Dorex2007: checks 
*** RIVER *** [3c Qc 4s 5c] [Kh]
Grf79: checks 
MrThomas28: checks 
Dorex2007: checks 
*** SHOW DOWN ***
Grf79: shows [5h 9d] (a pair of Fives)
MrThomas28: mucks hand 
Dorex2007: mucks hand 
Grf79 collected $0.06 from pot
*** SUMMARY ***
Total pot $0.06 | Rake $0 
Board [3c Qc 4s 5c Kh]
Seat 2: Dorex2007 (button) mucked [9s Tc]
Seat 4: Grf79 (small blind) showed [5h 9d] and won ($0.06) with a pair of Fives
Seat 6: MrThomas28 (big blind) mucked [3h 8h]
Seat 7: Tobiz89 folded before Flop (didn't bet)
Seat 9: Artmis 33 folded before Flop (didn't bet)



