PokerStars Hand #227860620427:  Hold'em No Limit ($0.01/$0.02 USD) - 2021/06/26 8:06:18 PT [2021/06/26 11:06:18 ET]
Table 'Chilton III' 9-max Seat #2 is the button
Seat 1: Dorex2007 ($2 in chips) 
Seat 2: dezname ($2 in chips) 
Seat 3: Pottley1301 ($2 in chips) 
Seat 4: yakfolge ($1.41 in chips) 
Seat 5: VVNWIN ($1.66 in chips) 
Seat 6: Edersong ($0.83 in chips) 
Seat 7: Tuhtyn ($1.49 in chips) 
Seat 8: OriginalM ($0.57 in chips) 
Seat 9: vyva1978 ($2 in chips) 
Pottley1301: posts small blind $0.01
yakfolge: posts big blind $0.02
Dorex2007: posts big blind $0.02
*** HOLE CARDS ***
Dealt to Dorex2007 [9s 7d]
VVNWIN: folds 
Edersong: calls $0.02
Tuhtyn: calls $0.02
OriginalM: folds 
vyva1978: folds 
Dorex2007: checks 
dezname: raises $0.10 to $0.12
Pottley1301: folds 
yakfolge: folds 
Edersong: folds 
Tuhtyn: folds 
Dorex2007: folds 
Uncalled bet ($0.10) returned to dezname
dezname collected $0.11 from pot
dezname: doesn't show hand 
*** SUMMARY ***
Total pot $0.11 | Rake $0 
Seat 1: Dorex2007 folded before Flop (didn't bet)
Seat 2: dezname (button) collected ($0.11)
Seat 3: Pottley1301 (small blind) folded before Flop
Seat 4: yakfolge (big blind) folded before Flop
Seat 5: VVNWIN folded before Flop (didn't bet)
Seat 6: Edersong folded before Flop
Seat 7: Tuhtyn folded before Flop
Seat 8: OriginalM folded before Flop (didn't bet)
Seat 9: vyva1978 folded before Flop (didn't bet)



PokerStars Hand #227860629872:  Hold'em No Limit ($0.01/$0.02 USD) - 2021/06/26 8:06:47 PT [2021/06/26 11:06:47 ET]
Table 'Chilton III' 9-max Seat #3 is the button
Seat 1: Dorex2007 ($1.98 in chips) 
Seat 2: dezname ($2.09 in chips) 
Seat 3: Pottley1301 ($2 in chips) 
Seat 4: yakfolge ($1.39 in chips) 
Seat 5: VVNWIN ($1.66 in chips) 
Seat 6: Edersong ($0.81 in chips) 
Seat 7: Tuhtyn ($1.47 in chips) 
Seat 8: OriginalM ($0.57 in chips) 
Seat 9: vyva1978 ($2 in chips) 
yakfolge: posts small blind $0.01
VVNWIN: posts big blind $0.02
*** HOLE CARDS ***
Dealt to Dorex2007 [6h Th]
Edersong: calls $0.02
Tuhtyn: folds 
OriginalM: calls $0.02
vyva1978: folds 
Dorex2007: folds 
dezname: folds 
Pottley1301: folds 
yakfolge: calls $0.01
VVNWIN: checks 
*** FLOP *** [3s Kc 8d]
yakfolge: checks 
VVNWIN: checks 
Edersong: checks 
OriginalM: checks 
*** TURN *** [3s Kc 8d] [Jh]
yakfolge: checks 
VVNWIN: checks 
Edersong: checks 
OriginalM: bets $0.04
yakfolge: folds 
VVNWIN: folds 
Edersong: calls $0.04
*** RIVER *** [3s Kc 8d Jh] [4d]
Edersong: checks 
OriginalM: bets $0.05
Edersong: calls $0.05
*** SHOW DOWN ***
OriginalM: shows [Qc Jd] (a pair of Jacks)
Edersong: mucks hand 
OriginalM collected $0.25 from pot
*** SUMMARY ***
Total pot $0.26 | Rake $0.01 
Board [3s Kc 8d Jh 4d]
Seat 1: Dorex2007 folded before Flop (didn't bet)
Seat 2: dezname folded before Flop (didn't bet)
Seat 3: Pottley1301 (button) folded before Flop (didn't bet)
Seat 4: yakfolge (small blind) folded on the Turn
Seat 5: VVNWIN (big blind) folded on the Turn
Seat 6: Edersong mucked [9h 8h]
Seat 7: Tuhtyn folded before Flop (didn't bet)
Seat 8: OriginalM showed [Qc Jd] and won ($0.25) with a pair of Jacks
Seat 9: vyva1978 folded before Flop (didn't bet)



PokerStars Hand #227860654109:  Hold'em No Limit ($0.01/$0.02 USD) - 2021/06/26 8:08:01 PT [2021/06/26 11:08:01 ET]
Table 'Chilton III' 9-max Seat #4 is the button
Seat 1: Dorex2007 ($1.98 in chips) 
Seat 2: dezname ($2.09 in chips) 
Seat 3: Pottley1301 ($2 in chips) 
Seat 4: yakfolge ($1.37 in chips) 
Seat 5: VVNWIN ($1.64 in chips) 
Seat 6: Edersong ($0.70 in chips) 
Seat 7: Tuhtyn ($1.47 in chips) 
Seat 8: OriginalM ($0.71 in chips) 
Seat 9: vyva1978 ($2 in chips) 
VVNWIN: posts small blind $0.01
Edersong: posts big blind $0.02
*** HOLE CARDS ***
Dealt to Dorex2007 [4d 9c]
Tuhtyn: raises $0.08 to $0.10
OriginalM: folds 
vyva1978: folds 
Dorex2007: folds 
dezname: folds 
Pottley1301: folds 
yakfolge: folds 
VVNWIN: calls $0.09
Edersong: folds 
*** FLOP *** [9h 3h Jh]
VVNWIN: checks 
Tuhtyn: bets $0.32
VVNWIN: folds 
Uncalled bet ($0.32) returned to Tuhtyn
Tuhtyn collected $0.21 from pot
*** SUMMARY ***
Total pot $0.22 | Rake $0.01 
Board [9h 3h Jh]
Seat 1: Dorex2007 folded before Flop (didn't bet)
Seat 2: dezname folded before Flop (didn't bet)
Seat 3: Pottley1301 folded before Flop (didn't bet)
Seat 4: yakfolge (button) folded before Flop (didn't bet)
Seat 5: VVNWIN (small blind) folded on the Flop
Seat 6: Edersong (big blind) folded before Flop
Seat 7: Tuhtyn collected ($0.21)
Seat 8: OriginalM folded before Flop (didn't bet)
Seat 9: vyva1978 folded before Flop (didn't bet)



PokerStars Hand #227860669103:  Hold'em No Limit ($0.01/$0.02 USD) - 2021/06/26 8:08:47 PT [2021/06/26 11:08:47 ET]
Table 'Chilton III' 9-max Seat #5 is the button
Seat 1: Dorex2007 ($1.98 in chips) 
Seat 2: dezname ($2.09 in chips) 
Seat 3: Pottley1301 ($2 in chips) 
Seat 5: VVNWIN ($1.54 in chips) 
Seat 6: Edersong ($0.68 in chips) 
Seat 7: Tuhtyn ($1.58 in chips) 
Seat 8: OriginalM ($0.71 in chips) 
Seat 9: vyva1978 ($2 in chips) 
Edersong: posts small blind $0.01
Tuhtyn: posts big blind $0.02
*** HOLE CARDS ***
Dealt to Dorex2007 [Jh Jc]
OriginalM has timed out
OriginalM: folds 
vyva1978: folds 
Dorex2007: raises $0.06 to $0.08
dezname: folds 
Pottley1301: folds 
VVNWIN: calls $0.08
Edersong: folds 
Tuhtyn: folds 
*** FLOP *** [9c 9s 7s]
Dorex2007: bets $0.18
VVNWIN: raises $0.18 to $0.36
Dorex2007: calls $0.18
*** TURN *** [9c 9s 7s] [Ah]
Dorex2007: bets $0.88
VVNWIN: folds 
Uncalled bet ($0.88) returned to Dorex2007
Dorex2007 collected $0.88 from pot
Dorex2007: doesn't show hand 
*** SUMMARY ***
Total pot $0.91 | Rake $0.03 
Board [9c 9s 7s Ah]
Seat 1: Dorex2007 collected ($0.88)
Seat 2: dezname folded before Flop (didn't bet)
Seat 3: Pottley1301 folded before Flop (didn't bet)
Seat 5: VVNWIN (button) folded on the Turn
Seat 6: Edersong (small blind) folded before Flop
Seat 7: Tuhtyn (big blind) folded before Flop
Seat 8: OriginalM folded before Flop (didn't bet)
Seat 9: vyva1978 folded before Flop (didn't bet)



PokerStars Hand #227860688020:  Hold'em No Limit ($0.01/$0.02 USD) - 2021/06/26 8:09:45 PT [2021/06/26 11:09:45 ET]
Table 'Chilton III' 9-max Seat #6 is the button
Seat 1: Dorex2007 ($2.42 in chips) 
Seat 2: dezname ($2.09 in chips) 
Seat 3: Pottley1301 ($2 in chips) 
Seat 5: VVNWIN ($1.10 in chips) 
Seat 6: Edersong ($0.67 in chips) 
Seat 7: Tuhtyn ($1.56 in chips) 
Seat 8: OriginalM ($0.71 in chips) 
Seat 9: vyva1978 ($2 in chips) 
Tuhtyn: posts small blind $0.01
OriginalM: posts big blind $0.02
*** HOLE CARDS ***
Dealt to Dorex2007 [3c 5c]
vyva1978: folds 
Dorex2007: folds 
dezname: folds 
Pottley1301: folds 
VVNWIN: calls $0.02
Edersong: calls $0.02
Tuhtyn: calls $0.01
OriginalM: checks 
*** FLOP *** [6d 5s 6h]
Tuhtyn: checks 
OriginalM: bets $0.02
VVNWIN: raises $0.02 to $0.04
Edersong: folds 
Tuhtyn: folds 
OriginalM: calls $0.02
*** TURN *** [6d 5s 6h] [Ac]
OriginalM: bets $0.02
VVNWIN: calls $0.02
*** RIVER *** [6d 5s 6h Ac] [8s]
OriginalM: bets $0.03
VVNWIN: raises $0.13 to $0.16
OriginalM: folds 
Uncalled bet ($0.13) returned to VVNWIN
VVNWIN collected $0.25 from pot
VVNWIN: doesn't show hand 
*** SUMMARY ***
Total pot $0.26 | Rake $0.01 
Board [6d 5s 6h Ac 8s]
Seat 1: Dorex2007 folded before Flop (didn't bet)
Seat 2: dezname folded before Flop (didn't bet)
Seat 3: Pottley1301 folded before Flop (didn't bet)
Seat 5: VVNWIN collected ($0.25)
Seat 6: Edersong (button) folded on the Flop
Seat 7: Tuhtyn (small blind) folded on the Flop
Seat 8: OriginalM (big blind) folded on the River
Seat 9: vyva1978 folded before Flop (didn't bet)



PokerStars Hand #227860715000:  Hold'em No Limit ($0.01/$0.02 USD) - 2021/06/26 8:10:41 PT [2021/06/26 11:10:41 ET]
Table 'Chilton III' 9-max Seat #7 is the button
Seat 1: Dorex2007 ($2.42 in chips) 
Seat 2: dezname ($2.09 in chips) 
Seat 3: Pottley1301 ($2 in chips) 
Seat 5: VVNWIN ($1.24 in chips) 
Seat 6: Edersong ($0.65 in chips) 
Seat 7: Tuhtyn ($1.54 in chips) 
Seat 8: OriginalM ($0.60 in chips) 
Seat 9: vyva1978 ($2 in chips) 
OriginalM: posts small blind $0.01
vyva1978: posts big blind $0.02
*** HOLE CARDS ***
Dealt to Dorex2007 [3s Kd]
Dorex2007: folds 
dezname: folds 
Pottley1301: folds 
VVNWIN: folds 
Edersong: folds 
Tuhtyn: folds 
OriginalM: calls $0.01
vyva1978: checks 
*** FLOP *** [6h 9s 8h]
OriginalM: checks 
vyva1978: checks 
*** TURN *** [6h 9s 8h] [Qs]
OriginalM: bets $0.02
vyva1978: folds 
Uncalled bet ($0.02) returned to OriginalM
OriginalM collected $0.04 from pot
OriginalM: doesn't show hand 
*** SUMMARY ***
Total pot $0.04 | Rake $0 
Board [6h 9s 8h Qs]
Seat 1: Dorex2007 folded before Flop (didn't bet)
Seat 2: dezname folded before Flop (didn't bet)
Seat 3: Pottley1301 folded before Flop (didn't bet)
Seat 5: VVNWIN folded before Flop (didn't bet)
Seat 6: Edersong folded before Flop (didn't bet)
Seat 7: Tuhtyn (button) folded before Flop (didn't bet)
Seat 8: OriginalM (small blind) collected ($0.04)
Seat 9: vyva1978 (big blind) folded on the Turn



PokerStars Hand #227860725828:  Hold'em No Limit ($0.01/$0.02 USD) - 2021/06/26 8:11:14 PT [2021/06/26 11:11:14 ET]
Table 'Chilton III' 9-max Seat #8 is the button
Seat 1: Dorex2007 ($2.42 in chips) 
Seat 2: dezname ($2.09 in chips) 
Seat 3: Pottley1301 ($2 in chips) 
Seat 5: VVNWIN ($1.24 in chips) 
Seat 6: Edersong ($0.65 in chips) 
Seat 7: Tuhtyn ($1.54 in chips) 
Seat 8: OriginalM ($0.62 in chips) 
Seat 9: vyva1978 ($1.98 in chips) 
vyva1978: posts small blind $0.01
Dorex2007: posts big blind $0.02
*** HOLE CARDS ***
Dealt to Dorex2007 [Qc Qs]
dezname: raises $0.04 to $0.06
Pottley1301: folds 
VVNWIN: calls $0.06
Edersong: folds 
Tuhtyn: folds 
OriginalM: folds 
vyva1978: folds 
Dorex2007: raises $0.12 to $0.18
dezname: calls $0.12
VVNWIN: calls $0.12
*** FLOP *** [As Js 3c]
Dorex2007: checks 
dezname: bets $0.40
VVNWIN: folds 
Dorex2007: folds 
Uncalled bet ($0.40) returned to dezname
dezname collected $0.53 from pot
dezname: doesn't show hand 
*** SUMMARY ***
Total pot $0.55 | Rake $0.02 
Board [As Js 3c]
Seat 1: Dorex2007 (big blind) folded on the Flop
Seat 2: dezname collected ($0.53)
Seat 3: Pottley1301 folded before Flop (didn't bet)
Seat 5: VVNWIN folded on the Flop
Seat 6: Edersong folded before Flop (didn't bet)
Seat 7: Tuhtyn folded before Flop (didn't bet)
Seat 8: OriginalM (button) folded before Flop (didn't bet)
Seat 9: vyva1978 (small blind) folded before Flop



PokerStars Hand #227860745397:  Hold'em No Limit ($0.01/$0.02 USD) - 2021/06/26 8:12:14 PT [2021/06/26 11:12:14 ET]
Table 'Chilton III' 9-max Seat #9 is the button
Seat 1: Dorex2007 ($2.24 in chips) 
Seat 2: dezname ($2.44 in chips) 
Seat 3: Pottley1301 ($2 in chips) 
Seat 5: VVNWIN ($1.06 in chips) 
Seat 6: Edersong ($0.65 in chips) 
Seat 7: Tuhtyn ($1.54 in chips) 
Seat 8: OriginalM ($0.62 in chips) 
Seat 9: vyva1978 ($1.97 in chips) 
Dorex2007: posts small blind $0.01
dezname: posts big blind $0.02
*** HOLE CARDS ***
Dealt to Dorex2007 [4s 8c]
Pottley1301: folds 
VVNWIN: calls $0.02
Edersong: calls $0.02
Tuhtyn: calls $0.02
OriginalM: folds 
vyva1978: folds 
Dorex2007: folds 
dezname: checks 
*** FLOP *** [Jc 6s Ks]
dezname: checks 
VVNWIN: bets $0.02
Edersong: calls $0.02
Tuhtyn: calls $0.02
dezname: folds 
*** TURN *** [Jc 6s Ks] [5s]
VVNWIN: bets $0.02
Edersong: calls $0.02
Tuhtyn: calls $0.02
*** RIVER *** [Jc 6s Ks 5s] [6h]
VVNWIN: bets $0.02
Edersong: folds 
Tuhtyn: calls $0.02
*** SHOW DOWN ***
VVNWIN: shows [5d Tc] (two pair, Sixes and Fives)
Tuhtyn: shows [Jh 9h] (two pair, Jacks and Sixes)
Tuhtyn collected $0.24 from pot
*** SUMMARY ***
Total pot $0.25 | Rake $0.01 
Board [Jc 6s Ks 5s 6h]
Seat 1: Dorex2007 (small blind) folded before Flop
Seat 2: dezname (big blind) folded on the Flop
Seat 3: Pottley1301 folded before Flop (didn't bet)
Seat 5: VVNWIN showed [5d Tc] and lost with two pair, Sixes and Fives
Seat 6: Edersong folded on the River
Seat 7: Tuhtyn showed [Jh 9h] and won ($0.24) with two pair, Jacks and Sixes
Seat 8: OriginalM folded before Flop (didn't bet)
Seat 9: vyva1978 (button) folded before Flop (didn't bet)



PokerStars Hand #227860774501:  Hold'em No Limit ($0.01/$0.02 USD) - 2021/06/26 8:13:43 PT [2021/06/26 11:13:43 ET]
Table 'Chilton III' 9-max Seat #1 is the button
Seat 1: Dorex2007 ($2.23 in chips) 
Seat 2: dezname ($2.42 in chips) 
Seat 3: Pottley1301 ($2 in chips) 
Seat 4: yakfolge ($1.37 in chips) 
Seat 5: VVNWIN ($0.98 in chips) 
Seat 6: Edersong ($0.59 in chips) 
Seat 7: Tuhtyn ($1.70 in chips) 
Seat 8: OriginalM ($0.62 in chips) 
Seat 9: vyva1978 ($1.97 in chips) 
dezname: posts small blind $0.01
Pottley1301: posts big blind $0.02
*** HOLE CARDS ***
Dealt to Dorex2007 [2h Ah]
yakfolge: folds 
VVNWIN: calls $0.02
Edersong: calls $0.02
Tuhtyn: folds 
OriginalM: folds 
vyva1978: folds 
Dorex2007: folds 
dezname: folds 
Pottley1301: checks 
*** FLOP *** [Kh 6s 7c]
Pottley1301: checks 
VVNWIN: checks 
Edersong: checks 
*** TURN *** [Kh 6s 7c] [6c]
Pottley1301: checks 
VVNWIN: checks 
Edersong: checks 
*** RIVER *** [Kh 6s 7c 6c] [5h]
Pottley1301: bets $0.07
VVNWIN: folds 
Edersong: folds 
Uncalled bet ($0.07) returned to Pottley1301
Pottley1301 collected $0.07 from pot
Pottley1301: doesn't show hand 
*** SUMMARY ***
Total pot $0.07 | Rake $0 
Board [Kh 6s 7c 6c 5h]
Seat 1: Dorex2007 (button) folded before Flop (didn't bet)
Seat 2: dezname (small blind) folded before Flop
Seat 3: Pottley1301 (big blind) collected ($0.07)
Seat 4: yakfolge folded before Flop (didn't bet)
Seat 5: VVNWIN folded on the River
Seat 6: Edersong folded on the River
Seat 7: Tuhtyn folded before Flop (didn't bet)
Seat 8: OriginalM folded before Flop (didn't bet)
Seat 9: vyva1978 folded before Flop (didn't bet)



PokerStars Hand #227860800951:  Hold'em No Limit ($0.01/$0.02 USD) - 2021/06/26 8:15:04 PT [2021/06/26 11:15:04 ET]
Table 'Chilton III' 9-max Seat #2 is the button
Seat 1: Dorex2007 ($2.23 in chips) 
Seat 2: dezname ($2.41 in chips) 
Seat 3: Pottley1301 ($2.05 in chips) 
Seat 4: yakfolge ($1.37 in chips) 
Seat 5: VVNWIN ($0.96 in chips) 
Seat 6: Edersong ($0.57 in chips) 
Seat 7: Tuhtyn ($1.70 in chips) 
Seat 8: OriginalM ($0.62 in chips) 
Seat 9: vyva1978 ($1.97 in chips) 
Pottley1301: posts small blind $0.01
yakfolge: posts big blind $0.02
*** HOLE CARDS ***
Dealt to Dorex2007 [5s 9c]
VVNWIN: calls $0.02
Edersong: raises $0.04 to $0.06
Tuhtyn: folds 
OriginalM: calls $0.06
vyva1978: folds 
Dorex2007: folds 
dezname: folds 
Pottley1301: calls $0.05
yakfolge: folds 
VVNWIN: calls $0.04
*** FLOP *** [5h 7s Kd]
Pottley1301: checks 
VVNWIN: checks 
Edersong: bets $0.08
OriginalM: raises $0.08 to $0.16
Pottley1301: folds 
VVNWIN: folds 
Edersong: raises $0.35 to $0.51 and is all-in
OriginalM: calls $0.35
*** TURN *** [5h 7s Kd] [7c]
*** RIVER *** [5h 7s Kd 7c] [7h]
*** SHOW DOWN ***
Edersong: shows [Ac Ah] (a full house, Sevens full of Aces)
OriginalM: shows [Qh Kc] (a full house, Sevens full of Kings)
Edersong collected $1.24 from pot
*** SUMMARY ***
Total pot $1.28 | Rake $0.04 
Board [5h 7s Kd 7c 7h]
Seat 1: Dorex2007 folded before Flop (didn't bet)
Seat 2: dezname (button) folded before Flop (didn't bet)
Seat 3: Pottley1301 (small blind) folded on the Flop
Seat 4: yakfolge (big blind) folded before Flop
Seat 5: VVNWIN folded on the Flop
Seat 6: Edersong showed [Ac Ah] and won ($1.24) with a full house, Sevens full of Aces
Seat 7: Tuhtyn folded before Flop (didn't bet)
Seat 8: OriginalM showed [Qh Kc] and lost with a full house, Sevens full of Kings
Seat 9: vyva1978 folded before Flop (didn't bet)



PokerStars Hand #227860837642:  Hold'em No Limit ($0.01/$0.02 USD) - 2021/06/26 8:16:29 PT [2021/06/26 11:16:29 ET]
Table 'Chilton III' 9-max Seat #3 is the button
Seat 1: Dorex2007 ($2.23 in chips) 
Seat 2: dezname ($2.41 in chips) 
Seat 3: Pottley1301 ($2 in chips) 
Seat 4: yakfolge ($1.35 in chips) 
Seat 5: VVNWIN ($0.90 in chips) 
Seat 6: Edersong ($1.24 in chips) 
Seat 7: Tuhtyn ($1.70 in chips) 
Seat 8: OriginalM ($0.05 in chips) 
Seat 9: vyva1978 ($1.97 in chips) 
yakfolge: posts small blind $0.01
VVNWIN: posts big blind $0.02
*** HOLE CARDS ***
Dealt to Dorex2007 [7d Kc]
Edersong: folds 
Tuhtyn: folds 
OriginalM: raises $0.03 to $0.05 and is all-in
vyva1978: folds 
Dorex2007: folds 
dezname: calls $0.05
Pottley1301: folds 
yakfolge: folds 
VVNWIN: calls $0.03
*** FLOP *** [7s 2c 9h]
VVNWIN: checks 
dezname: checks 
*** TURN *** [7s 2c 9h] [As]
VVNWIN: bets $0.02
dezname: folds 
Uncalled bet ($0.02) returned to VVNWIN
*** RIVER *** [7s 2c 9h As] [Qc]
*** SHOW DOWN ***
VVNWIN: shows [9c 8h] (a pair of Nines)
OriginalM: shows [Qs 9s] (two pair, Queens and Nines)
OriginalM collected $0.15 from pot
*** SUMMARY ***
Total pot $0.16 | Rake $0.01 
Board [7s 2c 9h As Qc]
Seat 1: Dorex2007 folded before Flop (didn't bet)
Seat 2: dezname folded on the Turn
Seat 3: Pottley1301 (button) folded before Flop (didn't bet)
Seat 4: yakfolge (small blind) folded before Flop
Seat 5: VVNWIN (big blind) showed [9c 8h] and lost with a pair of Nines
Seat 6: Edersong folded before Flop (didn't bet)
Seat 7: Tuhtyn folded before Flop (didn't bet)
Seat 8: OriginalM showed [Qs 9s] and won ($0.15) with two pair, Queens and Nines
Seat 9: vyva1978 folded before Flop (didn't bet)



PokerStars Hand #227860855782:  Hold'em No Limit ($0.01/$0.02 USD) - 2021/06/26 8:17:24 PT [2021/06/26 11:17:24 ET]
Table 'Chilton III' 9-max Seat #4 is the button
Seat 1: Dorex2007 ($2.23 in chips) 
Seat 2: dezname ($2.36 in chips) 
Seat 3: Pottley1301 ($2 in chips) 
Seat 4: yakfolge ($1.34 in chips) 
Seat 5: VVNWIN ($0.85 in chips) 
Seat 6: Edersong ($1.24 in chips) 
Seat 7: Tuhtyn ($1.70 in chips) 
Seat 8: OriginalM ($0.15 in chips) 
Seat 9: vyva1978 ($1.97 in chips) 
VVNWIN: posts small blind $0.01
Edersong: posts big blind $0.02
*** HOLE CARDS ***
Dealt to Dorex2007 [Kh 6d]
Tuhtyn: folds 
OriginalM: folds 
vyva1978: folds 
Dorex2007: folds 
dezname: folds 
Pottley1301: folds 
yakfolge: folds 
VVNWIN: raises $0.02 to $0.04
Edersong: folds 
Uncalled bet ($0.02) returned to VVNWIN
VVNWIN collected $0.04 from pot
VVNWIN: doesn't show hand 
*** SUMMARY ***
Total pot $0.04 | Rake $0 
Seat 1: Dorex2007 folded before Flop (didn't bet)
Seat 2: dezname folded before Flop (didn't bet)
Seat 3: Pottley1301 folded before Flop (didn't bet)
Seat 4: yakfolge (button) folded before Flop (didn't bet)
Seat 5: VVNWIN (small blind) collected ($0.04)
Seat 6: Edersong (big blind) folded before Flop
Seat 7: Tuhtyn folded before Flop (didn't bet)
Seat 8: OriginalM folded before Flop (didn't bet)
Seat 9: vyva1978 folded before Flop (didn't bet)



PokerStars Hand #227860883017:  Hold'em No Limit ($0.01/$0.02 USD) - 2021/06/26 8:18:47 PT [2021/06/26 11:18:47 ET]
Table 'Chilton III' 9-max Seat #6 is the button
Seat 1: Dorex2007 ($2.23 in chips) 
Seat 2: dezname ($2.36 in chips) 
Seat 3: Pottley1301 ($2 in chips) 
Seat 4: yakfolge ($1.32 in chips) 
Seat 6: Edersong ($1.20 in chips) 
Seat 7: Tuhtyn ($2.55 in chips) 
Seat 8: OriginalM ($0.15 in chips) 
Seat 9: vyva1978 ($1.97 in chips) 
Tuhtyn: posts small blind $0.01
OriginalM: posts big blind $0.02
*** HOLE CARDS ***
Dealt to Dorex2007 [Qh 6c]
vyva1978: folds 
Dorex2007: folds 
dezname: folds 
Pottley1301: folds 
yakfolge: calls $0.02
Edersong: calls $0.02
Tuhtyn: calls $0.01
OriginalM: checks 
*** FLOP *** [Kc 6s 2s]
Tuhtyn: checks 
OriginalM: checks 
yakfolge: checks 
Edersong: checks 
*** TURN *** [Kc 6s 2s] [Kh]
Tuhtyn: checks 
OriginalM: checks 
yakfolge: checks 
Edersong: checks 
*** RIVER *** [Kc 6s 2s Kh] [5h]
Tuhtyn: checks 
OriginalM: checks 
yakfolge: checks 
Edersong: checks 
*** SHOW DOWN ***
Tuhtyn: shows [Ad 9d] (a pair of Kings)
OriginalM: shows [5d 8s] (two pair, Kings and Fives)
yakfolge: mucks hand 
Edersong: mucks hand 
OriginalM collected $0.08 from pot
*** SUMMARY ***
Total pot $0.08 | Rake $0 
Board [Kc 6s 2s Kh 5h]
Seat 1: Dorex2007 folded before Flop (didn't bet)
Seat 2: dezname folded before Flop (didn't bet)
Seat 3: Pottley1301 folded before Flop (didn't bet)
Seat 4: yakfolge mucked [Th Ac]
Seat 6: Edersong (button) mucked [4d 7d]
Seat 7: Tuhtyn (small blind) showed [Ad 9d] and lost with a pair of Kings
Seat 8: OriginalM (big blind) showed [5d 8s] and won ($0.08) with two pair, Kings and Fives
Seat 9: vyva1978 folded before Flop (didn't bet)



PokerStars Hand #227860897394:  Hold'em No Limit ($0.01/$0.02 USD) - 2021/06/26 8:19:30 PT [2021/06/26 11:19:30 ET]
Table 'Chilton III' 9-max Seat #7 is the button
Seat 1: Dorex2007 ($2.23 in chips) 
Seat 2: dezname ($2.36 in chips) 
Seat 3: Pottley1301 ($2 in chips) 
Seat 4: yakfolge ($1.30 in chips) 
Seat 5: VVNWIN ($0.80 in chips) 
Seat 6: Edersong ($1.18 in chips) 
Seat 7: Tuhtyn ($2.53 in chips) 
Seat 8: OriginalM ($0.21 in chips) 
Seat 9: vyva1978 ($1.97 in chips) 
OriginalM: posts small blind $0.01
vyva1978: posts big blind $0.02
*** HOLE CARDS ***
Dealt to Dorex2007 [8c 9c]
Dorex2007: folds 
dezname: folds 
Pottley1301: folds 
yakfolge: calls $0.02
VVNWIN: calls $0.02
Edersong: raises $0.02 to $0.04
Tuhtyn: folds 
OriginalM: folds 
vyva1978: folds 
yakfolge: calls $0.02
VVNWIN: calls $0.02
*** FLOP *** [Jc 4d 8h]
yakfolge: checks 
VVNWIN: bets $0.04
Edersong: calls $0.04
yakfolge: folds 
*** TURN *** [Jc 4d 8h] [Ah]
VVNWIN: checks 
Edersong: bets $0.08
VVNWIN: folds 
Uncalled bet ($0.08) returned to Edersong
Edersong collected $0.22 from pot
Edersong: doesn't show hand 
*** SUMMARY ***
Total pot $0.23 | Rake $0.01 
Board [Jc 4d 8h Ah]
Seat 1: Dorex2007 folded before Flop (didn't bet)
Seat 2: dezname folded before Flop (didn't bet)
Seat 3: Pottley1301 folded before Flop (didn't bet)
Seat 4: yakfolge folded on the Flop
Seat 5: VVNWIN folded on the Turn
Seat 6: Edersong collected ($0.22)
Seat 7: Tuhtyn (button) folded before Flop (didn't bet)
Seat 8: OriginalM (small blind) folded before Flop
Seat 9: vyva1978 (big blind) folded before Flop



PokerStars Hand #227860913368:  Hold'em No Limit ($0.01/$0.02 USD) - 2021/06/26 8:20:18 PT [2021/06/26 11:20:18 ET]
Table 'Chilton III' 9-max Seat #8 is the button
Seat 1: Dorex2007 ($2.23 in chips) 
Seat 2: dezname ($2.36 in chips) 
Seat 3: Pottley1301 ($2 in chips) 
Seat 4: yakfolge ($1.26 in chips) 
Seat 5: VVNWIN ($0.72 in chips) 
Seat 6: Edersong ($1.32 in chips) 
Seat 7: Tuhtyn ($2.53 in chips) 
Seat 8: OriginalM ($0.83 in chips) 
Seat 9: vyva1978 ($1.95 in chips) 
vyva1978: posts small blind $0.01
Dorex2007: posts big blind $0.02
*** HOLE CARDS ***
Dealt to Dorex2007 [9c 8d]
dezname: folds 
Pottley1301: folds 
yakfolge: folds 
VVNWIN: folds 
Edersong: folds 
Tuhtyn: folds 
OriginalM: folds 
vyva1978: folds 
Uncalled bet ($0.01) returned to Dorex2007
Dorex2007 collected $0.02 from pot
Dorex2007: doesn't show hand 
*** SUMMARY ***
Total pot $0.02 | Rake $0 
Seat 1: Dorex2007 (big blind) collected ($0.02)
Seat 2: dezname folded before Flop (didn't bet)
Seat 3: Pottley1301 folded before Flop (didn't bet)
Seat 4: yakfolge folded before Flop (didn't bet)
Seat 5: VVNWIN folded before Flop (didn't bet)
Seat 6: Edersong folded before Flop (didn't bet)
Seat 7: Tuhtyn folded before Flop (didn't bet)
Seat 8: OriginalM (button) folded before Flop (didn't bet)
Seat 9: vyva1978 (small blind) folded before Flop



PokerStars Hand #227860919238:  Hold'em No Limit ($0.01/$0.02 USD) - 2021/06/26 8:20:36 PT [2021/06/26 11:20:36 ET]
Table 'Chilton III' 9-max Seat #9 is the button
Seat 1: Dorex2007 ($2.24 in chips) 
Seat 3: Pottley1301 ($2 in chips) 
Seat 4: yakfolge ($1.26 in chips) 
Seat 5: VVNWIN ($0.72 in chips) 
Seat 6: Edersong ($1.32 in chips) 
Seat 7: Tuhtyn ($2.53 in chips) 
Seat 8: OriginalM ($0.83 in chips) 
Seat 9: vyva1978 ($1.94 in chips) 
Dorex2007: posts small blind $0.01
dezname: is sitting out 
Pottley1301: posts big blind $0.02
*** HOLE CARDS ***
Dealt to Dorex2007 [4c Qs]
yakfolge: folds 
VVNWIN: calls $0.02
Edersong: folds 
Tuhtyn: folds 
OriginalM: calls $0.02
vyva1978: folds 
Dorex2007: folds 
Pottley1301: checks 
*** FLOP *** [Jd Ah 2s]
Pottley1301: checks 
VVNWIN: bets $0.04
OriginalM: calls $0.04
Pottley1301: folds 
*** TURN *** [Jd Ah 2s] [7c]
VVNWIN: bets $0.04
OriginalM: calls $0.04
*** RIVER *** [Jd Ah 2s 7c] [8h]
VVNWIN: checks 
OriginalM: checks 
*** SHOW DOWN ***
VVNWIN: shows [Ts Td] (a pair of Tens)
OriginalM: shows [9h Jh] (a pair of Jacks)
OriginalM collected $0.22 from pot
*** SUMMARY ***
Total pot $0.23 | Rake $0.01 
Board [Jd Ah 2s 7c 8h]
Seat 1: Dorex2007 (small blind) folded before Flop
Seat 3: Pottley1301 (big blind) folded on the Flop
Seat 4: yakfolge folded before Flop (didn't bet)
Seat 5: VVNWIN showed [Ts Td] and lost with a pair of Tens
Seat 6: Edersong folded before Flop (didn't bet)
Seat 7: Tuhtyn folded before Flop (didn't bet)
Seat 8: OriginalM showed [9h Jh] and won ($0.22) with a pair of Jacks
Seat 9: vyva1978 (button) folded before Flop (didn't bet)



PokerStars Hand #227860938303:  Hold'em No Limit ($0.01/$0.02 USD) - 2021/06/26 8:21:34 PT [2021/06/26 11:21:34 ET]
Table 'Chilton III' 9-max Seat #1 is the button
Seat 1: Dorex2007 ($2.23 in chips) 
Seat 3: Pottley1301 ($2 in chips) 
Seat 4: yakfolge ($1.26 in chips) 
Seat 5: VVNWIN ($0.62 in chips) 
Seat 6: Edersong ($1.32 in chips) 
Seat 7: Tuhtyn ($2.53 in chips) 
Seat 8: OriginalM ($0.95 in chips) 
Seat 9: vyva1978 ($1.94 in chips) 
Pottley1301: posts small blind $0.01
yakfolge: posts big blind $0.02
*** HOLE CARDS ***
Dealt to Dorex2007 [2h Tc]
VVNWIN: folds 
Edersong: folds 
Tuhtyn: folds 
OriginalM: calls $0.02
vyva1978: folds 
Dorex2007: folds 
Pottley1301: raises $0.06 to $0.08
yakfolge: folds 
OriginalM: folds 
Uncalled bet ($0.06) returned to Pottley1301
Pottley1301 collected $0.06 from pot
Pottley1301: doesn't show hand 
*** SUMMARY ***
Total pot $0.06 | Rake $0 
Seat 1: Dorex2007 (button) folded before Flop (didn't bet)
Seat 3: Pottley1301 (small blind) collected ($0.06)
Seat 4: yakfolge (big blind) folded before Flop
Seat 5: VVNWIN folded before Flop (didn't bet)
Seat 6: Edersong folded before Flop (didn't bet)
Seat 7: Tuhtyn folded before Flop (didn't bet)
Seat 8: OriginalM folded before Flop
Seat 9: vyva1978 folded before Flop (didn't bet)



PokerStars Hand #227860944791:  Hold'em No Limit ($0.01/$0.02 USD) - 2021/06/26 8:21:53 PT [2021/06/26 11:21:53 ET]
Table 'Chilton III' 9-max Seat #3 is the button
Seat 1: Dorex2007 ($2.23 in chips) 
Seat 3: Pottley1301 ($2.04 in chips) 
Seat 4: yakfolge ($1.24 in chips) 
Seat 5: VVNWIN ($0.62 in chips) 
Seat 6: Edersong ($1.32 in chips) 
Seat 7: Tuhtyn ($2.53 in chips) 
Seat 8: OriginalM ($0.93 in chips) 
Seat 9: vyva1978 ($1.94 in chips) 
yakfolge: posts small blind $0.01
VVNWIN: posts big blind $0.02
*** HOLE CARDS ***
Dealt to Dorex2007 [5d 5h]
Edersong: folds 
Tuhtyn: folds 
OriginalM: raises $0.03 to $0.05
vyva1978: calls $0.05
Dorex2007: calls $0.05
Pottley1301: calls $0.05
yakfolge: calls $0.04
VVNWIN: calls $0.03
*** FLOP *** [5c 5s Jh]
yakfolge: checks 
VVNWIN: checks 
OriginalM: bets $0.02
vyva1978: folds 
Dorex2007: calls $0.02
Pottley1301: folds 
yakfolge: folds 
VVNWIN: folds 
*** TURN *** [5c 5s Jh] [9h]
OriginalM: bets $0.04
Dorex2007: calls $0.04
*** RIVER *** [5c 5s Jh 9h] [4d]
OriginalM: checks 
Dorex2007: bets $0.14
OriginalM: folds 
Uncalled bet ($0.14) returned to Dorex2007
Dorex2007 collected $0.41 from pot
Dorex2007: doesn't show hand 
*** SUMMARY ***
Total pot $0.42 | Rake $0.01 
Board [5c 5s Jh 9h 4d]
Seat 1: Dorex2007 collected ($0.41)
Seat 3: Pottley1301 (button) folded on the Flop
Seat 4: yakfolge (small blind) folded on the Flop
Seat 5: VVNWIN (big blind) folded on the Flop
Seat 6: Edersong folded before Flop (didn't bet)
Seat 7: Tuhtyn folded before Flop (didn't bet)
Seat 8: OriginalM folded on the River
Seat 9: vyva1978 folded on the Flop



PokerStars Hand #227860968853:  Hold'em No Limit ($0.01/$0.02 USD) - 2021/06/26 8:23:06 PT [2021/06/26 11:23:06 ET]
Table 'Chilton III' 9-max Seat #4 is the button
Seat 1: Dorex2007 ($2.53 in chips) 
Seat 3: Pottley1301 ($2 in chips) 
Seat 4: yakfolge ($1.19 in chips) 
Seat 5: VVNWIN ($0.57 in chips) 
Seat 6: Edersong ($1.32 in chips) 
Seat 7: Tuhtyn ($2.53 in chips) 
Seat 8: OriginalM ($0.82 in chips) 
Seat 9: vyva1978 ($1.89 in chips) 
VVNWIN: posts small blind $0.01
Edersong: posts big blind $0.02
*** HOLE CARDS ***
Dealt to Dorex2007 [Jd Ts]
Tuhtyn: folds 
OriginalM: folds 
vyva1978: folds 
Dorex2007: folds 
Pottley1301: folds 
yakfolge: folds 
VVNWIN: raises $0.02 to $0.04
Edersong: raises $0.04 to $0.08
VVNWIN: calls $0.04
*** FLOP *** [Qh 5d 4d]
VVNWIN: bets $0.04
Edersong: raises $0.04 to $0.08
VVNWIN: calls $0.04
*** TURN *** [Qh 5d 4d] [5s]
VVNWIN: bets $0.09
Edersong: raises $0.09 to $0.18
VVNWIN: raises $0.23 to $0.41 and is all-in
Edersong: folds 
Uncalled bet ($0.23) returned to VVNWIN
VVNWIN collected $0.66 from pot
VVNWIN: doesn't show hand 
*** SUMMARY ***
Total pot $0.68 | Rake $0.02 
Board [Qh 5d 4d 5s]
Seat 1: Dorex2007 folded before Flop (didn't bet)
Seat 3: Pottley1301 folded before Flop (didn't bet)
Seat 4: yakfolge (button) folded before Flop (didn't bet)
Seat 5: VVNWIN (small blind) collected ($0.66)
Seat 6: Edersong (big blind) folded on the Turn
Seat 7: Tuhtyn folded before Flop (didn't bet)
Seat 8: OriginalM folded before Flop (didn't bet)
Seat 9: vyva1978 folded before Flop (didn't bet)



PokerStars Hand #227860991851:  Hold'em No Limit ($0.01/$0.02 USD) - 2021/06/26 8:24:16 PT [2021/06/26 11:24:16 ET]
Table 'Chilton III' 9-max Seat #5 is the button
Seat 1: Dorex2007 ($2.53 in chips) 
Seat 3: Pottley1301 ($2 in chips) 
Seat 4: yakfolge ($1.19 in chips) 
Seat 5: VVNWIN ($0.89 in chips) 
Seat 6: Edersong ($0.98 in chips) 
Seat 7: Tuhtyn ($2.53 in chips) 
Seat 8: OriginalM ($0.82 in chips) 
Seat 9: vyva1978 ($2 in chips) 
Edersong: posts small blind $0.01
Tuhtyn: posts big blind $0.02
*** HOLE CARDS ***
Dealt to Dorex2007 [7h 7d]
OriginalM: folds 
vyva1978: folds 
Dorex2007: raises $0.02 to $0.04
Pottley1301: folds 
yakfolge: folds 
VVNWIN: calls $0.04
Edersong: folds 
Tuhtyn: folds 
*** FLOP *** [Js Kc Qc]
Dorex2007: checks 
VVNWIN: bets $0.06
Dorex2007: folds 
Uncalled bet ($0.06) returned to VVNWIN
VVNWIN collected $0.11 from pot
VVNWIN: doesn't show hand 
*** SUMMARY ***
Total pot $0.11 | Rake $0 
Board [Js Kc Qc]
Seat 1: Dorex2007 folded on the Flop
Seat 3: Pottley1301 folded before Flop (didn't bet)
Seat 4: yakfolge folded before Flop (didn't bet)
Seat 5: VVNWIN (button) collected ($0.11)
Seat 6: Edersong (small blind) folded before Flop
Seat 7: Tuhtyn (big blind) folded before Flop
Seat 8: OriginalM folded before Flop (didn't bet)
Seat 9: vyva1978 folded before Flop (didn't bet)



PokerStars Hand #227861001858:  Hold'em No Limit ($0.01/$0.02 USD) - 2021/06/26 8:24:47 PT [2021/06/26 11:24:47 ET]
Table 'Chilton III' 9-max Seat #6 is the button
Seat 1: Dorex2007 ($2.49 in chips) 
Seat 3: Pottley1301 ($2 in chips) 
Seat 4: yakfolge ($1.19 in chips) 
Seat 5: VVNWIN ($0.96 in chips) 
Seat 6: Edersong ($0.97 in chips) 
Seat 7: Tuhtyn ($2.51 in chips) 
Seat 8: OriginalM ($0.82 in chips) 
Seat 9: vyva1978 ($2 in chips) 
Tuhtyn: posts small blind $0.01
OriginalM: posts big blind $0.02
*** HOLE CARDS ***
Dealt to Dorex2007 [8s Th]
vyva1978: folds 
Dorex2007: folds 
Pottley1301: raises $0.05 to $0.07
yakfolge: folds 
VVNWIN: folds 
Edersong: calls $0.07
Tuhtyn: folds 
OriginalM: folds 
*** FLOP *** [8c Kd Js]
Pottley1301: checks 
Edersong: bets $0.04
Pottley1301: folds 
Uncalled bet ($0.04) returned to Edersong
Edersong collected $0.16 from pot
Edersong: doesn't show hand 
*** SUMMARY ***
Total pot $0.17 | Rake $0.01 
Board [8c Kd Js]
Seat 1: Dorex2007 folded before Flop (didn't bet)
Seat 3: Pottley1301 folded on the Flop
Seat 4: yakfolge folded before Flop (didn't bet)
Seat 5: VVNWIN folded before Flop (didn't bet)
Seat 6: Edersong (button) collected ($0.16)
Seat 7: Tuhtyn (small blind) folded before Flop
Seat 8: OriginalM (big blind) folded before Flop
Seat 9: vyva1978 folded before Flop (didn't bet)



PokerStars Hand #227861014526:  Hold'em No Limit ($0.01/$0.02 USD) - 2021/06/26 8:25:25 PT [2021/06/26 11:25:25 ET]
Table 'Chilton III' 9-max Seat #7 is the button
Seat 1: Dorex2007 ($2.49 in chips) 
Seat 3: Pottley1301 ($2 in chips) 
Seat 4: yakfolge ($1.19 in chips) 
Seat 5: VVNWIN ($0.96 in chips) 
Seat 6: Edersong ($1.06 in chips) 
Seat 7: Tuhtyn ($2.50 in chips) 
Seat 8: OriginalM ($0.80 in chips) 
Seat 9: vyva1978 ($2 in chips) 
OriginalM: posts small blind $0.01
vyva1978: posts big blind $0.02
*** HOLE CARDS ***
Dealt to Dorex2007 [9s 6h]
Dorex2007: folds 
Pottley1301: raises $0.04 to $0.06
yakfolge: calls $0.06
VVNWIN: calls $0.06
Edersong: folds 
Tuhtyn: folds 
OriginalM: folds 
vyva1978: calls $0.04
*** FLOP *** [3c 2d Td]
vyva1978: bets $0.20
Pottley1301: folds 
yakfolge: folds 
VVNWIN: folds 
Uncalled bet ($0.20) returned to vyva1978
vyva1978 collected $0.24 from pot
vyva1978: doesn't show hand 
*** SUMMARY ***
Total pot $0.25 | Rake $0.01 
Board [3c 2d Td]
Seat 1: Dorex2007 folded before Flop (didn't bet)
Seat 3: Pottley1301 folded on the Flop
Seat 4: yakfolge folded on the Flop
Seat 5: VVNWIN folded on the Flop
Seat 6: Edersong folded before Flop (didn't bet)
Seat 7: Tuhtyn (button) folded before Flop (didn't bet)
Seat 8: OriginalM (small blind) folded before Flop
Seat 9: vyva1978 (big blind) collected ($0.24)



PokerStars Hand #227861033927:  Hold'em No Limit ($0.01/$0.02 USD) - 2021/06/26 8:26:24 PT [2021/06/26 11:26:24 ET]
Table 'Chilton III' 9-max Seat #8 is the button
Seat 1: Dorex2007 ($2.49 in chips) 
Seat 3: Pottley1301 ($2 in chips) 
Seat 4: yakfolge ($1.13 in chips) 
Seat 5: VVNWIN ($0.90 in chips) 
Seat 6: Edersong ($1.06 in chips) 
Seat 7: Tuhtyn ($2.50 in chips) 
Seat 8: OriginalM ($0.79 in chips) 
Seat 9: vyva1978 ($2.18 in chips) 
vyva1978: posts small blind $0.01
Dorex2007: posts big blind $0.02
*** HOLE CARDS ***
Dealt to Dorex2007 [4d 5d]
Pottley1301: folds 
yakfolge: folds 
VVNWIN: raises $0.02 to $0.04
Edersong: folds 
Tuhtyn: calls $0.04
OriginalM: folds 
vyva1978: folds 
Dorex2007: folds 
*** FLOP *** [Th 9d Jd]
VVNWIN: bets $0.06
Tuhtyn: calls $0.06
*** TURN *** [Th 9d Jd] [8h]
VVNWIN: bets $0.11
Tuhtyn: calls $0.11
*** RIVER *** [Th 9d Jd 8h] [6d]
VVNWIN: checks 
Tuhtyn: checks 
*** SHOW DOWN ***
VVNWIN: shows [Tc Qc] (a straight, Eight to Queen)
Tuhtyn: mucks hand 
VVNWIN collected $0.43 from pot
*** SUMMARY ***
Total pot $0.45 | Rake $0.02 
Board [Th 9d Jd 8h 6d]
Seat 1: Dorex2007 (big blind) folded before Flop
Seat 3: Pottley1301 folded before Flop (didn't bet)
Seat 4: yakfolge folded before Flop (didn't bet)
Seat 5: VVNWIN showed [Tc Qc] and won ($0.43) with a straight, Eight to Queen
Seat 6: Edersong folded before Flop (didn't bet)
Seat 7: Tuhtyn mucked [Js 8s]
Seat 8: OriginalM (button) folded before Flop (didn't bet)
Seat 9: vyva1978 (small blind) folded before Flop



PokerStars Hand #227861052898:  Hold'em No Limit ($0.01/$0.02 USD) - 2021/06/26 8:27:22 PT [2021/06/26 11:27:22 ET]
Table 'Chilton III' 9-max Seat #9 is the button
Seat 1: Dorex2007 ($2.47 in chips) 
Seat 3: Pottley1301 ($2 in chips) 
Seat 4: yakfolge ($1.13 in chips) 
Seat 5: VVNWIN ($1.12 in chips) 
Seat 6: Edersong ($1.06 in chips) 
Seat 7: Tuhtyn ($2.29 in chips) 
Seat 8: OriginalM ($0.79 in chips) 
Seat 9: vyva1978 ($2.17 in chips) 
Dorex2007: posts small blind $0.01
Pottley1301: posts big blind $0.02
*** HOLE CARDS ***
Dealt to Dorex2007 [9h Qs]
yakfolge: calls $0.02
VVNWIN: folds 
Edersong: raises $0.02 to $0.04
Tuhtyn: calls $0.04
OriginalM: folds 
vyva1978: folds 
Dorex2007: folds 
Pottley1301: folds 
yakfolge: calls $0.02
*** FLOP *** [Jh 4s Ks]
yakfolge: checks 
Edersong: bets $0.04
Tuhtyn: calls $0.04
yakfolge: folds 
*** TURN *** [Jh 4s Ks] [6c]
Edersong: bets $0.10
Tuhtyn: calls $0.10
*** RIVER *** [Jh 4s Ks 6c] [6h]
Edersong: bets $0.20
Tuhtyn: calls $0.20
*** SHOW DOWN ***
Edersong: shows [Qh Kh] (two pair, Kings and Sixes)
Tuhtyn: mucks hand 
Edersong collected $0.80 from pot
*** SUMMARY ***
Total pot $0.83 | Rake $0.03 
Board [Jh 4s Ks 6c 6h]
Seat 1: Dorex2007 (small blind) folded before Flop
Seat 3: Pottley1301 (big blind) folded before Flop
Seat 4: yakfolge folded on the Flop
Seat 5: VVNWIN folded before Flop (didn't bet)
Seat 6: Edersong showed [Qh Kh] and won ($0.80) with two pair, Kings and Sixes
Seat 7: Tuhtyn mucked [Js Ac]
Seat 8: OriginalM folded before Flop (didn't bet)
Seat 9: vyva1978 (button) folded before Flop (didn't bet)



PokerStars Hand #227861074425:  Hold'em No Limit ($0.01/$0.02 USD) - 2021/06/26 8:28:28 PT [2021/06/26 11:28:28 ET]
Table 'Chilton III' 9-max Seat #1 is the button
Seat 1: Dorex2007 ($2.46 in chips) 
Seat 3: Pottley1301 ($2 in chips) 
Seat 4: yakfolge ($1.09 in chips) 
Seat 5: VVNWIN ($1.12 in chips) 
Seat 6: Edersong ($1.48 in chips) 
Seat 7: Tuhtyn ($1.91 in chips) 
Seat 8: OriginalM ($0.79 in chips) 
Seat 9: vyva1978 ($2.17 in chips) 
Pottley1301: posts small blind $0.01
yakfolge: posts big blind $0.02
*** HOLE CARDS ***
Dealt to Dorex2007 [4s 4c]
VVNWIN: calls $0.02
Edersong: calls $0.02
Tuhtyn: folds 
OriginalM: folds 
vyva1978: folds 
Dorex2007: calls $0.02
Pottley1301: calls $0.01
yakfolge: checks 
*** FLOP *** [2s Jd 5d]
Pottley1301: checks 
yakfolge: checks 
VVNWIN: bets $0.04
Edersong: calls $0.04
Dorex2007: folds 
Pottley1301: calls $0.04
yakfolge: calls $0.04
*** TURN *** [2s Jd 5d] [Kh]
Pottley1301: checks 
yakfolge: checks 
VVNWIN: bets $0.08
Edersong: calls $0.08
Pottley1301: folds 
yakfolge: folds 
*** RIVER *** [2s Jd 5d Kh] [8c]
VVNWIN: bets $0.21
Edersong: folds 
Uncalled bet ($0.21) returned to VVNWIN
VVNWIN collected $0.41 from pot
VVNWIN: doesn't show hand 
*** SUMMARY ***
Total pot $0.42 | Rake $0.01 
Board [2s Jd 5d Kh 8c]
Seat 1: Dorex2007 (button) folded on the Flop
Seat 3: Pottley1301 (small blind) folded on the Turn
Seat 4: yakfolge (big blind) folded on the Turn
Seat 5: VVNWIN collected ($0.41)
Seat 6: Edersong folded on the River
Seat 7: Tuhtyn folded before Flop (didn't bet)
Seat 8: OriginalM folded before Flop (didn't bet)
Seat 9: vyva1978 folded before Flop (didn't bet)



PokerStars Hand #227861096328:  Hold'em No Limit ($0.01/$0.02 USD) - 2021/06/26 8:29:35 PT [2021/06/26 11:29:35 ET]
Table 'Chilton III' 9-max Seat #3 is the button
Seat 1: Dorex2007 ($2.44 in chips) 
Seat 3: Pottley1301 ($2 in chips) 
Seat 4: yakfolge ($1.03 in chips) 
Seat 5: VVNWIN ($1.39 in chips) 
Seat 6: Edersong ($1.34 in chips) 
Seat 7: Tuhtyn ($1.91 in chips) 
Seat 8: OriginalM ($0.79 in chips) 
Seat 9: vyva1978 ($2.17 in chips) 
yakfolge: posts small blind $0.01
VVNWIN: posts big blind $0.02
dezname: sits out 
*** HOLE CARDS ***
Dealt to Dorex2007 [8c 6h]
Edersong: folds 
Tuhtyn: folds 
OriginalM: folds 
vyva1978: folds 
Dorex2007: folds 
Pottley1301: folds 
yakfolge: folds 
Uncalled bet ($0.01) returned to VVNWIN
VVNWIN collected $0.02 from pot
VVNWIN: doesn't show hand 
*** SUMMARY ***
Total pot $0.02 | Rake $0 
Seat 1: Dorex2007 folded before Flop (didn't bet)
Seat 3: Pottley1301 (button) folded before Flop (didn't bet)
Seat 4: yakfolge (small blind) folded before Flop
Seat 5: VVNWIN (big blind) collected ($0.02)
Seat 6: Edersong folded before Flop (didn't bet)
Seat 7: Tuhtyn folded before Flop (didn't bet)
Seat 8: OriginalM folded before Flop (didn't bet)
Seat 9: vyva1978 folded before Flop (didn't bet)



PokerStars Hand #227861101847:  Hold'em No Limit ($0.01/$0.02 USD) - 2021/06/26 8:29:52 PT [2021/06/26 11:29:52 ET]
Table 'Chilton III' 9-max Seat #4 is the button
Seat 1: Dorex2007 ($2.44 in chips) 
Seat 3: Pottley1301 ($2 in chips) 
Seat 4: yakfolge ($1.02 in chips) 
Seat 5: VVNWIN ($1.40 in chips) 
Seat 6: Edersong ($1.34 in chips) 
Seat 7: Tuhtyn ($1.91 in chips) 
Seat 8: OriginalM ($0.79 in chips) 
Seat 9: vyva1978 ($2.17 in chips) 
VVNWIN: posts small blind $0.01
Edersong: posts big blind $0.02
dezname: sits out 
*** HOLE CARDS ***
Dealt to Dorex2007 [Ac 3h]
Tuhtyn: folds 
OriginalM: folds 
vyva1978: folds 
Dorex2007: folds 
Pottley1301: raises $0.04 to $0.06
yakfolge: calls $0.06
VVNWIN: calls $0.05
Edersong: folds 
*** FLOP *** [5s 9d 8h]
VVNWIN: checks 
Pottley1301: checks 
yakfolge: checks 
*** TURN *** [5s 9d 8h] [3c]
VVNWIN: bets $0.10
Pottley1301: folds 
yakfolge: folds 
Uncalled bet ($0.10) returned to VVNWIN
VVNWIN collected $0.19 from pot
VVNWIN: doesn't show hand 
*** SUMMARY ***
Total pot $0.20 | Rake $0.01 
Board [5s 9d 8h 3c]
Seat 1: Dorex2007 folded before Flop (didn't bet)
Seat 3: Pottley1301 folded on the Turn
Seat 4: yakfolge (button) folded on the Turn
Seat 5: VVNWIN (small blind) collected ($0.19)
Seat 6: Edersong (big blind) folded before Flop
Seat 7: Tuhtyn folded before Flop (didn't bet)
Seat 8: OriginalM folded before Flop (didn't bet)
Seat 9: vyva1978 folded before Flop (didn't bet)



PokerStars Hand #227861116779:  Hold'em No Limit ($0.01/$0.02 USD) - 2021/06/26 8:30:36 PT [2021/06/26 11:30:36 ET]
Table 'Chilton III' 9-max Seat #5 is the button
Seat 1: Dorex2007 ($2.44 in chips) 
Seat 3: Pottley1301 ($2 in chips) 
Seat 4: yakfolge ($0.96 in chips) 
Seat 5: VVNWIN ($1.53 in chips) 
Seat 6: Edersong ($1.32 in chips) 
Seat 7: Tuhtyn ($1.91 in chips) 
Seat 8: OriginalM ($0.79 in chips) 
Seat 9: vyva1978 ($2.17 in chips) 
Edersong: posts small blind $0.01
Tuhtyn: posts big blind $0.02
dezname: sits out 
*** HOLE CARDS ***
Dealt to Dorex2007 [Ah 3c]
OriginalM: folds 
vyva1978: folds 
Dorex2007: folds 
Pottley1301: folds 
yakfolge: folds 
VVNWIN: calls $0.02
Edersong: calls $0.01
Tuhtyn: checks 
*** FLOP *** [Td 8h 8c]
Edersong: checks 
Tuhtyn: bets $0.06
VVNWIN: raises $0.06 to $0.12
Edersong: folds 
Tuhtyn: calls $0.06
*** TURN *** [Td 8h 8c] [2d]
Tuhtyn: checks 
VVNWIN: checks 
*** RIVER *** [Td 8h 8c 2d] [8s]
Tuhtyn: bets $0.14
VVNWIN: raises $0.14 to $0.28
Tuhtyn: calls $0.14
*** SHOW DOWN ***
VVNWIN: shows [Qs Qc] (a full house, Eights full of Queens)
Tuhtyn: mucks hand 
VVNWIN collected $0.83 from pot
*** SUMMARY ***
Total pot $0.86 | Rake $0.03 
Board [Td 8h 8c 2d 8s]
Seat 1: Dorex2007 folded before Flop (didn't bet)
Seat 3: Pottley1301 folded before Flop (didn't bet)
Seat 4: yakfolge folded before Flop (didn't bet)
Seat 5: VVNWIN (button) showed [Qs Qc] and won ($0.83) with a full house, Eights full of Queens
Seat 6: Edersong (small blind) folded on the Flop
Seat 7: Tuhtyn (big blind) mucked [Ts Ac]
Seat 8: OriginalM folded before Flop (didn't bet)
Seat 9: vyva1978 folded before Flop (didn't bet)



PokerStars Hand #227861133903:  Hold'em No Limit ($0.01/$0.02 USD) - 2021/06/26 8:31:28 PT [2021/06/26 11:31:28 ET]
Table 'Chilton III' 9-max Seat #6 is the button
Seat 1: Dorex2007 ($2.44 in chips) 
Seat 3: Pottley1301 ($2 in chips) 
Seat 4: yakfolge ($0.96 in chips) 
Seat 5: VVNWIN ($1.94 in chips) 
Seat 6: Edersong ($1.30 in chips) 
Seat 7: Tuhtyn ($1.49 in chips) 
Seat 8: OriginalM ($0.79 in chips) 
Seat 9: vyva1978 ($2.17 in chips) 
Tuhtyn: posts small blind $0.01
OriginalM: posts big blind $0.02
dezname: sits out 
*** HOLE CARDS ***
Dealt to Dorex2007 [9d Td]
vyva1978: folds 
Dorex2007: raises $0.04 to $0.06
Pottley1301: folds 
yakfolge: calls $0.06
VVNWIN: folds 
Edersong: folds 
Tuhtyn: folds 
OriginalM: raises $0.04 to $0.10
Dorex2007: calls $0.04
yakfolge: calls $0.04
*** FLOP *** [9s 3h 8h]
OriginalM: bets $0.15
Dorex2007: calls $0.15
yakfolge: folds 
*** TURN *** [9s 3h 8h] [Ah]
OriginalM: checks 
Dorex2007: bets $0.30
OriginalM: raises $0.24 to $0.54 and is all-in
Dorex2007: calls $0.24
*** RIVER *** [9s 3h 8h Ah] [5d]
*** SHOW DOWN ***
OriginalM: shows [Kd Kc] (a pair of Kings)
Dorex2007: shows [9d Td] (a pair of Nines)
OriginalM collected $1.63 from pot
*** SUMMARY ***
Total pot $1.69 | Rake $0.06 
Board [9s 3h 8h Ah 5d]
Seat 1: Dorex2007 showed [9d Td] and lost with a pair of Nines
Seat 3: Pottley1301 folded before Flop (didn't bet)
Seat 4: yakfolge folded on the Flop
Seat 5: VVNWIN folded before Flop (didn't bet)
Seat 6: Edersong (button) folded before Flop (didn't bet)
Seat 7: Tuhtyn (small blind) folded before Flop
Seat 8: OriginalM (big blind) showed [Kd Kc] and won ($1.63) with a pair of Kings
Seat 9: vyva1978 folded before Flop (didn't bet)



PokerStars Hand #227861173483:  Hold'em No Limit ($0.01/$0.02 USD) - 2021/06/26 8:32:56 PT [2021/06/26 11:32:56 ET]
Table 'Chilton III' 9-max Seat #7 is the button
Seat 1: Dorex2007 ($1.65 in chips) 
Seat 3: Pottley1301 ($2 in chips) 
Seat 4: yakfolge ($0.86 in chips) 
Seat 5: VVNWIN ($1.94 in chips) 
Seat 6: Edersong ($1.30 in chips) 
Seat 7: Tuhtyn ($1.48 in chips) 
Seat 8: OriginalM ($1.63 in chips) 
Seat 9: vyva1978 ($2.17 in chips) 
OriginalM: posts small blind $0.01
vyva1978: posts big blind $0.02
dezname: sits out 
*** HOLE CARDS ***
Dealt to Dorex2007 [8h Qh]
Dorex2007: folds 
Pottley1301: folds 
yakfolge: calls $0.02
VVNWIN: calls $0.02
Edersong: folds 
Tuhtyn: folds 
OriginalM: calls $0.01
vyva1978: checks 
*** FLOP *** [4h 6c Th]
OriginalM: checks 
vyva1978: checks 
yakfolge: checks 
VVNWIN: bets $0.10
OriginalM: folds 
vyva1978: folds 
yakfolge: folds 
Uncalled bet ($0.10) returned to VVNWIN
VVNWIN collected $0.08 from pot
VVNWIN: doesn't show hand 
*** SUMMARY ***
Total pot $0.08 | Rake $0 
Board [4h 6c Th]
Seat 1: Dorex2007 folded before Flop (didn't bet)
Seat 3: Pottley1301 folded before Flop (didn't bet)
Seat 4: yakfolge folded on the Flop
Seat 5: VVNWIN collected ($0.08)
Seat 6: Edersong folded before Flop (didn't bet)
Seat 7: Tuhtyn (button) folded before Flop (didn't bet)
Seat 8: OriginalM (small blind) folded on the Flop
Seat 9: vyva1978 (big blind) folded on the Flop



PokerStars Hand #227861187572:  Hold'em No Limit ($0.01/$0.02 USD) - 2021/06/26 8:33:38 PT [2021/06/26 11:33:38 ET]
Table 'Chilton III' 9-max Seat #8 is the button
Seat 1: Dorex2007 ($2 in chips) 
Seat 3: Pottley1301 ($2 in chips) 
Seat 4: yakfolge ($0.84 in chips) 
Seat 5: VVNWIN ($2 in chips) 
Seat 6: Edersong ($1.30 in chips) 
Seat 7: Tuhtyn ($1.48 in chips) 
Seat 8: OriginalM ($1.61 in chips) 
Seat 9: vyva1978 ($2.15 in chips) 
vyva1978: posts small blind $0.01
Dorex2007: posts big blind $0.02
dezname: sits out 
*** HOLE CARDS ***
Dealt to Dorex2007 [5d Ac]
Pottley1301: folds 
yakfolge: folds 
VVNWIN: calls $0.02
Edersong: folds 
Tuhtyn: folds 
OriginalM: calls $0.02
vyva1978: folds 
Dorex2007: checks 
*** FLOP *** [Kc 2h Ks]
Dorex2007: checks 
VVNWIN: checks 
OriginalM: checks 
*** TURN *** [Kc 2h Ks] [Td]
Dorex2007: checks 
VVNWIN: bets $0.04
OriginalM: calls $0.04
Dorex2007: folds 
*** RIVER *** [Kc 2h Ks Td] [8c]
VVNWIN: checks 
OriginalM: bets $0.02
VVNWIN: folds 
Uncalled bet ($0.02) returned to OriginalM
OriginalM collected $0.14 from pot
OriginalM: doesn't show hand 
*** SUMMARY ***
Total pot $0.15 | Rake $0.01 
Board [Kc 2h Ks Td 8c]
Seat 1: Dorex2007 (big blind) folded on the Turn
Seat 3: Pottley1301 folded before Flop (didn't bet)
Seat 4: yakfolge folded before Flop (didn't bet)
Seat 5: VVNWIN folded on the River
Seat 6: Edersong folded before Flop (didn't bet)
Seat 7: Tuhtyn folded before Flop (didn't bet)
Seat 8: OriginalM (button) collected ($0.14)
Seat 9: vyva1978 (small blind) folded before Flop



PokerStars Hand #227861204042:  Hold'em No Limit ($0.01/$0.02 USD) - 2021/06/26 8:34:27 PT [2021/06/26 11:34:27 ET]
Table 'Chilton III' 9-max Seat #9 is the button
Seat 1: Dorex2007 ($1.98 in chips) 
Seat 2: dezname ($2.36 in chips) 
Seat 3: Pottley1301 ($2 in chips) 
Seat 4: yakfolge ($0.84 in chips) 
Seat 5: VVNWIN ($1.94 in chips) 
Seat 6: Edersong ($1.30 in chips) 
Seat 7: Tuhtyn ($1.48 in chips) 
Seat 8: OriginalM ($1.69 in chips) 
Seat 9: vyva1978 ($2.14 in chips) 
Dorex2007: posts small blind $0.01
dezname: posts big blind $0.02
*** HOLE CARDS ***
Dealt to Dorex2007 [2h 9d]
Pottley1301: raises $0.03 to $0.05
yakfolge: folds 
VVNWIN: folds 
Edersong: folds 
Tuhtyn: folds 
OriginalM: folds 
vyva1978: folds 
Dorex2007: folds 
dezname: folds 
Uncalled bet ($0.03) returned to Pottley1301
Pottley1301 collected $0.05 from pot
Pottley1301: doesn't show hand 
*** SUMMARY ***
Total pot $0.05 | Rake $0 
Seat 1: Dorex2007 (small blind) folded before Flop
Seat 2: dezname (big blind) folded before Flop
Seat 3: Pottley1301 collected ($0.05)
Seat 4: yakfolge folded before Flop (didn't bet)
Seat 5: VVNWIN folded before Flop (didn't bet)
Seat 6: Edersong folded before Flop (didn't bet)
Seat 7: Tuhtyn folded before Flop (didn't bet)
Seat 8: OriginalM folded before Flop (didn't bet)
Seat 9: vyva1978 (button) folded before Flop (didn't bet)



PokerStars Hand #227861210657:  Hold'em No Limit ($0.01/$0.02 USD) - 2021/06/26 8:34:46 PT [2021/06/26 11:34:46 ET]
Table 'Chilton III' 9-max Seat #1 is the button
Seat 1: Dorex2007 ($1.97 in chips) 
Seat 2: dezname ($2.34 in chips) 
Seat 3: Pottley1301 ($2.03 in chips) 
Seat 4: yakfolge ($0.84 in chips) 
Seat 5: VVNWIN ($1.94 in chips) 
Seat 6: Edersong ($1.30 in chips) 
Seat 7: Tuhtyn ($1.48 in chips) 
Seat 8: OriginalM ($1.69 in chips) 
Seat 9: vyva1978 ($2.14 in chips) 
dezname: posts small blind $0.01
Pottley1301: posts big blind $0.02
*** HOLE CARDS ***
Dealt to Dorex2007 [9s 3d]
yakfolge: folds 
VVNWIN: folds 
Edersong: calls $0.02
Tuhtyn: folds 
OriginalM: calls $0.02
vyva1978: folds 
Dorex2007: folds 
dezname: calls $0.01
Pottley1301: checks 
*** FLOP *** [7c 8h 9c]
dezname: checks 
Pottley1301: checks 
Edersong: checks 
OriginalM: checks 
*** TURN *** [7c 8h 9c] [Ah]
dezname: checks 
Pottley1301: checks 
Edersong: bets $0.04
OriginalM: calls $0.04
dezname: folds 
Pottley1301: folds 
*** RIVER *** [7c 8h 9c Ah] [Kh]
Edersong: checks 
OriginalM: bets $0.05
Edersong: folds 
Uncalled bet ($0.05) returned to OriginalM
OriginalM collected $0.15 from pot
OriginalM: doesn't show hand 
*** SUMMARY ***
Total pot $0.16 | Rake $0.01 
Board [7c 8h 9c Ah Kh]
Seat 1: Dorex2007 (button) folded before Flop (didn't bet)
Seat 2: dezname (small blind) folded on the Turn
Seat 3: Pottley1301 (big blind) folded on the Turn
Seat 4: yakfolge folded before Flop (didn't bet)
Seat 5: VVNWIN folded before Flop (didn't bet)
Seat 6: Edersong folded on the River
Seat 7: Tuhtyn folded before Flop (didn't bet)
Seat 8: OriginalM collected ($0.15)
Seat 9: vyva1978 folded before Flop (didn't bet)



PokerStars Hand #227861240761:  Hold'em No Limit ($0.01/$0.02 USD) - 2021/06/26 8:36:15 PT [2021/06/26 11:36:15 ET]
Table 'Chilton III' 9-max Seat #2 is the button
Seat 1: Dorex2007 ($1.97 in chips) 
Seat 2: dezname ($2.32 in chips) 
Seat 3: Pottley1301 ($2.01 in chips) 
Seat 4: yakfolge ($0.84 in chips) 
Seat 5: VVNWIN ($1.94 in chips) 
Seat 6: Edersong ($1.24 in chips) 
Seat 7: Tuhtyn ($1.48 in chips) 
Seat 8: OriginalM ($1.78 in chips) 
Seat 9: vyva1978 ($2.14 in chips) 
Pottley1301: posts small blind $0.01
yakfolge: posts big blind $0.02
*** HOLE CARDS ***
Dealt to Dorex2007 [Kd Kh]
VVNWIN: folds 
Edersong: folds 
Tuhtyn: folds 
OriginalM: calls $0.02
vyva1978: folds 
Dorex2007: raises $0.04 to $0.06
dezname: folds 
Pottley1301: raises $0.16 to $0.22
yakfolge: calls $0.20
OriginalM: folds 
Dorex2007: calls $0.16
*** FLOP *** [5h 4c 6d]
Pottley1301: checks 
yakfolge: checks 
Dorex2007: bets $0.18
Pottley1301: raises $1.02 to $1.20
yakfolge: folds 
Dorex2007: raises $0.55 to $1.75 and is all-in
Pottley1301: calls $0.55
*** TURN *** [5h 4c 6d] [As]
*** RIVER *** [5h 4c 6d As] [Kc]
*** SHOW DOWN ***
Pottley1301: shows [Jd Jc] (a pair of Jacks)
Dorex2007: shows [Kd Kh] (three of a kind, Kings)
Dorex2007 cashed out the hand for $3.55 | Cash Out Fee $0.04
*** SUMMARY ***
Total pot $4.18 | Rake $0.15 
Board [5h 4c 6d As Kc]
Seat 1: Dorex2007 showed [Kd Kh] and won ($4.03) with three of a kind, Kings (pot not awarded as player cashed out)
Seat 2: dezname (button) folded before Flop (didn't bet)
Seat 3: Pottley1301 (small blind) showed [Jd Jc] and lost with a pair of Jacks
Seat 4: yakfolge (big blind) folded on the Flop
Seat 5: VVNWIN folded before Flop (didn't bet)
Seat 6: Edersong folded before Flop (didn't bet)
Seat 7: Tuhtyn folded before Flop (didn't bet)
Seat 8: OriginalM folded before Flop
Seat 9: vyva1978 folded before Flop (didn't bet)



PokerStars Hand #227861268263:  Hold'em No Limit ($0.01/$0.02 USD) - 2021/06/26 8:37:37 PT [2021/06/26 11:37:37 ET]
Table 'Chilton III' 9-max Seat #3 is the button
Seat 1: Dorex2007 ($3.55 in chips) 
Seat 2: dezname ($2.32 in chips) 
Seat 3: Pottley1301 ($2 in chips) 
Seat 4: yakfolge ($0.62 in chips) 
Seat 5: VVNWIN ($1.94 in chips) 
Seat 6: Edersong ($1.24 in chips) 
Seat 7: Tuhtyn ($1.48 in chips) 
Seat 8: OriginalM ($1.76 in chips) 
Seat 9: vyva1978 ($2.14 in chips) 
yakfolge: posts small blind $0.01
VVNWIN: posts big blind $0.02
*** HOLE CARDS ***
Dealt to Dorex2007 [6s 4s]
Edersong: raises $0.02 to $0.04
Tuhtyn: calls $0.04
OriginalM: calls $0.04
vyva1978: folds 
Dorex2007: folds 
dezname: folds 
Pottley1301: calls $0.04
yakfolge: folds 
VVNWIN: calls $0.02
*** FLOP *** [Tc As Ts]
VVNWIN: bets $0.02
Edersong: raises $0.06 to $0.08
Tuhtyn: folds 
OriginalM: calls $0.08
Pottley1301: folds 
VVNWIN: raises $0.06 to $0.14
Edersong: folds 
OriginalM: calls $0.06
*** TURN *** [Tc As Ts] [Qs]
VVNWIN: bets $0.61
OriginalM: folds 
Uncalled bet ($0.61) returned to VVNWIN
VVNWIN collected $0.55 from pot
VVNWIN: doesn't show hand 
*** SUMMARY ***
Total pot $0.57 | Rake $0.02 
Board [Tc As Ts Qs]
Seat 1: Dorex2007 folded before Flop (didn't bet)
Seat 2: dezname folded before Flop (didn't bet)
Seat 3: Pottley1301 (button) folded on the Flop
Seat 4: yakfolge (small blind) folded before Flop
Seat 5: VVNWIN (big blind) collected ($0.55)
Seat 6: Edersong folded on the Flop
Seat 7: Tuhtyn folded on the Flop
Seat 8: OriginalM folded on the Turn
Seat 9: vyva1978 folded before Flop (didn't bet)



PokerStars Hand #227861298606:  Hold'em No Limit ($0.01/$0.02 USD) - 2021/06/26 8:39:07 PT [2021/06/26 11:39:07 ET]
Table 'Chilton III' 9-max Seat #4 is the button
Seat 1: Dorex2007 ($3.55 in chips) 
Seat 2: dezname ($2.32 in chips) 
Seat 3: Pottley1301 ($2 in chips) 
Seat 4: yakfolge ($0.61 in chips) 
Seat 5: VVNWIN ($2.31 in chips) 
Seat 6: Edersong ($1.12 in chips) 
Seat 7: Tuhtyn ($1.44 in chips) 
Seat 8: OriginalM ($1.58 in chips) 
Seat 9: vyva1978 ($2.14 in chips) 
VVNWIN: posts small blind $0.01
Edersong: posts big blind $0.02
*** HOLE CARDS ***
Dealt to Dorex2007 [Th Qc]
Tuhtyn: folds 
OriginalM: calls $0.02
vyva1978: folds 
Dorex2007: folds 
dezname: folds 
Pottley1301: raises $0.07 to $0.09
yakfolge: calls $0.09
VVNWIN: calls $0.08
Edersong: folds 
OriginalM: folds 
*** FLOP *** [Ks 4c 8d]
VVNWIN: bets $0.15
Pottley1301: calls $0.15
yakfolge: folds 
*** TURN *** [Ks 4c 8d] [Qd]
VVNWIN: bets $0.18
Pottley1301: calls $0.18
*** RIVER *** [Ks 4c 8d Qd] [2h]
VVNWIN: bets $0.10
Pottley1301: folds 
Uncalled bet ($0.10) returned to VVNWIN
VVNWIN collected $0.94 from pot
VVNWIN: doesn't show hand 
*** SUMMARY ***
Total pot $0.97 | Rake $0.03 
Board [Ks 4c 8d Qd 2h]
Seat 1: Dorex2007 folded before Flop (didn't bet)
Seat 2: dezname folded before Flop (didn't bet)
Seat 3: Pottley1301 folded on the River
Seat 4: yakfolge (button) folded on the Flop
Seat 5: VVNWIN (small blind) collected ($0.94)
Seat 6: Edersong (big blind) folded before Flop
Seat 7: Tuhtyn folded before Flop (didn't bet)
Seat 8: OriginalM folded before Flop
Seat 9: vyva1978 folded before Flop (didn't bet)



PokerStars Hand #227861317479:  Hold'em No Limit ($0.01/$0.02 USD) - 2021/06/26 8:40:03 PT [2021/06/26 11:40:03 ET]
Table 'Chilton III' 9-max Seat #5 is the button
Seat 1: Dorex2007 ($3.55 in chips) 
Seat 2: dezname ($2.32 in chips) 
Seat 3: Pottley1301 ($2 in chips) 
Seat 4: yakfolge ($0.52 in chips) 
Seat 5: VVNWIN ($2.83 in chips) 
Seat 6: Edersong ($1.10 in chips) 
Seat 7: Tuhtyn ($1.44 in chips) 
Seat 8: OriginalM ($1.56 in chips) 
Seat 9: vyva1978 ($2.14 in chips) 
Edersong: posts small blind $0.01
Tuhtyn: posts big blind $0.02
*** HOLE CARDS ***
Dealt to Dorex2007 [9c 6s]
OriginalM has timed out
OriginalM: folds 
vyva1978: folds 
Dorex2007: folds 
dezname: folds 
Pottley1301: folds 
yakfolge: folds 
VVNWIN: raises $0.02 to $0.04
Edersong: calls $0.03
Tuhtyn: folds 
*** FLOP *** [Kd Js 5h]
Edersong: checks 
VVNWIN: bets $0.11
Edersong: calls $0.11
*** TURN *** [Kd Js 5h] [6h]
Edersong: checks 
VVNWIN: bets $0.16
Edersong: calls $0.16
*** RIVER *** [Kd Js 5h 6h] [4c]
Edersong: bets $0.79 and is all-in
VVNWIN: folds 
Uncalled bet ($0.79) returned to Edersong
Edersong collected $0.62 from pot
Edersong: doesn't show hand 
*** SUMMARY ***
Total pot $0.64 | Rake $0.02 
Board [Kd Js 5h 6h 4c]
Seat 1: Dorex2007 folded before Flop (didn't bet)
Seat 2: dezname folded before Flop (didn't bet)
Seat 3: Pottley1301 folded before Flop (didn't bet)
Seat 4: yakfolge folded before Flop (didn't bet)
Seat 5: VVNWIN (button) folded on the River
Seat 6: Edersong (small blind) collected ($0.62)
Seat 7: Tuhtyn (big blind) folded before Flop
Seat 8: OriginalM folded before Flop (didn't bet)
Seat 9: vyva1978 folded before Flop (didn't bet)



PokerStars Hand #227861344439:  Hold'em No Limit ($0.01/$0.02 USD) - 2021/06/26 8:41:22 PT [2021/06/26 11:41:22 ET]
Table 'Chilton III' 9-max Seat #6 is the button
Seat 1: Dorex2007 ($3.55 in chips) 
Seat 2: dezname ($2.32 in chips) 
Seat 3: Pottley1301 ($2 in chips) 
Seat 4: yakfolge ($0.52 in chips) 
Seat 5: VVNWIN ($2.52 in chips) 
Seat 6: Edersong ($1.41 in chips) 
Seat 7: Tuhtyn ($1.42 in chips) 
Seat 8: OriginalM ($1.56 in chips) 
Seat 9: vyva1978 ($2.14 in chips) 
Tuhtyn: posts small blind $0.01
OriginalM: posts big blind $0.02
*** HOLE CARDS ***
Dealt to Dorex2007 [7s 6s]
vyva1978: folds 
Dorex2007: folds 
dezname: raises $0.04 to $0.06
Pottley1301: raises $0.15 to $0.21
yakfolge: calls $0.21
VVNWIN: folds 
Edersong: folds 
Tuhtyn: folds 
OriginalM: folds 
dezname: raises $2.11 to $2.32 and is all-in
Pottley1301: calls $1.79 and is all-in
yakfolge: calls $0.31 and is all-in
Uncalled bet ($0.32) returned to dezname
*** FLOP *** [Qs Td Ad]
*** TURN *** [Qs Td Ad] [Jd]
*** RIVER *** [Qs Td Ad Jd] [9d]
*** SHOW DOWN ***
dezname: shows [Ah As] (three of a kind, Aces)
Pottley1301: shows [Kc Kh] (a straight, Ten to Ace)
Pottley1301 collected $2.86 from side pot
yakfolge: shows [Jc Qh] (two pair, Queens and Jacks)
Pottley1301 collected $1.53 from main pot
dezname cashed out the hand for $3.40 | Cash Out Fee $0.03
*** SUMMARY ***
Total pot $4.55 Main pot $1.53. Side pot $2.86. | Rake $0.16 
Board [Qs Td Ad Jd 9d]
Seat 1: Dorex2007 folded before Flop (didn't bet)
Seat 2: dezname showed [Ah As] and lost with three of a kind, Aces (cashed out).
Seat 3: Pottley1301 showed [Kc Kh] and won ($4.39) with a straight, Ten to Ace
Seat 4: yakfolge showed [Jc Qh] and lost with two pair, Queens and Jacks
Seat 5: VVNWIN folded before Flop (didn't bet)
Seat 6: Edersong (button) folded before Flop (didn't bet)
Seat 7: Tuhtyn (small blind) folded before Flop
Seat 8: OriginalM (big blind) folded before Flop
Seat 9: vyva1978 folded before Flop (didn't bet)



PokerStars Hand #227861361147:  Hold'em No Limit ($0.01/$0.02 USD) - 2021/06/26 8:42:12 PT [2021/06/26 11:42:12 ET]
Table 'Chilton III' 9-max Seat #7 is the button
Seat 1: Dorex2007 ($3.55 in chips) 
Seat 2: dezname ($3.72 in chips) 
Seat 3: Pottley1301 ($4.39 in chips) 
Seat 5: VVNWIN ($2.52 in chips) 
Seat 6: Edersong ($1.41 in chips) 
Seat 7: Tuhtyn ($1.41 in chips) 
Seat 8: OriginalM ($1.54 in chips) 
Seat 9: vyva1978 ($2.14 in chips) 
OriginalM: posts small blind $0.01
vyva1978: posts big blind $0.02
*** HOLE CARDS ***
Dealt to Dorex2007 [4c 2d]
Dorex2007: folds 
dezname: folds 
Pottley1301: folds 
yakfolge leaves the table
VVNWIN: folds 
Edersong: folds 
Tuhtyn: folds 
OriginalM: calls $0.01
vyva1978: checks 
*** FLOP *** [Ah 8s Jd]
OriginalM: checks 
vyva1978: checks 
*** TURN *** [Ah 8s Jd] [8d]
Toxa_SF joins the table at seat #4 
OriginalM: bets $0.02
vyva1978: folds 
Uncalled bet ($0.02) returned to OriginalM
OriginalM collected $0.04 from pot
OriginalM: doesn't show hand 
*** SUMMARY ***
Total pot $0.04 | Rake $0 
Board [Ah 8s Jd 8d]
Seat 1: Dorex2007 folded before Flop (didn't bet)
Seat 2: dezname folded before Flop (didn't bet)
Seat 3: Pottley1301 folded before Flop (didn't bet)
Seat 5: VVNWIN folded before Flop (didn't bet)
Seat 6: Edersong folded before Flop (didn't bet)
Seat 7: Tuhtyn (button) folded before Flop (didn't bet)
Seat 8: OriginalM (small blind) collected ($0.04)
Seat 9: vyva1978 (big blind) folded on the Turn



PokerStars Hand #227861371094:  Hold'em No Limit ($0.01/$0.02 USD) - 2021/06/26 8:42:42 PT [2021/06/26 11:42:42 ET]
Table 'Chilton III' 9-max Seat #8 is the button
Seat 1: Dorex2007 ($3.55 in chips) 
Seat 2: dezname ($3.72 in chips) 
Seat 3: Pottley1301 ($4.39 in chips) 
Seat 5: VVNWIN ($2.52 in chips) 
Seat 6: Edersong ($1.41 in chips) 
Seat 7: Tuhtyn ($1.41 in chips) 
Seat 8: OriginalM ($1.56 in chips) 
Seat 9: vyva1978 ($2.12 in chips) 
vyva1978: posts small blind $0.01
Dorex2007: posts big blind $0.02
Toxa_SF: sits out 
*** HOLE CARDS ***
Dealt to Dorex2007 [4d Ks]
dezname: raises $0.04 to $0.06
Pottley1301: folds 
VVNWIN: calls $0.06
Edersong: folds 
Tuhtyn: folds 
OriginalM: folds 
vyva1978: folds 
Dorex2007: folds 
*** FLOP *** [4c 8c Ad]
dezname: bets $0.11
VVNWIN: calls $0.11
*** TURN *** [4c 8c Ad] [8d]
dezname: checks 
VVNWIN: checks 
*** RIVER *** [4c 8c Ad 8d] [7d]
dezname: checks 
VVNWIN: bets $0.11
dezname: folds 
Uncalled bet ($0.11) returned to VVNWIN
VVNWIN collected $0.36 from pot
VVNWIN: doesn't show hand 
*** SUMMARY ***
Total pot $0.37 | Rake $0.01 
Board [4c 8c Ad 8d 7d]
Seat 1: Dorex2007 (big blind) folded before Flop
Seat 2: dezname folded on the River
Seat 3: Pottley1301 folded before Flop (didn't bet)
Seat 5: VVNWIN collected ($0.36)
Seat 6: Edersong folded before Flop (didn't bet)
Seat 7: Tuhtyn folded before Flop (didn't bet)
Seat 8: OriginalM (button) folded before Flop (didn't bet)
Seat 9: vyva1978 (small blind) folded before Flop



PokerStars Hand #227861393312:  Hold'em No Limit ($0.01/$0.02 USD) - 2021/06/26 8:43:48 PT [2021/06/26 11:43:48 ET]
Table 'Chilton III' 9-max Seat #9 is the button
Seat 1: Dorex2007 ($3.53 in chips) 
Seat 2: dezname ($3.55 in chips) 
Seat 3: Pottley1301 ($4.39 in chips) 
Seat 5: VVNWIN ($2.71 in chips) 
Seat 6: Edersong ($1.41 in chips) 
Seat 7: Tuhtyn ($1.41 in chips) 
Seat 8: OriginalM ($1.56 in chips) 
Seat 9: vyva1978 ($2.11 in chips) 
Dorex2007: posts small blind $0.01
dezname: posts big blind $0.02
Toxa_SF: sits out 
*** HOLE CARDS ***
Dealt to Dorex2007 [7h 4s]
Pottley1301: folds 
VVNWIN: calls $0.02
Edersong: calls $0.02
Tuhtyn: calls $0.02
OriginalM: folds 
vyva1978: folds 
Dorex2007: folds 
dezname: checks 
*** FLOP *** [Kh 3d Jh]
dezname: checks 
VVNWIN: bets $0.02
Edersong: folds 
Tuhtyn: calls $0.02
dezname: folds 
*** TURN *** [Kh 3d Jh] [6c]
VVNWIN: bets $0.04
Tuhtyn: calls $0.04
*** RIVER *** [Kh 3d Jh 6c] [2h]
VVNWIN: bets $0.06
Tuhtyn: folds 
Uncalled bet ($0.06) returned to VVNWIN
VVNWIN collected $0.20 from pot
VVNWIN: doesn't show hand 
*** SUMMARY ***
Total pot $0.21 | Rake $0.01 
Board [Kh 3d Jh 6c 2h]
Seat 1: Dorex2007 (small blind) folded before Flop
Seat 2: dezname (big blind) folded on the Flop
Seat 3: Pottley1301 folded before Flop (didn't bet)
Seat 5: VVNWIN collected ($0.20)
Seat 6: Edersong folded on the Flop
Seat 7: Tuhtyn folded on the River
Seat 8: OriginalM folded before Flop (didn't bet)
Seat 9: vyva1978 (button) folded before Flop (didn't bet)



PokerStars Hand #227861416247:  Hold'em No Limit ($0.01/$0.02 USD) - 2021/06/26 8:44:56 PT [2021/06/26 11:44:56 ET]
Table 'Chilton III' 9-max Seat #1 is the button
Seat 1: Dorex2007 ($3.52 in chips) 
Seat 2: dezname ($3.53 in chips) 
Seat 3: Pottley1301 ($4.39 in chips) 
Seat 5: VVNWIN ($2.83 in chips) 
Seat 6: Edersong ($1.39 in chips) 
Seat 7: Tuhtyn ($1.33 in chips) 
Seat 8: OriginalM ($1.56 in chips) 
Seat 9: vyva1978 ($2.11 in chips) 
dezname: posts small blind $0.01
Pottley1301: posts big blind $0.02
Toxa_SF: sits out 
*** HOLE CARDS ***
Dealt to Dorex2007 [Kc 6d]
VVNWIN: calls $0.02
Edersong: calls $0.02
Tuhtyn: calls $0.02
OriginalM: folds 
vyva1978: folds 
Dorex2007: folds 
dezname: folds 
Pottley1301: checks 
*** FLOP *** [Jc 4h Kh]
Pottley1301: checks 
VVNWIN: bets $0.02
Edersong: folds 
Tuhtyn: calls $0.02
Pottley1301: folds 
*** TURN *** [Jc 4h Kh] [5h]
VVNWIN: bets $0.14
Tuhtyn: calls $0.14
*** RIVER *** [Jc 4h Kh 5h] [Ts]
VVNWIN: bets $0.44
Tuhtyn: calls $0.44
*** SHOW DOWN ***
VVNWIN: shows [2d Ad] (high card Ace)
Tuhtyn: shows [6s Ks] (a pair of Kings)
Tuhtyn collected $1.24 from pot
*** SUMMARY ***
Total pot $1.29 | Rake $0.05 
Board [Jc 4h Kh 5h Ts]
Seat 1: Dorex2007 (button) folded before Flop (didn't bet)
Seat 2: dezname (small blind) folded before Flop
Seat 3: Pottley1301 (big blind) folded on the Flop
Seat 5: VVNWIN showed [2d Ad] and lost with high card Ace
Seat 6: Edersong folded on the Flop
Seat 7: Tuhtyn showed [6s Ks] and won ($1.24) with a pair of Kings
Seat 8: OriginalM folded before Flop (didn't bet)
Seat 9: vyva1978 folded before Flop (didn't bet)



PokerStars Hand #227861437815:  Hold'em No Limit ($0.01/$0.02 USD) - 2021/06/26 8:45:59 PT [2021/06/26 11:45:59 ET]
Table 'Chilton III' 9-max Seat #2 is the button
Seat 1: Dorex2007 ($3.52 in chips) 
Seat 2: dezname ($3.52 in chips) 
Seat 3: Pottley1301 ($4.37 in chips) 
Seat 4: Toxa_SF ($2 in chips) 
Seat 5: VVNWIN ($2.21 in chips) 
Seat 6: Edersong ($1.37 in chips) 
Seat 7: Tuhtyn ($1.95 in chips) 
Seat 8: OriginalM ($1.56 in chips) 
Seat 9: vyva1978 ($2.11 in chips) 
Pottley1301: posts small blind $0.01
Toxa_SF: posts big blind $0.02
*** HOLE CARDS ***
Dealt to Dorex2007 [As 4c]
VVNWIN: folds 
Edersong: folds 
Tuhtyn: folds 
OriginalM: folds 
vyva1978: calls $0.02
Dorex2007: folds 
dezname: folds 
Pottley1301: folds 
Toxa_SF: checks 
*** FLOP *** [5s 9h 8d]
Toxa_SF: checks 
vyva1978: checks 
*** TURN *** [5s 9h 8d] [6d]
Toxa_SF: checks 
vyva1978: checks 
*** RIVER *** [5s 9h 8d 6d] [7c]
Toxa_SF: checks 
vyva1978: checks 
*** SHOW DOWN ***
Toxa_SF: shows [Jc 2h] (a straight, Five to Nine)
vyva1978: shows [Kh Qs] (a straight, Five to Nine)
Toxa_SF collected $0.03 from pot
vyva1978 collected $0.02 from pot
*** SUMMARY ***
Total pot $0.05 | Rake $0 
Board [5s 9h 8d 6d 7c]
Seat 1: Dorex2007 folded before Flop (didn't bet)
Seat 2: dezname (button) folded before Flop (didn't bet)
Seat 3: Pottley1301 (small blind) folded before Flop
Seat 4: Toxa_SF (big blind) showed [Jc 2h] and won ($0.03) with a straight, Five to Nine
Seat 5: VVNWIN folded before Flop (didn't bet)
Seat 6: Edersong folded before Flop (didn't bet)
Seat 7: Tuhtyn folded before Flop (didn't bet)
Seat 8: OriginalM folded before Flop (didn't bet)
Seat 9: vyva1978 showed [Kh Qs] and won ($0.02) with a straight, Five to Nine



PokerStars Hand #227861451750:  Hold'em No Limit ($0.01/$0.02 USD) - 2021/06/26 8:46:41 PT [2021/06/26 11:46:41 ET]
Table 'Chilton III' 9-max Seat #3 is the button
Seat 1: Dorex2007 ($3.52 in chips) 
Seat 2: dezname ($3.52 in chips) 
Seat 3: Pottley1301 ($4.36 in chips) 
Seat 4: Toxa_SF ($2.01 in chips) 
Seat 5: VVNWIN ($2.21 in chips) 
Seat 6: Edersong ($1.37 in chips) 
Seat 7: Tuhtyn ($1.95 in chips) 
Seat 8: OriginalM ($1.56 in chips) 
Seat 9: vyva1978 ($2.11 in chips) 
Toxa_SF: posts small blind $0.01
VVNWIN: posts big blind $0.02
*** HOLE CARDS ***
Dealt to Dorex2007 [5s 5d]
Edersong: folds 
Tuhtyn: folds 
OriginalM: calls $0.02
vyva1978: folds 
Dorex2007: calls $0.02
dezname: raises $0.08 to $0.10
Pottley1301: folds 
Toxa_SF: raises $0.20 to $0.30
VVNWIN: folds 
OriginalM: folds 
Dorex2007: folds 
dezname: folds 
Uncalled bet ($0.20) returned to Toxa_SF
Toxa_SF collected $0.26 from pot
Toxa_SF: doesn't show hand 
*** SUMMARY ***
Total pot $0.26 | Rake $0 
Seat 1: Dorex2007 folded before Flop
Seat 2: dezname folded before Flop
Seat 3: Pottley1301 (button) folded before Flop (didn't bet)
Seat 4: Toxa_SF (small blind) collected ($0.26)
Seat 5: VVNWIN (big blind) folded before Flop
Seat 6: Edersong folded before Flop (didn't bet)
Seat 7: Tuhtyn folded before Flop (didn't bet)
Seat 8: OriginalM folded before Flop
Seat 9: vyva1978 folded before Flop (didn't bet)



PokerStars Hand #227861469164:  Hold'em No Limit ($0.01/$0.02 USD) - 2021/06/26 8:47:32 PT [2021/06/26 11:47:32 ET]
Table 'Chilton III' 9-max Seat #4 is the button
Seat 1: Dorex2007 ($3.50 in chips) 
Seat 2: dezname ($3.42 in chips) 
Seat 3: Pottley1301 ($4.36 in chips) 
Seat 4: Toxa_SF ($2.17 in chips) 
Seat 5: VVNWIN ($2.19 in chips) 
Seat 7: Tuhtyn ($1.95 in chips) 
Seat 8: OriginalM ($1.54 in chips) 
Seat 9: vyva1978 ($2.11 in chips) 
VVNWIN: posts small blind $0.01
Edersong: is sitting out 
Tuhtyn: posts big blind $0.02
*** HOLE CARDS ***
Dealt to Dorex2007 [Ah 7h]
OriginalM: raises $0.03 to $0.05
vyva1978: folds 
Dorex2007: folds 
dezname: folds 
Pottley1301: folds 
Toxa_SF: folds 
VVNWIN: calls $0.04
Tuhtyn: calls $0.03
*** FLOP *** [4h 8h 7d]
VVNWIN: bets $0.02
Tuhtyn: calls $0.02
OriginalM: calls $0.02
*** TURN *** [4h 8h 7d] [6h]
VVNWIN: bets $0.04
Tuhtyn: calls $0.04
Edersong leaves the table
OriginalM: calls $0.04
*** RIVER *** [4h 8h 7d 6h] [Jh]
umka186 joins the table at seat #6 
VVNWIN: bets $0.16
Tuhtyn: calls $0.16
OriginalM: folds 
*** SHOW DOWN ***
VVNWIN: shows [Ad Th] (a flush, Jack high)
Tuhtyn: shows [Tc Kh] (a flush, King high)
Tuhtyn collected $0.63 from pot
*** SUMMARY ***
Total pot $0.65 | Rake $0.02 
Board [4h 8h 7d 6h Jh]
Seat 1: Dorex2007 folded before Flop (didn't bet)
Seat 2: dezname folded before Flop (didn't bet)
Seat 3: Pottley1301 folded before Flop (didn't bet)
Seat 4: Toxa_SF (button) folded before Flop (didn't bet)
Seat 5: VVNWIN (small blind) showed [Ad Th] and lost with a flush, Jack high
Seat 7: Tuhtyn (big blind) showed [Tc Kh] and won ($0.63) with a flush, King high
Seat 8: OriginalM folded on the River
Seat 9: vyva1978 folded before Flop (didn't bet)



PokerStars Hand #227861486880:  Hold'em No Limit ($0.01/$0.02 USD) - 2021/06/26 8:48:24 PT [2021/06/26 11:48:24 ET]
Table 'Chilton III' 9-max Seat #5 is the button
Seat 1: Dorex2007 ($3.50 in chips) 
Seat 2: dezname ($3.42 in chips) 
Seat 3: Pottley1301 ($4.36 in chips) 
Seat 4: Toxa_SF ($2.17 in chips) 
Seat 5: VVNWIN ($1.92 in chips) 
Seat 7: Tuhtyn ($2.31 in chips) 
Seat 8: OriginalM ($1.43 in chips) 
Seat 9: vyva1978 ($2.11 in chips) 
Tuhtyn: posts small blind $0.01
OriginalM: posts big blind $0.02
*** HOLE CARDS ***
Dealt to Dorex2007 [4s 7h]
vyva1978: folds 
Dorex2007: folds 
dezname: folds 
Pottley1301: folds 
Toxa_SF: raises $0.03 to $0.05
VVNWIN: calls $0.05
Tuhtyn: folds 
OriginalM: folds 
*** FLOP *** [3s As 8s]
Toxa_SF: checks 
VVNWIN: bets $0.14
Toxa_SF: folds 
Uncalled bet ($0.14) returned to VVNWIN
VVNWIN collected $0.13 from pot
VVNWIN: doesn't show hand 
*** SUMMARY ***
Total pot $0.13 | Rake $0 
Board [3s As 8s]
Seat 1: Dorex2007 folded before Flop (didn't bet)
Seat 2: dezname folded before Flop (didn't bet)
Seat 3: Pottley1301 folded before Flop (didn't bet)
Seat 4: Toxa_SF folded on the Flop
Seat 5: VVNWIN (button) collected ($0.13)
Seat 7: Tuhtyn (small blind) folded before Flop
Seat 8: OriginalM (big blind) folded before Flop
Seat 9: vyva1978 folded before Flop (didn't bet)



PokerStars Hand #227861499107:  Hold'em No Limit ($0.01/$0.02 USD) - 2021/06/26 8:49:01 PT [2021/06/26 11:49:01 ET]
Table 'Chilton III' 9-max Seat #7 is the button
Seat 1: Dorex2007 ($3.50 in chips) 
Seat 2: dezname ($3.42 in chips) 
Seat 3: Pottley1301 ($4.36 in chips) 
Seat 4: Toxa_SF ($2.12 in chips) 
Seat 5: VVNWIN ($2 in chips) 
Seat 6: umka186 ($2 in chips) 
Seat 7: Tuhtyn ($2.30 in chips) 
Seat 8: OriginalM ($1.41 in chips) 
Seat 9: vyva1978 ($2.11 in chips) 
OriginalM: posts small blind $0.01
vyva1978: posts big blind $0.02
umka186: posts big blind $0.02
*** HOLE CARDS ***
Dealt to Dorex2007 [4d Ks]
Dorex2007: folds 
dezname: folds 
Pottley1301: raises $0.03 to $0.05
Toxa_SF: folds 
VVNWIN: calls $0.05
umka186: folds 
Tuhtyn: calls $0.05
OriginalM: calls $0.04
vyva1978: folds 
*** FLOP *** [As Ad Qd]
OriginalM: checks 
Pottley1301: checks 
VVNWIN: bets $0.02
Tuhtyn: calls $0.02
OriginalM: folds 
Pottley1301: calls $0.02
*** TURN *** [As Ad Qd] [2s]
Pottley1301: checks 
VVNWIN: bets $0.15
Tuhtyn: calls $0.15
Pottley1301: folds 
*** RIVER *** [As Ad Qd 2s] [3d]
VVNWIN: bets $0.64
Tuhtyn: folds 
Uncalled bet ($0.64) returned to VVNWIN
VVNWIN collected $0.58 from pot
VVNWIN: doesn't show hand 
*** SUMMARY ***
Total pot $0.60 | Rake $0.02 
Board [As Ad Qd 2s 3d]
Seat 1: Dorex2007 folded before Flop (didn't bet)
Seat 2: dezname folded before Flop (didn't bet)
Seat 3: Pottley1301 folded on the Turn
Seat 4: Toxa_SF folded before Flop (didn't bet)
Seat 5: VVNWIN collected ($0.58)
Seat 6: umka186 folded before Flop (didn't bet)
Seat 7: Tuhtyn (button) folded on the River
Seat 8: OriginalM (small blind) folded on the Flop
Seat 9: vyva1978 (big blind) folded before Flop



PokerStars Hand #227861523615:  Hold'em No Limit ($0.01/$0.02 USD) - 2021/06/26 8:50:12 PT [2021/06/26 11:50:12 ET]
Table 'Chilton III' 9-max Seat #8 is the button
Seat 1: Dorex2007 ($3.50 in chips) 
Seat 2: dezname ($3.42 in chips) 
Seat 3: Pottley1301 ($4.29 in chips) 
Seat 4: Toxa_SF ($2.12 in chips) 
Seat 5: VVNWIN ($2.36 in chips) 
Seat 6: umka186 ($2 in chips) 
Seat 7: Tuhtyn ($2.08 in chips) 
Seat 8: OriginalM ($1.36 in chips) 
Seat 9: vyva1978 ($2.09 in chips) 
vyva1978: posts small blind $0.01
Dorex2007: posts big blind $0.02
*** HOLE CARDS ***
Dealt to Dorex2007 [4s Tc]
dezname: folds 
Pottley1301: folds 
Toxa_SF: folds 
VVNWIN: calls $0.02
umka186: folds 
Tuhtyn: folds 
OriginalM: calls $0.02
vyva1978: calls $0.01
Dorex2007: checks 
*** FLOP *** [9h 3s 5c]
vyva1978: checks 
Dorex2007: checks 
VVNWIN: bets $0.02
OriginalM: calls $0.02
vyva1978: folds 
Dorex2007: folds 
*** TURN *** [9h 3s 5c] [Kc]
VVNWIN: bets $0.06
OriginalM: folds 
Uncalled bet ($0.06) returned to VVNWIN
VVNWIN collected $0.12 from pot
VVNWIN: doesn't show hand 
*** SUMMARY ***
Total pot $0.12 | Rake $0 
Board [9h 3s 5c Kc]
Seat 1: Dorex2007 (big blind) folded on the Flop
Seat 2: dezname folded before Flop (didn't bet)
Seat 3: Pottley1301 folded before Flop (didn't bet)
Seat 4: Toxa_SF folded before Flop (didn't bet)
Seat 5: VVNWIN collected ($0.12)
Seat 6: umka186 folded before Flop (didn't bet)
Seat 7: Tuhtyn folded before Flop (didn't bet)
Seat 8: OriginalM (button) folded on the Turn
Seat 9: vyva1978 (small blind) folded on the Flop



PokerStars Hand #227861541401:  Hold'em No Limit ($0.01/$0.02 USD) - 2021/06/26 8:51:05 PT [2021/06/26 11:51:05 ET]
Table 'Chilton III' 9-max Seat #9 is the button
Seat 1: Dorex2007 ($3.48 in chips) 
Seat 2: dezname ($3.42 in chips) 
Seat 3: Pottley1301 ($4.29 in chips) 
Seat 4: Toxa_SF ($2.12 in chips) 
Seat 5: VVNWIN ($2.44 in chips) 
Seat 6: umka186 ($2 in chips) 
Seat 7: Tuhtyn ($2.08 in chips) 
Seat 8: OriginalM ($1.32 in chips) 
Seat 9: vyva1978 ($2.07 in chips) 
Dorex2007: posts small blind $0.01
dezname: posts big blind $0.02
*** HOLE CARDS ***
Dealt to Dorex2007 [4d 5s]
Pottley1301: folds 
Toxa_SF: calls $0.02
VVNWIN: calls $0.02
umka186: folds 
Tuhtyn: folds 
OriginalM: raises $0.02 to $0.04
vyva1978: folds 
Dorex2007: folds 
dezname: folds 
Toxa_SF: calls $0.02
VVNWIN: raises $0.15 to $0.19
OriginalM: calls $0.15
Toxa_SF: calls $0.15
*** FLOP *** [7s 8h 2c]
Toxa_SF: checks 
VVNWIN: bets $0.64
OriginalM: folds 
Toxa_SF: raises $1.28 to $1.92
VVNWIN: raises $0.33 to $2.25 and is all-in
Toxa_SF: calls $0.01 and is all-in
Uncalled bet ($0.32) returned to VVNWIN
*** TURN *** [7s 8h 2c] [Ks]
*** RIVER *** [7s 8h 2c Ks] [2s]
*** SHOW DOWN ***
Toxa_SF: shows [7d 7c] (a full house, Sevens full of Deuces)
VVNWIN: shows [Kc Ah] (two pair, Kings and Deuces)
Toxa_SF collected $4.30 from pot
*** SUMMARY ***
Total pot $4.46 | Rake $0.16 
Board [7s 8h 2c Ks 2s]
Seat 1: Dorex2007 (small blind) folded before Flop
Seat 2: dezname (big blind) folded before Flop
Seat 3: Pottley1301 folded before Flop (didn't bet)
Seat 4: Toxa_SF showed [7d 7c] and won ($4.30) with a full house, Sevens full of Deuces
Seat 5: VVNWIN showed [Kc Ah] and lost with two pair, Kings and Deuces
Seat 6: umka186 folded before Flop (didn't bet)
Seat 7: Tuhtyn folded before Flop (didn't bet)
Seat 8: OriginalM folded on the Flop
Seat 9: vyva1978 (button) folded before Flop (didn't bet)



PokerStars Hand #227861564456:  Hold'em No Limit ($0.01/$0.02 USD) - 2021/06/26 8:52:12 PT [2021/06/26 11:52:12 ET]
Table 'Chilton III' 9-max Seat #1 is the button
Seat 1: Dorex2007 ($3.47 in chips) 
Seat 2: dezname ($3.40 in chips) 
Seat 3: Pottley1301 ($4.29 in chips) 
Seat 4: Toxa_SF ($4.30 in chips) 
Seat 5: VVNWIN ($0.32 in chips) 
Seat 6: umka186 ($2 in chips) 
Seat 7: Tuhtyn ($2.08 in chips) 
Seat 8: OriginalM ($1.13 in chips) 
Seat 9: vyva1978 ($2.07 in chips) 
dezname: posts small blind $0.01
Pottley1301: posts big blind $0.02
*** HOLE CARDS ***
Dealt to Dorex2007 [2s 8c]
Toxa_SF: folds 
VVNWIN: calls $0.02
umka186: folds 
Tuhtyn: folds 
OriginalM: calls $0.02
vyva1978: folds 
vyva1978 leaves the table
Dorex2007: folds 
dezname: folds 
Pottley1301: checks 
*** FLOP *** [3c 8h 7h]
Pottley1301: checks 
tyano10 joins the table at seat #9 
VVNWIN: bets $0.04
OriginalM: calls $0.04
Pottley1301: calls $0.04
*** TURN *** [3c 8h 7h] [Qh]
Pottley1301: checks 
VVNWIN: bets $0.09
OriginalM: calls $0.09
Pottley1301: calls $0.09
*** RIVER *** [3c 8h 7h Qh] [9s]
Pottley1301: checks 
VVNWIN: bets $0.17 and is all-in
OriginalM: folds 
Pottley1301: calls $0.17
*** SHOW DOWN ***
VVNWIN: shows [4c Qc] (a pair of Queens)
Pottley1301: shows [Ah 7c] (a pair of Sevens)
VVNWIN collected $0.77 from pot
*** SUMMARY ***
Total pot $0.80 | Rake $0.03 
Board [3c 8h 7h Qh 9s]
Seat 1: Dorex2007 (button) folded before Flop (didn't bet)
Seat 2: dezname (small blind) folded before Flop
Seat 3: Pottley1301 (big blind) showed [Ah 7c] and lost with a pair of Sevens
Seat 4: Toxa_SF folded before Flop (didn't bet)
Seat 5: VVNWIN showed [4c Qc] and won ($0.77) with a pair of Queens
Seat 6: umka186 folded before Flop (didn't bet)
Seat 7: Tuhtyn folded before Flop (didn't bet)
Seat 8: OriginalM folded on the River
Seat 9: vyva1978 folded before Flop (didn't bet)



PokerStars Hand #227861595137:  Hold'em No Limit ($0.01/$0.02 USD) - 2021/06/26 8:53:27 PT [2021/06/26 11:53:27 ET]
Table 'Chilton III' 9-max Seat #2 is the button
Seat 1: Dorex2007 ($3.47 in chips) 
Seat 2: dezname ($3.39 in chips) 
Seat 3: Pottley1301 ($3.97 in chips) 
Seat 4: Toxa_SF ($4.30 in chips) 
Seat 5: VVNWIN ($0.77 in chips) 
Seat 6: umka186 ($2 in chips) 
Seat 7: Tuhtyn ($2.08 in chips) 
Seat 8: OriginalM ($0.98 in chips) 
Seat 9: tyano10 ($0.80 in chips) 
Pottley1301: posts small blind $0.01
Toxa_SF: posts big blind $0.02
tyano10: posts big blind $0.02
*** HOLE CARDS ***
Dealt to Dorex2007 [Qc Td]
VVNWIN: calls $0.02
umka186: folds 
Tuhtyn: folds 
OriginalM: folds 
tyano10: checks 
Dorex2007: folds 
dezname: folds 
Pottley1301: folds 
Toxa_SF: checks 
*** FLOP *** [Jd 8d Tc]
Toxa_SF: checks 
VVNWIN: bets $0.04
tyano10: calls $0.04
Toxa_SF: folds 
*** TURN *** [Jd 8d Tc] [Ac]
VVNWIN: bets $0.07
tyano10: calls $0.07
*** RIVER *** [Jd 8d Tc Ac] [4d]
VVNWIN: bets $0.31
tyano10: calls $0.31
*** SHOW DOWN ***
VVNWIN: shows [9h 2h] (high card Ace)
tyano10: shows [4h Jh] (two pair, Jacks and Fours)
tyano10 collected $0.88 from pot
*** SUMMARY ***
Total pot $0.91 | Rake $0.03 
Board [Jd 8d Tc Ac 4d]
Seat 1: Dorex2007 folded before Flop (didn't bet)
Seat 2: dezname (button) folded before Flop (didn't bet)
Seat 3: Pottley1301 (small blind) folded before Flop
Seat 4: Toxa_SF (big blind) folded on the Flop
Seat 5: VVNWIN showed [9h 2h] and lost with high card Ace
Seat 6: umka186 folded before Flop (didn't bet)
Seat 7: Tuhtyn folded before Flop (didn't bet)
Seat 8: OriginalM folded before Flop (didn't bet)
Seat 9: tyano10 showed [4h Jh] and won ($0.88) with two pair, Jacks and Fours



PokerStars Hand #227861612627:  Hold'em No Limit ($0.01/$0.02 USD) - 2021/06/26 8:54:19 PT [2021/06/26 11:54:19 ET]
Table 'Chilton III' 9-max Seat #3 is the button
Seat 1: Dorex2007 ($3.47 in chips) 
Seat 2: dezname ($3.39 in chips) 
Seat 3: Pottley1301 ($3.96 in chips) 
Seat 4: Toxa_SF ($4.28 in chips) 
Seat 5: VVNWIN ($0.33 in chips) 
Seat 6: umka186 ($2 in chips) 
Seat 7: Tuhtyn ($2.08 in chips) 
Seat 8: OriginalM ($0.98 in chips) 
Seat 9: tyano10 ($1.24 in chips) 
Toxa_SF: posts small blind $0.01
VVNWIN: posts big blind $0.02
*** HOLE CARDS ***
Dealt to Dorex2007 [2s 2d]
umka186: folds 
Tuhtyn: calls $0.02
OriginalM: folds 
tyano10: folds 
Dorex2007: calls $0.02
dezname: folds 
Pottley1301: raises $0.09 to $0.11
Toxa_SF: folds 
VVNWIN: folds 
Tuhtyn: folds 
Dorex2007: folds 
Uncalled bet ($0.09) returned to Pottley1301
Pottley1301 collected $0.09 from pot
Pottley1301: doesn't show hand 
*** SUMMARY ***
Total pot $0.09 | Rake $0 
Seat 1: Dorex2007 folded before Flop
Seat 2: dezname folded before Flop (didn't bet)
Seat 3: Pottley1301 (button) collected ($0.09)
Seat 4: Toxa_SF (small blind) folded before Flop
Seat 5: VVNWIN (big blind) folded before Flop
Seat 6: umka186 folded before Flop (didn't bet)
Seat 7: Tuhtyn folded before Flop
Seat 8: OriginalM folded before Flop (didn't bet)
Seat 9: tyano10 folded before Flop (didn't bet)



PokerStars Hand #227861621650:  Hold'em No Limit ($0.01/$0.02 USD) - 2021/06/26 8:54:46 PT [2021/06/26 11:54:46 ET]
Table 'Chilton III' 9-max Seat #4 is the button
Seat 1: Dorex2007 ($3.45 in chips) 
Seat 2: dezname ($3.39 in chips) 
Seat 3: Pottley1301 ($4.03 in chips) 
Seat 4: Toxa_SF ($4.27 in chips) 
Seat 5: VVNWIN ($0.31 in chips) 
Seat 6: umka186 ($2 in chips) 
Seat 7: Tuhtyn ($2.06 in chips) 
Seat 8: OriginalM ($0.98 in chips) 
Seat 9: tyano10 ($1.24 in chips) 
VVNWIN: posts small blind $0.01
umka186: posts big blind $0.02
*** HOLE CARDS ***
Dealt to Dorex2007 [6s 2h]
Tuhtyn: folds 
OriginalM: folds 
tyano10: folds 
Dorex2007: folds 
dezname: folds 
Pottley1301: folds 
Toxa_SF: raises $0.04 to $0.06
VVNWIN: raises $0.25 to $0.31 and is all-in
umka186: folds 
Toxa_SF: folds 
Uncalled bet ($0.25) returned to VVNWIN
VVNWIN collected $0.14 from pot
VVNWIN: doesn't show hand 
*** SUMMARY ***
Total pot $0.14 | Rake $0 
Seat 1: Dorex2007 folded before Flop (didn't bet)
Seat 2: dezname folded before Flop (didn't bet)
Seat 3: Pottley1301 folded before Flop (didn't bet)
Seat 4: Toxa_SF (button) folded before Flop
Seat 5: VVNWIN (small blind) collected ($0.14)
Seat 6: umka186 (big blind) folded before Flop
Seat 7: Tuhtyn folded before Flop (didn't bet)
Seat 8: OriginalM folded before Flop (didn't bet)
Seat 9: tyano10 folded before Flop (didn't bet)



PokerStars Hand #227861630370:  Hold'em No Limit ($0.01/$0.02 USD) - 2021/06/26 8:55:15 PT [2021/06/26 11:55:15 ET]
Table 'Chilton III' 9-max Seat #5 is the button
Seat 1: Dorex2007 ($3.45 in chips) 
Seat 2: dezname ($3.39 in chips) 
Seat 3: Pottley1301 ($4.03 in chips) 
Seat 4: Toxa_SF ($4.21 in chips) 
Seat 5: VVNWIN ($0.39 in chips) 
Seat 6: umka186 ($2 in chips) 
Seat 7: Tuhtyn ($2.06 in chips) 
Seat 8: OriginalM ($0.98 in chips) 
Seat 9: tyano10 ($1.24 in chips) 
umka186: posts small blind $0.01
Tuhtyn: posts big blind $0.02
*** HOLE CARDS ***
Dealt to Dorex2007 [2d 7d]
OriginalM: folds 
tyano10 has timed out
tyano10: folds 
Dorex2007: folds 
dezname: folds 
Pottley1301: raises $0.03 to $0.05
Toxa_SF: folds 
VVNWIN: calls $0.05
umka186: folds 
Tuhtyn: folds 
*** FLOP *** [Ts Td 5s]
Pottley1301: checks 
VVNWIN: bets $0.07
Pottley1301: folds 
Uncalled bet ($0.07) returned to VVNWIN
VVNWIN collected $0.13 from pot
VVNWIN: doesn't show hand 
*** SUMMARY ***
Total pot $0.13 | Rake $0 
Board [Ts Td 5s]
Seat 1: Dorex2007 folded before Flop (didn't bet)
Seat 2: dezname folded before Flop (didn't bet)
Seat 3: Pottley1301 folded on the Flop
Seat 4: Toxa_SF folded before Flop (didn't bet)
Seat 5: VVNWIN (button) collected ($0.13)
Seat 6: umka186 (small blind) folded before Flop
Seat 7: Tuhtyn (big blind) folded before Flop
Seat 8: OriginalM folded before Flop (didn't bet)
Seat 9: tyano10 folded before Flop (didn't bet)



PokerStars Hand #227861639993:  Hold'em No Limit ($0.01/$0.02 USD) - 2021/06/26 8:55:53 PT [2021/06/26 11:55:53 ET]
Table 'Chilton III' 9-max Seat #6 is the button
Seat 1: Dorex2007 ($3.45 in chips) 
Seat 2: dezname ($3.39 in chips) 
Seat 3: Pottley1301 ($3.98 in chips) 
Seat 4: Toxa_SF ($4.21 in chips) 
Seat 5: VVNWIN ($0.47 in chips) 
Seat 6: umka186 ($2 in chips) 
Seat 7: Tuhtyn ($2.04 in chips) 
Seat 8: OriginalM ($0.98 in chips) 
Tuhtyn: posts small blind $0.01
OriginalM: posts big blind $0.02
*** HOLE CARDS ***
Dealt to Dorex2007 [Tc Kd]
Dorex2007: folds 
dezname: raises $0.04 to $0.06
Pottley1301: folds 
Toxa_SF: folds 
VVNWIN: calls $0.06
umka186: folds 
Tuhtyn: folds 
OriginalM: folds 
*** FLOP *** [2c Ks 4s]
dezname: bets $0.11
VVNWIN: raises $0.11 to $0.22
dezname: folds 
Uncalled bet ($0.11) returned to VVNWIN
VVNWIN collected $0.36 from pot
VVNWIN: doesn't show hand 
*** SUMMARY ***
Total pot $0.37 | Rake $0.01 
Board [2c Ks 4s]
Seat 1: Dorex2007 folded before Flop (didn't bet)
Seat 2: dezname folded on the Flop
Seat 3: Pottley1301 folded before Flop (didn't bet)
Seat 4: Toxa_SF folded before Flop (didn't bet)
Seat 5: VVNWIN collected ($0.36)
Seat 6: umka186 (button) folded before Flop (didn't bet)
Seat 7: Tuhtyn (small blind) folded before Flop
Seat 8: OriginalM (big blind) folded before Flop



PokerStars Hand #227861653340:  Hold'em No Limit ($0.01/$0.02 USD) - 2021/06/26 8:56:46 PT [2021/06/26 11:56:46 ET]
Table 'Chilton III' 9-max Seat #7 is the button
Seat 1: Dorex2007 ($3.45 in chips) 
Seat 2: dezname ($3.22 in chips) 
Seat 3: Pottley1301 ($3.98 in chips) 
Seat 4: Toxa_SF ($4.21 in chips) 
Seat 5: VVNWIN ($0.66 in chips) 
Seat 6: umka186 ($2 in chips) 
Seat 7: Tuhtyn ($2.03 in chips) 
Seat 8: OriginalM ($0.96 in chips) 
Seat 9: tyano10 ($1.24 in chips) 
OriginalM: posts small blind $0.01
tyano10: posts big blind $0.02
*** HOLE CARDS ***
Dealt to Dorex2007 [9d Qs]
Dorex2007: folds 
dezname: folds 
Pottley1301: raises $0.03 to $0.05
Toxa_SF: folds 
VVNWIN: folds 
umka186: folds 
Tuhtyn: folds 
OriginalM: calls $0.04
tyano10: calls $0.03
*** FLOP *** [7s 8c 6c]
OriginalM: checks 
tyano10: checks 
Pottley1301: bets $0.05
OriginalM: calls $0.05
tyano10: calls $0.05
*** TURN *** [7s 8c 6c] [Jh]
OriginalM: bets $0.02
tyano10: calls $0.02
Pottley1301: calls $0.02
*** RIVER *** [7s 8c 6c Jh] [6d]
OriginalM: bets $0.04
tyano10: calls $0.04
Pottley1301: calls $0.04
*** SHOW DOWN ***
OriginalM: shows [Ah Kd] (a pair of Sixes)
tyano10: mucks hand 
Pottley1301: shows [As Ad] (two pair, Aces and Sixes)
Pottley1301 collected $0.46 from pot
*** SUMMARY ***
Total pot $0.48 | Rake $0.02 
Board [7s 8c 6c Jh 6d]
Seat 1: Dorex2007 folded before Flop (didn't bet)
Seat 2: dezname folded before Flop (didn't bet)
Seat 3: Pottley1301 showed [As Ad] and won ($0.46) with two pair, Aces and Sixes
Seat 4: Toxa_SF folded before Flop (didn't bet)
Seat 5: VVNWIN folded before Flop (didn't bet)
Seat 6: umka186 folded before Flop (didn't bet)
Seat 7: Tuhtyn (button) folded before Flop (didn't bet)
Seat 8: OriginalM (small blind) showed [Ah Kd] and lost with a pair of Sixes
Seat 9: tyano10 (big blind) mucked [Ks 3d]



PokerStars Hand #227861669768:  Hold'em No Limit ($0.01/$0.02 USD) - 2021/06/26 8:57:50 PT [2021/06/26 11:57:50 ET]
Table 'Chilton III' 9-max Seat #8 is the button
Seat 1: Dorex2007 ($3.45 in chips) 
Seat 2: dezname ($3.22 in chips) 
Seat 3: Pottley1301 ($4.28 in chips) 
Seat 4: Toxa_SF ($4.21 in chips) 
Seat 5: VVNWIN ($0.66 in chips) 
Seat 6: umka186 ($2 in chips) 
Seat 7: Tuhtyn ($2.03 in chips) 
Seat 8: OriginalM ($0.80 in chips) 
Seat 9: tyano10 ($1.08 in chips) 
tyano10: posts small blind $0.01
Dorex2007: posts big blind $0.02
*** HOLE CARDS ***
Dealt to Dorex2007 [9d Qs]
dezname: folds 
Pottley1301: folds 
Toxa_SF: folds 
VVNWIN: calls $0.02
umka186: folds 
Tuhtyn: calls $0.02
OriginalM: calls $0.02
tyano10: calls $0.01
Dorex2007: checks 
*** FLOP *** [3h 6d 8c]
tyano10: checks 
Dorex2007: checks 
VVNWIN: bets $0.03
Tuhtyn: calls $0.03
OriginalM: folds 
tyano10: calls $0.03
Dorex2007: folds 
*** TURN *** [3h 6d 8c] [6s]
tyano10: checks 
VVNWIN: bets $0.20
Tuhtyn: calls $0.20
tyano10: folds 
*** RIVER *** [3h 6d 8c 6s] [5h]
VVNWIN: checks 
Tuhtyn: checks 
*** SHOW DOWN ***
VVNWIN: shows [Kc 7c] (a pair of Sixes)
Tuhtyn: shows [8h Ah] (two pair, Eights and Sixes)
Tuhtyn collected $0.57 from pot
*** SUMMARY ***
Total pot $0.59 | Rake $0.02 
Board [3h 6d 8c 6s 5h]
Seat 1: Dorex2007 (big blind) folded on the Flop
Seat 2: dezname folded before Flop (didn't bet)
Seat 3: Pottley1301 folded before Flop (didn't bet)
Seat 4: Toxa_SF folded before Flop (didn't bet)
Seat 5: VVNWIN showed [Kc 7c] and lost with a pair of Sixes
Seat 6: umka186 folded before Flop (didn't bet)
Seat 7: Tuhtyn showed [8h Ah] and won ($0.57) with two pair, Eights and Sixes
Seat 8: OriginalM (button) folded on the Flop
Seat 9: tyano10 (small blind) folded on the Turn



PokerStars Hand #227861694310:  Hold'em No Limit ($0.01/$0.02 USD) - 2021/06/26 8:59:25 PT [2021/06/26 11:59:25 ET]
Table 'Chilton III' 9-max Seat #9 is the button
Seat 1: Dorex2007 ($3.43 in chips) 
Seat 2: dezname ($3.22 in chips) 
Seat 3: Pottley1301 ($4.28 in chips) 
Seat 4: Toxa_SF ($4.21 in chips) 
Seat 5: VVNWIN ($0.41 in chips) 
Seat 6: umka186 ($2 in chips) 
Seat 7: Tuhtyn ($2.35 in chips) 
Seat 8: OriginalM ($0.78 in chips) 
Seat 9: tyano10 ($1.03 in chips) 
Dorex2007: posts small blind $0.01
dezname: posts big blind $0.02
*** HOLE CARDS ***
Dealt to Dorex2007 [9d 5d]
Pottley1301: folds 
Toxa_SF: folds 
VVNWIN: calls $0.02
umka186: folds 
Tuhtyn: folds 
OriginalM: folds 
tyano10: folds 
Dorex2007: calls $0.01
dezname: checks 
*** FLOP *** [2c 8c Ts]
Dorex2007: checks 
dezname: bets $0.05
VVNWIN: raises $0.08 to $0.13
Dorex2007: folds 
dezname: folds 
Uncalled bet ($0.08) returned to VVNWIN
VVNWIN collected $0.15 from pot
VVNWIN: doesn't show hand 
*** SUMMARY ***
Total pot $0.16 | Rake $0.01 
Board [2c 8c Ts]
Seat 1: Dorex2007 (small blind) folded on the Flop
Seat 2: dezname (big blind) folded on the Flop
Seat 3: Pottley1301 folded before Flop (didn't bet)
Seat 4: Toxa_SF folded before Flop (didn't bet)
Seat 5: VVNWIN collected ($0.15)
Seat 6: umka186 folded before Flop (didn't bet)
Seat 7: Tuhtyn folded before Flop (didn't bet)
Seat 8: OriginalM folded before Flop (didn't bet)
Seat 9: tyano10 (button) folded before Flop (didn't bet)



PokerStars Hand #227861705805:  Hold'em No Limit ($0.01/$0.02 USD) - 2021/06/26 9:00:11 PT [2021/06/26 12:00:11 ET]
Table 'Chilton III' 9-max Seat #1 is the button
Seat 1: Dorex2007 ($3.41 in chips) 
Seat 2: dezname ($3.15 in chips) 
Seat 3: Pottley1301 ($4.28 in chips) 
Seat 4: Toxa_SF ($4.21 in chips) 
Seat 5: VVNWIN ($0.49 in chips) 
Seat 6: umka186 ($2 in chips) 
Seat 7: Tuhtyn ($2.35 in chips) 
Seat 8: OriginalM ($0.78 in chips) 
Seat 9: tyano10 ($1.03 in chips) 
dezname: posts small blind $0.01
Pottley1301: posts big blind $0.02
*** HOLE CARDS ***
Dealt to Dorex2007 [Jh 9s]
Toxa_SF: folds 
VVNWIN: calls $0.02
umka186: folds 
Tuhtyn: folds 
OriginalM: folds 
tyano10: calls $0.02
Dorex2007: folds 
dezname: raises $0.08 to $0.10
Pottley1301: calls $0.08
VVNWIN: calls $0.08
tyano10: calls $0.08
*** FLOP *** [3h 2s 8h]
dezname: checks 
Pottley1301: checks 
VVNWIN: bets $0.12
tyano10: raises $0.12 to $0.24
dezname: folds 
Pottley1301: folds 
VVNWIN: raises $0.15 to $0.39 and is all-in
tyano10: calls $0.15
*** TURN *** [3h 2s 8h] [6h]
*** RIVER *** [3h 2s 8h 6h] [6d]
*** SHOW DOWN ***
VVNWIN: shows [4h 3s] (two pair, Sixes and Threes)
tyano10: shows [Ts Qh] (a pair of Sixes)
VVNWIN collected $1.14 from pot
*** SUMMARY ***
Total pot $1.18 | Rake $0.04 
Board [3h 2s 8h 6h 6d]
Seat 1: Dorex2007 (button) folded before Flop (didn't bet)
Seat 2: dezname (small blind) folded on the Flop
Seat 3: Pottley1301 (big blind) folded on the Flop
Seat 4: Toxa_SF folded before Flop (didn't bet)
Seat 5: VVNWIN showed [4h 3s] and won ($1.14) with two pair, Sixes and Threes
Seat 6: umka186 folded before Flop (didn't bet)
Seat 7: Tuhtyn folded before Flop (didn't bet)
Seat 8: OriginalM folded before Flop (didn't bet)
Seat 9: tyano10 showed [Ts Qh] and lost with a pair of Sixes



PokerStars Hand #227861747652:  Hold'em No Limit ($0.01/$0.02 USD) - 2021/06/26 9:02:30 PT [2021/06/26 12:02:30 ET]
Table 'Chilton III' 9-max Seat #2 is the button
Seat 1: Dorex2007 ($3.41 in chips) 
Seat 2: dezname ($3.05 in chips) 
Seat 3: Pottley1301 ($4.18 in chips) 
Seat 4: Toxa_SF ($4.21 in chips) 
Seat 5: VVNWIN ($1.14 in chips) 
Seat 6: umka186 ($2 in chips) 
Seat 7: Tuhtyn ($2.35 in chips) 
Seat 8: OriginalM ($0.78 in chips) 
Seat 9: tyano10 ($0.54 in chips) 
Pottley1301: posts small blind $0.01
Toxa_SF: posts big blind $0.02
*** HOLE CARDS ***
Dealt to Dorex2007 [7d 8d]
VVNWIN: calls $0.02
umka186: folds 
Tuhtyn: folds 
OriginalM: raises $0.04 to $0.06
tyano10: raises $0.04 to $0.10
Dorex2007: folds 
dezname: folds 
Pottley1301: calls $0.09
Toxa_SF: calls $0.08
VVNWIN: calls $0.08
OriginalM: calls $0.04
*** FLOP *** [4h 5s 8c]
Pottley1301: checks 
Toxa_SF: checks 
VVNWIN: bets $0.24
OriginalM: raises $0.44 to $0.68 and is all-in
tyano10: folds 
Pottley1301: folds 
Toxa_SF: folds 
VVNWIN: folds 
Uncalled bet ($0.44) returned to OriginalM
OriginalM collected $0.95 from pot
OriginalM: doesn't show hand 
*** SUMMARY ***
Total pot $0.98 | Rake $0.03 
Board [4h 5s 8c]
Seat 1: Dorex2007 folded before Flop (didn't bet)
Seat 2: dezname (button) folded before Flop (didn't bet)
Seat 3: Pottley1301 (small blind) folded on the Flop
Seat 4: Toxa_SF (big blind) folded on the Flop
Seat 5: VVNWIN folded on the Flop
Seat 6: umka186 folded before Flop (didn't bet)
Seat 7: Tuhtyn folded before Flop (didn't bet)
Seat 8: OriginalM collected ($0.95)
Seat 9: tyano10 folded on the Flop



PokerStars Hand #227861777912:  Hold'em No Limit ($0.01/$0.02 USD) - 2021/06/26 9:04:03 PT [2021/06/26 12:04:03 ET]
Table 'Chilton III' 9-max Seat #3 is the button
Seat 1: Dorex2007 ($3.41 in chips) 
Seat 2: dezname ($3.05 in chips) 
Seat 3: Pottley1301 ($4.08 in chips) 
Seat 4: Toxa_SF ($4.11 in chips) 
Seat 5: VVNWIN ($0.80 in chips) 
Seat 6: umka186 ($2 in chips) 
Seat 7: Tuhtyn ($2.35 in chips) 
Seat 8: OriginalM ($1.39 in chips) 
Seat 9: tyano10 ($0.44 in chips) 
Toxa_SF: posts small blind $0.01
VVNWIN: posts big blind $0.02
*** HOLE CARDS ***
Dealt to Dorex2007 [2c 8s]
umka186: raises $0.04 to $0.06
Tuhtyn: calls $0.06
OriginalM: folds 
tyano10: folds 
Dorex2007: folds 
dezname: folds 
Pottley1301: calls $0.06
Toxa_SF: folds 
VVNWIN: calls $0.04
*** FLOP *** [Ts Qd 6d]
VVNWIN: checks 
umka186: checks 
Tuhtyn: checks 
Pottley1301: checks 
*** TURN *** [Ts Qd 6d] [5c]
VVNWIN: bets $0.12
umka186: folds 
Tuhtyn: calls $0.12
Pottley1301: folds 
*** RIVER *** [Ts Qd 6d 5c] [Qs]
VVNWIN: checks 
Tuhtyn: checks 
*** SHOW DOWN ***
VVNWIN: shows [Ks Jd] (a pair of Queens)
Tuhtyn: shows [Ad Kd] (a pair of Queens - Ace kicker)
Tuhtyn collected $0.47 from pot
*** SUMMARY ***
Total pot $0.49 | Rake $0.02 
Board [Ts Qd 6d 5c Qs]
Seat 1: Dorex2007 folded before Flop (didn't bet)
Seat 2: dezname folded before Flop (didn't bet)
Seat 3: Pottley1301 (button) folded on the Turn
Seat 4: Toxa_SF (small blind) folded before Flop
Seat 5: VVNWIN (big blind) showed [Ks Jd] and lost with a pair of Queens
Seat 6: umka186 folded on the Turn
Seat 7: Tuhtyn showed [Ad Kd] and won ($0.47) with a pair of Queens
Seat 8: OriginalM folded before Flop (didn't bet)
Seat 9: tyano10 folded before Flop (didn't bet)



PokerStars Hand #227861793019:  Hold'em No Limit ($0.01/$0.02 USD) - 2021/06/26 9:04:49 PT [2021/06/26 12:04:49 ET]
Table 'Chilton III' 9-max Seat #4 is the button
Seat 1: Dorex2007 ($3.41 in chips) 
Seat 2: dezname ($3.05 in chips) 
Seat 3: Pottley1301 ($4.02 in chips) 
Seat 4: Toxa_SF ($4.10 in chips) 
Seat 5: VVNWIN ($0.62 in chips) 
Seat 6: umka186 ($2 in chips) 
Seat 7: Tuhtyn ($2.64 in chips) 
Seat 8: OriginalM ($1.39 in chips) 
Seat 9: tyano10 ($0.44 in chips) 
VVNWIN: posts small blind $0.01
umka186: posts big blind $0.02
*** HOLE CARDS ***
Dealt to Dorex2007 [Jc 3c]
Tuhtyn: calls $0.02
OriginalM: raises $0.02 to $0.04
tyano10: folds 
Dorex2007: folds 
dezname: folds 
Pottley1301: calls $0.04
Toxa_SF: calls $0.04
VVNWIN: calls $0.03
umka186: folds 
Tuhtyn: calls $0.02
*** FLOP *** [5d 3h 7d]
VVNWIN: bets $0.11
Tuhtyn: folds 
OriginalM: calls $0.11
Pottley1301: folds 
Toxa_SF: folds 
*** TURN *** [5d 3h 7d] [Ad]
VVNWIN: bets $0.47 and is all-in
OriginalM: calls $0.47
*** RIVER *** [5d 3h 7d Ad] [2s]
*** SHOW DOWN ***
VVNWIN: shows [2d Ah] (two pair, Aces and Deuces)
OriginalM: shows [7s As] (two pair, Aces and Sevens)
OriginalM collected $1.33 from pot
*** SUMMARY ***
Total pot $1.38 | Rake $0.05 
Board [5d 3h 7d Ad 2s]
Seat 1: Dorex2007 folded before Flop (didn't bet)
Seat 2: dezname folded before Flop (didn't bet)
Seat 3: Pottley1301 folded on the Flop
Seat 4: Toxa_SF (button) folded on the Flop
Seat 5: VVNWIN (small blind) showed [2d Ah] and lost with two pair, Aces and Deuces
Seat 6: umka186 (big blind) folded before Flop
Seat 7: Tuhtyn folded on the Flop
Seat 8: OriginalM showed [7s As] and won ($1.33) with two pair, Aces and Sevens
Seat 9: tyano10 folded before Flop (didn't bet)



PokerStars Hand #227861813680:  Hold'em No Limit ($0.01/$0.02 USD) - 2021/06/26 9:05:51 PT [2021/06/26 12:05:51 ET]
Table 'Chilton III' 9-max Seat #6 is the button
Seat 1: Dorex2007 ($3.41 in chips) 
Seat 2: dezname ($3.05 in chips) 
Seat 3: Pottley1301 ($3.98 in chips) 
Seat 4: Toxa_SF ($4.06 in chips) 
Seat 6: umka186 ($2 in chips) 
Seat 7: Tuhtyn ($2.60 in chips) 
Seat 8: OriginalM ($2.10 in chips) 
Seat 9: tyano10 ($0.44 in chips) 
Tuhtyn: posts small blind $0.01
OriginalM: posts big blind $0.02
*** HOLE CARDS ***
Dealt to Dorex2007 [7d Qc]
VVNWIN leaves the table
tyano10: folds 
Dorex2007: folds 
dezname: folds 
Pottley1301: raises $0.03 to $0.05
Toxa_SF: folds 
umka186: folds 
Tuhtyn: folds 
OriginalM: folds 
Uncalled bet ($0.03) returned to Pottley1301
Pottley1301 collected $0.05 from pot
Pottley1301: doesn't show hand 
*** SUMMARY ***
Total pot $0.05 | Rake $0 
Seat 1: Dorex2007 folded before Flop (didn't bet)
Seat 2: dezname folded before Flop (didn't bet)
Seat 3: Pottley1301 collected ($0.05)
Seat 4: Toxa_SF folded before Flop (didn't bet)
Seat 6: umka186 (button) folded before Flop (didn't bet)
Seat 7: Tuhtyn (small blind) folded before Flop
Seat 8: OriginalM (big blind) folded before Flop
Seat 9: tyano10 folded before Flop (didn't bet)



PokerStars Hand #227861819295:  Hold'em No Limit ($0.01/$0.02 USD) - 2021/06/26 9:06:08 PT [2021/06/26 12:06:08 ET]
Table 'Chilton III' 9-max Seat #7 is the button
Seat 1: Dorex2007 ($3.41 in chips) 
Seat 2: dezname ($3.05 in chips) 
Seat 3: Pottley1301 ($4.01 in chips) 
Seat 4: Toxa_SF ($4.06 in chips) 
Seat 6: umka186 ($2 in chips) 
Seat 7: Tuhtyn ($2.59 in chips) 
Seat 8: OriginalM ($2.08 in chips) 
Seat 9: tyano10 ($0.44 in chips) 
OriginalM: posts small blind $0.01
tyano10: posts big blind $0.02
*** HOLE CARDS ***
Dealt to Dorex2007 [As 8d]
Dorex2007: folds 
dezname: folds 
SMUTJAN72 joins the table at seat #5 
Pottley1301: folds 
Toxa_SF: folds 
umka186: folds 
Tuhtyn: folds 
OriginalM: calls $0.01
tyano10: raises $0.02 to $0.04
OriginalM: calls $0.02
*** FLOP *** [Qh 9s 5h]
OriginalM: checks 
tyano10: bets $0.02
OriginalM: calls $0.02
*** TURN *** [Qh 9s 5h] [3d]
OriginalM: bets $0.02
tyano10: raises $0.02 to $0.04
OriginalM: calls $0.02
*** RIVER *** [Qh 9s 5h 3d] [Jd]
OriginalM: checks 
tyano10: bets $0.22
OriginalM: folds 
Uncalled bet ($0.22) returned to tyano10
tyano10 collected $0.19 from pot
tyano10: doesn't show hand 
*** SUMMARY ***
Total pot $0.20 | Rake $0.01 
Board [Qh 9s 5h 3d Jd]
Seat 1: Dorex2007 folded before Flop (didn't bet)
Seat 2: dezname folded before Flop (didn't bet)
Seat 3: Pottley1301 folded before Flop (didn't bet)
Seat 4: Toxa_SF folded before Flop (didn't bet)
Seat 6: umka186 folded before Flop (didn't bet)
Seat 7: Tuhtyn (button) folded before Flop (didn't bet)
Seat 8: OriginalM (small blind) folded on the River
Seat 9: tyano10 (big blind) collected ($0.19)



PokerStars Hand #227861841444:  Hold'em No Limit ($0.01/$0.02 USD) - 2021/06/26 9:07:16 PT [2021/06/26 12:07:16 ET]
Table 'Chilton III' 9-max Seat #8 is the button
Seat 1: Dorex2007 ($3.41 in chips) 
Seat 2: dezname ($3.05 in chips) 
Seat 3: Pottley1301 ($4.01 in chips) 
Seat 4: Toxa_SF ($4.06 in chips) 
Seat 6: umka186 ($2 in chips) 
Seat 7: Tuhtyn ($2.59 in chips) 
Seat 8: OriginalM ($1.98 in chips) 
Seat 9: tyano10 ($0.53 in chips) 
tyano10: posts small blind $0.01
Dorex2007: posts big blind $0.02
SMUTJAN72: sits out 
*** HOLE CARDS ***
Dealt to Dorex2007 [5c Kh]
dezname: folds 
Pottley1301: raises $0.03 to $0.05
Toxa_SF: folds 
umka186: folds 
Tuhtyn: folds 
OriginalM: calls $0.05
tyano10: folds 
Dorex2007: folds 
*** FLOP *** [Jc 2s 5s]
Pottley1301: checks 
OriginalM: checks 
*** TURN *** [Jc 2s 5s] [2c]
Pottley1301: bets $0.09
OriginalM: calls $0.09
*** RIVER *** [Jc 2s 5s 2c] [4h]
Pottley1301: checks 
OriginalM: checks 
*** SHOW DOWN ***
Pottley1301: shows [Js 9s] (two pair, Jacks and Deuces)
OriginalM: mucks hand 
Pottley1301 collected $0.30 from pot
*** SUMMARY ***
Total pot $0.31 | Rake $0.01 
Board [Jc 2s 5s 2c 4h]
Seat 1: Dorex2007 (big blind) folded before Flop
Seat 2: dezname folded before Flop (didn't bet)
Seat 3: Pottley1301 showed [Js 9s] and won ($0.30) with two pair, Jacks and Deuces
Seat 4: Toxa_SF folded before Flop (didn't bet)
Seat 6: umka186 folded before Flop (didn't bet)
Seat 7: Tuhtyn folded before Flop (didn't bet)
Seat 8: OriginalM (button) mucked [Ah 5h]
Seat 9: tyano10 (small blind) folded before Flop



PokerStars Hand #227861855053:  Hold'em No Limit ($0.01/$0.02 USD) - 2021/06/26 9:07:56 PT [2021/06/26 12:07:56 ET]
Table 'Chilton III' 9-max Seat #9 is the button
Seat 1: Dorex2007 ($3.39 in chips) 
Seat 2: dezname ($3.05 in chips) 
Seat 3: Pottley1301 ($4.17 in chips) 
Seat 4: Toxa_SF ($4.06 in chips) 
Seat 6: umka186 ($2 in chips) 
Seat 7: Tuhtyn ($2.59 in chips) 
Seat 8: OriginalM ($1.84 in chips) 
Seat 9: tyano10 ($0.52 in chips) 
Dorex2007: posts small blind $0.01
dezname: posts big blind $0.02
SMUTJAN72: sits out 
*** HOLE CARDS ***
Dealt to Dorex2007 [9h 5d]
Pottley1301: calls $0.02
Toxa_SF: raises $0.06 to $0.08
umka186: folds 
Tuhtyn: calls $0.08
OriginalM: folds 
tyano10: folds 
Dorex2007: folds 
dezname: folds 
Pottley1301: calls $0.06
*** FLOP *** [5s Qc 8c]
Pottley1301: checks 
Toxa_SF: checks 
Tuhtyn: checks 
*** TURN *** [5s Qc 8c] [Kd]
Pottley1301: checks 
Toxa_SF: bets $0.17
Tuhtyn: calls $0.17
Pottley1301: folds 
*** RIVER *** [5s Qc 8c Kd] [4d]
Toxa_SF: checks 
Tuhtyn: bets $0.30
Toxa_SF: calls $0.30
*** SHOW DOWN ***
Tuhtyn: shows [Kc Ac] (a pair of Kings)
Toxa_SF: mucks hand 
Tuhtyn collected $1.17 from pot
*** SUMMARY ***
Total pot $1.21 | Rake $0.04 
Board [5s Qc 8c Kd 4d]
Seat 1: Dorex2007 (small blind) folded before Flop
Seat 2: dezname (big blind) folded before Flop
Seat 3: Pottley1301 folded on the Turn
Seat 4: Toxa_SF mucked [Ts Ks]
Seat 6: umka186 folded before Flop (didn't bet)
Seat 7: Tuhtyn showed [Kc Ac] and won ($1.17) with a pair of Kings
Seat 8: OriginalM folded before Flop (didn't bet)
Seat 9: tyano10 (button) folded before Flop (didn't bet)



PokerStars Hand #227861886426:  Hold'em No Limit ($0.01/$0.02 USD) - 2021/06/26 9:09:32 PT [2021/06/26 12:09:32 ET]
Table 'Chilton III' 9-max Seat #1 is the button
Seat 1: Dorex2007 ($3.38 in chips) 
Seat 2: dezname ($3.03 in chips) 
Seat 3: Pottley1301 ($4.09 in chips) 
Seat 4: Toxa_SF ($3.51 in chips) 
Seat 6: umka186 ($2 in chips) 
Seat 7: Tuhtyn ($3.21 in chips) 
Seat 8: OriginalM ($1.84 in chips) 
Seat 9: tyano10 ($0.52 in chips) 
dezname: posts small blind $0.01
Pottley1301: posts big blind $0.02
SMUTJAN72: sits out 
*** HOLE CARDS ***
Dealt to Dorex2007 [3s Qd]
Toxa_SF: raises $0.03 to $0.05
umka186: folds 
Tuhtyn: folds 
OriginalM: calls $0.05
tyano10: calls $0.05
Dorex2007: folds 
dezname: folds 
Pottley1301: folds 
*** FLOP *** [6s Ts 8s]
Toxa_SF: bets $0.06
OriginalM: calls $0.06
tyano10: calls $0.06
*** TURN *** [6s Ts 8s] [4s]
Toxa_SF: checks 
OriginalM: checks 
tyano10: checks 
*** RIVER *** [6s Ts 8s 4s] [6h]
Toxa_SF: checks 
OriginalM: bets $0.08
tyano10: calls $0.08
Toxa_SF: calls $0.08
*** SHOW DOWN ***
OriginalM: shows [Jh 7h] (a pair of Sixes)
tyano10: shows [Kc 8d] (two pair, Eights and Sixes)
Toxa_SF: shows [Qh As] (a flush, Ace high)
Toxa_SF collected $0.58 from pot
*** SUMMARY ***
Total pot $0.60 | Rake $0.02 
Board [6s Ts 8s 4s 6h]
Seat 1: Dorex2007 (button) folded before Flop (didn't bet)
Seat 2: dezname (small blind) folded before Flop
Seat 3: Pottley1301 (big blind) folded before Flop
Seat 4: Toxa_SF showed [Qh As] and won ($0.58) with a flush, Ace high
Seat 6: umka186 folded before Flop (didn't bet)
Seat 7: Tuhtyn folded before Flop (didn't bet)
Seat 8: OriginalM showed [Jh 7h] and lost with a pair of Sixes
Seat 9: tyano10 showed [Kc 8d] and lost with two pair, Eights and Sixes



PokerStars Hand #227861913794:  Hold'em No Limit ($0.01/$0.02 USD) - 2021/06/26 9:10:57 PT [2021/06/26 12:10:57 ET]
Table 'Chilton III' 9-max Seat #2 is the button
Seat 1: Dorex2007 ($3.38 in chips) 
Seat 2: dezname ($3.02 in chips) 
Seat 3: Pottley1301 ($4.07 in chips) 
Seat 4: Toxa_SF ($3.90 in chips) 
Seat 6: umka186 ($2 in chips) 
Seat 7: Tuhtyn ($3.21 in chips) 
Seat 8: OriginalM ($1.65 in chips) 
Seat 9: tyano10 ($0.33 in chips) 
Pottley1301: posts small blind $0.01
Toxa_SF: posts big blind $0.02
SMUTJAN72: sits out 
*** HOLE CARDS ***
Dealt to Dorex2007 [4d 3s]
umka186: folds 
Tuhtyn: calls $0.02
OriginalM: calls $0.02
tyano10: calls $0.02
Dorex2007: folds 
dezname: folds 
Pottley1301: raises $0.10 to $0.12
Toxa_SF: folds 
Tuhtyn: calls $0.10
OriginalM: calls $0.10
tyano10: calls $0.10
*** FLOP *** [Js 5s 6s]
Pottley1301: bets $0.48
Tuhtyn: folds 
OriginalM: folds 
tyano10: folds 
Uncalled bet ($0.48) returned to Pottley1301
Pottley1301 collected $0.48 from pot
Pottley1301: doesn't show hand 
*** SUMMARY ***
Total pot $0.50 | Rake $0.02 
Board [Js 5s 6s]
Seat 1: Dorex2007 folded before Flop (didn't bet)
Seat 2: dezname (button) folded before Flop (didn't bet)
Seat 3: Pottley1301 (small blind) collected ($0.48)
Seat 4: Toxa_SF (big blind) folded before Flop
Seat 6: umka186 folded before Flop (didn't bet)
Seat 7: Tuhtyn folded on the Flop
Seat 8: OriginalM folded on the Flop
Seat 9: tyano10 folded on the Flop



PokerStars Hand #227861928424:  Hold'em No Limit ($0.01/$0.02 USD) - 2021/06/26 9:11:42 PT [2021/06/26 12:11:42 ET]
Table 'Chilton III' 9-max Seat #3 is the button
Seat 1: Dorex2007 ($3.38 in chips) 
Seat 2: dezname ($3.02 in chips) 
Seat 3: Pottley1301 ($4.43 in chips) 
Seat 4: Toxa_SF ($3.88 in chips) 
Seat 5: SMUTJAN72 ($1.60 in chips) 
Seat 6: umka186 ($2 in chips) 
Seat 7: Tuhtyn ($3.09 in chips) 
Seat 8: OriginalM ($1.53 in chips) 
Seat 9: tyano10 ($0.21 in chips) 
Toxa_SF: posts small blind $0.01
SMUTJAN72: posts big blind $0.02
*** HOLE CARDS ***
Dealt to Dorex2007 [7s 5c]
umka186: folds 
Tuhtyn: folds 
OriginalM: folds 
tyano10: calls $0.02
Dorex2007: folds 
dezname: folds 
Pottley1301: calls $0.02
Toxa_SF: folds 
SMUTJAN72: checks 
*** FLOP *** [6s Th Js]
SMUTJAN72: bets $0.02
tyano10: calls $0.02
Pottley1301: raises $0.13 to $0.15
SMUTJAN72: calls $0.13
tyano10: calls $0.13
*** TURN *** [6s Th Js] [3s]
SMUTJAN72: checks 
tyano10: checks 
Pottley1301: checks 
*** RIVER *** [6s Th Js 3s] [Qh]
SMUTJAN72: checks 
tyano10: checks 
Pottley1301: checks 
*** SHOW DOWN ***
SMUTJAN72: shows [9h Qc] (a pair of Queens)
tyano10: mucks hand 
Pottley1301: shows [Jh Td] (two pair, Jacks and Tens)
Pottley1301 collected $0.50 from pot
*** SUMMARY ***
Total pot $0.52 | Rake $0.02 
Board [6s Th Js 3s Qh]
Seat 1: Dorex2007 folded before Flop (didn't bet)
Seat 2: dezname folded before Flop (didn't bet)
Seat 3: Pottley1301 (button) showed [Jh Td] and won ($0.50) with two pair, Jacks and Tens
Seat 4: Toxa_SF (small blind) folded before Flop
Seat 5: SMUTJAN72 (big blind) showed [9h Qc] and lost with a pair of Queens
Seat 6: umka186 folded before Flop (didn't bet)
Seat 7: Tuhtyn folded before Flop (didn't bet)
Seat 8: OriginalM folded before Flop (didn't bet)
Seat 9: tyano10 mucked [7d As]



PokerStars Hand #227861952339:  Hold'em No Limit ($0.01/$0.02 USD) - 2021/06/26 9:12:56 PT [2021/06/26 12:12:56 ET]
Table 'Chilton III' 9-max Seat #4 is the button
Seat 1: Dorex2007 ($3.38 in chips) 
Seat 2: dezname ($3.02 in chips) 
Seat 3: Pottley1301 ($4.76 in chips) 
Seat 4: Toxa_SF ($3.87 in chips) 
Seat 5: SMUTJAN72 ($1.43 in chips) 
Seat 6: umka186 ($2 in chips) 
Seat 7: Tuhtyn ($3.09 in chips) 
Seat 8: OriginalM ($1.53 in chips) 
Seat 9: tyano10 ($0.04 in chips) 
SMUTJAN72: posts small blind $0.01
umka186: posts big blind $0.02
*** HOLE CARDS ***
Dealt to Dorex2007 [2h Ks]
Tuhtyn: folds 
OriginalM: folds 
tyano10: folds 
Dorex2007: folds 
dezname: folds 
Pottley1301: raises $0.03 to $0.05
Toxa_SF: folds 
SMUTJAN72: raises $0.12 to $0.17
umka186: folds 
Pottley1301: calls $0.12
*** FLOP *** [9c 8s 6s]
SMUTJAN72: bets $0.18
Pottley1301: raises $0.71 to $0.89
SMUTJAN72: folds 
Uncalled bet ($0.71) returned to Pottley1301
Pottley1301 collected $0.69 from pot
Pottley1301: doesn't show hand 
*** SUMMARY ***
Total pot $0.72 | Rake $0.03 
Board [9c 8s 6s]
Seat 1: Dorex2007 folded before Flop (didn't bet)
Seat 2: dezname folded before Flop (didn't bet)
Seat 3: Pottley1301 collected ($0.69)
Seat 4: Toxa_SF (button) folded before Flop (didn't bet)
Seat 5: SMUTJAN72 (small blind) folded on the Flop
Seat 6: umka186 (big blind) folded before Flop
Seat 7: Tuhtyn folded before Flop (didn't bet)
Seat 8: OriginalM folded before Flop (didn't bet)
Seat 9: tyano10 folded before Flop (didn't bet)



PokerStars Hand #227861967029:  Hold'em No Limit ($0.01/$0.02 USD) - 2021/06/26 9:13:42 PT [2021/06/26 12:13:42 ET]
Table 'Chilton III' 9-max Seat #5 is the button
Seat 1: Dorex2007 ($3.38 in chips) 
Seat 2: dezname ($3.02 in chips) 
Seat 3: Pottley1301 ($5.10 in chips) 
Seat 4: Toxa_SF ($3.87 in chips) 
Seat 5: SMUTJAN72 ($1.08 in chips) 
Seat 6: umka186 ($2 in chips) 
Seat 7: Tuhtyn ($3.09 in chips) 
Seat 8: OriginalM ($1.53 in chips) 
Seat 9: tyano10 ($0.04 in chips) 
umka186: posts small blind $0.01
Tuhtyn: posts big blind $0.02
*** HOLE CARDS ***
Dealt to Dorex2007 [7s As]
OriginalM: folds 
tyano10: folds 
Dorex2007: calls $0.02
dezname: folds 
Pottley1301: calls $0.02
Toxa_SF: folds 
SMUTJAN72: folds 
umka186: folds 
Tuhtyn: checks 
*** FLOP *** [8c 4s 2s]
Tuhtyn: checks 
Dorex2007: bets $0.07
Pottley1301: folds 
Tuhtyn: folds 
Uncalled bet ($0.07) returned to Dorex2007
Dorex2007 collected $0.07 from pot
Dorex2007: doesn't show hand 
*** SUMMARY ***
Total pot $0.07 | Rake $0 
Board [8c 4s 2s]
Seat 1: Dorex2007 collected ($0.07)
Seat 2: dezname folded before Flop (didn't bet)
Seat 3: Pottley1301 folded on the Flop
Seat 4: Toxa_SF folded before Flop (didn't bet)
Seat 5: SMUTJAN72 (button) folded before Flop (didn't bet)
Seat 6: umka186 (small blind) folded before Flop
Seat 7: Tuhtyn (big blind) folded on the Flop
Seat 8: OriginalM folded before Flop (didn't bet)
Seat 9: tyano10 folded before Flop (didn't bet)



PokerStars Hand #227861981757:  Hold'em No Limit ($0.01/$0.02 USD) - 2021/06/26 9:14:24 PT [2021/06/26 12:14:24 ET]
Table 'Chilton III' 9-max Seat #6 is the button
Seat 1: Dorex2007 ($3.43 in chips) 
Seat 2: dezname ($3.02 in chips) 
Seat 3: Pottley1301 ($5.08 in chips) 
Seat 4: Toxa_SF ($3.87 in chips) 
Seat 5: SMUTJAN72 ($1.08 in chips) 
Seat 6: umka186 ($2 in chips) 
Seat 7: Tuhtyn ($3.07 in chips) 
Seat 8: OriginalM ($1.53 in chips) 
Seat 9: tyano10 ($0.04 in chips) 
Tuhtyn: posts small blind $0.01
OriginalM: posts big blind $0.02
*** HOLE CARDS ***
Dealt to Dorex2007 [Kc 7h]
tyano10: calls $0.02
Dorex2007: folds 
dezname: folds 
Pottley1301: raises $0.03 to $0.05
Toxa_SF: folds 
SMUTJAN72: folds 
umka186: folds 
Tuhtyn: folds 
OriginalM: calls $0.03
tyano10: calls $0.02 and is all-in
*** FLOP *** [8h Tc 5s]
OriginalM: bets $0.02
Pottley1301: calls $0.02
*** TURN *** [8h Tc 5s] [3c]
OriginalM: bets $0.05
Pottley1301: folds 
Uncalled bet ($0.05) returned to OriginalM
*** RIVER *** [8h Tc 5s 3c] [2d]
*** SHOW DOWN ***
OriginalM: shows [5d 3d] (two pair, Fives and Threes)
OriginalM collected $0.05 from side pot
tyano10: shows [Qs 4s] (high card Queen)
OriginalM collected $0.13 from main pot
*** SUMMARY ***
Total pot $0.19 Main pot $0.13. Side pot $0.05. | Rake $0.01 
Board [8h Tc 5s 3c 2d]
Seat 1: Dorex2007 folded before Flop (didn't bet)
Seat 2: dezname folded before Flop (didn't bet)
Seat 3: Pottley1301 folded on the Turn
Seat 4: Toxa_SF folded before Flop (didn't bet)
Seat 5: SMUTJAN72 folded before Flop (didn't bet)
Seat 6: umka186 (button) folded before Flop (didn't bet)
Seat 7: Tuhtyn (small blind) folded before Flop
Seat 8: OriginalM (big blind) showed [5d 3d] and won ($0.18) with two pair, Fives and Threes
Seat 9: tyano10 showed [Qs 4s] and lost with high card Queen



PokerStars Hand #227861997610:  Hold'em No Limit ($0.01/$0.02 USD) - 2021/06/26 9:15:13 PT [2021/06/26 12:15:13 ET]
Table 'Chilton III' 9-max Seat #7 is the button
Seat 1: Dorex2007 ($3.43 in chips) 
Seat 2: dezname ($3.02 in chips) 
Seat 3: Pottley1301 ($5.01 in chips) 
Seat 4: Toxa_SF ($3.87 in chips) 
Seat 5: SMUTJAN72 ($1.08 in chips) 
Seat 6: umka186 ($2 in chips) 
Seat 7: Tuhtyn ($3.06 in chips) 
Seat 8: OriginalM ($1.64 in chips) 
OriginalM: posts small blind $0.01
Dorex2007: posts big blind $0.02
*** HOLE CARDS ***
Dealt to Dorex2007 [Qc 6d]
dezname: folds 
Pottley1301: folds 
Toxa_SF: folds 
SMUTJAN72: folds 
umka186: raises $0.03 to $0.05
Tuhtyn: folds 
OriginalM: raises $0.08 to $0.13
Dorex2007: folds 
umka186: folds 
Uncalled bet ($0.08) returned to OriginalM
OriginalM collected $0.12 from pot
OriginalM: doesn't show hand 
*** SUMMARY ***
Total pot $0.12 | Rake $0 
Seat 1: Dorex2007 (big blind) folded before Flop
Seat 2: dezname folded before Flop (didn't bet)
Seat 3: Pottley1301 folded before Flop (didn't bet)
Seat 4: Toxa_SF folded before Flop (didn't bet)
Seat 5: SMUTJAN72 folded before Flop (didn't bet)
Seat 6: umka186 folded before Flop
Seat 7: Tuhtyn (button) folded before Flop (didn't bet)
Seat 8: OriginalM (small blind) collected ($0.12)



PokerStars Hand #227862007163:  Hold'em No Limit ($0.01/$0.02 USD) - 2021/06/26 9:15:43 PT [2021/06/26 12:15:43 ET]
Table 'Chilton III' 9-max Seat #8 is the button
Seat 1: Dorex2007 ($3.41 in chips) 
Seat 2: dezname ($3.02 in chips) 
Seat 3: Pottley1301 ($5.01 in chips) 
Seat 4: Toxa_SF ($3.87 in chips) 
Seat 5: SMUTJAN72 ($1.08 in chips) 
Seat 6: umka186 ($2 in chips) 
Seat 7: Tuhtyn ($3.06 in chips) 
Seat 8: OriginalM ($1.71 in chips) 
Dorex2007: posts small blind $0.01
dezname: posts big blind $0.02
*** HOLE CARDS ***
Dealt to Dorex2007 [9c Td]
Pottley1301: raises $0.03 to $0.05
tyano10 leaves the table
Toxa_SF: folds 
P37AS joins the table at seat #9 
SMUTJAN72: folds 
umka186: folds 
Tuhtyn: folds 
OriginalM: folds 
Dorex2007: folds 
dezname: folds 
Uncalled bet ($0.03) returned to Pottley1301
Pottley1301 collected $0.05 from pot
Pottley1301: doesn't show hand 
*** SUMMARY ***
Total pot $0.05 | Rake $0 
Seat 1: Dorex2007 (small blind) folded before Flop
Seat 2: dezname (big blind) folded before Flop
Seat 3: Pottley1301 collected ($0.05)
Seat 4: Toxa_SF folded before Flop (didn't bet)
Seat 5: SMUTJAN72 folded before Flop (didn't bet)
Seat 6: umka186 folded before Flop (didn't bet)
Seat 7: Tuhtyn folded before Flop (didn't bet)
Seat 8: OriginalM (button) folded before Flop (didn't bet)



PokerStars Hand #227862013390:  Hold'em No Limit ($0.01/$0.02 USD) - 2021/06/26 9:16:02 PT [2021/06/26 12:16:02 ET]
Table 'Chilton III' 9-max Seat #1 is the button
Seat 1: Dorex2007 ($3.40 in chips) 
Seat 2: dezname ($3 in chips) 
Seat 3: Pottley1301 ($5.04 in chips) 
Seat 4: Toxa_SF ($3.87 in chips) 
Seat 5: SMUTJAN72 ($1.08 in chips) 
Seat 6: umka186 ($2 in chips) 
Seat 7: Tuhtyn ($3.06 in chips) 
Seat 8: OriginalM ($1.71 in chips) 
dezname: posts small blind $0.01
Pottley1301: posts big blind $0.02
P37AS: sits out 
*** HOLE CARDS ***
Dealt to Dorex2007 [7h 7d]
Toxa_SF: folds 
SMUTJAN72: folds 
umka186: folds 
Tuhtyn: folds 
OriginalM: raises $0.02 to $0.04
Dorex2007: calls $0.04
dezname: folds 
Pottley1301: calls $0.02
*** FLOP *** [7s 8s 6s]
Pottley1301: checks 
OriginalM: bets $0.02
Dorex2007: raises $0.04 to $0.06
Pottley1301: calls $0.06
OriginalM: calls $0.04
*** TURN *** [7s 8s 6s] [Qh]
Pottley1301: checks 
OriginalM: checks 
Dorex2007: bets $0.08
Pottley1301: calls $0.08
OriginalM: calls $0.08
*** RIVER *** [7s 8s 6s Qh] [5d]
Pottley1301: checks 
OriginalM: checks 
Dorex2007: checks 
*** SHOW DOWN ***
Pottley1301: shows [9s Ac] (a straight, Five to Nine)
OriginalM: mucks hand 
Dorex2007: mucks hand 
Pottley1301 collected $0.53 from pot
*** SUMMARY ***
Total pot $0.55 | Rake $0.02 
Board [7s 8s 6s Qh 5d]
Seat 1: Dorex2007 (button) mucked [7h 7d]
Seat 2: dezname (small blind) folded before Flop
Seat 3: Pottley1301 (big blind) showed [9s Ac] and won ($0.53) with a straight, Five to Nine
Seat 4: Toxa_SF folded before Flop (didn't bet)
Seat 5: SMUTJAN72 folded before Flop (didn't bet)
Seat 6: umka186 folded before Flop (didn't bet)
Seat 7: Tuhtyn folded before Flop (didn't bet)
Seat 8: OriginalM mucked [Td Th]



PokerStars Hand #227862036391:  Hold'em No Limit ($0.01/$0.02 USD) - 2021/06/26 9:17:12 PT [2021/06/26 12:17:12 ET]
Table 'Chilton III' 9-max Seat #2 is the button
Seat 1: Dorex2007 ($3.22 in chips) 
Seat 2: dezname ($2.99 in chips) 
Seat 3: Pottley1301 ($5.39 in chips) 
Seat 4: Toxa_SF ($3.87 in chips) 
Seat 5: SMUTJAN72 ($1.08 in chips) 
Seat 6: umka186 ($2 in chips) 
Seat 7: Tuhtyn ($3.06 in chips) 
Seat 8: OriginalM ($1.53 in chips) 
Pottley1301: posts small blind $0.01
Toxa_SF: posts big blind $0.02
P37AS: sits out 
*** HOLE CARDS ***
Dealt to Dorex2007 [2s Jd]
SMUTJAN72: calls $0.02
umka186: folds 
Tuhtyn: folds 
OriginalM: folds 
Dorex2007: folds 
dezname: folds 
Pottley1301: calls $0.01
Toxa_SF: checks 
*** FLOP *** [3s 8s Th]
Pottley1301: checks 
Toxa_SF: checks 
SMUTJAN72: checks 
*** TURN *** [3s 8s Th] [Qc]
Pottley1301: checks 
Toxa_SF: bets $0.04
SMUTJAN72: folds 
Pottley1301: calls $0.04
*** RIVER *** [3s 8s Th Qc] [6h]
Pottley1301: checks 
Toxa_SF: checks 
*** SHOW DOWN ***
Pottley1301: shows [9s Qs] (a pair of Queens)
Toxa_SF: mucks hand 
Pottley1301 collected $0.14 from pot
*** SUMMARY ***
Total pot $0.14 | Rake $0 
Board [3s 8s Th Qc 6h]
Seat 1: Dorex2007 folded before Flop (didn't bet)
Seat 2: dezname (button) folded before Flop (didn't bet)
Seat 3: Pottley1301 (small blind) showed [9s Qs] and won ($0.14) with a pair of Queens
Seat 4: Toxa_SF (big blind) mucked [6c 4d]
Seat 5: SMUTJAN72 folded on the Turn
Seat 6: umka186 folded before Flop (didn't bet)
Seat 7: Tuhtyn folded before Flop (didn't bet)
Seat 8: OriginalM folded before Flop (didn't bet)



PokerStars Hand #227862070387:  Hold'em No Limit ($0.01/$0.02 USD) - 2021/06/26 9:18:16 PT [2021/06/26 12:18:16 ET]
Table 'Chilton III' 9-max Seat #3 is the button
Seat 1: Dorex2007 ($3.22 in chips) 
Seat 2: dezname ($2.99 in chips) 
Seat 3: Pottley1301 ($5.47 in chips) 
Seat 4: Toxa_SF ($3.81 in chips) 
Seat 5: SMUTJAN72 ($1.06 in chips) 
Seat 6: umka186 ($2 in chips) 
Seat 7: Tuhtyn ($3.06 in chips) 
Seat 8: OriginalM ($1.53 in chips) 
Toxa_SF: posts small blind $0.01
SMUTJAN72: posts big blind $0.02
P37AS: sits out 
*** HOLE CARDS ***
Dealt to Dorex2007 [8h 4d]
umka186: folds 
Tuhtyn: calls $0.02
OriginalM: folds 
Dorex2007: folds 
dezname: raises $0.06 to $0.08
Pottley1301: folds 
Toxa_SF: folds 
SMUTJAN72: folds 
Tuhtyn: calls $0.06
*** FLOP *** [As 6h 5h]
Tuhtyn: bets $0.06
dezname: folds 
Uncalled bet ($0.06) returned to Tuhtyn
Tuhtyn collected $0.18 from pot
*** SUMMARY ***
Total pot $0.19 | Rake $0.01 
Board [As 6h 5h]
Seat 1: Dorex2007 folded before Flop (didn't bet)
Seat 2: dezname folded on the Flop
Seat 3: Pottley1301 (button) folded before Flop (didn't bet)
Seat 4: Toxa_SF (small blind) folded before Flop
Seat 5: SMUTJAN72 (big blind) folded before Flop
Seat 6: umka186 folded before Flop (didn't bet)
Seat 7: Tuhtyn collected ($0.18)
Seat 8: OriginalM folded before Flop (didn't bet)



PokerStars Hand #227862084583:  Hold'em No Limit ($0.01/$0.02 USD) - 2021/06/26 9:18:59 PT [2021/06/26 12:18:59 ET]
Table 'Chilton III' 9-max Seat #4 is the button
Seat 1: Dorex2007 ($3.22 in chips) 
Seat 2: dezname ($2.91 in chips) 
Seat 3: Pottley1301 ($5.47 in chips) 
Seat 4: Toxa_SF ($3.80 in chips) 
Seat 5: SMUTJAN72 ($1.04 in chips) 
Seat 6: umka186 ($2 in chips) 
Seat 7: Tuhtyn ($3.16 in chips) 
Seat 8: OriginalM ($1.53 in chips) 
SMUTJAN72: posts small blind $0.01
umka186: posts big blind $0.02
P37AS: sits out 
*** HOLE CARDS ***
Dealt to Dorex2007 [Qh 5c]
Tuhtyn: folds 
OriginalM: folds 
Dorex2007: folds 
dezname: folds 
Pottley1301: folds 
Toxa_SF: folds 
SMUTJAN72: calls $0.01
umka186: checks 
*** FLOP *** [Ah 7s 2s]
SMUTJAN72: bets $0.02
umka186: folds 
Uncalled bet ($0.02) returned to SMUTJAN72
SMUTJAN72 collected $0.04 from pot
*** SUMMARY ***
Total pot $0.04 | Rake $0 
Board [Ah 7s 2s]
Seat 1: Dorex2007 folded before Flop (didn't bet)
Seat 2: dezname folded before Flop (didn't bet)
Seat 3: Pottley1301 folded before Flop (didn't bet)
Seat 4: Toxa_SF (button) folded before Flop (didn't bet)
Seat 5: SMUTJAN72 (small blind) collected ($0.04)
Seat 6: umka186 (big blind) folded on the Flop
Seat 7: Tuhtyn folded before Flop (didn't bet)
Seat 8: OriginalM folded before Flop (didn't bet)



PokerStars Hand #227862094324:  Hold'em No Limit ($0.01/$0.02 USD) - 2021/06/26 9:19:28 PT [2021/06/26 12:19:28 ET]
Table 'Chilton III' 9-max Seat #5 is the button
Seat 1: Dorex2007 ($3.22 in chips) 
Seat 2: dezname ($2.91 in chips) 
Seat 3: Pottley1301 ($5.47 in chips) 
Seat 4: Toxa_SF ($3.80 in chips) 
Seat 5: SMUTJAN72 ($1.06 in chips) 
Seat 6: umka186 ($2 in chips) 
Seat 7: Tuhtyn ($3.16 in chips) 
Seat 8: OriginalM ($1.53 in chips) 
umka186: posts small blind $0.01
Tuhtyn: posts big blind $0.02
P37AS: sits out 
*** HOLE CARDS ***
Dealt to Dorex2007 [9s 4d]
OriginalM: raises $0.03 to $0.05
Dorex2007: folds 
dezname: folds 
Pottley1301: folds 
Toxa_SF: folds 
SMUTJAN72: folds 
umka186: raises $0.12 to $0.17
Tuhtyn: folds 
OriginalM: calls $0.12
*** FLOP *** [Jd Ah 8c]
umka186: bets $0.12
OriginalM: calls $0.12
*** TURN *** [Jd Ah 8c] [Kc]
umka186: bets $0.45
OriginalM: raises $0.79 to $1.24 and is all-in
umka186: calls $0.79
OriginalM has timed out
*** RIVER *** [Jd Ah 8c Kc] [2h]
*** SHOW DOWN ***
umka186: shows [Ks Kh] (three of a kind, Kings)
OriginalM: shows [Tc Qc] (a straight, Ten to Ace)
OriginalM collected $2.97 from pot
*** SUMMARY ***
Total pot $3.08 | Rake $0.11 
Board [Jd Ah 8c Kc 2h]
Seat 1: Dorex2007 folded before Flop (didn't bet)
Seat 2: dezname folded before Flop (didn't bet)
Seat 3: Pottley1301 folded before Flop (didn't bet)
Seat 4: Toxa_SF folded before Flop (didn't bet)
Seat 5: SMUTJAN72 (button) folded before Flop (didn't bet)
Seat 6: umka186 (small blind) showed [Ks Kh] and lost with three of a kind, Kings
Seat 7: Tuhtyn (big blind) folded before Flop
Seat 8: OriginalM showed [Tc Qc] and won ($2.97) with a straight, Ten to Ace



PokerStars Hand #227862122998:  Hold'em No Limit ($0.01/$0.02 USD) - 2021/06/26 9:20:55 PT [2021/06/26 12:20:55 ET]
Table 'Chilton III' 9-max Seat #7 is the button
Seat 1: Dorex2007 ($3.22 in chips) 
Seat 2: dezname ($2.91 in chips) 
Seat 3: Pottley1301 ($5.47 in chips) 
Seat 4: Toxa_SF ($3.80 in chips) 
Seat 5: SMUTJAN72 ($1.06 in chips) 
Seat 6: umka186 ($2 in chips) 
Seat 7: Tuhtyn ($3.13 in chips) 
Seat 8: OriginalM ($2.98 in chips) 
Seat 9: P37AS ($2 in chips) 
OriginalM: posts small blind $0.01
P37AS: posts big blind $0.02
*** HOLE CARDS ***
Dealt to Dorex2007 [3s Td]
Dorex2007: folds 
dezname: folds 
Pottley1301: raises $0.03 to $0.05
Toxa_SF: folds 
SMUTJAN72: folds 
umka186: folds 
Tuhtyn: folds 
OriginalM: calls $0.04
P37AS: folds 
*** FLOP *** [7d 7h 2h]
OriginalM: bets $0.02
Pottley1301: calls $0.02
*** TURN *** [7d 7h 2h] [Js]
OriginalM: bets $0.02
Pottley1301: folds 
Uncalled bet ($0.02) returned to OriginalM
OriginalM collected $0.15 from pot
OriginalM: doesn't show hand 
*** SUMMARY ***
Total pot $0.16 | Rake $0.01 
Board [7d 7h 2h Js]
Seat 1: Dorex2007 folded before Flop (didn't bet)
Seat 2: dezname folded before Flop (didn't bet)
Seat 3: Pottley1301 folded on the Turn
Seat 4: Toxa_SF folded before Flop (didn't bet)
Seat 5: SMUTJAN72 folded before Flop (didn't bet)
Seat 6: umka186 folded before Flop (didn't bet)
Seat 7: Tuhtyn (button) folded before Flop (didn't bet)
Seat 8: OriginalM (small blind) collected ($0.15)
Seat 9: P37AS (big blind) folded before Flop



PokerStars Hand #227862141232:  Hold'em No Limit ($0.01/$0.02 USD) - 2021/06/26 9:21:51 PT [2021/06/26 12:21:51 ET]
Table 'Chilton III' 9-max Seat #8 is the button
Seat 1: Dorex2007 ($3.22 in chips) 
Seat 2: dezname ($2.91 in chips) 
Seat 3: Pottley1301 ($5.40 in chips) 
Seat 4: Toxa_SF ($3.80 in chips) 
Seat 5: SMUTJAN72 ($1.06 in chips) 
Seat 6: umka186 ($2 in chips) 
Seat 7: Tuhtyn ($3.13 in chips) 
Seat 8: OriginalM ($3.06 in chips) 
Seat 9: P37AS ($2 in chips) 
P37AS: posts small blind $0.01
Dorex2007: posts big blind $0.02
*** HOLE CARDS ***
Dealt to Dorex2007 [Kd Qd]
dezname: folds 
Pottley1301: folds 
Toxa_SF: folds 
SMUTJAN72: folds 
umka186: folds 
Tuhtyn: folds 
OriginalM: calls $0.02
P37AS: folds 
Dorex2007: checks 
*** FLOP *** [8h 6s 7c]
Dorex2007: checks 
OriginalM: bets $0.02
Dorex2007: calls $0.02
*** TURN *** [8h 6s 7c] [2c]
Dorex2007: checks 
OriginalM: bets $0.04
Dorex2007: calls $0.04
*** RIVER *** [8h 6s 7c 2c] [3h]
Dorex2007: bets $0.11
OriginalM: folds 
Uncalled bet ($0.11) returned to Dorex2007
Dorex2007 collected $0.16 from pot
Dorex2007: doesn't show hand 
*** SUMMARY ***
Total pot $0.17 | Rake $0.01 
Board [8h 6s 7c 2c 3h]
Seat 1: Dorex2007 (big blind) collected ($0.16)
Seat 2: dezname folded before Flop (didn't bet)
Seat 3: Pottley1301 folded before Flop (didn't bet)
Seat 4: Toxa_SF folded before Flop (didn't bet)
Seat 5: SMUTJAN72 folded before Flop (didn't bet)
Seat 6: umka186 folded before Flop (didn't bet)
Seat 7: Tuhtyn folded before Flop (didn't bet)
Seat 8: OriginalM (button) folded on the River
Seat 9: P37AS (small blind) folded before Flop



PokerStars Hand #227862154516:  Hold'em No Limit ($0.01/$0.02 USD) - 2021/06/26 9:22:32 PT [2021/06/26 12:22:32 ET]
Table 'Chilton III' 9-max Seat #9 is the button
Seat 1: Dorex2007 ($3.30 in chips) 
Seat 2: dezname ($2.91 in chips) 
Seat 3: Pottley1301 ($5.40 in chips) 
Seat 4: Toxa_SF ($3.80 in chips) 
Seat 5: SMUTJAN72 ($1.06 in chips) 
Seat 6: umka186 ($2 in chips) 
Seat 7: Tuhtyn ($3.13 in chips) 
Seat 8: OriginalM ($2.98 in chips) 
Seat 9: P37AS ($2 in chips) 
Dorex2007: posts small blind $0.01
dezname: posts big blind $0.02
*** HOLE CARDS ***
Dealt to Dorex2007 [9s 8s]
Pottley1301: folds 
Toxa_SF: folds 
SMUTJAN72: folds 
umka186: folds 
Tuhtyn: folds 
OriginalM has timed out
OriginalM: folds 
P37AS: folds 
Dorex2007: raises $0.04 to $0.06
dezname: folds 
Uncalled bet ($0.04) returned to Dorex2007
Dorex2007 collected $0.04 from pot
Dorex2007: doesn't show hand 
*** SUMMARY ***
Total pot $0.04 | Rake $0 
Seat 1: Dorex2007 (small blind) collected ($0.04)
Seat 2: dezname (big blind) folded before Flop
Seat 3: Pottley1301 folded before Flop (didn't bet)
Seat 4: Toxa_SF folded before Flop (didn't bet)
Seat 5: SMUTJAN72 folded before Flop (didn't bet)
Seat 6: umka186 folded before Flop (didn't bet)
Seat 7: Tuhtyn folded before Flop (didn't bet)
Seat 8: OriginalM folded before Flop (didn't bet)
Seat 9: P37AS (button) folded before Flop (didn't bet)



PokerStars Hand #227862163390:  Hold'em No Limit ($0.01/$0.02 USD) - 2021/06/26 9:22:59 PT [2021/06/26 12:22:59 ET]
Table 'Chilton III' 9-max Seat #1 is the button
Seat 1: Dorex2007 ($3.32 in chips) 
Seat 2: dezname ($2.89 in chips) 
Seat 3: Pottley1301 ($5.40 in chips) 
Seat 4: Toxa_SF ($3.80 in chips) 
Seat 5: SMUTJAN72 ($1.06 in chips) 
Seat 6: umka186 ($2 in chips) 
Seat 7: Tuhtyn ($3.13 in chips) 
Seat 8: OriginalM ($2.98 in chips) 
Seat 9: P37AS ($2 in chips) 
dezname: posts small blind $0.01
Pottley1301: posts big blind $0.02
*** HOLE CARDS ***
Dealt to Dorex2007 [Jd 2c]
Toxa_SF: folds 
SMUTJAN72: folds 
umka186: folds 
Tuhtyn: folds 
OriginalM: calls $0.02
P37AS: raises $0.04 to $0.06
Dorex2007: folds 
dezname: folds 
Pottley1301: folds 
OriginalM: calls $0.04
*** FLOP *** [4h Kh 7h]
OriginalM: checks 
P37AS: bets $0.14
OriginalM: folds 
Uncalled bet ($0.14) returned to P37AS
P37AS collected $0.14 from pot
P37AS: doesn't show hand 
*** SUMMARY ***
Total pot $0.15 | Rake $0.01 
Board [4h Kh 7h]
Seat 1: Dorex2007 (button) folded before Flop (didn't bet)
Seat 2: dezname (small blind) folded before Flop
Seat 3: Pottley1301 (big blind) folded before Flop
Seat 4: Toxa_SF folded before Flop (didn't bet)
Seat 5: SMUTJAN72 folded before Flop (didn't bet)
Seat 6: umka186 folded before Flop (didn't bet)
Seat 7: Tuhtyn folded before Flop (didn't bet)
Seat 8: OriginalM folded on the Flop
Seat 9: P37AS collected ($0.14)



PokerStars Hand #227862172961:  Hold'em No Limit ($0.01/$0.02 USD) - 2021/06/26 9:23:29 PT [2021/06/26 12:23:29 ET]
Table 'Chilton III' 9-max Seat #2 is the button
Seat 1: Dorex2007 ($3.32 in chips) 
Seat 2: dezname ($2.88 in chips) 
Seat 3: Pottley1301 ($5.38 in chips) 
Seat 4: Toxa_SF ($3.80 in chips) 
Seat 5: SMUTJAN72 ($1.06 in chips) 
Seat 6: umka186 ($2 in chips) 
Seat 7: Tuhtyn ($3.13 in chips) 
Seat 8: OriginalM ($2.92 in chips) 
Seat 9: P37AS ($2.08 in chips) 
Pottley1301: posts small blind $0.01
Toxa_SF: posts big blind $0.02
*** HOLE CARDS ***
Dealt to Dorex2007 [9d 3s]
SMUTJAN72: folds 
umka186: folds 
Tuhtyn: calls $0.02
OriginalM: raises $0.04 to $0.06
P37AS: folds 
Dorex2007: folds 
dezname: folds 
Pottley1301: calls $0.05
Toxa_SF: folds 
Tuhtyn: calls $0.04
*** FLOP *** [Th Tc 8c]
Pottley1301: checks 
Tuhtyn: checks 
OriginalM: bets $0.09
Pottley1301: calls $0.09
Tuhtyn: calls $0.09
*** TURN *** [Th Tc 8c] [3d]
Pottley1301: checks 
Tuhtyn: checks 
OriginalM: checks 
*** RIVER *** [Th Tc 8c 3d] [6d]
Pottley1301: checks 
Tuhtyn: checks 
OriginalM: checks 
*** SHOW DOWN ***
Pottley1301: shows [8d Qd] (two pair, Tens and Eights)
Tuhtyn: mucks hand 
OriginalM: mucks hand 
Pottley1301 collected $0.45 from pot
*** SUMMARY ***
Total pot $0.47 | Rake $0.02 
Board [Th Tc 8c 3d 6d]
Seat 1: Dorex2007 folded before Flop (didn't bet)
Seat 2: dezname (button) folded before Flop (didn't bet)
Seat 3: Pottley1301 (small blind) showed [8d Qd] and won ($0.45) with two pair, Tens and Eights
Seat 4: Toxa_SF (big blind) folded before Flop
Seat 5: SMUTJAN72 folded before Flop (didn't bet)
Seat 6: umka186 folded before Flop (didn't bet)
Seat 7: Tuhtyn mucked [Qh Js]
Seat 8: OriginalM mucked [5d 5c]
Seat 9: P37AS folded before Flop (didn't bet)



PokerStars Hand #227862196131:  Hold'em No Limit ($0.01/$0.02 USD) - 2021/06/26 9:24:39 PT [2021/06/26 12:24:39 ET]
Table 'Chilton III' 9-max Seat #3 is the button
Seat 1: Dorex2007 ($3.32 in chips) 
Seat 2: dezname ($2.88 in chips) 
Seat 3: Pottley1301 ($5.68 in chips) 
Seat 4: Toxa_SF ($3.78 in chips) 
Seat 5: SMUTJAN72 ($1.06 in chips) 
Seat 6: umka186 ($2 in chips) 
Seat 7: Tuhtyn ($2.98 in chips) 
Seat 8: OriginalM ($2.77 in chips) 
Seat 9: P37AS ($2.08 in chips) 
Toxa_SF: posts small blind $0.01
SMUTJAN72: posts big blind $0.02
*** HOLE CARDS ***
Dealt to Dorex2007 [7d 2s]
umka186: folds 
Tuhtyn: folds 
OriginalM: folds 
P37AS: folds 
Dorex2007: folds 
dezname: folds 
Pottley1301: folds 
Toxa_SF: raises $0.03 to $0.05
SMUTJAN72: folds 
Uncalled bet ($0.03) returned to Toxa_SF
Toxa_SF collected $0.04 from pot
Toxa_SF: doesn't show hand 
*** SUMMARY ***
Total pot $0.04 | Rake $0 
Seat 1: Dorex2007 folded before Flop (didn't bet)
Seat 2: dezname folded before Flop (didn't bet)
Seat 3: Pottley1301 (button) folded before Flop (didn't bet)
Seat 4: Toxa_SF (small blind) collected ($0.04)
Seat 5: SMUTJAN72 (big blind) folded before Flop
Seat 6: umka186 folded before Flop (didn't bet)
Seat 7: Tuhtyn folded before Flop (didn't bet)
Seat 8: OriginalM folded before Flop (didn't bet)
Seat 9: P37AS folded before Flop (didn't bet)



PokerStars Hand #227862205999:  Hold'em No Limit ($0.01/$0.02 USD) - 2021/06/26 9:25:08 PT [2021/06/26 12:25:08 ET]
Table 'Chilton III' 9-max Seat #4 is the button
Seat 1: Dorex2007 ($3.32 in chips) 
Seat 2: dezname ($2.88 in chips) 
Seat 3: Pottley1301 ($5.68 in chips) 
Seat 4: Toxa_SF ($3.80 in chips) 
Seat 5: SMUTJAN72 ($1.04 in chips) 
Seat 6: umka186 ($2 in chips) 
Seat 7: Tuhtyn ($2.98 in chips) 
Seat 8: OriginalM ($2.77 in chips) 
Seat 9: P37AS ($2.08 in chips) 
SMUTJAN72: posts small blind $0.01
umka186: posts big blind $0.02
*** HOLE CARDS ***
Dealt to Dorex2007 [4s 5c]
Tuhtyn has timed out
Tuhtyn: folds 
Tuhtyn is disconnected 
OriginalM: calls $0.02
P37AS: folds 
Dorex2007: folds 
dezname: folds 
Pottley1301: raises $0.03 to $0.05
Toxa_SF: folds 
SMUTJAN72: folds 
umka186: folds 
OriginalM: calls $0.03
*** FLOP *** [Tc Qc Ks]
OriginalM: checks 
Pottley1301: checks 
*** TURN *** [Tc Qc Ks] [3d]
OriginalM: checks 
Pottley1301: checks 
*** RIVER *** [Tc Qc Ks 3d] [Qs]
OriginalM: bets $0.02
Pottley1301: folds 
Uncalled bet ($0.02) returned to OriginalM
OriginalM collected $0.13 from pot
OriginalM: doesn't show hand 
*** SUMMARY ***
Total pot $0.13 | Rake $0 
Board [Tc Qc Ks 3d Qs]
Seat 1: Dorex2007 folded before Flop (didn't bet)
Seat 2: dezname folded before Flop (didn't bet)
Seat 3: Pottley1301 folded on the River
Seat 4: Toxa_SF (button) folded before Flop (didn't bet)
Seat 5: SMUTJAN72 (small blind) folded before Flop
Seat 6: umka186 (big blind) folded before Flop
Seat 7: Tuhtyn folded before Flop (didn't bet)
Seat 8: OriginalM collected ($0.13)
Seat 9: P37AS folded before Flop (didn't bet)



PokerStars Hand #227862224316:  Hold'em No Limit ($0.01/$0.02 USD) - 2021/06/26 9:26:03 PT [2021/06/26 12:26:03 ET]
Table 'Chilton III' 9-max Seat #5 is the button
Seat 1: Dorex2007 ($3.32 in chips) 
Seat 2: dezname ($2.88 in chips) 
Seat 3: Pottley1301 ($5.63 in chips) 
Seat 4: Toxa_SF ($3.80 in chips) 
Seat 5: SMUTJAN72 ($1.03 in chips) 
Seat 6: umka186 ($2 in chips) 
Seat 8: OriginalM ($2.85 in chips) 
Seat 9: P37AS ($2.08 in chips) 
umka186: posts small blind $0.01
OriginalM: posts big blind $0.02
*** HOLE CARDS ***
Dealt to Dorex2007 [6c Qs]
P37AS: folds 
Dorex2007: folds 
dezname: folds 
Pottley1301: folds 
Toxa_SF: folds 
SMUTJAN72: folds 
umka186: folds 
Uncalled bet ($0.01) returned to OriginalM
OriginalM collected $0.02 from pot
OriginalM: doesn't show hand 
*** SUMMARY ***
Total pot $0.02 | Rake $0 
Seat 1: Dorex2007 folded before Flop (didn't bet)
Seat 2: dezname folded before Flop (didn't bet)
Seat 3: Pottley1301 folded before Flop (didn't bet)
Seat 4: Toxa_SF folded before Flop (didn't bet)
Seat 5: SMUTJAN72 (button) folded before Flop (didn't bet)
Seat 6: umka186 (small blind) folded before Flop
Seat 8: OriginalM (big blind) collected ($0.02)
Seat 9: P37AS folded before Flop (didn't bet)



PokerStars Hand #227862231372:  Hold'em No Limit ($0.01/$0.02 USD) - 2021/06/26 9:26:24 PT [2021/06/26 12:26:24 ET]
Table 'Chilton III' 9-max Seat #6 is the button
Seat 1: Dorex2007 ($3.32 in chips) 
Seat 2: dezname ($2.88 in chips) 
Seat 3: Pottley1301 ($5.63 in chips) 
Seat 4: Toxa_SF ($3.80 in chips) 
Seat 5: SMUTJAN72 ($1.03 in chips) 
Seat 6: umka186 ($2 in chips) 
Seat 8: OriginalM ($2.86 in chips) 
Seat 9: P37AS ($2.08 in chips) 
OriginalM: posts small blind $0.01
P37AS: posts big blind $0.02
*** HOLE CARDS ***
Dealt to Dorex2007 [4c 4d]
Dorex2007: folds 
dezname: folds 
Pottley1301: raises $0.03 to $0.05
Toxa_SF: folds 
SMUTJAN72: folds 
umka186: folds 
OriginalM: calls $0.04
P37AS: folds 
*** FLOP *** [Qh 5d 9h]
OriginalM: bets $0.02
Pottley1301: calls $0.02
*** TURN *** [Qh 5d 9h] [Qc]
OriginalM: bets $0.03
Pottley1301: calls $0.03
*** RIVER *** [Qh 5d 9h Qc] [Qd]
OriginalM: bets $0.45
Pottley1301: folds 
Uncalled bet ($0.45) returned to OriginalM
OriginalM collected $0.21 from pot
OriginalM: doesn't show hand 
*** SUMMARY ***
Total pot $0.22 | Rake $0.01 
Board [Qh 5d 9h Qc Qd]
Seat 1: Dorex2007 folded before Flop (didn't bet)
Seat 2: dezname folded before Flop (didn't bet)
Seat 3: Pottley1301 folded on the River
Seat 4: Toxa_SF folded before Flop (didn't bet)
Seat 5: SMUTJAN72 folded before Flop (didn't bet)
Seat 6: umka186 (button) folded before Flop (didn't bet)
Seat 8: OriginalM (small blind) collected ($0.21)
Seat 9: P37AS (big blind) folded before Flop



PokerStars Hand #227862251969:  Hold'em No Limit ($0.01/$0.02 USD) - 2021/06/26 9:27:26 PT [2021/06/26 12:27:26 ET]
Table 'Chilton III' 9-max Seat #8 is the button
Seat 1: Dorex2007 ($3.32 in chips) 
Seat 2: dezname ($2.88 in chips) 
Seat 3: Pottley1301 ($5.53 in chips) 
Seat 4: Toxa_SF ($3.80 in chips) 
Seat 5: SMUTJAN72 ($1.03 in chips) 
Seat 6: umka186 ($2 in chips) 
Seat 8: OriginalM ($2.97 in chips) 
Seat 9: P37AS ($2.06 in chips) 
P37AS: posts small blind $0.01
Dorex2007: posts big blind $0.02
*** HOLE CARDS ***
Dealt to Dorex2007 [Kd 8s]
dezname: folds 
Pottley1301: folds 
Toxa_SF: folds 
SMUTJAN72: raises $0.04 to $0.06
umka186: folds 
OriginalM: folds 
P37AS: folds 
Dorex2007: folds 
Uncalled bet ($0.04) returned to SMUTJAN72
SMUTJAN72 collected $0.05 from pot
*** SUMMARY ***
Total pot $0.05 | Rake $0 
Seat 1: Dorex2007 (big blind) folded before Flop
Seat 2: dezname folded before Flop (didn't bet)
Seat 3: Pottley1301 folded before Flop (didn't bet)
Seat 4: Toxa_SF folded before Flop (didn't bet)
Seat 5: SMUTJAN72 collected ($0.05)
Seat 6: umka186 folded before Flop (didn't bet)
Seat 8: OriginalM (button) folded before Flop (didn't bet)
Seat 9: P37AS (small blind) folded before Flop



PokerStars Hand #227862256887:  Hold'em No Limit ($0.01/$0.02 USD) - 2021/06/26 9:27:41 PT [2021/06/26 12:27:41 ET]
Table 'Chilton III' 9-max Seat #9 is the button
Seat 1: Dorex2007 ($3.30 in chips) 
Seat 3: Pottley1301 ($5.53 in chips) 
Seat 4: Toxa_SF ($3.80 in chips) 
Seat 5: SMUTJAN72 ($1.06 in chips) 
Seat 6: umka186 ($2 in chips) 
Seat 8: OriginalM ($2.97 in chips) 
Seat 9: P37AS ($2.05 in chips) 
Dorex2007: posts small blind $0.01
dezname: is sitting out 
Pottley1301: posts big blind $0.02
*** HOLE CARDS ***
Dealt to Dorex2007 [6h 6c]
Toxa_SF: raises $0.03 to $0.05
SMUTJAN72: folds 
umka186: folds 
OriginalM: calls $0.05
P37AS: folds 
Dorex2007: calls $0.04
Pottley1301: folds 
*** FLOP *** [9d 4s 4h]
Dorex2007: bets $0.11
Toxa_SF: folds 
OriginalM: calls $0.11
*** TURN *** [9d 4s 4h] [5c]
Dorex2007: bets $0.25
OriginalM: folds 
Uncalled bet ($0.25) returned to Dorex2007
Dorex2007 collected $0.38 from pot
Dorex2007: doesn't show hand 
*** SUMMARY ***
Total pot $0.39 | Rake $0.01 
Board [9d 4s 4h 5c]
Seat 1: Dorex2007 (small blind) collected ($0.38)
Seat 3: Pottley1301 (big blind) folded before Flop
Seat 4: Toxa_SF folded on the Flop
Seat 5: SMUTJAN72 folded before Flop (didn't bet)
Seat 6: umka186 folded before Flop (didn't bet)
Seat 8: OriginalM folded on the Turn
Seat 9: P37AS (button) folded before Flop (didn't bet)



PokerStars Hand #227862274080:  Hold'em No Limit ($0.01/$0.02 USD) - 2021/06/26 9:28:32 PT [2021/06/26 12:28:32 ET]
Table 'Chilton III' 9-max Seat #1 is the button
Seat 1: Dorex2007 ($3.52 in chips) 
Seat 3: Pottley1301 ($5.51 in chips) 
Seat 4: Toxa_SF ($3.75 in chips) 
Seat 5: SMUTJAN72 ($1.06 in chips) 
Seat 6: umka186 ($2 in chips) 
Seat 8: OriginalM ($2.81 in chips) 
Seat 9: P37AS ($2.05 in chips) 
Pottley1301: posts small blind $0.01
Toxa_SF: posts big blind $0.02
*** HOLE CARDS ***
Dealt to Dorex2007 [6c 2c]
SMUTJAN72: folds 
umka186: folds 
OriginalM: folds 
P37AS: folds 
Dorex2007: folds 
Pottley1301: folds 
Uncalled bet ($0.01) returned to Toxa_SF
Toxa_SF collected $0.02 from pot
Toxa_SF: doesn't show hand 
*** SUMMARY ***
Total pot $0.02 | Rake $0 
Seat 1: Dorex2007 (button) folded before Flop (didn't bet)
Seat 3: Pottley1301 (small blind) folded before Flop
Seat 4: Toxa_SF (big blind) collected ($0.02)
Seat 5: SMUTJAN72 folded before Flop (didn't bet)
Seat 6: umka186 folded before Flop (didn't bet)
Seat 8: OriginalM folded before Flop (didn't bet)
Seat 9: P37AS folded before Flop (didn't bet)



PokerStars Hand #227862278917:  Hold'em No Limit ($0.01/$0.02 USD) - 2021/06/26 9:28:46 PT [2021/06/26 12:28:46 ET]
Table 'Chilton III' 9-max Seat #3 is the button
Seat 1: Dorex2007 ($3.52 in chips) 
Seat 3: Pottley1301 ($5.50 in chips) 
Seat 4: Toxa_SF ($3.76 in chips) 
Seat 5: SMUTJAN72 ($1.06 in chips) 
Seat 6: umka186 ($2 in chips) 
Seat 8: OriginalM ($2.81 in chips) 
Seat 9: P37AS ($2.05 in chips) 
Toxa_SF: posts small blind $0.01
SMUTJAN72: posts big blind $0.02
*** HOLE CARDS ***
Dealt to Dorex2007 [Qh Qd]
umka186: folds 
OriginalM: raises $0.02 to $0.04
P37AS: raises $0.11 to $0.15
Dorex2007: calls $0.15
Pottley1301: folds 
Toxa_SF: folds 
SMUTJAN72: folds 
OriginalM: folds 
*** FLOP *** [2c 4c Ac]
P37AS: checks 
Dorex2007: bets $0.18
P37AS: folds 
Uncalled bet ($0.18) returned to Dorex2007
Dorex2007 collected $0.36 from pot
Dorex2007: doesn't show hand 
*** SUMMARY ***
Total pot $0.37 | Rake $0.01 
Board [2c 4c Ac]
Seat 1: Dorex2007 collected ($0.36)
Seat 3: Pottley1301 (button) folded before Flop (didn't bet)
Seat 4: Toxa_SF (small blind) folded before Flop
Seat 5: SMUTJAN72 (big blind) folded before Flop
Seat 6: umka186 folded before Flop (didn't bet)
Seat 8: OriginalM folded before Flop
Seat 9: P37AS folded on the Flop



PokerStars Hand #227862295438:  Hold'em No Limit ($0.01/$0.02 USD) - 2021/06/26 9:29:35 PT [2021/06/26 12:29:35 ET]
Table 'Chilton III' 9-max Seat #4 is the button
Seat 1: Dorex2007 ($3.73 in chips) 
Seat 3: Pottley1301 ($5.50 in chips) 
Seat 4: Toxa_SF ($3.75 in chips) 
Seat 5: SMUTJAN72 ($1.04 in chips) 
Seat 6: umka186 ($2 in chips) 
Seat 8: OriginalM ($2.77 in chips) 
Seat 9: P37AS ($2 in chips) 
SMUTJAN72: posts small blind $0.01
umka186: posts big blind $0.02
*** HOLE CARDS ***
Dealt to Dorex2007 [Qc 3c]
OriginalM: folds 
P37AS: calls $0.02
Dorex2007: folds 
Pottley1301: folds 
Toxa_SF: folds 
SMUTJAN72: raises $0.06 to $0.08
umka186: folds 
P37AS: calls $0.06
*** FLOP *** [9s Kd 9d]
SMUTJAN72: bets $0.02
P37AS: calls $0.02
*** TURN *** [9s Kd 9d] [5c]
SMUTJAN72: bets $0.11
P37AS: calls $0.11
*** RIVER *** [9s Kd 9d 5c] [2h]
SMUTJAN72: checks 
P37AS: checks 
*** SHOW DOWN ***
SMUTJAN72: shows [Ad Qs] (a pair of Nines)
P37AS: shows [4c 4h] (two pair, Nines and Fours)
P37AS collected $0.42 from pot
*** SUMMARY ***
Total pot $0.44 | Rake $0.02 
Board [9s Kd 9d 5c 2h]
Seat 1: Dorex2007 folded before Flop (didn't bet)
Seat 3: Pottley1301 folded before Flop (didn't bet)
Seat 4: Toxa_SF (button) folded before Flop (didn't bet)
Seat 5: SMUTJAN72 (small blind) showed [Ad Qs] and lost with a pair of Nines
Seat 6: umka186 (big blind) folded before Flop
Seat 8: OriginalM folded before Flop (didn't bet)
Seat 9: P37AS showed [4c 4h] and won ($0.42) with two pair, Nines and Fours



PokerStars Hand #227862310367:  Hold'em No Limit ($0.01/$0.02 USD) - 2021/06/26 9:30:17 PT [2021/06/26 12:30:17 ET]
Table 'Chilton III' 9-max Seat #5 is the button
Seat 1: Dorex2007 ($3.73 in chips) 
Seat 3: Pottley1301 ($5.50 in chips) 
Seat 4: Toxa_SF ($3.75 in chips) 
Seat 5: SMUTJAN72 ($0.83 in chips) 
Seat 6: umka186 ($2 in chips) 
Seat 8: OriginalM ($2.77 in chips) 
Seat 9: P37AS ($2.21 in chips) 
umka186: posts small blind $0.01
OriginalM: posts big blind $0.02
*** HOLE CARDS ***
Dealt to Dorex2007 [Th 8c]
P37AS: folds 
Dorex2007: folds 
Pottley1301: folds 
Toxa_SF: folds 
SMUTJAN72 has timed out
SMUTJAN72: folds 
umka186: raises $0.03 to $0.05
OriginalM: folds 
Uncalled bet ($0.03) returned to umka186
umka186 collected $0.04 from pot
*** SUMMARY ***
Total pot $0.04 | Rake $0 
Seat 1: Dorex2007 folded before Flop (didn't bet)
Seat 3: Pottley1301 folded before Flop (didn't bet)
Seat 4: Toxa_SF folded before Flop (didn't bet)
Seat 5: SMUTJAN72 (button) folded before Flop (didn't bet)
Seat 6: umka186 (small blind) collected ($0.04)
Seat 8: OriginalM (big blind) folded before Flop
Seat 9: P37AS folded before Flop (didn't bet)



PokerStars Hand #227862321251:  Hold'em No Limit ($0.01/$0.02 USD) - 2021/06/26 9:30:48 PT [2021/06/26 12:30:48 ET]
Table 'Chilton III' 9-max Seat #6 is the button
Seat 1: Dorex2007 ($3.73 in chips) 
Seat 3: Pottley1301 ($5.50 in chips) 
Seat 4: Toxa_SF ($3.75 in chips) 
Seat 5: SMUTJAN72 ($0.83 in chips) 
Seat 6: umka186 ($2.02 in chips) 
Seat 8: OriginalM ($2.75 in chips) 
Seat 9: P37AS ($2.21 in chips) 
OriginalM: posts small blind $0.01
P37AS: posts big blind $0.02
*** HOLE CARDS ***
Dealt to Dorex2007 [9c 4d]
Dorex2007: folds 
Pottley1301: folds 
Toxa_SF: folds 
SMUTJAN72: folds 
umka186: folds 
OriginalM: raises $0.02 to $0.04
P37AS: folds 
Uncalled bet ($0.02) returned to OriginalM
OriginalM collected $0.04 from pot
OriginalM: doesn't show hand 
*** SUMMARY ***
Total pot $0.04 | Rake $0 
Seat 1: Dorex2007 folded before Flop (didn't bet)
Seat 3: Pottley1301 folded before Flop (didn't bet)
Seat 4: Toxa_SF folded before Flop (didn't bet)
Seat 5: SMUTJAN72 folded before Flop (didn't bet)
Seat 6: umka186 (button) folded before Flop (didn't bet)
Seat 8: OriginalM (small blind) collected ($0.04)
Seat 9: P37AS (big blind) folded before Flop



PokerStars Hand #227862325379:  Hold'em No Limit ($0.01/$0.02 USD) - 2021/06/26 9:31:00 PT [2021/06/26 12:31:00 ET]
Table 'Chilton III' 9-max Seat #8 is the button
Seat 1: Dorex2007 ($3.73 in chips) 
Seat 3: Pottley1301 ($5.50 in chips) 
Seat 4: Toxa_SF ($3.75 in chips) 
Seat 5: SMUTJAN72 ($0.83 in chips) 
Seat 6: umka186 ($2.02 in chips) 
Seat 8: OriginalM ($2.77 in chips) 
Seat 9: P37AS ($2.19 in chips) 
P37AS: posts small blind $0.01
Dorex2007: posts big blind $0.02
*** HOLE CARDS ***
Dealt to Dorex2007 [Ah Ad]
Pottley1301: folds 
Toxa_SF: folds 
SMUTJAN72: folds 
umka186: folds 
OriginalM: folds 
P37AS: raises $0.04 to $0.06
Dorex2007: raises $0.06 to $0.12
P37AS: calls $0.06
*** FLOP *** [3c Tc Qc]
P37AS: checks 
Dorex2007: checks 
*** TURN *** [3c Tc Qc] [4d]
P37AS: bets $0.12
Dorex2007: raises $0.12 to $0.24
P37AS: calls $0.12
*** RIVER *** [3c Tc Qc 4d] [Ks]
P37AS: checks 
Dorex2007: checks 
*** SHOW DOWN ***
P37AS: shows [6h 6c] (a pair of Sixes)
Dorex2007: shows [Ah Ad] (a pair of Aces)
Dorex2007 collected $0.69 from pot
*** SUMMARY ***
Total pot $0.72 | Rake $0.03 
Board [3c Tc Qc 4d Ks]
Seat 1: Dorex2007 (big blind) showed [Ah Ad] and won ($0.69) with a pair of Aces
Seat 3: Pottley1301 folded before Flop (didn't bet)
Seat 4: Toxa_SF folded before Flop (didn't bet)
Seat 5: SMUTJAN72 folded before Flop (didn't bet)
Seat 6: umka186 folded before Flop (didn't bet)
Seat 8: OriginalM (button) folded before Flop (didn't bet)
Seat 9: P37AS (small blind) showed [6h 6c] and lost with a pair of Sixes



PokerStars Hand #227862341972:  Hold'em No Limit ($0.01/$0.02 USD) - 2021/06/26 9:31:48 PT [2021/06/26 12:31:48 ET]
Table 'Chilton III' 9-max Seat #9 is the button
Seat 1: Dorex2007 ($4.06 in chips) 
Seat 3: Pottley1301 ($5.50 in chips) 
Seat 4: Toxa_SF ($3.75 in chips) 
Seat 5: SMUTJAN72 ($0.83 in chips) 
Seat 6: umka186 ($2.02 in chips) 
Seat 8: OriginalM ($2.77 in chips) 
Seat 9: P37AS ($2 in chips) 
Dorex2007: posts small blind $0.01
Pottley1301: posts big blind $0.02
Tuhtyn: sits out 
*** HOLE CARDS ***
Dealt to Dorex2007 [9s 4s]
Toxa_SF: folds 
SMUTJAN72: folds 
umka186: folds 
OriginalM: folds 
P37AS: raises $0.04 to $0.06
Dorex2007: folds 
Pottley1301: folds 
Uncalled bet ($0.04) returned to P37AS
P37AS collected $0.05 from pot
P37AS: doesn't show hand 
*** SUMMARY ***
Total pot $0.05 | Rake $0 
Seat 1: Dorex2007 (small blind) folded before Flop
Seat 3: Pottley1301 (big blind) folded before Flop
Seat 4: Toxa_SF folded before Flop (didn't bet)
Seat 5: SMUTJAN72 folded before Flop (didn't bet)
Seat 6: umka186 folded before Flop (didn't bet)
Seat 8: OriginalM folded before Flop (didn't bet)
Seat 9: P37AS (button) collected ($0.05)



PokerStars Hand #227862350914:  Hold'em No Limit ($0.01/$0.02 USD) - 2021/06/26 9:32:14 PT [2021/06/26 12:32:14 ET]
Table 'Chilton III' 9-max Seat #1 is the button
Seat 1: Dorex2007 ($4.05 in chips) 
Seat 3: Pottley1301 ($5.48 in chips) 
Seat 4: Toxa_SF ($3.75 in chips) 
Seat 5: SMUTJAN72 ($0.83 in chips) 
Seat 6: umka186 ($2.02 in chips) 
Seat 8: OriginalM ($2.77 in chips) 
Seat 9: P37AS ($2.03 in chips) 
Pottley1301: posts small blind $0.01
Toxa_SF: posts big blind $0.02
Tuhtyn: sits out 
*** HOLE CARDS ***
Dealt to Dorex2007 [7d Ac]
SMUTJAN72: folds 
umka186: folds 
OriginalM: folds 
P37AS: folds 
Dorex2007: folds 
Pottley1301: calls $0.01
Toxa_SF: checks 
*** FLOP *** [Kc 8s 4s]
Pottley1301: bets $0.03
Toxa_SF: calls $0.03
*** TURN *** [Kc 8s 4s] [2d]
Pottley1301: bets $0.07
Toxa_SF: folds 
Uncalled bet ($0.07) returned to Pottley1301
Pottley1301 collected $0.10 from pot
Pottley1301: doesn't show hand 
*** SUMMARY ***
Total pot $0.10 | Rake $0 
Board [Kc 8s 4s 2d]
Seat 1: Dorex2007 (button) folded before Flop (didn't bet)
Seat 3: Pottley1301 (small blind) collected ($0.10)
Seat 4: Toxa_SF (big blind) folded on the Turn
Seat 5: SMUTJAN72 folded before Flop (didn't bet)
Seat 6: umka186 folded before Flop (didn't bet)
Seat 8: OriginalM folded before Flop (didn't bet)
Seat 9: P37AS folded before Flop (didn't bet)



PokerStars Hand #227862359382:  Hold'em No Limit ($0.01/$0.02 USD) - 2021/06/26 9:32:39 PT [2021/06/26 12:32:39 ET]
Table 'Chilton III' 9-max Seat #3 is the button
Seat 1: Dorex2007 ($4.05 in chips) 
Seat 3: Pottley1301 ($5.53 in chips) 
Seat 4: Toxa_SF ($3.70 in chips) 
Seat 5: SMUTJAN72 ($0.83 in chips) 
Seat 6: umka186 ($2.02 in chips) 
Seat 8: OriginalM ($2.77 in chips) 
Seat 9: P37AS ($2.03 in chips) 
Toxa_SF: posts small blind $0.01
SMUTJAN72: posts big blind $0.02
Tuhtyn: sits out 
*** HOLE CARDS ***
Dealt to Dorex2007 [3d 7c]
umka186: raises $0.04 to $0.06
OriginalM: folds 
P37AS: folds 
Dorex2007: folds 
Pottley1301: folds 
Toxa_SF: calls $0.05
SMUTJAN72: folds 
*** FLOP *** [Kd Ad Ah]
Toxa_SF: checks 
umka186: bets $0.04
Toxa_SF: calls $0.04
*** TURN *** [Kd Ad Ah] [9c]
Toxa_SF: checks 
umka186: checks 
*** RIVER *** [Kd Ad Ah 9c] [8h]
Toxa_SF: bets $0.16
umka186: raises $0.16 to $0.32
Toxa_SF: raises $0.64 to $0.96
umka186: raises $0.96 to $1.92 and is all-in
Toxa_SF: calls $0.96
*** SHOW DOWN ***
umka186: shows [Kc Ac] (a full house, Aces full of Kings)
Toxa_SF: shows [9s As] (a full house, Aces full of Nines)
umka186 collected $3.92 from pot
*** SUMMARY ***
Total pot $4.06 | Rake $0.14 
Board [Kd Ad Ah 9c 8h]
Seat 1: Dorex2007 folded before Flop (didn't bet)
Seat 3: Pottley1301 (button) folded before Flop (didn't bet)
Seat 4: Toxa_SF (small blind) showed [9s As] and lost with a full house, Aces full of Nines
Seat 5: SMUTJAN72 (big blind) folded before Flop
Seat 6: umka186 showed [Kc Ac] and won ($3.92) with a full house, Aces full of Kings
Seat 8: OriginalM folded before Flop (didn't bet)
Seat 9: P37AS folded before Flop (didn't bet)



PokerStars Hand #227862380032:  Hold'em No Limit ($0.01/$0.02 USD) - 2021/06/26 9:33:39 PT [2021/06/26 12:33:39 ET]
Table 'Chilton III' 9-max Seat #4 is the button
Seat 1: Dorex2007 ($4.05 in chips) 
Seat 3: Pottley1301 ($5.53 in chips) 
Seat 4: Toxa_SF ($2 in chips) 
Seat 5: SMUTJAN72 ($0.81 in chips) 
Seat 6: umka186 ($3.92 in chips) 
Seat 8: OriginalM ($2.77 in chips) 
Seat 9: P37AS ($2.03 in chips) 
SMUTJAN72: posts small blind $0.01
umka186: posts big blind $0.02
Tuhtyn: sits out 
*** HOLE CARDS ***
Dealt to Dorex2007 [8s As]
OriginalM: folds 
P37AS: folds 
Dorex2007: raises $0.04 to $0.06
Pottley1301: folds 
Toxa_SF: folds 
SMUTJAN72: folds 
umka186: folds 
Uncalled bet ($0.04) returned to Dorex2007
Dorex2007 collected $0.05 from pot
Dorex2007: doesn't show hand 
*** SUMMARY ***
Total pot $0.05 | Rake $0 
Seat 1: Dorex2007 collected ($0.05)
Seat 3: Pottley1301 folded before Flop (didn't bet)
Seat 4: Toxa_SF (button) folded before Flop (didn't bet)
Seat 5: SMUTJAN72 (small blind) folded before Flop
Seat 6: umka186 (big blind) folded before Flop
Seat 8: OriginalM folded before Flop (didn't bet)
Seat 9: P37AS folded before Flop (didn't bet)



PokerStars Hand #227862386058:  Hold'em No Limit ($0.01/$0.02 USD) - 2021/06/26 9:33:56 PT [2021/06/26 12:33:56 ET]
Table 'Chilton III' 9-max Seat #5 is the button
Seat 1: Dorex2007 ($4.08 in chips) 
Seat 3: Pottley1301 ($5.53 in chips) 
Seat 4: Toxa_SF ($2 in chips) 
Seat 5: SMUTJAN72 ($0.80 in chips) 
Seat 6: umka186 ($3.90 in chips) 
Seat 7: Tuhtyn ($2.98 in chips) 
Seat 8: OriginalM ($2.77 in chips) 
Seat 9: P37AS ($2.03 in chips) 
umka186: posts small blind $0.01
Tuhtyn: posts big blind $0.02
*** HOLE CARDS ***
Dealt to Dorex2007 [5c 5h]
OriginalM has timed out
OriginalM: folds 
P37AS: folds 
Dorex2007: raises $0.04 to $0.06
Pottley1301: folds 
Toxa_SF: folds 
SMUTJAN72: folds 
umka186: folds 
Tuhtyn: folds 
Uncalled bet ($0.04) returned to Dorex2007
Dorex2007 collected $0.05 from pot
Dorex2007: doesn't show hand 
*** SUMMARY ***
Total pot $0.05 | Rake $0 
Seat 1: Dorex2007 collected ($0.05)
Seat 3: Pottley1301 folded before Flop (didn't bet)
Seat 4: Toxa_SF folded before Flop (didn't bet)
Seat 5: SMUTJAN72 (button) folded before Flop (didn't bet)
Seat 6: umka186 (small blind) folded before Flop
Seat 7: Tuhtyn (big blind) folded before Flop
Seat 8: OriginalM folded before Flop (didn't bet)
Seat 9: P37AS folded before Flop (didn't bet)



PokerStars Hand #227862397950:  Hold'em No Limit ($0.01/$0.02 USD) - 2021/06/26 9:34:30 PT [2021/06/26 12:34:30 ET]
Table 'Chilton III' 9-max Seat #6 is the button
Seat 1: Dorex2007 ($4.11 in chips) 
Seat 3: Pottley1301 ($5.53 in chips) 
Seat 4: Toxa_SF ($2 in chips) 
Seat 5: SMUTJAN72 ($0.80 in chips) 
Seat 6: umka186 ($3.89 in chips) 
Seat 7: Tuhtyn ($2.96 in chips) 
Seat 8: OriginalM ($2.77 in chips) 
Seat 9: P37AS ($2.03 in chips) 
Tuhtyn: posts small blind $0.01
OriginalM: posts big blind $0.02
*** HOLE CARDS ***
Dealt to Dorex2007 [2d Qc]
P37AS: raises $0.04 to $0.06
Dorex2007: folds 
Pottley1301: folds 
Toxa_SF: folds 
SMUTJAN72: folds 
umka186: folds 
Tuhtyn: folds 
OriginalM: raises $0.04 to $0.10
P37AS: calls $0.04
*** FLOP *** [8d Jh 6h]
OriginalM: bets $0.06
P37AS: raises $0.06 to $0.12
OriginalM: calls $0.06
*** TURN *** [8d Jh 6h] [7c]
OriginalM: bets $0.02
P37AS: calls $0.02
*** RIVER *** [8d Jh 6h 7c] [8c]
OriginalM: bets $0.07
P37AS: calls $0.07
*** SHOW DOWN ***
OriginalM: shows [As Kh] (a pair of Eights)
P37AS: mucks hand 
OriginalM collected $0.61 from pot
*** SUMMARY ***
Total pot $0.63 | Rake $0.02 
Board [8d Jh 6h 7c 8c]
Seat 1: Dorex2007 folded before Flop (didn't bet)
Seat 3: Pottley1301 folded before Flop (didn't bet)
Seat 4: Toxa_SF folded before Flop (didn't bet)
Seat 5: SMUTJAN72 folded before Flop (didn't bet)
Seat 6: umka186 (button) folded before Flop (didn't bet)
Seat 7: Tuhtyn (small blind) folded before Flop
Seat 8: OriginalM (big blind) showed [As Kh] and won ($0.61) with a pair of Eights
Seat 9: P37AS mucked [Qh Ac]



PokerStars Hand #227862421326:  Hold'em No Limit ($0.01/$0.02 USD) - 2021/06/26 9:35:27 PT [2021/06/26 12:35:27 ET]
Table 'Chilton III' 9-max Seat #7 is the button
Seat 1: Dorex2007 ($4.11 in chips) 
Seat 3: Pottley1301 ($5.53 in chips) 
Seat 4: Toxa_SF ($2 in chips) 
Seat 5: SMUTJAN72 ($0.80 in chips) 
Seat 6: umka186 ($3.89 in chips) 
Seat 7: Tuhtyn ($2.95 in chips) 
Seat 8: OriginalM ($3.07 in chips) 
Seat 9: P37AS ($2 in chips) 
OriginalM: posts small blind $0.01
P37AS: posts big blind $0.02
*** HOLE CARDS ***
Dealt to Dorex2007 [Qh 5c]
Dorex2007: folds 
Pottley1301: folds 
Toxa_SF: folds 
SMUTJAN72: raises $0.04 to $0.06
umka186: folds 
Tuhtyn: folds 
OriginalM: folds 
P37AS: folds 
Uncalled bet ($0.04) returned to SMUTJAN72
SMUTJAN72 collected $0.05 from pot
*** SUMMARY ***
Total pot $0.05 | Rake $0 
Seat 1: Dorex2007 folded before Flop (didn't bet)
Seat 3: Pottley1301 folded before Flop (didn't bet)
Seat 4: Toxa_SF folded before Flop (didn't bet)
Seat 5: SMUTJAN72 collected ($0.05)
Seat 6: umka186 folded before Flop (didn't bet)
Seat 7: Tuhtyn (button) folded before Flop (didn't bet)
Seat 8: OriginalM (small blind) folded before Flop
Seat 9: P37AS (big blind) folded before Flop



PokerStars Hand #227862425693:  Hold'em No Limit ($0.01/$0.02 USD) - 2021/06/26 9:35:39 PT [2021/06/26 12:35:39 ET]
Table 'Chilton III' 9-max Seat #8 is the button
Seat 1: Dorex2007 ($4.11 in chips) 
Seat 3: Pottley1301 ($5.53 in chips) 
Seat 4: Toxa_SF ($2 in chips) 
Seat 5: SMUTJAN72 ($0.83 in chips) 
Seat 6: umka186 ($3.89 in chips) 
Seat 7: Tuhtyn ($2.95 in chips) 
Seat 8: OriginalM ($3.06 in chips) 
Seat 9: P37AS ($2 in chips) 
P37AS: posts small blind $0.01
Dorex2007: posts big blind $0.02
*** HOLE CARDS ***
Dealt to Dorex2007 [Ts 2h]
Pottley1301: calls $0.02
Toxa_SF: folds 
SMUTJAN72: folds 
umka186: raises $0.06 to $0.08
Tuhtyn: folds 
OriginalM: folds 
P37AS: folds 
Dorex2007: folds 
Pottley1301: calls $0.06
*** FLOP *** [8c 2d 2s]
Pottley1301: checks 
umka186: checks 
*** TURN *** [8c 2d 2s] [Ad]
Pottley1301: checks 
umka186: checks 
*** RIVER *** [8c 2d 2s Ad] [Jc]
Pottley1301: checks 
umka186: checks 
*** SHOW DOWN ***
Pottley1301: shows [6d Td] (a pair of Deuces)
umka186: shows [Kd Qc] (a pair of Deuces - Ace+King kicker)
umka186 collected $0.18 from pot
*** SUMMARY ***
Total pot $0.19 | Rake $0.01 
Board [8c 2d 2s Ad Jc]
Seat 1: Dorex2007 (big blind) folded before Flop
Seat 3: Pottley1301 showed [6d Td] and lost with a pair of Deuces
Seat 4: Toxa_SF folded before Flop (didn't bet)
Seat 5: SMUTJAN72 folded before Flop (didn't bet)
Seat 6: umka186 showed [Kd Qc] and won ($0.18) with a pair of Deuces
Seat 7: Tuhtyn folded before Flop (didn't bet)
Seat 8: OriginalM (button) folded before Flop (didn't bet)
Seat 9: P37AS (small blind) folded before Flop



PokerStars Hand #227862437094:  Hold'em No Limit ($0.01/$0.02 USD) - 2021/06/26 9:36:12 PT [2021/06/26 12:36:12 ET]
Table 'Chilton III' 9-max Seat #9 is the button
Seat 1: Dorex2007 ($4.09 in chips) 
Seat 3: Pottley1301 ($5.45 in chips) 
Seat 4: Toxa_SF ($2 in chips) 
Seat 5: SMUTJAN72 ($0.83 in chips) 
Seat 6: umka186 ($3.99 in chips) 
Seat 7: Tuhtyn ($2.95 in chips) 
Seat 8: OriginalM ($3.06 in chips) 
Seat 9: P37AS ($2 in chips) 
Dorex2007: posts small blind $0.01
Pottley1301: posts big blind $0.02
*** HOLE CARDS ***
Dealt to Dorex2007 [5d 7h]
Toxa_SF: folds 
SMUTJAN72: calls $0.02
umka186: folds 
Tuhtyn: folds 
OriginalM: calls $0.02
P37AS: folds 
Dorex2007: folds 
Pottley1301: checks 
*** FLOP *** [Kh 8d 2h]
Pottley1301: checks 
SMUTJAN72: checks 
OriginalM: bets $0.02
Pottley1301: folds 
SMUTJAN72: calls $0.02
*** TURN *** [Kh 8d 2h] [2c]
SMUTJAN72: checks 
OriginalM: bets $0.04
SMUTJAN72: calls $0.04
*** RIVER *** [Kh 8d 2h 2c] [Qs]
SMUTJAN72: checks 
OriginalM: bets $0.07
SMUTJAN72: folds 
Uncalled bet ($0.07) returned to OriginalM
OriginalM collected $0.18 from pot
OriginalM: doesn't show hand 
*** SUMMARY ***
Total pot $0.19 | Rake $0.01 
Board [Kh 8d 2h 2c Qs]
Seat 1: Dorex2007 (small blind) folded before Flop
Seat 3: Pottley1301 (big blind) folded on the Flop
Seat 4: Toxa_SF folded before Flop (didn't bet)
Seat 5: SMUTJAN72 folded on the River
Seat 6: umka186 folded before Flop (didn't bet)
Seat 7: Tuhtyn folded before Flop (didn't bet)
Seat 8: OriginalM collected ($0.18)
Seat 9: P37AS (button) folded before Flop (didn't bet)



PokerStars Hand #227862462808:  Hold'em No Limit ($0.01/$0.02 USD) - 2021/06/26 9:37:27 PT [2021/06/26 12:37:27 ET]
Table 'Chilton III' 9-max Seat #1 is the button
Seat 1: Dorex2007 ($4.08 in chips) 
Seat 3: Pottley1301 ($5.43 in chips) 
Seat 4: Toxa_SF ($2 in chips) 
Seat 5: SMUTJAN72 ($0.75 in chips) 
Seat 6: umka186 ($3.99 in chips) 
Seat 7: Tuhtyn ($2.95 in chips) 
Seat 8: OriginalM ($3.16 in chips) 
Seat 9: P37AS ($2 in chips) 
Pottley1301: posts small blind $0.01
Toxa_SF: posts big blind $0.02
*** HOLE CARDS ***
Dealt to Dorex2007 [Kd 5c]
SMUTJAN72: calls $0.02
umka186: folds 
Tuhtyn: folds 
OriginalM: folds 
P37AS: folds 
Dorex2007: folds 
Pottley1301: calls $0.01
Toxa_SF: checks 
*** FLOP *** [Js Qc 3d]
Pottley1301: checks 
Toxa_SF: bets $0.04
SMUTJAN72: folds 
Pottley1301: calls $0.04
*** TURN *** [Js Qc 3d] [4s]
Pottley1301: checks 
Toxa_SF: checks 
*** RIVER *** [Js Qc 3d 4s] [Td]
Pottley1301: checks 
Toxa_SF: bets $0.11
Pottley1301: folds 
Uncalled bet ($0.11) returned to Toxa_SF
Toxa_SF collected $0.14 from pot
Toxa_SF: doesn't show hand 
*** SUMMARY ***
Total pot $0.14 | Rake $0 
Board [Js Qc 3d 4s Td]
Seat 1: Dorex2007 (button) folded before Flop (didn't bet)
Seat 3: Pottley1301 (small blind) folded on the River
Seat 4: Toxa_SF (big blind) collected ($0.14)
Seat 5: SMUTJAN72 folded on the Flop
Seat 6: umka186 folded before Flop (didn't bet)
Seat 7: Tuhtyn folded before Flop (didn't bet)
Seat 8: OriginalM folded before Flop (didn't bet)
Seat 9: P37AS folded before Flop (didn't bet)



PokerStars Hand #227862478375:  Hold'em No Limit ($0.01/$0.02 USD) - 2021/06/26 9:38:13 PT [2021/06/26 12:38:13 ET]
Table 'Chilton III' 9-max Seat #3 is the button
Seat 1: Dorex2007 ($4.08 in chips) 
Seat 3: Pottley1301 ($5.37 in chips) 
Seat 4: Toxa_SF ($2.08 in chips) 
Seat 5: SMUTJAN72 ($1.53 in chips) 
Seat 6: umka186 ($3.99 in chips) 
Seat 7: Tuhtyn ($2.95 in chips) 
Seat 8: OriginalM ($3.16 in chips) 
Seat 9: P37AS ($2 in chips) 
Toxa_SF: posts small blind $0.01
SMUTJAN72: posts big blind $0.02
*** HOLE CARDS ***
Dealt to Dorex2007 [Ks 2c]
umka186: folds 
Tuhtyn: folds 
OriginalM: raises $0.02 to $0.04
P37AS: calls $0.04
Dorex2007: folds 
Pottley1301: folds 
Toxa_SF: folds 
SMUTJAN72: calls $0.02
*** FLOP *** [4d 4h 4s]
SMUTJAN72: checks 
OriginalM: bets $0.02
P37AS: folds 
SMUTJAN72: folds 
Uncalled bet ($0.02) returned to OriginalM
OriginalM collected $0.13 from pot
OriginalM: doesn't show hand 
*** SUMMARY ***
Total pot $0.13 | Rake $0 
Board [4d 4h 4s]
Seat 1: Dorex2007 folded before Flop (didn't bet)
Seat 3: Pottley1301 (button) folded before Flop (didn't bet)
Seat 4: Toxa_SF (small blind) folded before Flop
Seat 5: SMUTJAN72 (big blind) folded on the Flop
Seat 6: umka186 folded before Flop (didn't bet)
Seat 7: Tuhtyn folded before Flop (didn't bet)
Seat 8: OriginalM collected ($0.13)
Seat 9: P37AS folded on the Flop



PokerStars Hand #227862492686:  Hold'em No Limit ($0.01/$0.02 USD) - 2021/06/26 9:38:54 PT [2021/06/26 12:38:54 ET]
Table 'Chilton III' 9-max Seat #4 is the button
Seat 1: Dorex2007 ($4.08 in chips) 
Seat 3: Pottley1301 ($5.37 in chips) 
Seat 4: Toxa_SF ($2.07 in chips) 
Seat 5: SMUTJAN72 ($1.49 in chips) 
Seat 6: umka186 ($3.99 in chips) 
Seat 7: Tuhtyn ($2.95 in chips) 
Seat 8: OriginalM ($3.25 in chips) 
Seat 9: P37AS ($2 in chips) 
SMUTJAN72: posts small blind $0.01
umka186: posts big blind $0.02
*** HOLE CARDS ***
Dealt to Dorex2007 [2c 5s]
Tuhtyn: folds 
OriginalM: folds 
P37AS: folds 
Dorex2007: folds 
Pottley1301: raises $0.03 to $0.05
Toxa_SF: raises $0.10 to $0.15
SMUTJAN72: folds 
umka186: folds 
Pottley1301: calls $0.10
*** FLOP *** [9h Kh Th]
Pottley1301: checks 
Toxa_SF: bets $0.11
Pottley1301: folds 
Uncalled bet ($0.11) returned to Toxa_SF
Toxa_SF collected $0.32 from pot
Toxa_SF: doesn't show hand 
*** SUMMARY ***
Total pot $0.33 | Rake $0.01 
Board [9h Kh Th]
Seat 1: Dorex2007 folded before Flop (didn't bet)
Seat 3: Pottley1301 folded on the Flop
Seat 4: Toxa_SF (button) collected ($0.32)
Seat 5: SMUTJAN72 (small blind) folded before Flop
Seat 6: umka186 (big blind) folded before Flop
Seat 7: Tuhtyn folded before Flop (didn't bet)
Seat 8: OriginalM folded before Flop (didn't bet)
Seat 9: P37AS folded before Flop (didn't bet)



PokerStars Hand #227862503691:  Hold'em No Limit ($0.01/$0.02 USD) - 2021/06/26 9:39:26 PT [2021/06/26 12:39:26 ET]
Table 'Chilton III' 9-max Seat #5 is the button
Seat 1: Dorex2007 ($4.08 in chips) 
Seat 3: Pottley1301 ($5.22 in chips) 
Seat 4: Toxa_SF ($2.24 in chips) 
Seat 5: SMUTJAN72 ($1.48 in chips) 
Seat 6: umka186 ($3.97 in chips) 
Seat 7: Tuhtyn ($2.95 in chips) 
Seat 8: OriginalM ($3.25 in chips) 
Seat 9: P37AS ($2 in chips) 
umka186: posts small blind $0.01
Tuhtyn: posts big blind $0.02
*** HOLE CARDS ***
Dealt to Dorex2007 [Kd Qd]
OriginalM: calls $0.02
P37AS: folds 
Dorex2007: raises $0.04 to $0.06
Pottley1301: folds 
Toxa_SF: folds 
SMUTJAN72: folds 
umka186: raises $0.16 to $0.22
Tuhtyn: folds 
OriginalM: folds 
Dorex2007: folds 
Uncalled bet ($0.16) returned to umka186
umka186 collected $0.16 from pot
*** SUMMARY ***
Total pot $0.16 | Rake $0 
Seat 1: Dorex2007 folded before Flop
Seat 3: Pottley1301 folded before Flop (didn't bet)
Seat 4: Toxa_SF folded before Flop (didn't bet)
Seat 5: SMUTJAN72 (button) folded before Flop (didn't bet)
Seat 6: umka186 (small blind) collected ($0.16)
Seat 7: Tuhtyn (big blind) folded before Flop
Seat 8: OriginalM folded before Flop
Seat 9: P37AS folded before Flop (didn't bet)



PokerStars Hand #227862513937:  Hold'em No Limit ($0.01/$0.02 USD) - 2021/06/26 9:39:56 PT [2021/06/26 12:39:56 ET]
Table 'Chilton III' 9-max Seat #6 is the button
Seat 1: Dorex2007 ($4.02 in chips) 
Seat 3: Pottley1301 ($5.22 in chips) 
Seat 4: Toxa_SF ($2.24 in chips) 
Seat 5: SMUTJAN72 ($1.48 in chips) 
Seat 6: umka186 ($4.07 in chips) 
Seat 7: Tuhtyn ($2.93 in chips) 
Seat 8: OriginalM ($3.23 in chips) 
Seat 9: P37AS ($2 in chips) 
Tuhtyn: posts small blind $0.01
OriginalM: posts big blind $0.02
*** HOLE CARDS ***
Dealt to Dorex2007 [4c Qd]
P37AS: folds 
Dorex2007: folds 
Pottley1301: raises $0.03 to $0.05
Toxa_SF: folds 
SMUTJAN72: folds 
umka186: folds 
Tuhtyn: folds 
OriginalM: calls $0.03
*** FLOP *** [3c Qc Ts]
OriginalM: bets $0.02
Pottley1301: folds 
Uncalled bet ($0.02) returned to OriginalM
OriginalM collected $0.11 from pot
OriginalM: doesn't show hand 
*** SUMMARY ***
Total pot $0.11 | Rake $0 
Board [3c Qc Ts]
Seat 1: Dorex2007 folded before Flop (didn't bet)
Seat 3: Pottley1301 folded on the Flop
Seat 4: Toxa_SF folded before Flop (didn't bet)
Seat 5: SMUTJAN72 folded before Flop (didn't bet)
Seat 6: umka186 (button) folded before Flop (didn't bet)
Seat 7: Tuhtyn (small blind) folded before Flop
Seat 8: OriginalM (big blind) collected ($0.11)
Seat 9: P37AS folded before Flop (didn't bet)



PokerStars Hand #227862522792:  Hold'em No Limit ($0.01/$0.02 USD) - 2021/06/26 9:40:22 PT [2021/06/26 12:40:22 ET]
Table 'Chilton III' 9-max Seat #7 is the button
Seat 1: Dorex2007 ($4.02 in chips) 
Seat 3: Pottley1301 ($5.17 in chips) 
Seat 4: Toxa_SF ($2.24 in chips) 
Seat 5: SMUTJAN72 ($1.48 in chips) 
Seat 6: umka186 ($4.07 in chips) 
Seat 7: Tuhtyn ($2.92 in chips) 
Seat 8: OriginalM ($3.29 in chips) 
Seat 9: P37AS ($2 in chips) 
OriginalM: posts small blind $0.01
P37AS: posts big blind $0.02
*** HOLE CARDS ***
Dealt to Dorex2007 [Js 2c]
Dorex2007: folds 
Pottley1301: raises $0.03 to $0.05
Toxa_SF: folds 
SMUTJAN72: calls $0.05
umka186: folds 
Tuhtyn: folds 
OriginalM: folds 
P37AS: folds 
*** FLOP *** [Td 9s 4s]
Pottley1301: bets $0.04
SMUTJAN72: folds 
Uncalled bet ($0.04) returned to Pottley1301
Pottley1301 collected $0.13 from pot
Pottley1301: doesn't show hand 
*** SUMMARY ***
Total pot $0.13 | Rake $0 
Board [Td 9s 4s]
Seat 1: Dorex2007 folded before Flop (didn't bet)
Seat 3: Pottley1301 collected ($0.13)
Seat 4: Toxa_SF folded before Flop (didn't bet)
Seat 5: SMUTJAN72 folded on the Flop
Seat 6: umka186 folded before Flop (didn't bet)
Seat 7: Tuhtyn (button) folded before Flop (didn't bet)
Seat 8: OriginalM (small blind) folded before Flop
Seat 9: P37AS (big blind) folded before Flop



PokerStars Hand #227862529311:  Hold'em No Limit ($0.01/$0.02 USD) - 2021/06/26 9:40:41 PT [2021/06/26 12:40:41 ET]
Table 'Chilton III' 9-max Seat #8 is the button
Seat 1: Dorex2007 ($4.02 in chips) 
Seat 3: Pottley1301 ($5.25 in chips) 
Seat 4: Toxa_SF ($2.24 in chips) 
Seat 5: SMUTJAN72 ($1.43 in chips) 
Seat 6: umka186 ($4.07 in chips) 
Seat 7: Tuhtyn ($2.92 in chips) 
Seat 8: OriginalM ($3.28 in chips) 
Seat 9: P37AS ($2 in chips) 
P37AS: posts small blind $0.01
Dorex2007: posts big blind $0.02
*** HOLE CARDS ***
Dealt to Dorex2007 [4h Ah]
Pottley1301: folds 
Toxa_SF: folds 
SMUTJAN72: folds 
umka186: folds 
Tuhtyn: folds 
OriginalM: folds 
P37AS: folds 
Uncalled bet ($0.01) returned to Dorex2007
Dorex2007 collected $0.02 from pot
Dorex2007: doesn't show hand 
*** SUMMARY ***
Total pot $0.02 | Rake $0 
Seat 1: Dorex2007 (big blind) collected ($0.02)
Seat 3: Pottley1301 folded before Flop (didn't bet)
Seat 4: Toxa_SF folded before Flop (didn't bet)
Seat 5: SMUTJAN72 folded before Flop (didn't bet)
Seat 6: umka186 folded before Flop (didn't bet)
Seat 7: Tuhtyn folded before Flop (didn't bet)
Seat 8: OriginalM (button) folded before Flop (didn't bet)
Seat 9: P37AS (small blind) folded before Flop



PokerStars Hand #227862532689:  Hold'em No Limit ($0.01/$0.02 USD) - 2021/06/26 9:40:51 PT [2021/06/26 12:40:51 ET]
Table 'Chilton III' 9-max Seat #9 is the button
Seat 1: Dorex2007 ($4.03 in chips) 
Seat 3: Pottley1301 ($5.25 in chips) 
Seat 4: Toxa_SF ($2.24 in chips) 
Seat 5: SMUTJAN72 ($1.43 in chips) 
Seat 6: umka186 ($4.07 in chips) 
Seat 7: Tuhtyn ($2.92 in chips) 
Seat 8: OriginalM ($3.28 in chips) 
Seat 9: P37AS ($2 in chips) 
Dorex2007: posts small blind $0.01
Pottley1301: posts big blind $0.02
*** HOLE CARDS ***
Dealt to Dorex2007 [3s Jh]
Toxa_SF: folds 
SMUTJAN72: folds 
umka186: folds 
Tuhtyn: folds 
OriginalM: raises $0.02 to $0.04
P37AS: folds 
Dorex2007: folds 
Pottley1301: calls $0.02
*** FLOP *** [7s 8h 9c]
Pottley1301: checks 
OriginalM: bets $0.02
Pottley1301: calls $0.02
*** TURN *** [7s 8h 9c] [3c]
Pottley1301: checks 
OriginalM: bets $0.04
Pottley1301: calls $0.04
*** RIVER *** [7s 8h 9c 3c] [9d]
Pottley1301: checks 
OriginalM: bets $0.06
Pottley1301: calls $0.06
*** SHOW DOWN ***
OriginalM: shows [Ah 6s] (a pair of Nines)
Pottley1301: shows [3h Ts] (two pair, Nines and Threes)
Pottley1301 collected $0.32 from pot
*** SUMMARY ***
Total pot $0.33 | Rake $0.01 
Board [7s 8h 9c 3c 9d]
Seat 1: Dorex2007 (small blind) folded before Flop
Seat 3: Pottley1301 (big blind) showed [3h Ts] and won ($0.32) with two pair, Nines and Threes
Seat 4: Toxa_SF folded before Flop (didn't bet)
Seat 5: SMUTJAN72 folded before Flop (didn't bet)
Seat 6: umka186 folded before Flop (didn't bet)
Seat 7: Tuhtyn folded before Flop (didn't bet)
Seat 8: OriginalM showed [Ah 6s] and lost with a pair of Nines
Seat 9: P37AS (button) folded before Flop (didn't bet)



PokerStars Hand #227862549560:  Hold'em No Limit ($0.01/$0.02 USD) - 2021/06/26 9:41:40 PT [2021/06/26 12:41:40 ET]
Table 'Chilton III' 9-max Seat #1 is the button
Seat 1: Dorex2007 ($4.02 in chips) 
Seat 3: Pottley1301 ($5.41 in chips) 
Seat 5: SMUTJAN72 ($1.43 in chips) 
Seat 6: umka186 ($4.07 in chips) 
Seat 7: Tuhtyn ($2.92 in chips) 
Seat 8: OriginalM ($3.12 in chips) 
Seat 9: P37AS ($2 in chips) 
Pottley1301: posts small blind $0.01
Toxa_SF: is sitting out 
SMUTJAN72: posts big blind $0.02
*** HOLE CARDS ***
Dealt to Dorex2007 [Kd 5d]
umka186: folds 
Tuhtyn: folds 
OriginalM: folds 
P37AS: raises $0.04 to $0.06
Dorex2007: folds 
Pottley1301: folds 
SMUTJAN72: folds 
Uncalled bet ($0.04) returned to P37AS
P37AS collected $0.05 from pot
P37AS: doesn't show hand 
*** SUMMARY ***
Total pot $0.05 | Rake $0 
Seat 1: Dorex2007 (button) folded before Flop (didn't bet)
Seat 3: Pottley1301 (small blind) folded before Flop
Seat 5: SMUTJAN72 (big blind) folded before Flop
Seat 6: umka186 folded before Flop (didn't bet)
Seat 7: Tuhtyn folded before Flop (didn't bet)
Seat 8: OriginalM folded before Flop (didn't bet)
Seat 9: P37AS collected ($0.05)



PokerStars Hand #227862559074:  Hold'em No Limit ($0.01/$0.02 USD) - 2021/06/26 9:42:07 PT [2021/06/26 12:42:07 ET]
Table 'Chilton III' 9-max Seat #3 is the button
Seat 1: Dorex2007 ($4.02 in chips) 
Seat 3: Pottley1301 ($5.40 in chips) 
Seat 5: SMUTJAN72 ($1.41 in chips) 
Seat 6: umka186 ($4.07 in chips) 
Seat 7: Tuhtyn ($2.92 in chips) 
Seat 8: OriginalM ($3.12 in chips) 
Seat 9: P37AS ($2.03 in chips) 
SMUTJAN72: posts small blind $0.01
umka186: posts big blind $0.02
dezname: sits out 
*** HOLE CARDS ***
Dealt to Dorex2007 [Tc Jd]
Tuhtyn: folds 
OriginalM: folds 
P37AS: folds 
Dorex2007: folds 
Pottley1301: folds 
Tuhtyn leaves the table
SMUTJAN72: raises $0.04 to $0.06
umka186: calls $0.04
*** FLOP *** [8h 2h 7h]
SMUTJAN72: bets $0.02
umka186: raises $0.09 to $0.11
SMUTJAN72: calls $0.09
*** TURN *** [8h 2h 7h] [4s]
SMUTJAN72: checks 
umka186: bets $0.39
SMUTJAN72: calls $0.39
*** RIVER *** [8h 2h 7h 4s] [9s]
SMUTJAN72: checks 
umka186: bets $0.33
SMUTJAN72: folds 
Uncalled bet ($0.33) returned to umka186
Kahyo16 joins the table at seat #7 
umka186 collected $1.08 from pot
*** SUMMARY ***
Total pot $1.12 | Rake $0.04 
Board [8h 2h 7h 4s 9s]
Seat 1: Dorex2007 folded before Flop (didn't bet)
Seat 3: Pottley1301 (button) folded before Flop (didn't bet)
Seat 5: SMUTJAN72 (small blind) folded on the River
Seat 6: umka186 (big blind) collected ($1.08)
Seat 7: Tuhtyn folded before Flop (didn't bet)
Seat 8: OriginalM folded before Flop (didn't bet)
Seat 9: P37AS folded before Flop (didn't bet)



PokerStars Hand #227862579364:  Hold'em No Limit ($0.01/$0.02 USD) - 2021/06/26 9:43:05 PT [2021/06/26 12:43:05 ET]
Table 'Chilton III' 9-max Seat #5 is the button
Seat 1: Dorex2007 ($4.02 in chips) 
Seat 3: Pottley1301 ($5.40 in chips) 
Seat 5: SMUTJAN72 ($0.85 in chips) 
Seat 6: umka186 ($4.59 in chips) 
Seat 7: Kahyo16 ($2 in chips) 
Seat 8: OriginalM ($3.12 in chips) 
Seat 9: P37AS ($2.03 in chips) 
umka186: posts small blind $0.01
Kahyo16: posts big blind $0.02
dezname: sits out 
*** HOLE CARDS ***
Dealt to Dorex2007 [Td 6h]
OriginalM: raises $0.02 to $0.04
P37AS: folds 
Dorex2007: folds 
Pottley1301: folds 
SMUTJAN72: calls $0.04
umka186: folds 
Kahyo16: folds 
*** FLOP *** [4s 2h Kc]
OriginalM: checks 
SMUTJAN72: checks 
*** TURN *** [4s 2h Kc] [8h]
OriginalM: bets $0.02
SMUTJAN72: calls $0.02
*** RIVER *** [4s 2h Kc 8h] [3s]
OriginalM: bets $0.02
SMUTJAN72: raises $0.09 to $0.11
OriginalM: calls $0.09
*** SHOW DOWN ***
SMUTJAN72: shows [3d 3c] (three of a kind, Threes)
OriginalM: mucks hand 
SMUTJAN72 collected $0.36 from pot
*** SUMMARY ***
Total pot $0.37 | Rake $0.01 
Board [4s 2h Kc 8h 3s]
Seat 1: Dorex2007 folded before Flop (didn't bet)
Seat 3: Pottley1301 folded before Flop (didn't bet)
Seat 5: SMUTJAN72 (button) showed [3d 3c] and won ($0.36) with three of a kind, Threes
Seat 6: umka186 (small blind) folded before Flop
Seat 7: Kahyo16 (big blind) folded before Flop
Seat 8: OriginalM mucked [8s Ac]
Seat 9: P37AS folded before Flop (didn't bet)



PokerStars Hand #227862598777:  Hold'em No Limit ($0.01/$0.02 USD) - 2021/06/26 9:44:01 PT [2021/06/26 12:44:01 ET]
Table 'Chilton III' 9-max Seat #6 is the button
Seat 1: Dorex2007 ($4.02 in chips) 
Seat 3: Pottley1301 ($5.40 in chips) 
Seat 5: SMUTJAN72 ($1.04 in chips) 
Seat 6: umka186 ($4.58 in chips) 
Seat 7: Kahyo16 ($1.98 in chips) 
Seat 8: OriginalM ($2.95 in chips) 
Seat 9: P37AS ($2.03 in chips) 
Kahyo16: posts small blind $0.01
OriginalM: posts big blind $0.02
dezname: sits out 
*** HOLE CARDS ***
Dealt to Dorex2007 [4h 5s]
P37AS: folds 
Dorex2007: folds 
Pottley1301: folds 
SMUTJAN72: raises $0.04 to $0.06
umka186: folds 
Kahyo16 has timed out
Kahyo16: folds 
OriginalM: folds 
Uncalled bet ($0.04) returned to SMUTJAN72
SMUTJAN72 collected $0.05 from pot
*** SUMMARY ***
Total pot $0.05 | Rake $0 
Seat 1: Dorex2007 folded before Flop (didn't bet)
Seat 3: Pottley1301 folded before Flop (didn't bet)
Seat 5: SMUTJAN72 collected ($0.05)
Seat 6: umka186 (button) folded before Flop (didn't bet)
Seat 7: Kahyo16 (small blind) folded before Flop
Seat 8: OriginalM (big blind) folded before Flop
Seat 9: P37AS folded before Flop (didn't bet)



