PokerStars Hand #229368699415:  Hold'em No Limit ($0.01/$0.02 USD) - 2021/08/26 22:24:31 PT [2021/08/27 1:24:31 ET]
Table 'Innes' 9-max Seat #3 is the button
Seat 1: SeregaM888 ($4.10 in chips) 
Seat 2: geniuss ($2.93 in chips) 
Seat 3: fektivno ($2.02 in chips) 
Seat 4: pvd44443 ($2.57 in chips) 
Seat 5: Dorex2007 ($2 in chips) 
Seat 6: harry nz ($1.81 in chips) 
Seat 8: Benji McPad ($1.95 in chips) 
pvd44443: posts small blind $0.01
Dorex2007: posts big blind $0.02
*** HOLE CARDS ***
Dealt to Dorex2007 [4d 3h]
harry nz: folds 
Benji McPad: folds 
SeregaM888: folds 
geniuss: folds 
fektivno: raises $0.04 to $0.06
pvd44443: folds 
Dorex2007: folds 
Uncalled bet ($0.04) returned to fektivno
fektivno collected $0.05 from pot
fektivno: doesn't show hand 
*** SUMMARY ***
Total pot $0.05 | Rake $0 
Seat 1: SeregaM888 folded before Flop (didn't bet)
Seat 2: geniuss folded before Flop (didn't bet)
Seat 3: fektivno (button) collected ($0.05)
Seat 4: pvd44443 (small blind) folded before Flop
Seat 5: Dorex2007 (big blind) folded before Flop
Seat 6: harry nz folded before Flop (didn't bet)
Seat 8: Benji McPad folded before Flop (didn't bet)



PokerStars Hand #229368701851:  Hold'em No Limit ($0.01/$0.02 USD) - 2021/08/26 22:24:48 PT [2021/08/27 1:24:48 ET]
Table 'Innes' 9-max Seat #4 is the button
Seat 1: SeregaM888 ($4.10 in chips) 
Seat 2: geniuss ($2.93 in chips) 
Seat 3: fektivno ($2.05 in chips) 
Seat 4: pvd44443 ($2.56 in chips) 
Seat 5: Dorex2007 ($1.98 in chips) 
Seat 6: harry nz ($1.81 in chips) 
Seat 8: Benji McPad ($1.95 in chips) 
Dorex2007: posts small blind $0.01
harry nz: posts big blind $0.02
*** HOLE CARDS ***
Dealt to Dorex2007 [4c 3d]
Benji McPad: folds 
SeregaM888: folds 
geniuss: folds 
fektivno: folds 
pvd44443: folds 
Dorex2007: folds 
Uncalled bet ($0.01) returned to harry nz
harry nz collected $0.02 from pot
harry nz: doesn't show hand 
*** SUMMARY ***
Total pot $0.02 | Rake $0 
Seat 1: SeregaM888 folded before Flop (didn't bet)
Seat 2: geniuss folded before Flop (didn't bet)
Seat 3: fektivno folded before Flop (didn't bet)
Seat 4: pvd44443 (button) folded before Flop (didn't bet)
Seat 5: Dorex2007 (small blind) folded before Flop
Seat 6: harry nz (big blind) collected ($0.02)
Seat 8: Benji McPad folded before Flop (didn't bet)



PokerStars Hand #229368704785:  Hold'em No Limit ($0.01/$0.02 USD) - 2021/08/26 22:25:08 PT [2021/08/27 1:25:08 ET]
Table 'Innes' 9-max Seat #5 is the button
Seat 1: SeregaM888 ($4.10 in chips) 
Seat 2: geniuss ($2.93 in chips) 
Seat 3: fektivno ($2.05 in chips) 
Seat 4: pvd44443 ($2.56 in chips) 
Seat 5: Dorex2007 ($1.97 in chips) 
Seat 6: harry nz ($1.82 in chips) 
Seat 8: Benji McPad ($1.95 in chips) 
harry nz: posts small blind $0.01
Benji McPad: posts big blind $0.02
*** HOLE CARDS ***
Dealt to Dorex2007 [Jh Ah]
SeregaM888: folds 
geniuss: folds 
pusswhip leaves the table
fektivno: folds 
pvd44443: folds 
Dorex2007: raises $0.04 to $0.06
harry nz: folds 
Benji McPad: folds 
Uncalled bet ($0.04) returned to Dorex2007
Dorex2007 collected $0.05 from pot
Dorex2007: doesn't show hand 
*** SUMMARY ***
Total pot $0.05 | Rake $0 
Seat 1: SeregaM888 folded before Flop (didn't bet)
Seat 2: geniuss folded before Flop (didn't bet)
Seat 3: fektivno folded before Flop (didn't bet)
Seat 4: pvd44443 folded before Flop (didn't bet)
Seat 5: Dorex2007 (button) collected ($0.05)
Seat 6: harry nz (small blind) folded before Flop
Seat 8: Benji McPad (big blind) folded before Flop



PokerStars Hand #229368707749:  Hold'em No Limit ($0.01/$0.02 USD) - 2021/08/26 22:25:29 PT [2021/08/27 1:25:29 ET]
Table 'Innes' 9-max Seat #6 is the button
Seat 1: SeregaM888 ($4.10 in chips) 
Seat 2: geniuss ($2.93 in chips) 
Seat 3: fektivno ($2.05 in chips) 
Seat 4: pvd44443 ($2.56 in chips) 
Seat 5: Dorex2007 ($2 in chips) 
Seat 6: harry nz ($1.81 in chips) 
Seat 8: Benji McPad ($1.93 in chips) 
Benji McPad: posts small blind $0.01
SeregaM888: posts big blind $0.02
*** HOLE CARDS ***
Dealt to Dorex2007 [6s 5s]
geniuss: folds 
fektivno: raises $0.04 to $0.06
pvd44443: folds 
Dorex2007: folds 
harry nz: folds 
Benji McPad: calls $0.05
SeregaM888: folds 
*** FLOP *** [2s 2c Qh]
Benji McPad: checks 
fektivno: checks 
*** TURN *** [2s 2c Qh] [4d]
Benji McPad: checks 
fektivno: bets $0.07
Benji McPad: folds 
Uncalled bet ($0.07) returned to fektivno
fektivno collected $0.14 from pot
fektivno: doesn't show hand 
*** SUMMARY ***
Total pot $0.14 | Rake $0 
Board [2s 2c Qh 4d]
Seat 1: SeregaM888 (big blind) folded before Flop
Seat 2: geniuss folded before Flop (didn't bet)
Seat 3: fektivno collected ($0.14)
Seat 4: pvd44443 folded before Flop (didn't bet)
Seat 5: Dorex2007 folded before Flop (didn't bet)
Seat 6: harry nz (button) folded before Flop (didn't bet)
Seat 8: Benji McPad (small blind) folded on the Turn



PokerStars Hand #229368714163:  Hold'em No Limit ($0.01/$0.02 USD) - 2021/08/26 22:26:13 PT [2021/08/27 1:26:13 ET]
Table 'Innes' 9-max Seat #8 is the button
Seat 1: SeregaM888 ($4.08 in chips) 
Seat 3: fektivno ($2.13 in chips) 
Seat 4: pvd44443 ($2.56 in chips) 
Seat 5: Dorex2007 ($2 in chips) 
Seat 6: harry nz ($1.81 in chips) 
Seat 8: Benji McPad ($1.87 in chips) 
SeregaM888: posts small blind $0.01
fektivno: posts big blind $0.02
*** HOLE CARDS ***
Dealt to Dorex2007 [Th Kd]
pvd44443: folds 
Dorex2007: folds 
harry nz: calls $0.02
Benji McPad: raises $0.06 to $0.08
SeregaM888: folds 
fektivno: folds 
harry nz: calls $0.06
*** FLOP *** [3c Qh 9h]
fektivno leaves the table
harry nz: checks 
Benji McPad: bets $0.09
harry nz: folds 
Uncalled bet ($0.09) returned to Benji McPad
Benji McPad collected $0.18 from pot
Benji McPad: doesn't show hand 
*** SUMMARY ***
Total pot $0.19 | Rake $0.01 
Board [3c Qh 9h]
Seat 1: SeregaM888 (small blind) folded before Flop
Seat 3: fektivno (big blind) folded before Flop
Seat 4: pvd44443 folded before Flop (didn't bet)
Seat 5: Dorex2007 folded before Flop (didn't bet)
Seat 6: harry nz folded on the Flop
Seat 8: Benji McPad (button) collected ($0.18)



PokerStars Hand #229368724640:  Hold'em No Limit ($0.01/$0.02 USD) - 2021/08/26 22:27:26 PT [2021/08/27 1:27:26 ET]
Table 'Innes' 9-max Seat #8 is the button
Seat 1: SeregaM888 ($4.16 in chips) 
Seat 4: pvd44443 ($2.55 in chips) 
Seat 5: Dorex2007 ($2 in chips) 
Seat 8: Benji McPad ($1.96 in chips) 
SeregaM888: posts small blind $0.01
pvd44443: posts big blind $0.02
Dorex2007: posts small & big blinds $0.03
Tweedy620: sits out 
*** HOLE CARDS ***
Dealt to Dorex2007 [8s 5d]
Dorex2007: checks 
Benji McPad: folds 
SeregaM888: calls $0.01
pvd44443: checks 
*** FLOP *** [Jh 4d 7h]
SeregaM888: checks 
pvd44443: checks 
Dorex2007: bets $0.07
SeregaM888: folds 
pvd44443: folds 
Uncalled bet ($0.07) returned to Dorex2007
Dorex2007 collected $0.07 from pot
Dorex2007: doesn't show hand 
*** SUMMARY ***
Total pot $0.07 | Rake $0 
Board [Jh 4d 7h]
Seat 1: SeregaM888 (small blind) folded on the Flop
Seat 4: pvd44443 (big blind) folded on the Flop
Seat 5: Dorex2007 collected ($0.07)
Seat 8: Benji McPad (button) folded before Flop (didn't bet)



PokerStars Hand #229368729792:  Hold'em No Limit ($0.01/$0.02 USD) - 2021/08/26 22:28:03 PT [2021/08/27 1:28:03 ET]
Table 'Innes' 9-max Seat #1 is the button
Seat 1: SeregaM888 ($4.14 in chips) 
Seat 4: pvd44443 ($2.53 in chips) 
Seat 5: Dorex2007 ($2.04 in chips) 
Seat 8: Benji McPad ($1.96 in chips) 
pvd44443: posts small blind $0.01
Dorex2007: posts big blind $0.02
Tweedy620: sits out 
*** HOLE CARDS ***
Dealt to Dorex2007 [Kh 3s]
Benji McPad: raises $0.08 to $0.10
SeregaM888: raises $0.18 to $0.28
pvd44443: folds 
Dorex2007: folds 
Benji McPad: folds 
Uncalled bet ($0.18) returned to SeregaM888
pvd44443 leaves the table
SeregaM888 collected $0.23 from pot
*** SUMMARY ***
Total pot $0.23 | Rake $0 
Seat 1: SeregaM888 (button) collected ($0.23)
Seat 4: pvd44443 (small blind) folded before Flop
Seat 5: Dorex2007 (big blind) folded before Flop
Seat 8: Benji McPad folded before Flop



PokerStars Hand #229368733807:  Hold'em No Limit ($0.01/$0.02 USD) - 2021/08/26 22:28:32 PT [2021/08/27 1:28:32 ET]
Table 'Innes' 9-max Seat #5 is the button
Seat 1: SeregaM888 ($4.27 in chips) 
Seat 5: Dorex2007 ($2.02 in chips) 
Seat 8: Benji McPad ($1.86 in chips) 
Benji McPad: posts small blind $0.01
SeregaM888: posts big blind $0.02
*** HOLE CARDS ***
Dealt to Dorex2007 [7h 2d]
Dorex2007: folds 
Benji McPad: folds 
Uncalled bet ($0.01) returned to SeregaM888
SeregaM888 collected $0.02 from pot
*** SUMMARY ***
Total pot $0.02 | Rake $0 
Seat 1: SeregaM888 (big blind) collected ($0.02)
Seat 5: Dorex2007 (button) folded before Flop (didn't bet)
Seat 8: Benji McPad (small blind) folded before Flop



PokerStars Hand #229368734810:  Hold'em No Limit ($0.01/$0.02 USD) - 2021/08/26 22:28:39 PT [2021/08/27 1:28:39 ET]
Table 'Innes' 9-max Seat #8 is the button
Seat 1: SeregaM888 ($4.28 in chips) 
Seat 5: Dorex2007 ($2.02 in chips) 
Seat 7: Tweedy620 ($2.42 in chips) 
Seat 8: Benji McPad ($1.85 in chips) 
SeregaM888: posts small blind $0.01
Dorex2007: posts big blind $0.02
Tweedy620: posts small & big blinds $0.03
*** HOLE CARDS ***
Dealt to Dorex2007 [8c 3h]
Tweedy620: checks 
Benji McPad: folds 
SeregaM888: calls $0.01
Dorex2007: checks 
*** FLOP *** [4h 7h 8h]
SeregaM888: checks 
Dorex2007: bets $0.07
Tweedy620: folds 
SeregaM888: folds 
Uncalled bet ($0.07) returned to Dorex2007
Dorex2007 collected $0.07 from pot
Dorex2007: doesn't show hand 
*** SUMMARY ***
Total pot $0.07 | Rake $0 
Board [4h 7h 8h]
Seat 1: SeregaM888 (small blind) folded on the Flop
Seat 5: Dorex2007 (big blind) collected ($0.07)
Seat 7: Tweedy620 folded on the Flop (didn't bet)
Seat 8: Benji McPad (button) folded before Flop (didn't bet)



PokerStars Hand #229368739727:  Hold'em No Limit ($0.01/$0.02 USD) - 2021/08/26 22:29:14 PT [2021/08/27 1:29:14 ET]
Table 'Innes' 9-max Seat #1 is the button
Seat 1: SeregaM888 ($4.26 in chips) 
Seat 5: Dorex2007 ($2.07 in chips) 
Seat 7: Tweedy620 ($2.39 in chips) 
Seat 8: Benji McPad ($1.85 in chips) 
Dorex2007: posts small blind $0.01
Tweedy620: posts big blind $0.02
*** HOLE CARDS ***
Dealt to Dorex2007 [3s 8h]
Benji McPad: raises $0.17 to $0.19
SeregaM888: folds 
Dorex2007: folds 
Tweedy620: folds 
Uncalled bet ($0.17) returned to Benji McPad
Benji McPad collected $0.05 from pot
Benji McPad: doesn't show hand 
*** SUMMARY ***
Total pot $0.05 | Rake $0 
Seat 1: SeregaM888 (button) folded before Flop (didn't bet)
Seat 5: Dorex2007 (small blind) folded before Flop
Seat 7: Tweedy620 (big blind) folded before Flop
Seat 8: Benji McPad collected ($0.05)



PokerStars Hand #229368742174:  Hold'em No Limit ($0.01/$0.02 USD) - 2021/08/26 22:29:31 PT [2021/08/27 1:29:31 ET]
Table 'Innes' 9-max Seat #5 is the button
Seat 1: SeregaM888 ($4.26 in chips) 
Seat 5: Dorex2007 ($2.06 in chips) 
Seat 7: Tweedy620 ($2.37 in chips) 
Seat 8: Benji McPad ($1.88 in chips) 
Tweedy620: posts small blind $0.01
Benji McPad: posts big blind $0.02
*** HOLE CARDS ***
Dealt to Dorex2007 [3c Qs]
SeregaM888: folds 
Dorex2007: folds 
Tweedy620: calls $0.01
Benji McPad: checks 
*** FLOP *** [Jc 4s 8c]
Tweedy620: checks 
Benji McPad: checks 
*** TURN *** [Jc 4s 8c] [9d]
Tweedy620: checks 
Benji McPad: bets $0.04
Tweedy620: calls $0.04
*** RIVER *** [Jc 4s 8c 9d] [2h]
Tweedy620: checks 
Benji McPad: checks 
*** SHOW DOWN ***
Tweedy620: shows [3h Tc] (high card Jack)
Benji McPad: shows [Kh 9h] (a pair of Nines)
Benji McPad collected $0.12 from pot
*** SUMMARY ***
Total pot $0.12 | Rake $0 
Board [Jc 4s 8c 9d 2h]
Seat 1: SeregaM888 folded before Flop (didn't bet)
Seat 5: Dorex2007 (button) folded before Flop (didn't bet)
Seat 7: Tweedy620 (small blind) showed [3h Tc] and lost with high card Jack
Seat 8: Benji McPad (big blind) showed [Kh 9h] and won ($0.12) with a pair of Nines



PokerStars Hand #229368745776:  Hold'em No Limit ($0.01/$0.02 USD) - 2021/08/26 22:29:57 PT [2021/08/27 1:29:57 ET]
Table 'Innes' 9-max Seat #7 is the button
Seat 1: SeregaM888 ($4.26 in chips) 
Seat 5: Dorex2007 ($2.06 in chips) 
Seat 7: Tweedy620 ($2.31 in chips) 
Seat 8: Benji McPad ($1.94 in chips) 
Benji McPad: posts small blind $0.01
SeregaM888: posts big blind $0.02
*** HOLE CARDS ***
Dealt to Dorex2007 [2d 6h]
Dorex2007: folds 
Tweedy620: folds 
Benji McPad: raises $0.04 to $0.06
SeregaM888: raises $0.12 to $0.18
Benji McPad: calls $0.12
*** FLOP *** [9h Ac 2s]
Benji McPad: bets $0.21
SeregaM888: folds 
Uncalled bet ($0.21) returned to Benji McPad
Benji McPad collected $0.35 from pot
Benji McPad: doesn't show hand 
*** SUMMARY ***
Total pot $0.36 | Rake $0.01 
Board [9h Ac 2s]
Seat 1: SeregaM888 (big blind) folded on the Flop
Seat 5: Dorex2007 folded before Flop (didn't bet)
Seat 7: Tweedy620 (button) folded before Flop (didn't bet)
Seat 8: Benji McPad (small blind) collected ($0.35)



PokerStars Hand #229368750186:  Hold'em No Limit ($0.01/$0.02 USD) - 2021/08/26 22:30:28 PT [2021/08/27 1:30:28 ET]
Table 'Innes' 9-max Seat #8 is the button
Seat 1: SeregaM888 ($4.08 in chips) 
Seat 5: Dorex2007 ($2.06 in chips) 
Seat 7: Tweedy620 ($2.31 in chips) 
Seat 8: Benji McPad ($2.11 in chips) 
SeregaM888: posts small blind $0.01
Dorex2007: posts big blind $0.02
*** HOLE CARDS ***
Dealt to Dorex2007 [5h Ad]
Tweedy620: folds 
Benji McPad: folds 
SeregaM888: raises $0.02 to $0.04
Dorex2007: calls $0.02
*** FLOP *** [8c 6s Kc]
SeregaM888: checks 
Dorex2007: checks 
*** TURN *** [8c 6s Kc] [5c]
peterf7611 joins the table at seat #6 
SeregaM888: bets $0.04
Dorex2007: raises $0.06 to $0.10
SeregaM888: folds 
Uncalled bet ($0.06) returned to Dorex2007
Dorex2007 collected $0.15 from pot
Dorex2007: doesn't show hand 
*** SUMMARY ***
Total pot $0.16 | Rake $0.01 
Board [8c 6s Kc 5c]
Seat 1: SeregaM888 (small blind) folded on the Turn
Seat 5: Dorex2007 (big blind) collected ($0.15)
Seat 7: Tweedy620 folded before Flop (didn't bet)
Seat 8: Benji McPad (button) folded before Flop (didn't bet)



PokerStars Hand #229368755260:  Hold'em No Limit ($0.01/$0.02 USD) - 2021/08/26 22:31:03 PT [2021/08/27 1:31:03 ET]
Table 'Innes' 9-max Seat #1 is the button
Seat 1: SeregaM888 ($4 in chips) 
Seat 5: Dorex2007 ($2.13 in chips) 
Seat 6: peterf7611 ($1 in chips) 
Seat 7: Tweedy620 ($2.31 in chips) 
Seat 8: Benji McPad ($2.11 in chips) 
Dorex2007: posts small blind $0.01
peterf7611: posts big blind $0.02
*** HOLE CARDS ***
Dealt to Dorex2007 [Js 2c]
Tweedy620: folds 
Benji McPad: folds 
SeregaM888: folds 
Dorex2007: folds 
Uncalled bet ($0.01) returned to peterf7611
peterf7611 collected $0.02 from pot
peterf7611: doesn't show hand 
*** SUMMARY ***
Total pot $0.02 | Rake $0 
Seat 1: SeregaM888 (button) folded before Flop (didn't bet)
Seat 5: Dorex2007 (small blind) folded before Flop
Seat 6: peterf7611 (big blind) collected ($0.02)
Seat 7: Tweedy620 folded before Flop (didn't bet)
Seat 8: Benji McPad folded before Flop (didn't bet)



PokerStars Hand #229368756394:  Hold'em No Limit ($0.01/$0.02 USD) - 2021/08/26 22:31:11 PT [2021/08/27 1:31:11 ET]
Table 'Innes' 9-max Seat #5 is the button
Seat 1: SeregaM888 ($4 in chips) 
Seat 5: Dorex2007 ($2.12 in chips) 
Seat 6: peterf7611 ($1.01 in chips) 
Seat 7: Tweedy620 ($2.31 in chips) 
Seat 8: Benji McPad ($2.11 in chips) 
peterf7611: posts small blind $0.01
Tweedy620: posts big blind $0.02
geniuss: sits out 
*** HOLE CARDS ***
Dealt to Dorex2007 [Kc 8c]
Benji McPad: raises $0.20 to $0.22
SeregaM888: folds 
Dorex2007: folds 
peterf7611: folds 
Tweedy620: folds 
Uncalled bet ($0.20) returned to Benji McPad
Benji McPad collected $0.05 from pot
Benji McPad: doesn't show hand 
*** SUMMARY ***
Total pot $0.05 | Rake $0 
Seat 1: SeregaM888 folded before Flop (didn't bet)
Seat 5: Dorex2007 (button) folded before Flop (didn't bet)
Seat 6: peterf7611 (small blind) folded before Flop
Seat 7: Tweedy620 (big blind) folded before Flop
Seat 8: Benji McPad collected ($0.05)



PokerStars Hand #229368758558:  Hold'em No Limit ($0.01/$0.02 USD) - 2021/08/26 22:31:27 PT [2021/08/27 1:31:27 ET]
Table 'Innes' 9-max Seat #6 is the button
Seat 1: SeregaM888 ($4 in chips) 
Seat 5: Dorex2007 ($2.12 in chips) 
Seat 6: peterf7611 ($1 in chips) 
Seat 7: Tweedy620 ($2.29 in chips) 
Seat 8: Benji McPad ($2.14 in chips) 
Tweedy620: posts small blind $0.01
Benji McPad: posts big blind $0.02
geniuss: sits out 
*** HOLE CARDS ***
Dealt to Dorex2007 [2h 3d]
SeregaM888: folds 
Dorex2007: folds 
peterf7611: calls $0.02
Tweedy620: calls $0.01
Benji McPad: checks 
*** FLOP *** [Kc 4h Th]
Tweedy620: checks 
Benji McPad: checks 
peterf7611: checks 
*** TURN *** [Kc 4h Th] [8c]
Tweedy620: checks 
Benji McPad: bets $0.06
peterf7611: calls $0.06
Tweedy620: folds 
*** RIVER *** [Kc 4h Th 8c] [6s]
Benji McPad: checks 
peterf7611: checks 
*** SHOW DOWN ***
Benji McPad: shows [Jd 9c] (high card King)
peterf7611: shows [As 8h] (a pair of Eights)
peterf7611 collected $0.17 from pot
*** SUMMARY ***
Total pot $0.18 | Rake $0.01 
Board [Kc 4h Th 8c 6s]
Seat 1: SeregaM888 folded before Flop (didn't bet)
Seat 5: Dorex2007 folded before Flop (didn't bet)
Seat 6: peterf7611 (button) showed [As 8h] and won ($0.17) with a pair of Eights
Seat 7: Tweedy620 (small blind) folded on the Turn
Seat 8: Benji McPad (big blind) showed [Jd 9c] and lost with high card King



PokerStars Hand #229368769544:  Hold'em No Limit ($0.01/$0.02 USD) - 2021/08/26 22:32:44 PT [2021/08/27 1:32:44 ET]
Table 'Innes' 9-max Seat #7 is the button
Seat 1: SeregaM888 ($4 in chips) 
Seat 5: Dorex2007 ($2.12 in chips) 
Seat 6: peterf7611 ($1.09 in chips) 
Seat 7: Tweedy620 ($2.27 in chips) 
Seat 8: Benji McPad ($2.06 in chips) 
Benji McPad: posts small blind $0.01
SeregaM888: posts big blind $0.02
geniuss: sits out 
*** HOLE CARDS ***
Dealt to Dorex2007 [Ks 9d]
Dorex2007: folds 
peterf7611: calls $0.02
Tweedy620: calls $0.02
Benji McPad: folds 
SeregaM888: checks 
*** FLOP *** [5s As 2h]
SeregaM888: checks 
peterf7611: checks 
Tweedy620: bets $0.08
SeregaM888: folds 
peterf7611: folds 
Uncalled bet ($0.08) returned to Tweedy620
Tweedy620 collected $0.07 from pot
Tweedy620: doesn't show hand 
*** SUMMARY ***
Total pot $0.07 | Rake $0 
Board [5s As 2h]
Seat 1: SeregaM888 (big blind) folded on the Flop
Seat 5: Dorex2007 folded before Flop (didn't bet)
Seat 6: peterf7611 folded on the Flop
Seat 7: Tweedy620 (button) collected ($0.07)
Seat 8: Benji McPad (small blind) folded before Flop



PokerStars Hand #229368774579:  Hold'em No Limit ($0.01/$0.02 USD) - 2021/08/26 22:33:21 PT [2021/08/27 1:33:21 ET]
Table 'Innes' 9-max Seat #8 is the button
Seat 1: SeregaM888 ($3.98 in chips) 
Seat 2: geniuss ($2.93 in chips) 
Seat 5: Dorex2007 ($2.12 in chips) 
Seat 6: peterf7611 ($1.07 in chips) 
Seat 7: Tweedy620 ($2.32 in chips) 
Seat 8: Benji McPad ($2.05 in chips) 
SeregaM888: posts small blind $0.01
geniuss: posts big blind $0.02
*** HOLE CARDS ***
Dealt to Dorex2007 [5h 5c]
Dorex2007: raises $0.02 to $0.04
peterf7611 has timed out
peterf7611: folds 
Tweedy620: calls $0.04
Benji McPad: folds 
SeregaM888: raises $0.14 to $0.18
geniuss: folds 
Dorex2007: folds 
Tweedy620: folds 
Uncalled bet ($0.14) returned to SeregaM888
SeregaM888 collected $0.14 from pot
*** SUMMARY ***
Total pot $0.14 | Rake $0 
Seat 1: SeregaM888 (small blind) collected ($0.14)
Seat 2: geniuss (big blind) folded before Flop
Seat 5: Dorex2007 folded before Flop
Seat 6: peterf7611 folded before Flop (didn't bet)
Seat 7: Tweedy620 folded before Flop
Seat 8: Benji McPad (button) folded before Flop (didn't bet)



PokerStars Hand #229368780084:  Hold'em No Limit ($0.01/$0.02 USD) - 2021/08/26 22:33:59 PT [2021/08/27 1:33:59 ET]
Table 'Innes' 9-max Seat #1 is the button
Seat 1: SeregaM888 ($4.08 in chips) 
Seat 2: geniuss ($2.91 in chips) 
Seat 5: Dorex2007 ($2.08 in chips) 
Seat 7: Tweedy620 ($2.28 in chips) 
Seat 8: Benji McPad ($2.05 in chips) 
geniuss: posts small blind $0.01
Dorex2007: posts big blind $0.02
*** HOLE CARDS ***
Dealt to Dorex2007 [3c 4d]
Tweedy620: folds 
Benji McPad: raises $0.22 to $0.24
SeregaM888: folds 
geniuss: folds 
Dorex2007: folds 
Uncalled bet ($0.22) returned to Benji McPad
Benji McPad collected $0.05 from pot
Benji McPad: doesn't show hand 
*** SUMMARY ***
Total pot $0.05 | Rake $0 
Seat 1: SeregaM888 (button) folded before Flop (didn't bet)
Seat 2: geniuss (small blind) folded before Flop
Seat 5: Dorex2007 (big blind) folded before Flop
Seat 7: Tweedy620 folded before Flop (didn't bet)
Seat 8: Benji McPad collected ($0.05)



PokerStars Hand #229368783163:  Hold'em No Limit ($0.01/$0.02 USD) - 2021/08/26 22:34:21 PT [2021/08/27 1:34:21 ET]
Table 'Innes' 9-max Seat #2 is the button
Seat 1: SeregaM888 ($4.08 in chips) 
Seat 2: geniuss ($2.90 in chips) 
Seat 5: Dorex2007 ($2.06 in chips) 
Seat 6: peterf7611 ($1.07 in chips) 
Seat 7: Tweedy620 ($2.28 in chips) 
Seat 8: Benji McPad ($2.08 in chips) 
Dorex2007: posts small blind $0.01
peterf7611: posts big blind $0.02
*** HOLE CARDS ***
Dealt to Dorex2007 [Jd Qs]
Tweedy620: folds 
Benji McPad: raises $0.20 to $0.22
SeregaM888: folds 
geniuss: folds 
Dorex2007: folds 
peterf7611: folds 
Uncalled bet ($0.20) returned to Benji McPad
Benji McPad collected $0.05 from pot
Benji McPad: doesn't show hand 
*** SUMMARY ***
Total pot $0.05 | Rake $0 
Seat 1: SeregaM888 folded before Flop (didn't bet)
Seat 2: geniuss (button) folded before Flop (didn't bet)
Seat 5: Dorex2007 (small blind) folded before Flop
Seat 6: peterf7611 (big blind) folded before Flop
Seat 7: Tweedy620 folded before Flop (didn't bet)
Seat 8: Benji McPad collected ($0.05)



PokerStars Hand #229368787073:  Hold'em No Limit ($0.01/$0.02 USD) - 2021/08/26 22:34:49 PT [2021/08/27 1:34:49 ET]
Table 'Innes' 9-max Seat #5 is the button
Seat 1: SeregaM888 ($4.08 in chips) 
Seat 2: geniuss ($2.90 in chips) 
Seat 5: Dorex2007 ($2.05 in chips) 
Seat 6: peterf7611 ($1.05 in chips) 
Seat 7: Tweedy620 ($2.28 in chips) 
Seat 8: Benji McPad ($2.11 in chips) 
peterf7611: posts small blind $0.01
Tweedy620: posts big blind $0.02
*** HOLE CARDS ***
Dealt to Dorex2007 [8h Qh]
Benji McPad: calls $0.02
SeregaM888: folds 
geniuss: folds 
Dorex2007: folds 
peterf7611: calls $0.01
Tweedy620: checks 
*** FLOP *** [4h As Ah]
peterf7611: checks 
Tweedy620: checks 
Benji McPad: checks 
*** TURN *** [4h As Ah] [Ad]
peterf7611: checks 
Tweedy620: checks 
Benji McPad: checks 
*** RIVER *** [4h As Ah Ad] [5h]
peterf7611: bets $0.02
Tweedy620: calls $0.02
Benji McPad: folds 
*** SHOW DOWN ***
peterf7611: shows [5s 6s] (a full house, Aces full of Fives)
Tweedy620: mucks hand 
peterf7611 collected $0.10 from pot
*** SUMMARY ***
Total pot $0.10 | Rake $0 
Board [4h As Ah Ad 5h]
Seat 1: SeregaM888 folded before Flop (didn't bet)
Seat 2: geniuss folded before Flop (didn't bet)
Seat 5: Dorex2007 (button) folded before Flop (didn't bet)
Seat 6: peterf7611 (small blind) showed [5s 6s] and won ($0.10) with a full house, Aces full of Fives
Seat 7: Tweedy620 (big blind) mucked [3h 6h]
Seat 8: Benji McPad folded on the River



PokerStars Hand #229368793586:  Hold'em No Limit ($0.01/$0.02 USD) - 2021/08/26 22:35:36 PT [2021/08/27 1:35:36 ET]
Table 'Innes' 9-max Seat #6 is the button
Seat 1: SeregaM888 ($4.08 in chips) 
Seat 2: geniuss ($2.90 in chips) 
Seat 5: Dorex2007 ($2.05 in chips) 
Seat 6: peterf7611 ($1.11 in chips) 
Seat 7: Tweedy620 ($2.24 in chips) 
Seat 8: Benji McPad ($2.09 in chips) 
Tweedy620: posts small blind $0.01
Benji McPad: posts big blind $0.02
*** HOLE CARDS ***
Dealt to Dorex2007 [Ad 2d]
SeregaM888: folds 
geniuss: folds 
Dorex2007: raises $0.04 to $0.06
peterf7611: calls $0.06
Tweedy620: folds 
Benji McPad: folds 
*** FLOP *** [3s Jh 5c]
Dorex2007: checks 
peterf7611: checks 
*** TURN *** [3s Jh 5c] [9d]
Dorex2007: checks 
peterf7611: checks 
*** RIVER *** [3s Jh 5c 9d] [As]
Dorex2007: checks 
peterf7611: checks 
*** SHOW DOWN ***
Dorex2007: shows [Ad 2d] (a pair of Aces)
peterf7611: mucks hand 
Dorex2007 collected $0.14 from pot
*** SUMMARY ***
Total pot $0.15 | Rake $0.01 
Board [3s Jh 5c 9d As]
Seat 1: SeregaM888 folded before Flop (didn't bet)
Seat 2: geniuss folded before Flop (didn't bet)
Seat 5: Dorex2007 showed [Ad 2d] and won ($0.14) with a pair of Aces
Seat 6: peterf7611 (button) mucked [Qd 8s]
Seat 7: Tweedy620 (small blind) folded before Flop
Seat 8: Benji McPad (big blind) folded before Flop



PokerStars Hand #229368798432:  Hold'em No Limit ($0.01/$0.02 USD) - 2021/08/26 22:36:10 PT [2021/08/27 1:36:10 ET]
Table 'Innes' 9-max Seat #7 is the button
Seat 1: SeregaM888 ($4.08 in chips) 
Seat 2: geniuss ($2.90 in chips) 
Seat 5: Dorex2007 ($2.13 in chips) 
Seat 6: peterf7611 ($1.05 in chips) 
Seat 7: Tweedy620 ($2.23 in chips) 
Seat 8: Benji McPad ($2.07 in chips) 
Benji McPad: posts small blind $0.01
SeregaM888: posts big blind $0.02
*** HOLE CARDS ***
Dealt to Dorex2007 [Jd Qs]
geniuss: folds 
Dorex2007: raises $0.02 to $0.04
peterf7611: folds 
Tweedy620: calls $0.04
Benji McPad: folds 
SeregaM888: raises $0.06 to $0.10
Dorex2007: folds 
Tweedy620: calls $0.06
*** FLOP *** [3c 7c 8d]
SeregaM888: bets $0.12
Tweedy620: raises $0.20 to $0.32
SeregaM888: raises $0.20 to $0.52
Tweedy620: raises $1.61 to $2.13 and is all-in
SeregaM888: calls $1.61
*** TURN *** [3c 7c 8d] [5c]
*** RIVER *** [3c 7c 8d 5c] [4h]
*** SHOW DOWN ***
SeregaM888: shows [Ad As] (a pair of Aces)
Tweedy620: shows [8c 8h] (three of a kind, Eights)
Tweedy620 collected $4.31 from pot
*** SUMMARY ***
Total pot $4.51 | Rake $0.20 
Board [3c 7c 8d 5c 4h]
Seat 1: SeregaM888 (big blind) showed [Ad As] and lost with a pair of Aces
Seat 2: geniuss folded before Flop (didn't bet)
Seat 5: Dorex2007 folded before Flop
Seat 6: peterf7611 folded before Flop (didn't bet)
Seat 7: Tweedy620 (button) showed [8c 8h] and won ($4.31) with three of a kind, Eights
Seat 8: Benji McPad (small blind) folded before Flop



PokerStars Hand #229368807081:  Hold'em No Limit ($0.01/$0.02 USD) - 2021/08/26 22:37:12 PT [2021/08/27 1:37:12 ET]
Table 'Innes' 9-max Seat #8 is the button
Seat 1: SeregaM888 ($1.85 in chips) 
Seat 2: geniuss ($2.90 in chips) 
Seat 5: Dorex2007 ($2.09 in chips) 
Seat 6: peterf7611 ($1.05 in chips) 
Seat 7: Tweedy620 ($4.31 in chips) 
Seat 8: Benji McPad ($2.06 in chips) 
SeregaM888: posts small blind $0.01
geniuss: posts big blind $0.02
*** HOLE CARDS ***
Dealt to Dorex2007 [4h 6s]
Dorex2007: folds 
peterf7611: calls $0.02
Tweedy620: folds 
Benji McPad: folds 
SeregaM888: folds 
geniuss: checks 
*** FLOP *** [9h 5s Ad]
geniuss: checks 
peterf7611: bets $0.02
geniuss: folds 
Uncalled bet ($0.02) returned to peterf7611
peterf7611 collected $0.05 from pot
peterf7611: doesn't show hand 
*** SUMMARY ***
Total pot $0.05 | Rake $0 
Board [9h 5s Ad]
Seat 1: SeregaM888 (small blind) folded before Flop
Seat 2: geniuss (big blind) folded on the Flop
Seat 5: Dorex2007 folded before Flop (didn't bet)
Seat 6: peterf7611 collected ($0.05)
Seat 7: Tweedy620 folded before Flop (didn't bet)
Seat 8: Benji McPad (button) folded before Flop (didn't bet)



