PokerStars Hand #237948954928:  Hold'em No Limit ($0.02/$0.05 USD) - 2022/08/12 11:43:06 PT [2022/08/12 14:43:06 ET]
Table 'China III' 9-max Seat #3 is the button
Seat 1: FilMiami ($1.67 in chips) 
Seat 2: 1tillit1 ($8.01 in chips) 
Seat 3: eskaeliey ($3.41 in chips) 
Seat 4: Oscarlindo ($0.91 in chips) 
Seat 5: Dorex2007 ($5 in chips) 
Seat 6: Alex.Petrovskiy ($5 in chips) 
Seat 7: samilvag ($2.99 in chips) 
Seat 8: buburik ($4.65 in chips) 
Seat 9: MrFumble42 ($7.20 in chips) 
Oscarlindo: posts small blind $0.02
Dorex2007: posts big blind $0.05
*** HOLE CARDS ***
Dealt to Dorex2007 [Qh Ah]
Alex.Petrovskiy: folds 
samilvag: raises $0.09 to $0.14
buburik: folds 
MrFumble42: folds 
FilMiami: calls $0.14
1tillit1: folds 
eskaeliey: folds 
Oscarlindo: folds 
Dorex2007: raises $0.16 to $0.30
samilvag: calls $0.16
FilMiami: calls $0.16
*** FLOP *** [5c 8h 4d]
Dorex2007: bets $0.44
samilvag: calls $0.44
FilMiami: folds 
*** TURN *** [5c 8h 4d] [5d]
Dorex2007: bets $0.45
samilvag: folds 
Uncalled bet ($0.45) returned to Dorex2007
Dorex2007 collected $1.73 from pot
Dorex2007: doesn't show hand 
*** SUMMARY ***
Total pot $1.80 | Rake $0.07 
Board [5c 8h 4d 5d]
Seat 1: FilMiami folded on the Flop
Seat 2: 1tillit1 folded before Flop (didn't bet)
Seat 3: eskaeliey (button) folded before Flop (didn't bet)
Seat 4: Oscarlindo (small blind) folded before Flop
Seat 5: Dorex2007 (big blind) collected ($1.73)
Seat 6: Alex.Petrovskiy folded before Flop (didn't bet)
Seat 7: samilvag folded on the Turn
Seat 8: buburik folded before Flop (didn't bet)
Seat 9: MrFumble42 folded before Flop (didn't bet)



PokerStars Hand #237948968309:  Hold'em No Limit ($0.02/$0.05 USD) - 2022/08/12 11:43:49 PT [2022/08/12 14:43:49 ET]
Table 'China III' 9-max Seat #4 is the button
Seat 1: FilMiami ($1.37 in chips) 
Seat 2: 1tillit1 ($8.01 in chips) 
Seat 3: eskaeliey ($3.41 in chips) 
Seat 4: Oscarlindo ($0.89 in chips) 
Seat 5: Dorex2007 ($5.99 in chips) 
Seat 7: samilvag ($2.25 in chips) 
Seat 8: buburik ($4.65 in chips) 
Seat 9: MrFumble42 ($7.20 in chips) 
Dorex2007: posts small blind $0.02
Alex.Petrovskiy: is sitting out 
samilvag: posts big blind $0.05
*** HOLE CARDS ***
Dealt to Dorex2007 [5c 3s]
buburik: folds 
MrFumble42: folds 
FilMiami: folds 
1tillit1: raises $0.10 to $0.15
eskaeliey: folds 
Oscarlindo: folds 
Dorex2007: folds 
samilvag: calls $0.10
*** FLOP *** [4h 4d Ks]
samilvag: checks 
1tillit1: bets $0.20
samilvag: calls $0.20
*** TURN *** [4h 4d Ks] [Ad]
samilvag: checks 
1tillit1: checks 
*** RIVER *** [4h 4d Ks Ad] [5s]
samilvag: checks 
1tillit1: checks 
*** SHOW DOWN ***
samilvag: shows [Ts 9s] (a pair of Fours)
1tillit1: shows [6d 6c] (two pair, Sixes and Fours)
1tillit1 collected $0.68 from pot
*** SUMMARY ***
Total pot $0.72 | Rake $0.04 
Board [4h 4d Ks Ad 5s]
Seat 1: FilMiami folded before Flop (didn't bet)
Seat 2: 1tillit1 showed [6d 6c] and won ($0.68) with two pair, Sixes and Fours
Seat 3: eskaeliey folded before Flop (didn't bet)
Seat 4: Oscarlindo (button) folded before Flop (didn't bet)
Seat 5: Dorex2007 (small blind) folded before Flop
Seat 7: samilvag (big blind) showed [Ts 9s] and lost with a pair of Fours
Seat 8: buburik folded before Flop (didn't bet)
Seat 9: MrFumble42 folded before Flop (didn't bet)



PokerStars Hand #237948987870:  Hold'em No Limit ($0.02/$0.05 USD) - 2022/08/12 11:44:51 PT [2022/08/12 14:44:51 ET]
Table 'China III' 9-max Seat #5 is the button
Seat 1: FilMiami ($1.37 in chips) 
Seat 2: 1tillit1 ($8.34 in chips) 
Seat 3: eskaeliey ($3.41 in chips) 
Seat 4: Oscarlindo ($0.89 in chips) 
Seat 5: Dorex2007 ($5.97 in chips) 
Seat 7: samilvag ($3.90 in chips) 
Seat 8: buburik ($4.65 in chips) 
Seat 9: MrFumble42 ($7.20 in chips) 
samilvag: posts small blind $0.02
buburik: posts big blind $0.05
*** HOLE CARDS ***
Dealt to Dorex2007 [Th 2s]
MrFumble42: calls $0.05
FilMiami: folds 
1tillit1: folds 
eskaeliey: folds 
Oscarlindo: folds 
Oscarlindo is disconnected 
Dorex2007: folds 
samilvag: calls $0.03
buburik: checks 
*** FLOP *** [3c 5s Td]
samilvag: bets $0.06
buburik: folds 
MrFumble42: calls $0.06
*** TURN *** [3c 5s Td] [9d]
samilvag: bets $0.11
MrFumble42: raises $0.24 to $0.35
samilvag: calls $0.24
*** RIVER *** [3c 5s Td 9d] [5d]
samilvag: checks 
MrFumble42: bets $0.75
samilvag: folds 
Uncalled bet ($0.75) returned to MrFumble42
MrFumble42 collected $0.93 from pot
MrFumble42: doesn't show hand 
*** SUMMARY ***
Total pot $0.97 | Rake $0.04 
Board [3c 5s Td 9d 5d]
Seat 1: FilMiami folded before Flop (didn't bet)
Seat 2: 1tillit1 folded before Flop (didn't bet)
Seat 3: eskaeliey folded before Flop (didn't bet)
Seat 4: Oscarlindo folded before Flop (didn't bet)
Seat 5: Dorex2007 (button) folded before Flop (didn't bet)
Seat 7: samilvag (small blind) folded on the River
Seat 8: buburik (big blind) folded on the Flop
Seat 9: MrFumble42 collected ($0.93)



PokerStars Hand #237949011068:  Hold'em No Limit ($0.02/$0.05 USD) - 2022/08/12 11:46:04 PT [2022/08/12 14:46:04 ET]
Table 'China III' 9-max Seat #7 is the button
Seat 1: FilMiami ($1.37 in chips) 
Seat 2: 1tillit1 ($8.34 in chips) 
Seat 3: eskaeliey ($3.41 in chips) 
Seat 4: Oscarlindo ($0.89 in chips) 
Seat 5: Dorex2007 ($5.97 in chips) 
Seat 7: samilvag ($3.44 in chips) 
Seat 8: buburik ($4.60 in chips) 
Seat 9: MrFumble42 ($7.67 in chips) 
buburik: posts small blind $0.02
MrFumble42: posts big blind $0.05
*** HOLE CARDS ***
Dealt to Dorex2007 [8s 4h]
FilMiami: calls $0.05
1tillit1: raises $0.20 to $0.25
eskaeliey: folds 
Oscarlindo: calls $0.25
Dorex2007: folds 
samilvag: folds 
buburik: folds 
MrFumble42: calls $0.20
FilMiami: folds 
*** FLOP *** [4d Th Td]
MrFumble42: checks 
1tillit1: checks 
Oscarlindo is disconnected 
Oscarlindo is connected 
Oscarlindo: checks 
*** TURN *** [4d Th Td] [5c]
MrFumble42: bets $0.25
1tillit1: folds 
Oscarlindo: folds 
Uncalled bet ($0.25) returned to MrFumble42
MrFumble42 collected $0.79 from pot
MrFumble42: doesn't show hand 
*** SUMMARY ***
Total pot $0.82 | Rake $0.03 
Board [4d Th Td 5c]
Seat 1: FilMiami folded before Flop
Seat 2: 1tillit1 folded on the Turn
Seat 3: eskaeliey folded before Flop (didn't bet)
Seat 4: Oscarlindo folded on the Turn
Seat 5: Dorex2007 folded before Flop (didn't bet)
Seat 7: samilvag (button) folded before Flop (didn't bet)
Seat 8: buburik (small blind) folded before Flop
Seat 9: MrFumble42 (big blind) collected ($0.79)



PokerStars Hand #237949035841:  Hold'em No Limit ($0.02/$0.05 USD) - 2022/08/12 11:47:23 PT [2022/08/12 14:47:23 ET]
Table 'China III' 9-max Seat #8 is the button
Seat 1: FilMiami ($1.32 in chips) 
Seat 2: 1tillit1 ($8.09 in chips) 
Seat 3: eskaeliey ($3.41 in chips) 
Seat 4: Oscarlindo ($0.64 in chips) 
Seat 5: Dorex2007 ($5.97 in chips) 
Seat 7: samilvag ($3.44 in chips) 
Seat 8: buburik ($4.58 in chips) 
Seat 9: MrFumble42 ($8.21 in chips) 
MrFumble42: posts small blind $0.02
FilMiami: posts big blind $0.05
*** HOLE CARDS ***
Dealt to Dorex2007 [Jh 4c]
1tillit1: folds 
eskaeliey: folds 
Oscarlindo: folds 
Dorex2007: folds 
samilvag: raises $0.09 to $0.14
buburik: folds 
MrFumble42: folds 
FilMiami: raises $0.16 to $0.30
samilvag: raises $2 to $2.30
FilMiami: calls $1.02 and is all-in
Uncalled bet ($0.98) returned to samilvag
*** FLOP *** [Ac 5s 9d]
*** TURN *** [Ac 5s 9d] [2d]
*** RIVER *** [Ac 5s 9d 2d] [8s]
*** SHOW DOWN ***
FilMiami: shows [Kh Kc] (a pair of Kings)
samilvag: shows [Ts Th] (a pair of Tens)
FilMiami cashed out the hand for $2.05 | Cash Out Fee $0.02
samilvag cashed out the hand for $0.48
*** SUMMARY ***
Total pot $2.66 | Rake $0.11 
Board [Ac 5s 9d 2d 8s]
Seat 1: FilMiami (big blind) showed [Kh Kc] and won ($2.55) with a pair of Kings (pot not awarded as player cashed out)
Seat 2: 1tillit1 folded before Flop (didn't bet)
Seat 3: eskaeliey folded before Flop (didn't bet)
Seat 4: Oscarlindo folded before Flop (didn't bet)
Seat 5: Dorex2007 folded before Flop (didn't bet)
Seat 7: samilvag showed [Ts Th] and lost with a pair of Tens (cashed out).
Seat 8: buburik (button) folded before Flop (didn't bet)
Seat 9: MrFumble42 (small blind) folded before Flop



PokerStars Hand #237949054897:  Hold'em No Limit ($0.02/$0.05 USD) - 2022/08/12 11:48:23 PT [2022/08/12 14:48:23 ET]
Table 'China III' 9-max Seat #9 is the button
Seat 1: FilMiami ($2.05 in chips) 
Seat 2: 1tillit1 ($8.09 in chips) 
Seat 3: eskaeliey ($3.41 in chips) 
Seat 4: Oscarlindo ($0.64 in chips) 
Seat 5: Dorex2007 ($5.97 in chips) 
Seat 7: samilvag ($2.60 in chips) 
Seat 8: buburik ($4.58 in chips) 
Seat 9: MrFumble42 ($8.19 in chips) 
FilMiami: posts small blind $0.02
1tillit1: posts big blind $0.05
*** HOLE CARDS ***
Dealt to Dorex2007 [5c Th]
eskaeliey: folds 
Oscarlindo: folds 
Dorex2007: folds 
samilvag: raises $0.08 to $0.13
buburik: folds 
MrFumble42: folds 
FilMiami: folds 
1tillit1: folds 
Uncalled bet ($0.08) returned to samilvag
samilvag collected $0.12 from pot
samilvag: doesn't show hand 
*** SUMMARY ***
Total pot $0.12 | Rake $0 
Seat 1: FilMiami (small blind) folded before Flop
Seat 2: 1tillit1 (big blind) folded before Flop
Seat 3: eskaeliey folded before Flop (didn't bet)
Seat 4: Oscarlindo folded before Flop (didn't bet)
Seat 5: Dorex2007 folded before Flop (didn't bet)
Seat 7: samilvag collected ($0.12)
Seat 8: buburik folded before Flop (didn't bet)
Seat 9: MrFumble42 (button) folded before Flop (didn't bet)



PokerStars Hand #237949063706:  Hold'em No Limit ($0.02/$0.05 USD) - 2022/08/12 11:48:51 PT [2022/08/12 14:48:51 ET]
Table 'China III' 9-max Seat #1 is the button
Seat 1: FilMiami ($2.03 in chips) 
Seat 2: 1tillit1 ($8.04 in chips) 
Seat 4: Oscarlindo ($0.64 in chips) 
Seat 5: Dorex2007 ($5.97 in chips) 
Seat 7: samilvag ($2.67 in chips) 
Seat 8: buburik ($4.58 in chips) 
Seat 9: MrFumble42 ($8.19 in chips) 
1tillit1: posts small blind $0.02
eskaeliey: is sitting out 
Oscarlindo: posts big blind $0.05
*** HOLE CARDS ***
Dealt to Dorex2007 [Ac 5d]
Dorex2007: folds 
eskaeliey leaves the table
samilvag: folds 
buburik: folds 
MrFumble42: folds 
ripelnet joins the table at seat #3 
FilMiami: raises $0.05 to $0.10
1tillit1: folds 
Oscarlindo: calls $0.05
*** FLOP *** [Ad Jd 7c]
Oscarlindo: checks 
FilMiami: bets $0.11
Oscarlindo: folds 
Uncalled bet ($0.11) returned to FilMiami
FilMiami collected $0.21 from pot
FilMiami: doesn't show hand 
*** SUMMARY ***
Total pot $0.22 | Rake $0.01 
Board [Ad Jd 7c]
Seat 1: FilMiami (button) collected ($0.21)
Seat 2: 1tillit1 (small blind) folded before Flop
Seat 4: Oscarlindo (big blind) folded on the Flop
Seat 5: Dorex2007 folded before Flop (didn't bet)
Seat 7: samilvag folded before Flop (didn't bet)
Seat 8: buburik folded before Flop (didn't bet)
Seat 9: MrFumble42 folded before Flop (didn't bet)



PokerStars Hand #237949072117:  Hold'em No Limit ($0.02/$0.05 USD) - 2022/08/12 11:49:17 PT [2022/08/12 14:49:17 ET]
Table 'China III' 9-max Seat #2 is the button
Seat 1: FilMiami ($2.14 in chips) 
Seat 2: 1tillit1 ($8.02 in chips) 
Seat 4: Oscarlindo ($0.54 in chips) 
Seat 5: Dorex2007 ($5.97 in chips) 
Seat 7: samilvag ($2.67 in chips) 
Seat 8: buburik ($4.58 in chips) 
Seat 9: MrFumble42 ($8.19 in chips) 
Oscarlindo: posts small blind $0.02
Dorex2007: posts big blind $0.05
*** HOLE CARDS ***
Dealt to Dorex2007 [Kh 8d]
samilvag: raises $0.09 to $0.14
buburik: folds 
MrFumble42: folds 
FilMiami: folds 
1tillit1: folds 
Oscarlindo: folds 
Dorex2007: folds 
Uncalled bet ($0.09) returned to samilvag
samilvag collected $0.12 from pot
samilvag: doesn't show hand 
*** SUMMARY ***
Total pot $0.12 | Rake $0 
Seat 1: FilMiami folded before Flop (didn't bet)
Seat 2: 1tillit1 (button) folded before Flop (didn't bet)
Seat 4: Oscarlindo (small blind) folded before Flop
Seat 5: Dorex2007 (big blind) folded before Flop
Seat 7: samilvag collected ($0.12)
Seat 8: buburik folded before Flop (didn't bet)
Seat 9: MrFumble42 folded before Flop (didn't bet)



PokerStars Hand #237949078577:  Hold'em No Limit ($0.02/$0.05 USD) - 2022/08/12 11:49:38 PT [2022/08/12 14:49:38 ET]
Table 'China III' 9-max Seat #4 is the button
Seat 1: FilMiami ($2.14 in chips) 
Seat 2: 1tillit1 ($8.02 in chips) 
Seat 4: Oscarlindo ($0.52 in chips) 
Seat 5: Dorex2007 ($5.92 in chips) 
Seat 7: samilvag ($2.74 in chips) 
Seat 8: buburik ($4.58 in chips) 
Seat 9: MrFumble42 ($8.19 in chips) 
Dorex2007: posts small blind $0.02
samilvag: posts big blind $0.05
ripelnet: sits out 
*** HOLE CARDS ***
Dealt to Dorex2007 [Ts 5h]
buburik: folds 
MrFumble42: raises $0.10 to $0.15
FilMiami: folds 
1tillit1: folds 
Oscarlindo: folds 
Dorex2007: folds 
samilvag: calls $0.10
*** FLOP *** [8h 5s Jh]
samilvag: checks 
MrFumble42: bets $0.15
samilvag: calls $0.15
*** TURN *** [8h 5s Jh] [7s]
samilvag: checks 
MrFumble42: bets $0.30
samilvag: calls $0.30
*** RIVER *** [8h 5s Jh 7s] [Qc]
samilvag: checks 
MrFumble42: checks 
*** SHOW DOWN ***
samilvag: shows [3c 3d] (a pair of Threes)
MrFumble42: shows [Th Tc] (a pair of Tens)
MrFumble42 collected $1.17 from pot
*** SUMMARY ***
Total pot $1.22 | Rake $0.05 
Board [8h 5s Jh 7s Qc]
Seat 1: FilMiami folded before Flop (didn't bet)
Seat 2: 1tillit1 folded before Flop (didn't bet)
Seat 4: Oscarlindo (button) folded before Flop (didn't bet)
Seat 5: Dorex2007 (small blind) folded before Flop
Seat 7: samilvag (big blind) showed [3c 3d] and lost with a pair of Threes
Seat 8: buburik folded before Flop (didn't bet)
Seat 9: MrFumble42 showed [Th Tc] and won ($1.17) with a pair of Tens



PokerStars Hand #237949095290:  Hold'em No Limit ($0.02/$0.05 USD) - 2022/08/12 11:50:31 PT [2022/08/12 14:50:31 ET]
Table 'China III' 9-max Seat #5 is the button
Seat 1: FilMiami ($2.14 in chips) 
Seat 2: 1tillit1 ($8.02 in chips) 
Seat 4: Oscarlindo ($0.52 in chips) 
Seat 5: Dorex2007 ($5.90 in chips) 
Seat 7: samilvag ($2.14 in chips) 
Seat 8: buburik ($4.58 in chips) 
Seat 9: MrFumble42 ($8.76 in chips) 
samilvag: posts small blind $0.02
buburik: posts big blind $0.05
ripelnet: sits out 
*** HOLE CARDS ***
Dealt to Dorex2007 [Jd 4d]
MrFumble42: folds 
FilMiami: folds 
1tillit1: folds 
Oscarlindo: raises $0.15 to $0.20
Dorex2007: folds 
samilvag: folds 
buburik: folds 
Uncalled bet ($0.15) returned to Oscarlindo
Oscarlindo collected $0.12 from pot
*** SUMMARY ***
Total pot $0.12 | Rake $0 
Seat 1: FilMiami folded before Flop (didn't bet)
Seat 2: 1tillit1 folded before Flop (didn't bet)
Seat 4: Oscarlindo collected ($0.12)
Seat 5: Dorex2007 (button) folded before Flop (didn't bet)
Seat 7: samilvag (small blind) folded before Flop
Seat 8: buburik (big blind) folded before Flop
Seat 9: MrFumble42 folded before Flop (didn't bet)



PokerStars Hand #237949105743:  Hold'em No Limit ($0.02/$0.05 USD) - 2022/08/12 11:50:50 PT [2022/08/12 14:50:50 ET]
Table 'China III' 9-max Seat #7 is the button
Seat 1: FilMiami ($2.14 in chips) 
Seat 2: 1tillit1 ($8.02 in chips) 
Seat 4: Oscarlindo ($0.59 in chips) 
Seat 5: Dorex2007 ($5.90 in chips) 
Seat 7: samilvag ($2.12 in chips) 
Seat 8: buburik ($4.53 in chips) 
Seat 9: MrFumble42 ($8.76 in chips) 
buburik: posts small blind $0.02
MrFumble42: posts big blind $0.05
ripelnet: sits out 
*** HOLE CARDS ***
Dealt to Dorex2007 [6h Qd]
FilMiami: folds 
1tillit1: folds 
Oscarlindo: raises $0.20 to $0.25
Dorex2007: folds 
samilvag: folds 
FilMiami leaves the table
buburik: folds 
MrFumble42: calls $0.20
*** FLOP *** [8c Qc 7h]
MrFumble42: bets $0.15
Oscarlindo: raises $0.19 to $0.34 and is all-in
MrFumble42: calls $0.19
*** TURN *** [8c Qc 7h] [2c]
*** RIVER *** [8c Qc 7h 2c] [Th]
*** SHOW DOWN ***
MrFumble42: shows [8h Jh] (a pair of Eights)
Oscarlindo: shows [Ac As] (a pair of Aces)
Oscarlindo collected $1.15 from pot
*** SUMMARY ***
Total pot $1.20 | Rake $0.05 
Board [8c Qc 7h 2c Th]
Seat 1: FilMiami folded before Flop (didn't bet)
Seat 2: 1tillit1 folded before Flop (didn't bet)
Seat 4: Oscarlindo showed [Ac As] and won ($1.15) with a pair of Aces
Seat 5: Dorex2007 folded before Flop (didn't bet)
Seat 7: samilvag (button) folded before Flop (didn't bet)
Seat 8: buburik (small blind) folded before Flop
Seat 9: MrFumble42 (big blind) showed [8h Jh] and lost with a pair of Eights



PokerStars Hand #237949119066:  Hold'em No Limit ($0.02/$0.05 USD) - 2022/08/12 11:51:32 PT [2022/08/12 14:51:32 ET]
Table 'China III' 9-max Seat #8 is the button
Seat 2: 1tillit1 ($8.02 in chips) 
Seat 4: Oscarlindo ($1.15 in chips) 
Seat 5: Dorex2007 ($5.90 in chips) 
Seat 7: samilvag ($2.12 in chips) 
Seat 8: buburik ($4.51 in chips) 
Seat 9: MrFumble42 ($8.17 in chips) 
MrFumble42: posts small blind $0.02
1tillit1: posts big blind $0.05
ripelnet: sits out 
*** HOLE CARDS ***
Dealt to Dorex2007 [Ac 9d]
Oscarlindo: folds 
Dorex2007: folds 
samilvag: raises $0.09 to $0.14
buburik: folds 
MrFumble42: folds 
1tillit1: folds 
Uncalled bet ($0.09) returned to samilvag
samilvag collected $0.12 from pot
samilvag: doesn't show hand 
*** SUMMARY ***
Total pot $0.12 | Rake $0 
Seat 2: 1tillit1 (big blind) folded before Flop
Seat 4: Oscarlindo folded before Flop (didn't bet)
Seat 5: Dorex2007 folded before Flop (didn't bet)
Seat 7: samilvag collected ($0.12)
Seat 8: buburik (button) folded before Flop (didn't bet)
Seat 9: MrFumble42 (small blind) folded before Flop



PokerStars Hand #237949127889:  Hold'em No Limit ($0.02/$0.05 USD) - 2022/08/12 11:52:00 PT [2022/08/12 14:52:00 ET]
Table 'China III' 9-max Seat #9 is the button
Seat 2: 1tillit1 ($7.97 in chips) 
Seat 3: ripelnet ($5 in chips) 
Seat 4: Oscarlindo ($1.15 in chips) 
Seat 5: Dorex2007 ($5.90 in chips) 
Seat 7: samilvag ($2.19 in chips) 
Seat 8: buburik ($4.51 in chips) 
Seat 9: MrFumble42 ($8.15 in chips) 
1tillit1: posts small blind $0.02
ripelnet: posts big blind $0.05
*** HOLE CARDS ***
Dealt to Dorex2007 [7d 8h]
Alex366296 joins the table at seat #1 
Oscarlindo has timed out
Oscarlindo: folds 
Dorex2007: folds 
samilvag: folds 
buburik: raises $0.10 to $0.15
MrFumble42: folds 
1tillit1: folds 
ripelnet: folds 
Uncalled bet ($0.10) returned to buburik
buburik collected $0.12 from pot
buburik: doesn't show hand 
*** SUMMARY ***
Total pot $0.12 | Rake $0 
Seat 2: 1tillit1 (small blind) folded before Flop
Seat 3: ripelnet (big blind) folded before Flop
Seat 4: Oscarlindo folded before Flop (didn't bet)
Seat 5: Dorex2007 folded before Flop (didn't bet)
Seat 7: samilvag folded before Flop (didn't bet)
Seat 8: buburik collected ($0.12)
Seat 9: MrFumble42 (button) folded before Flop (didn't bet)



PokerStars Hand #237949137466:  Hold'em No Limit ($0.02/$0.05 USD) - 2022/08/12 11:52:30 PT [2022/08/12 14:52:30 ET]
Table 'China III' 9-max Seat #2 is the button
Seat 2: 1tillit1 ($7.95 in chips) 
Seat 3: ripelnet ($5 in chips) 
Seat 4: Oscarlindo ($1.15 in chips) 
Seat 5: Dorex2007 ($5.90 in chips) 
Seat 7: samilvag ($2.19 in chips) 
Seat 8: buburik ($4.58 in chips) 
Seat 9: MrFumble42 ($8.15 in chips) 
ripelnet: posts small blind $0.02
Oscarlindo: posts big blind $0.05
Alex366296: sits out 
*** HOLE CARDS ***
Dealt to Dorex2007 [9c 9s]
Dorex2007: calls $0.05
samilvag: folds 
buburik: raises $0.17 to $0.22
MrFumble42: folds 
1tillit1: folds 
ripelnet: folds 
Oscarlindo: folds 
Dorex2007: calls $0.17
*** FLOP *** [5h Ks Kc]
Dorex2007: bets $0.49
buburik: calls $0.49
*** TURN *** [5h Ks Kc] [3s]
Dorex2007: checks 
buburik: checks 
*** RIVER *** [5h Ks Kc 3s] [Js]
Dorex2007: checks 
buburik: bets $0.71
Dorex2007: folds 
Uncalled bet ($0.71) returned to buburik
buburik collected $1.43 from pot
buburik: doesn't show hand 
*** SUMMARY ***
Total pot $1.49 | Rake $0.06 
Board [5h Ks Kc 3s Js]
Seat 2: 1tillit1 (button) folded before Flop (didn't bet)
Seat 3: ripelnet (small blind) folded before Flop
Seat 4: Oscarlindo (big blind) folded before Flop
Seat 5: Dorex2007 folded on the River
Seat 7: samilvag folded before Flop (didn't bet)
Seat 8: buburik collected ($1.43)
Seat 9: MrFumble42 folded before Flop (didn't bet)



PokerStars Hand #237949154339:  Hold'em No Limit ($0.02/$0.05 USD) - 2022/08/12 11:53:23 PT [2022/08/12 14:53:23 ET]
Table 'China III' 9-max Seat #3 is the button
Seat 2: 1tillit1 ($7.95 in chips) 
Seat 3: ripelnet ($5 in chips) 
Seat 4: Oscarlindo ($1.10 in chips) 
Seat 5: Dorex2007 ($5.19 in chips) 
Seat 7: samilvag ($2.19 in chips) 
Seat 8: buburik ($5.30 in chips) 
Seat 9: MrFumble42 ($8.15 in chips) 
Oscarlindo: posts small blind $0.02
Dorex2007: posts big blind $0.05
Alex366296: sits out 
*** HOLE CARDS ***
Dealt to Dorex2007 [Td 3h]
samilvag: folds 
buburik: raises $0.10 to $0.15
MrFumble42: calls $0.15
1tillit1: folds 
ripelnet: folds 
Oscarlindo: calls $0.13
Dorex2007: folds 
*** FLOP *** [9h Jd 3d]
Oscarlindo: checks 
buburik: bets $0.24
MrFumble42: folds 
Oscarlindo: folds 
Uncalled bet ($0.24) returned to buburik
buburik collected $0.48 from pot
buburik: doesn't show hand 
*** SUMMARY ***
Total pot $0.50 | Rake $0.02 
Board [9h Jd 3d]
Seat 2: 1tillit1 folded before Flop (didn't bet)
Seat 3: ripelnet (button) folded before Flop (didn't bet)
Seat 4: Oscarlindo (small blind) folded on the Flop
Seat 5: Dorex2007 (big blind) folded before Flop
Seat 7: samilvag folded before Flop (didn't bet)
Seat 8: buburik collected ($0.48)
Seat 9: MrFumble42 folded on the Flop



PokerStars Hand #237949171217:  Hold'em No Limit ($0.02/$0.05 USD) - 2022/08/12 11:54:16 PT [2022/08/12 14:54:16 ET]
Table 'China III' 9-max Seat #4 is the button
Seat 2: 1tillit1 ($7.95 in chips) 
Seat 3: ripelnet ($5 in chips) 
Seat 4: Oscarlindo ($0.95 in chips) 
Seat 5: Dorex2007 ($5.14 in chips) 
Seat 7: samilvag ($2.19 in chips) 
Seat 8: buburik ($5.63 in chips) 
Seat 9: MrFumble42 ($8 in chips) 
Dorex2007: posts small blind $0.02
samilvag: posts big blind $0.05
Alex366296: sits out 
*** HOLE CARDS ***
Dealt to Dorex2007 [6s 5d]
buburik: folds 
MrFumble42: raises $0.10 to $0.15
1tillit1: folds 
ripelnet: folds 
Oscarlindo: folds 
Dorex2007: folds 
samilvag: folds 
Uncalled bet ($0.10) returned to MrFumble42
MrFumble42 collected $0.12 from pot
MrFumble42: doesn't show hand 
*** SUMMARY ***
Total pot $0.12 | Rake $0 
Seat 2: 1tillit1 folded before Flop (didn't bet)
Seat 3: ripelnet folded before Flop (didn't bet)
Seat 4: Oscarlindo (button) folded before Flop (didn't bet)
Seat 5: Dorex2007 (small blind) folded before Flop
Seat 7: samilvag (big blind) folded before Flop
Seat 8: buburik folded before Flop (didn't bet)
Seat 9: MrFumble42 collected ($0.12)



PokerStars Hand #237949182457:  Hold'em No Limit ($0.02/$0.05 USD) - 2022/08/12 11:54:52 PT [2022/08/12 14:54:52 ET]
Table 'China III' 9-max Seat #5 is the button
Seat 2: 1tillit1 ($7.95 in chips) 
Seat 3: ripelnet ($5 in chips) 
Seat 4: Oscarlindo ($0.95 in chips) 
Seat 5: Dorex2007 ($5.12 in chips) 
Seat 7: samilvag ($2.14 in chips) 
Seat 8: buburik ($5.63 in chips) 
Seat 9: MrFumble42 ($8.07 in chips) 
samilvag: posts small blind $0.02
buburik: posts big blind $0.05
Alex366296: sits out 
*** HOLE CARDS ***
Dealt to Dorex2007 [8s Tc]
MrFumble42: folds 
1tillit1: folds 
ripelnet: folds 
Oscarlindo: folds 
Dorex2007: folds 
samilvag: folds 
Uncalled bet ($0.03) returned to buburik
buburik collected $0.04 from pot
buburik: doesn't show hand 
*** SUMMARY ***
Total pot $0.04 | Rake $0 
Seat 2: 1tillit1 folded before Flop (didn't bet)
Seat 3: ripelnet folded before Flop (didn't bet)
Seat 4: Oscarlindo folded before Flop (didn't bet)
Seat 5: Dorex2007 (button) folded before Flop (didn't bet)
Seat 7: samilvag (small blind) folded before Flop
Seat 8: buburik (big blind) collected ($0.04)
Seat 9: MrFumble42 folded before Flop (didn't bet)



PokerStars Hand #237949190434:  Hold'em No Limit ($0.02/$0.05 USD) - 2022/08/12 11:55:20 PT [2022/08/12 14:55:20 ET]
Table 'China III' 9-max Seat #7 is the button
Seat 2: 1tillit1 ($7.95 in chips) 
Seat 3: ripelnet ($5 in chips) 
Seat 4: Oscarlindo ($0.95 in chips) 
Seat 5: Dorex2007 ($5.12 in chips) 
Seat 7: samilvag ($2.12 in chips) 
Seat 8: buburik ($5.65 in chips) 
Seat 9: MrFumble42 ($8.07 in chips) 
buburik: posts small blind $0.02
MrFumble42: posts big blind $0.05
Alex366296: sits out 
*** HOLE CARDS ***
Dealt to Dorex2007 [5h Qh]
1tillit1: folds 
ripelnet: folds 
Oscarlindo: folds 
Dorex2007: folds 
samilvag: folds 
buburik: raises $0.10 to $0.15
MrFumble42: calls $0.10
*** FLOP *** [8s 7s Tc]
buburik: bets $0.12
MrFumble42: folds 
Uncalled bet ($0.12) returned to buburik
buburik collected $0.29 from pot
buburik: doesn't show hand 
*** SUMMARY ***
Total pot $0.30 | Rake $0.01 
Board [8s 7s Tc]
Seat 2: 1tillit1 folded before Flop (didn't bet)
Seat 3: ripelnet folded before Flop (didn't bet)
Seat 4: Oscarlindo folded before Flop (didn't bet)
Seat 5: Dorex2007 folded before Flop (didn't bet)
Seat 7: samilvag (button) folded before Flop (didn't bet)
Seat 8: buburik (small blind) collected ($0.29)
Seat 9: MrFumble42 (big blind) folded on the Flop



PokerStars Hand #237949198272:  Hold'em No Limit ($0.02/$0.05 USD) - 2022/08/12 11:55:52 PT [2022/08/12 14:55:52 ET]
Table 'China III' 9-max Seat #8 is the button
Seat 1: Alex366296 ($5 in chips) 
Seat 2: 1tillit1 ($7.95 in chips) 
Seat 3: ripelnet ($5 in chips) 
Seat 4: Oscarlindo ($0.95 in chips) 
Seat 5: Dorex2007 ($5.12 in chips) 
Seat 7: samilvag ($2.12 in chips) 
Seat 8: buburik ($5.79 in chips) 
Seat 9: MrFumble42 ($7.92 in chips) 
MrFumble42: posts small blind $0.02
Alex366296: posts big blind $0.05
*** HOLE CARDS ***
Dealt to Dorex2007 [8h Kc]
1tillit1: folds 
ripelnet: folds 
Oscarlindo: folds 
Dorex2007: folds 
samilvag: folds 
buburik: folds 
MrFumble42: raises $0.10 to $0.15
Alex366296: folds 
Uncalled bet ($0.10) returned to MrFumble42
MrFumble42 collected $0.10 from pot
MrFumble42: doesn't show hand 
*** SUMMARY ***
Total pot $0.10 | Rake $0 
Seat 1: Alex366296 (big blind) folded before Flop
Seat 2: 1tillit1 folded before Flop (didn't bet)
Seat 3: ripelnet folded before Flop (didn't bet)
Seat 4: Oscarlindo folded before Flop (didn't bet)
Seat 5: Dorex2007 folded before Flop (didn't bet)
Seat 7: samilvag folded before Flop (didn't bet)
Seat 8: buburik (button) folded before Flop (didn't bet)
Seat 9: MrFumble42 (small blind) collected ($0.10)



PokerStars Hand #237949201928:  Hold'em No Limit ($0.02/$0.05 USD) - 2022/08/12 11:56:08 PT [2022/08/12 14:56:08 ET]
Table 'China III' 9-max Seat #9 is the button
Seat 1: Alex366296 ($5 in chips) 
Seat 2: 1tillit1 ($7.95 in chips) 
Seat 3: ripelnet ($5 in chips) 
Seat 4: Oscarlindo ($0.95 in chips) 
Seat 5: Dorex2007 ($5.12 in chips) 
Seat 7: samilvag ($2.12 in chips) 
Seat 8: buburik ($5.79 in chips) 
Seat 9: MrFumble42 ($7.97 in chips) 
Alex366296: posts small blind $0.02
1tillit1: posts big blind $0.05
*** HOLE CARDS ***
Dealt to Dorex2007 [Th Kd]
ripelnet: folds 
Oscarlindo: folds 
Dorex2007: calls $0.05
samilvag: folds 
buburik: folds 
MrFumble42: folds 
Alex366296: folds 
1tillit1: checks 
*** FLOP *** [Qc Qh 4s]
1tillit1: bets $0.06
Dorex2007: calls $0.06
*** TURN *** [Qc Qh 4s] [6h]
1tillit1: bets $0.15
Dorex2007: calls $0.15
*** RIVER *** [Qc Qh 4s 6h] [8d]
1tillit1: bets $0.27
Dorex2007: folds 
Uncalled bet ($0.27) returned to 1tillit1
1tillit1 collected $0.52 from pot
1tillit1: doesn't show hand 
*** SUMMARY ***
Total pot $0.54 | Rake $0.02 
Board [Qc Qh 4s 6h 8d]
Seat 1: Alex366296 (small blind) folded before Flop
Seat 2: 1tillit1 (big blind) collected ($0.52)
Seat 3: ripelnet folded before Flop (didn't bet)
Seat 4: Oscarlindo folded before Flop (didn't bet)
Seat 5: Dorex2007 folded on the River
Seat 7: samilvag folded before Flop (didn't bet)
Seat 8: buburik folded before Flop (didn't bet)
Seat 9: MrFumble42 (button) folded before Flop (didn't bet)



PokerStars Hand #237949213327:  Hold'em No Limit ($0.02/$0.05 USD) - 2022/08/12 11:56:56 PT [2022/08/12 14:56:56 ET]
Table 'China III' 9-max Seat #1 is the button
Seat 1: Alex366296 ($5 in chips) 
Seat 2: 1tillit1 ($8.21 in chips) 
Seat 3: ripelnet ($5 in chips) 
Seat 4: Oscarlindo ($0.95 in chips) 
Seat 5: Dorex2007 ($5 in chips) 
Seat 7: samilvag ($2.12 in chips) 
Seat 8: buburik ($5.79 in chips) 
Seat 9: MrFumble42 ($7.97 in chips) 
1tillit1: posts small blind $0.02
ripelnet: posts big blind $0.05
*** HOLE CARDS ***
Dealt to Dorex2007 [4h 5d]
Oscarlindo has timed out
Oscarlindo: folds 
Dorex2007: folds 
samilvag: folds 
buburik: raises $0.10 to $0.15
MrFumble42: folds 
Alex366296: folds 
1tillit1: folds 
ripelnet: folds 
Uncalled bet ($0.10) returned to buburik
buburik collected $0.12 from pot
buburik: doesn't show hand 
*** SUMMARY ***
Total pot $0.12 | Rake $0 
Seat 1: Alex366296 (button) folded before Flop (didn't bet)
Seat 2: 1tillit1 (small blind) folded before Flop
Seat 3: ripelnet (big blind) folded before Flop
Seat 4: Oscarlindo folded before Flop (didn't bet)
Seat 5: Dorex2007 folded before Flop (didn't bet)
Seat 7: samilvag folded before Flop (didn't bet)
Seat 8: buburik collected ($0.12)
Seat 9: MrFumble42 folded before Flop (didn't bet)



PokerStars Hand #237949218605:  Hold'em No Limit ($0.02/$0.05 USD) - 2022/08/12 11:57:19 PT [2022/08/12 14:57:19 ET]
Table 'China III' 9-max Seat #2 is the button
Seat 1: Alex366296 ($5 in chips) 
Seat 2: 1tillit1 ($8.19 in chips) 
Seat 3: ripelnet ($5 in chips) 
Seat 4: Oscarlindo ($0.95 in chips) 
Seat 5: Dorex2007 ($5 in chips) 
Seat 7: samilvag ($2.12 in chips) 
Seat 8: buburik ($5.86 in chips) 
Seat 9: MrFumble42 ($7.97 in chips) 
ripelnet: posts small blind $0.02
Oscarlindo: posts big blind $0.05
*** HOLE CARDS ***
Dealt to Dorex2007 [Jc Ah]
Dorex2007: calls $0.05
samilvag: folds 
buburik: folds 
MrFumble42: raises $0.10 to $0.15
Alex366296: calls $0.15
1tillit1: folds 
ripelnet: folds 
Oscarlindo: calls $0.10
Dorex2007: calls $0.10
*** FLOP *** [Ts Jd Qs]
Oscarlindo: bets $0.80 and is all-in
Dorex2007: folds 
MrFumble42: calls $0.80
Alex366296: calls $0.80
*** TURN *** [Ts Jd Qs] [4s]
MrFumble42: bets $1.45
Alex366296: folds 
Uncalled bet ($1.45) returned to MrFumble42
Oscarlindo has timed out
*** RIVER *** [Ts Jd Qs 4s] [9s]
*** SHOW DOWN ***
Oscarlindo: shows [3s As] (a flush, Ace high)
MrFumble42: shows [Js Ks] (a straight flush, Nine to King)
MrFumble42 collected $2.89 from pot
*** SUMMARY ***
Total pot $3.02 | Rake $0.13 
Board [Ts Jd Qs 4s 9s]
Seat 1: Alex366296 folded on the Turn
Seat 2: 1tillit1 (button) folded before Flop (didn't bet)
Seat 3: ripelnet (small blind) folded before Flop
Seat 4: Oscarlindo (big blind) showed [3s As] and lost with a flush, Ace high
Seat 5: Dorex2007 folded on the Flop
Seat 7: samilvag folded before Flop (didn't bet)
Seat 8: buburik folded before Flop (didn't bet)
Seat 9: MrFumble42 showed [Js Ks] and won ($2.89) with a straight flush, Nine to King



PokerStars Hand #237949235770:  Hold'em No Limit ($0.02/$0.05 USD) - 2022/08/12 11:58:31 PT [2022/08/12 14:58:31 ET]
Table 'China III' 9-max Seat #3 is the button
Seat 1: Alex366296 ($5 in chips) 
Seat 2: 1tillit1 ($8.19 in chips) 
Seat 3: ripelnet ($5 in chips) 
Seat 5: Dorex2007 ($5 in chips) 
Seat 7: samilvag ($2.12 in chips) 
Seat 8: buburik ($5.86 in chips) 
Seat 9: MrFumble42 ($9.91 in chips) 
Dorex2007: posts small blind $0.02
samilvag: posts big blind $0.05
*** HOLE CARDS ***
Dealt to Dorex2007 [8s 9c]
buburik: folds 
MrFumble42: folds 
Alex366296: folds 
1tillit1: folds 
ripelnet: folds 
Dorex2007: folds 
Uncalled bet ($0.03) returned to samilvag
samilvag collected $0.04 from pot
Alex.Petrovskiy leaves the table
samilvag: doesn't show hand 
*** SUMMARY ***
Total pot $0.04 | Rake $0 
Seat 1: Alex366296 folded before Flop (didn't bet)
Seat 2: 1tillit1 folded before Flop (didn't bet)
Seat 3: ripelnet (button) folded before Flop (didn't bet)
Seat 5: Dorex2007 (small blind) folded before Flop
Seat 7: samilvag (big blind) collected ($0.04)
Seat 8: buburik folded before Flop (didn't bet)
Seat 9: MrFumble42 folded before Flop (didn't bet)



PokerStars Hand #237949239924:  Hold'em No Limit ($0.02/$0.05 USD) - 2022/08/12 11:58:48 PT [2022/08/12 14:58:48 ET]
Table 'China III' 9-max Seat #5 is the button
Seat 1: Alex366296 ($5 in chips) 
Seat 2: 1tillit1 ($8.19 in chips) 
Seat 3: ripelnet ($5 in chips) 
Seat 4: Oscarlindo ($2 in chips) 
Seat 5: Dorex2007 ($5 in chips) 
Seat 7: samilvag ($2.14 in chips) 
Seat 8: buburik ($5.86 in chips) 
Seat 9: MrFumble42 ($9.91 in chips) 
samilvag: posts small blind $0.02
buburik: posts big blind $0.05
Oscarlindo: posts small blind $0.02
*** HOLE CARDS ***
Dealt to Dorex2007 [Jh 9s]
MrFumble42: folds 
Alex366296: folds 
1tillit1: folds 
ripelnet: folds 
Oscarlindo: folds 
Dorex2007: folds 
samilvag: folds 
Uncalled bet ($0.03) returned to buburik
buburik collected $0.06 from pot
buburik: doesn't show hand 
*** SUMMARY ***
Total pot $0.06 | Rake $0 
Seat 1: Alex366296 folded before Flop (didn't bet)
Seat 2: 1tillit1 folded before Flop (didn't bet)
Seat 3: ripelnet folded before Flop (didn't bet)
Seat 4: Oscarlindo folded before Flop (didn't bet)
Seat 5: Dorex2007 (button) folded before Flop (didn't bet)
Seat 7: samilvag (small blind) folded before Flop
Seat 8: buburik (big blind) collected ($0.06)
Seat 9: MrFumble42 folded before Flop (didn't bet)



PokerStars Hand #237949253277:  Hold'em No Limit ($0.02/$0.05 USD) - 2022/08/12 11:59:04 PT [2022/08/12 14:59:04 ET]
Table 'China III' 9-max Seat #7 is the button
Seat 1: Alex366296 ($5 in chips) 
Seat 2: 1tillit1 ($8.19 in chips) 
Seat 3: ripelnet ($5 in chips) 
Seat 4: Oscarlindo ($1.98 in chips) 
Seat 5: Dorex2007 ($5 in chips) 
Seat 7: samilvag ($2.12 in chips) 
Seat 8: buburik ($5.90 in chips) 
Seat 9: MrFumble42 ($9.91 in chips) 
buburik: posts small blind $0.02
MrFumble42: posts big blind $0.05
*** HOLE CARDS ***
Dealt to Dorex2007 [8s 9d]
Alex366296: folds 
1tillit1: folds 
ripelnet: folds 
Oscarlindo: calls $0.05
Dorex2007: folds 
samilvag: folds 
buburik: folds 
MrFumble42: checks 
*** FLOP *** [7c 7d 6s]
MrFumble42: checks 
Oscarlindo: checks 
*** TURN *** [7c 7d 6s] [9s]
MrFumble42: checks 
Oscarlindo: checks 
*** RIVER *** [7c 7d 6s 9s] [Ts]
MrFumble42: bets $0.10
Oscarlindo: folds 
Uncalled bet ($0.10) returned to MrFumble42
MrFumble42 collected $0.12 from pot
MrFumble42: doesn't show hand 
*** SUMMARY ***
Total pot $0.12 | Rake $0 
Board [7c 7d 6s 9s Ts]
Seat 1: Alex366296 folded before Flop (didn't bet)
Seat 2: 1tillit1 folded before Flop (didn't bet)
Seat 3: ripelnet folded before Flop (didn't bet)
Seat 4: Oscarlindo folded on the River
Seat 5: Dorex2007 folded before Flop (didn't bet)
Seat 7: samilvag (button) folded before Flop (didn't bet)
Seat 8: buburik (small blind) folded before Flop
Seat 9: MrFumble42 (big blind) collected ($0.12)



PokerStars Hand #237949265612:  Hold'em No Limit ($0.02/$0.05 USD) - 2022/08/12 11:59:55 PT [2022/08/12 14:59:55 ET]
Table 'China III' 9-max Seat #8 is the button
Seat 1: Alex366296 ($5 in chips) 
Seat 2: 1tillit1 ($8.19 in chips) 
Seat 3: ripelnet ($5 in chips) 
Seat 4: Oscarlindo ($1.93 in chips) 
Seat 5: Dorex2007 ($5 in chips) 
Seat 7: samilvag ($2.12 in chips) 
Seat 8: buburik ($5.88 in chips) 
Seat 9: MrFumble42 ($9.98 in chips) 
MrFumble42: posts small blind $0.02
Alex366296: posts big blind $0.05
*** HOLE CARDS ***
Dealt to Dorex2007 [4h 7d]
costica1949 joins the table at seat #6 
1tillit1: folds 
ripelnet: folds 
Oscarlindo: folds 
Dorex2007: folds 
samilvag: raises $0.08 to $0.13
buburik: folds 
MrFumble42: calls $0.11
Alex366296: folds 
*** FLOP *** [Qd 9s Kd]
MrFumble42: checks 
samilvag: bets $0.13
MrFumble42: folds 
Uncalled bet ($0.13) returned to samilvag
samilvag collected $0.30 from pot
samilvag: doesn't show hand 
*** SUMMARY ***
Total pot $0.31 | Rake $0.01 
Board [Qd 9s Kd]
Seat 1: Alex366296 (big blind) folded before Flop
Seat 2: 1tillit1 folded before Flop (didn't bet)
Seat 3: ripelnet folded before Flop (didn't bet)
Seat 4: Oscarlindo folded before Flop (didn't bet)
Seat 5: Dorex2007 folded before Flop (didn't bet)
Seat 7: samilvag collected ($0.30)
Seat 8: buburik (button) folded before Flop (didn't bet)
Seat 9: MrFumble42 (small blind) folded on the Flop



PokerStars Hand #237949276482:  Hold'em No Limit ($0.02/$0.05 USD) - 2022/08/12 12:00:38 PT [2022/08/12 15:00:38 ET]
Table 'China III' 9-max Seat #9 is the button
Seat 1: Alex366296 ($5 in chips) 
Seat 2: 1tillit1 ($8.19 in chips) 
Seat 3: ripelnet ($5 in chips) 
Seat 4: Oscarlindo ($1.93 in chips) 
Seat 5: Dorex2007 ($5 in chips) 
Seat 7: samilvag ($2.29 in chips) 
Seat 8: buburik ($5.88 in chips) 
Seat 9: MrFumble42 ($9.85 in chips) 
Alex366296: posts small blind $0.02
1tillit1: posts big blind $0.05
costica1949: sits out 
*** HOLE CARDS ***
Dealt to Dorex2007 [8d Jc]
ripelnet: folds 
Oscarlindo: folds 
Dorex2007: folds 
samilvag: raises $0.08 to $0.13
buburik: folds 
MrFumble42: calls $0.13
Alex366296: folds 
1tillit1: folds 
*** FLOP *** [As Ac 5c]
samilvag: checks 
MrFumble42: checks 
*** TURN *** [As Ac 5c] [Js]
samilvag: bets $0.11
MrFumble42: calls $0.11
*** RIVER *** [As Ac 5c Js] [7s]
samilvag: checks 
MrFumble42: bets $0.25
samilvag: folds 
Uncalled bet ($0.25) returned to MrFumble42
MrFumble42 collected $0.53 from pot
MrFumble42: doesn't show hand 
*** SUMMARY ***
Total pot $0.55 | Rake $0.02 
Board [As Ac 5c Js 7s]
Seat 1: Alex366296 (small blind) folded before Flop
Seat 2: 1tillit1 (big blind) folded before Flop
Seat 3: ripelnet folded before Flop (didn't bet)
Seat 4: Oscarlindo folded before Flop (didn't bet)
Seat 5: Dorex2007 folded before Flop (didn't bet)
Seat 7: samilvag folded on the River
Seat 8: buburik folded before Flop (didn't bet)
Seat 9: MrFumble42 (button) collected ($0.53)



PokerStars Hand #237949294034:  Hold'em No Limit ($0.02/$0.05 USD) - 2022/08/12 12:01:40 PT [2022/08/12 15:01:40 ET]
Table 'China III' 9-max Seat #1 is the button
Seat 1: Alex366296 ($5 in chips) 
Seat 2: 1tillit1 ($8.14 in chips) 
Seat 3: ripelnet ($5 in chips) 
Seat 4: Oscarlindo ($1.93 in chips) 
Seat 5: Dorex2007 ($5 in chips) 
Seat 7: samilvag ($2.05 in chips) 
Seat 8: buburik ($5.88 in chips) 
Seat 9: MrFumble42 ($10.14 in chips) 
1tillit1: posts small blind $0.02
ripelnet: posts big blind $0.05
costica1949: sits out 
*** HOLE CARDS ***
Dealt to Dorex2007 [5c 3s]
Oscarlindo: folds 
Dorex2007: folds 
samilvag: folds 
buburik: folds 
MrFumble42: raises $0.10 to $0.15
Alex366296: folds 
1tillit1: folds 
ripelnet: folds 
Uncalled bet ($0.10) returned to MrFumble42
MrFumble42 collected $0.12 from pot
MrFumble42: doesn't show hand 
*** SUMMARY ***
Total pot $0.12 | Rake $0 
Seat 1: Alex366296 (button) folded before Flop (didn't bet)
Seat 2: 1tillit1 (small blind) folded before Flop
Seat 3: ripelnet (big blind) folded before Flop
Seat 4: Oscarlindo folded before Flop (didn't bet)
Seat 5: Dorex2007 folded before Flop (didn't bet)
Seat 7: samilvag folded before Flop (didn't bet)
Seat 8: buburik folded before Flop (didn't bet)
Seat 9: MrFumble42 collected ($0.12)



PokerStars Hand #237949301931:  Hold'em No Limit ($0.02/$0.05 USD) - 2022/08/12 12:02:07 PT [2022/08/12 15:02:07 ET]
Table 'China III' 9-max Seat #2 is the button
Seat 1: Alex366296 ($5 in chips) 
Seat 2: 1tillit1 ($8.12 in chips) 
Seat 3: ripelnet ($5 in chips) 
Seat 4: Oscarlindo ($1.93 in chips) 
Seat 5: Dorex2007 ($5 in chips) 
Seat 8: buburik ($5.88 in chips) 
Seat 9: MrFumble42 ($10.21 in chips) 
ripelnet: posts small blind $0.02
Oscarlindo: posts big blind $0.05
costica1949: sits out 
*** HOLE CARDS ***
Dealt to Dorex2007 [7d Js]
Dorex2007: folds 
samilvag leaves the table
buburik: folds 
MrFumble42: folds 
Alex366296: folds 
1tillit1: folds 
ripelnet: folds 
Uncalled bet ($0.03) returned to Oscarlindo
Oscarlindo collected $0.04 from pot
*** SUMMARY ***
Total pot $0.04 | Rake $0 
Seat 1: Alex366296 folded before Flop (didn't bet)
Seat 2: 1tillit1 (button) folded before Flop (didn't bet)
Seat 3: ripelnet (small blind) folded before Flop
Seat 4: Oscarlindo (big blind) collected ($0.04)
Seat 5: Dorex2007 folded before Flop (didn't bet)
Seat 8: buburik folded before Flop (didn't bet)
Seat 9: MrFumble42 folded before Flop (didn't bet)



PokerStars Hand #237949305264:  Hold'em No Limit ($0.02/$0.05 USD) - 2022/08/12 12:02:17 PT [2022/08/12 15:02:17 ET]
Table 'China III' 9-max Seat #3 is the button
Seat 1: Alex366296 ($5 in chips) 
Seat 2: 1tillit1 ($8.12 in chips) 
Seat 3: ripelnet ($5 in chips) 
Seat 4: Oscarlindo ($1.95 in chips) 
Seat 5: Dorex2007 ($5 in chips) 
Seat 8: buburik ($5.88 in chips) 
Seat 9: MrFumble42 ($10.21 in chips) 
Oscarlindo: posts small blind $0.02
Dorex2007: posts big blind $0.05
costica1949: sits out 
*** HOLE CARDS ***
Dealt to Dorex2007 [2c Kh]
buburik: folds 
maksim-2003 joins the table at seat #7 
MrFumble42: raises $0.10 to $0.15
Alex366296: folds 
1tillit1: folds 
ripelnet: folds 
Oscarlindo: folds 
Dorex2007: folds 
Uncalled bet ($0.10) returned to MrFumble42
MrFumble42 collected $0.12 from pot
MrFumble42: doesn't show hand 
*** SUMMARY ***
Total pot $0.12 | Rake $0 
Seat 1: Alex366296 folded before Flop (didn't bet)
Seat 2: 1tillit1 folded before Flop (didn't bet)
Seat 3: ripelnet (button) folded before Flop (didn't bet)
Seat 4: Oscarlindo (small blind) folded before Flop
Seat 5: Dorex2007 (big blind) folded before Flop
Seat 8: buburik folded before Flop (didn't bet)
Seat 9: MrFumble42 collected ($0.12)



PokerStars Hand #237949310233:  Hold'em No Limit ($0.02/$0.05 USD) - 2022/08/12 12:02:33 PT [2022/08/12 15:02:33 ET]
Table 'China III' 9-max Seat #4 is the button
Seat 1: Alex366296 ($5 in chips) 
Seat 2: 1tillit1 ($8.12 in chips) 
Seat 3: ripelnet ($5 in chips) 
Seat 4: Oscarlindo ($1.93 in chips) 
Seat 5: Dorex2007 ($5 in chips) 
Seat 6: costica1949 ($4 in chips) 
Seat 8: buburik ($5.88 in chips) 
Seat 9: MrFumble42 ($10.28 in chips) 
Dorex2007: posts small blind $0.02
costica1949: posts big blind $0.05
maksim-2003: sits out 
*** HOLE CARDS ***
Dealt to Dorex2007 [Ah 4s]
buburik: folds 
MrFumble42: calls $0.05
Alex366296: folds 
1tillit1: folds 
ripelnet: folds 
Oscarlindo: raises $0.10 to $0.15
Dorex2007: folds 
costica1949: folds 
MrFumble42: calls $0.10
*** FLOP *** [4c 7h Ts]
MrFumble42: checks 
Oscarlindo: bets $0.15
MrFumble42: folds 
Uncalled bet ($0.15) returned to Oscarlindo
Oscarlindo collected $0.35 from pot
*** SUMMARY ***
Total pot $0.37 | Rake $0.02 
Board [4c 7h Ts]
Seat 1: Alex366296 folded before Flop (didn't bet)
Seat 2: 1tillit1 folded before Flop (didn't bet)
Seat 3: ripelnet folded before Flop (didn't bet)
Seat 4: Oscarlindo (button) collected ($0.35)
Seat 5: Dorex2007 (small blind) folded before Flop
Seat 6: costica1949 (big blind) folded before Flop
Seat 8: buburik folded before Flop (didn't bet)
Seat 9: MrFumble42 folded on the Flop



PokerStars Hand #237949325890:  Hold'em No Limit ($0.02/$0.05 USD) - 2022/08/12 12:03:22 PT [2022/08/12 15:03:22 ET]
Table 'China III' 9-max Seat #5 is the button
Seat 1: Alex366296 ($5 in chips) 
Seat 2: 1tillit1 ($8.12 in chips) 
Seat 3: ripelnet ($5 in chips) 
Seat 4: Oscarlindo ($2.13 in chips) 
Seat 5: Dorex2007 ($5 in chips) 
Seat 6: costica1949 ($3.95 in chips) 
Seat 7: maksim-2003 ($5 in chips) 
Seat 8: buburik ($5.88 in chips) 
Seat 9: MrFumble42 ($10.13 in chips) 
costica1949: posts small blind $0.02
maksim-2003: posts big blind $0.05
*** HOLE CARDS ***
Dealt to Dorex2007 [Jd Th]
buburik: folds 
MrFumble42: folds 
Alex366296: folds 
1tillit1: folds 
ripelnet: raises $0.07 to $0.12
Oscarlindo: folds 
Dorex2007: folds 
costica1949: folds 
maksim-2003: folds 
Uncalled bet ($0.07) returned to ripelnet
ripelnet collected $0.12 from pot
ripelnet: doesn't show hand 
*** SUMMARY ***
Total pot $0.12 | Rake $0 
Seat 1: Alex366296 folded before Flop (didn't bet)
Seat 2: 1tillit1 folded before Flop (didn't bet)
Seat 3: ripelnet collected ($0.12)
Seat 4: Oscarlindo folded before Flop (didn't bet)
Seat 5: Dorex2007 (button) folded before Flop (didn't bet)
Seat 6: costica1949 (small blind) folded before Flop
Seat 7: maksim-2003 (big blind) folded before Flop
Seat 8: buburik folded before Flop (didn't bet)
Seat 9: MrFumble42 folded before Flop (didn't bet)



PokerStars Hand #237949337174:  Hold'em No Limit ($0.02/$0.05 USD) - 2022/08/12 12:03:58 PT [2022/08/12 15:03:58 ET]
Table 'China III' 9-max Seat #6 is the button
Seat 1: Alex366296 ($5 in chips) 
Seat 2: 1tillit1 ($8.12 in chips) 
Seat 3: ripelnet ($5.07 in chips) 
Seat 4: Oscarlindo ($2.13 in chips) 
Seat 5: Dorex2007 ($5 in chips) 
Seat 6: costica1949 ($3.93 in chips) 
Seat 7: maksim-2003 ($5 in chips) 
Seat 9: MrFumble42 ($10.13 in chips) 
maksim-2003: posts small blind $0.02
buburik: is sitting out 
MrFumble42: posts big blind $0.05
*** HOLE CARDS ***
Dealt to Dorex2007 [8c Td]
Alex366296: folds 
1tillit1: folds 
ripelnet: raises $0.07 to $0.12
Oscarlindo: folds 
buburik leaves the table
Dorex2007: folds 
costica1949: folds 
maksim-2003: folds 
MrFumble42: calls $0.07
*** FLOP *** [Jh 7s 5h]
MrFumble42: checks 
ripelnet: bets $0.19
MrFumble42: folds 
Uncalled bet ($0.19) returned to ripelnet
ripelnet collected $0.25 from pot
ripelnet: doesn't show hand 
*** SUMMARY ***
Total pot $0.26 | Rake $0.01 
Board [Jh 7s 5h]
Seat 1: Alex366296 folded before Flop (didn't bet)
Seat 2: 1tillit1 folded before Flop (didn't bet)
Seat 3: ripelnet collected ($0.25)
Seat 4: Oscarlindo folded before Flop (didn't bet)
Seat 5: Dorex2007 folded before Flop (didn't bet)
Seat 6: costica1949 (button) folded before Flop (didn't bet)
Seat 7: maksim-2003 (small blind) folded before Flop
Seat 9: MrFumble42 (big blind) folded on the Flop



PokerStars Hand #237949347115:  Hold'em No Limit ($0.02/$0.05 USD) - 2022/08/12 12:04:29 PT [2022/08/12 15:04:29 ET]
Table 'China III' 9-max Seat #7 is the button
Seat 1: Alex366296 ($5 in chips) 
Seat 2: 1tillit1 ($8.12 in chips) 
Seat 3: ripelnet ($5.20 in chips) 
Seat 4: Oscarlindo ($2.13 in chips) 
Seat 5: Dorex2007 ($5 in chips) 
Seat 6: costica1949 ($3.93 in chips) 
Seat 7: maksim-2003 ($5 in chips) 
Seat 9: MrFumble42 ($10.01 in chips) 
MrFumble42: posts small blind $0.02
Alex366296: posts big blind $0.05
*** HOLE CARDS ***
Dealt to Dorex2007 [3h 6c]
1tillit1: folds 
ripelnet: folds 
Erosh_1987 joins the table at seat #8 
Oscarlindo: folds 
Dorex2007: folds 
costica1949: folds 
maksim-2003: folds 
MrFumble42: folds 
Uncalled bet ($0.03) returned to Alex366296
Alex366296 collected $0.04 from pot
Alex366296: doesn't show hand 
*** SUMMARY ***
Total pot $0.04 | Rake $0 
Seat 1: Alex366296 (big blind) collected ($0.04)
Seat 2: 1tillit1 folded before Flop (didn't bet)
Seat 3: ripelnet folded before Flop (didn't bet)
Seat 4: Oscarlindo folded before Flop (didn't bet)
Seat 5: Dorex2007 folded before Flop (didn't bet)
Seat 6: costica1949 folded before Flop (didn't bet)
Seat 7: maksim-2003 (button) folded before Flop (didn't bet)
Seat 9: MrFumble42 (small blind) folded before Flop



PokerStars Hand #237949353549:  Hold'em No Limit ($0.02/$0.05 USD) - 2022/08/12 12:04:49 PT [2022/08/12 15:04:49 ET]
Table 'China III' 9-max Seat #9 is the button
Seat 1: Alex366296 ($5.02 in chips) 
Seat 2: 1tillit1 ($8.12 in chips) 
Seat 3: ripelnet ($5.20 in chips) 
Seat 4: Oscarlindo ($2.13 in chips) 
Seat 5: Dorex2007 ($5 in chips) 
Seat 6: costica1949 ($3.93 in chips) 
Seat 7: maksim-2003 ($5 in chips) 
Seat 9: MrFumble42 ($9.99 in chips) 
Alex366296: posts small blind $0.02
1tillit1: posts big blind $0.05
Erosh_1987: sits out 
*** HOLE CARDS ***
Dealt to Dorex2007 [Ac Ts]
ripelnet: folds 
Oscarlindo: folds 
Dorex2007: raises $0.10 to $0.15
costica1949: folds 
maksim-2003: raises $0.30 to $0.45
MrFumble42: folds 
Alex366296: folds 
1tillit1: folds 
Dorex2007: folds 
Uncalled bet ($0.30) returned to maksim-2003
maksim-2003 collected $0.37 from pot
maksim-2003: doesn't show hand 
*** SUMMARY ***
Total pot $0.37 | Rake $0 
Seat 1: Alex366296 (small blind) folded before Flop
Seat 2: 1tillit1 (big blind) folded before Flop
Seat 3: ripelnet folded before Flop (didn't bet)
Seat 4: Oscarlindo folded before Flop (didn't bet)
Seat 5: Dorex2007 folded before Flop
Seat 6: costica1949 folded before Flop (didn't bet)
Seat 7: maksim-2003 collected ($0.37)
Seat 9: MrFumble42 (button) folded before Flop (didn't bet)



PokerStars Hand #237949362700:  Hold'em No Limit ($0.02/$0.05 USD) - 2022/08/12 12:05:16 PT [2022/08/12 15:05:16 ET]
Table 'China III' 9-max Seat #1 is the button
Seat 1: Alex366296 ($5 in chips) 
Seat 2: 1tillit1 ($8.07 in chips) 
Seat 3: ripelnet ($5.20 in chips) 
Seat 4: Oscarlindo ($2.13 in chips) 
Seat 5: Dorex2007 ($5 in chips) 
Seat 6: costica1949 ($3.93 in chips) 
Seat 7: maksim-2003 ($5.22 in chips) 
Seat 9: MrFumble42 ($9.99 in chips) 
1tillit1: posts small blind $0.02
ripelnet: posts big blind $0.05
Erosh_1987: sits out 
*** HOLE CARDS ***
Dealt to Dorex2007 [Ks Ts]
Oscarlindo: folds 
Dorex2007: raises $0.05 to $0.10
costica1949: folds 
maksim-2003: folds 
MrFumble42: folds 
Alex366296: folds 
1tillit1: folds 
ripelnet: folds 
Uncalled bet ($0.05) returned to Dorex2007
Dorex2007 collected $0.12 from pot
Dorex2007: doesn't show hand 
*** SUMMARY ***
Total pot $0.12 | Rake $0 
Seat 1: Alex366296 (button) folded before Flop (didn't bet)
Seat 2: 1tillit1 (small blind) folded before Flop
Seat 3: ripelnet (big blind) folded before Flop
Seat 4: Oscarlindo folded before Flop (didn't bet)
Seat 5: Dorex2007 collected ($0.12)
Seat 6: costica1949 folded before Flop (didn't bet)
Seat 7: maksim-2003 folded before Flop (didn't bet)
Seat 9: MrFumble42 folded before Flop (didn't bet)



PokerStars Hand #237949370151:  Hold'em No Limit ($0.02/$0.05 USD) - 2022/08/12 12:05:39 PT [2022/08/12 15:05:39 ET]
Table 'China III' 9-max Seat #2 is the button
Seat 1: Alex366296 ($5 in chips) 
Seat 2: 1tillit1 ($8.05 in chips) 
Seat 3: ripelnet ($5.15 in chips) 
Seat 4: Oscarlindo ($2.13 in chips) 
Seat 5: Dorex2007 ($5.07 in chips) 
Seat 6: costica1949 ($3.93 in chips) 
Seat 7: maksim-2003 ($5.22 in chips) 
Seat 9: MrFumble42 ($9.99 in chips) 
ripelnet: posts small blind $0.02
Oscarlindo: posts big blind $0.05
Erosh_1987: sits out 
*** HOLE CARDS ***
Dealt to Dorex2007 [5s Td]
Dorex2007: folds 
costica1949: folds 
maksim-2003: folds 
MrFumble42: folds 
Alex366296: raises $0.10 to $0.15
1tillit1: folds 
ripelnet: folds 
Oscarlindo: folds 
Uncalled bet ($0.10) returned to Alex366296
Alex366296 collected $0.12 from pot
Alex366296: doesn't show hand 
*** SUMMARY ***
Total pot $0.12 | Rake $0 
Seat 1: Alex366296 collected ($0.12)
Seat 2: 1tillit1 (button) folded before Flop (didn't bet)
Seat 3: ripelnet (small blind) folded before Flop
Seat 4: Oscarlindo (big blind) folded before Flop
Seat 5: Dorex2007 folded before Flop (didn't bet)
Seat 6: costica1949 folded before Flop (didn't bet)
Seat 7: maksim-2003 folded before Flop (didn't bet)
Seat 9: MrFumble42 folded before Flop (didn't bet)



PokerStars Hand #237949382542:  Hold'em No Limit ($0.02/$0.05 USD) - 2022/08/12 12:06:16 PT [2022/08/12 15:06:16 ET]
Table 'China III' 9-max Seat #3 is the button
Seat 1: Alex366296 ($5.07 in chips) 
Seat 2: 1tillit1 ($8.05 in chips) 
Seat 3: ripelnet ($5.13 in chips) 
Seat 4: Oscarlindo ($2.08 in chips) 
Seat 5: Dorex2007 ($5.07 in chips) 
Seat 6: costica1949 ($3.93 in chips) 
Seat 7: maksim-2003 ($5.22 in chips) 
Seat 9: MrFumble42 ($9.99 in chips) 
Oscarlindo: posts small blind $0.02
Dorex2007: posts big blind $0.05
Erosh_1987: sits out 
*** HOLE CARDS ***
Dealt to Dorex2007 [4d 2c]
costica1949: folds 
maksim-2003: folds 
MrFumble42: folds 
Alex366296: folds 
1tillit1: folds 
ripelnet: folds 
Oscarlindo: folds 
Uncalled bet ($0.03) returned to Dorex2007
Dorex2007 collected $0.04 from pot
Dorex2007: doesn't show hand 
*** SUMMARY ***
Total pot $0.04 | Rake $0 
Seat 1: Alex366296 folded before Flop (didn't bet)
Seat 2: 1tillit1 folded before Flop (didn't bet)
Seat 3: ripelnet (button) folded before Flop (didn't bet)
Seat 4: Oscarlindo (small blind) folded before Flop
Seat 5: Dorex2007 (big blind) collected ($0.04)
Seat 6: costica1949 folded before Flop (didn't bet)
Seat 7: maksim-2003 folded before Flop (didn't bet)
Seat 9: MrFumble42 folded before Flop (didn't bet)



PokerStars Hand #237949385878:  Hold'em No Limit ($0.02/$0.05 USD) - 2022/08/12 12:06:26 PT [2022/08/12 15:06:26 ET]
Table 'China III' 9-max Seat #4 is the button
Seat 1: Alex366296 ($5.07 in chips) 
Seat 2: 1tillit1 ($8.05 in chips) 
Seat 3: ripelnet ($5.13 in chips) 
Seat 4: Oscarlindo ($2.06 in chips) 
Seat 5: Dorex2007 ($5.09 in chips) 
Seat 6: costica1949 ($3.93 in chips) 
Seat 7: maksim-2003 ($5.22 in chips) 
Seat 9: MrFumble42 ($9.99 in chips) 
Dorex2007: posts small blind $0.02
costica1949: posts big blind $0.05
Erosh_1987: sits out 
*** HOLE CARDS ***
Dealt to Dorex2007 [Jh 9d]
maksim-2003: raises $0.10 to $0.15
MrFumble42: folds 
Alex366296: folds 
1tillit1: folds 
ripelnet: folds 
Oscarlindo: folds 
Dorex2007: folds 
costica1949: calls $0.10
*** FLOP *** [2c 4d 2s]
costica1949: checks 
maksim-2003: bets $0.09
costica1949: calls $0.09
*** TURN *** [2c 4d 2s] [Td]
costica1949: checks 
maksim-2003: checks 
*** RIVER *** [2c 4d 2s Td] [3s]
costica1949: bets $0.25
maksim-2003: folds 
Uncalled bet ($0.25) returned to costica1949
costica1949 collected $0.48 from pot
*** SUMMARY ***
Total pot $0.50 | Rake $0.02 
Board [2c 4d 2s Td 3s]
Seat 1: Alex366296 folded before Flop (didn't bet)
Seat 2: 1tillit1 folded before Flop (didn't bet)
Seat 3: ripelnet folded before Flop (didn't bet)
Seat 4: Oscarlindo (button) folded before Flop (didn't bet)
Seat 5: Dorex2007 (small blind) folded before Flop
Seat 6: costica1949 (big blind) collected ($0.48)
Seat 7: maksim-2003 folded on the River
Seat 9: MrFumble42 folded before Flop (didn't bet)



PokerStars Hand #237949400894:  Hold'em No Limit ($0.02/$0.05 USD) - 2022/08/12 12:07:10 PT [2022/08/12 15:07:10 ET]
Table 'China III' 9-max Seat #5 is the button
Seat 1: Alex366296 ($5.07 in chips) 
Seat 2: 1tillit1 ($8.05 in chips) 
Seat 3: ripelnet ($5.13 in chips) 
Seat 4: Oscarlindo ($2.06 in chips) 
Seat 5: Dorex2007 ($5.07 in chips) 
Seat 6: costica1949 ($4.17 in chips) 
Seat 7: maksim-2003 ($5 in chips) 
Seat 9: MrFumble42 ($9.99 in chips) 
costica1949: posts small blind $0.02
maksim-2003: posts big blind $0.05
Erosh_1987: sits out 
*** HOLE CARDS ***
Dealt to Dorex2007 [9s 2c]
MrFumble42: folds 
Alex366296: folds 
1tillit1: folds 
ripelnet: folds 
Oscarlindo: folds 
Dorex2007: folds 
costica1949: folds 
Uncalled bet ($0.03) returned to maksim-2003
maksim-2003 collected $0.04 from pot
maksim-2003: doesn't show hand 
*** SUMMARY ***
Total pot $0.04 | Rake $0 
Seat 1: Alex366296 folded before Flop (didn't bet)
Seat 2: 1tillit1 folded before Flop (didn't bet)
Seat 3: ripelnet folded before Flop (didn't bet)
Seat 4: Oscarlindo folded before Flop (didn't bet)
Seat 5: Dorex2007 (button) folded before Flop (didn't bet)
Seat 6: costica1949 (small blind) folded before Flop
Seat 7: maksim-2003 (big blind) collected ($0.04)
Seat 9: MrFumble42 folded before Flop (didn't bet)



PokerStars Hand #237949404954:  Hold'em No Limit ($0.02/$0.05 USD) - 2022/08/12 12:07:22 PT [2022/08/12 15:07:22 ET]
Table 'China III' 9-max Seat #6 is the button
Seat 1: Alex366296 ($5.07 in chips) 
Seat 2: 1tillit1 ($8.05 in chips) 
Seat 3: ripelnet ($5.13 in chips) 
Seat 4: Oscarlindo ($2.06 in chips) 
Seat 5: Dorex2007 ($5.07 in chips) 
Seat 6: costica1949 ($4.15 in chips) 
Seat 7: maksim-2003 ($5.02 in chips) 
Seat 8: Erosh_1987 ($2.02 in chips) 
Seat 9: MrFumble42 ($9.99 in chips) 
maksim-2003: posts small blind $0.02
Erosh_1987: posts big blind $0.05
*** HOLE CARDS ***
Dealt to Dorex2007 [9s Qh]
MrFumble42: calls $0.05
Alex366296: folds 
1tillit1: folds 
ripelnet: folds 
Oscarlindo: raises $0.10 to $0.15
Dorex2007: folds 
costica1949: folds 
maksim-2003: folds 
Erosh_1987: folds 
MrFumble42: calls $0.10
*** FLOP *** [Jd Qs 6s]
MrFumble42: checks 
Oscarlindo: bets $0.35
MrFumble42: folds 
Uncalled bet ($0.35) returned to Oscarlindo
Oscarlindo collected $0.35 from pot
*** SUMMARY ***
Total pot $0.37 | Rake $0.02 
Board [Jd Qs 6s]
Seat 1: Alex366296 folded before Flop (didn't bet)
Seat 2: 1tillit1 folded before Flop (didn't bet)
Seat 3: ripelnet folded before Flop (didn't bet)
Seat 4: Oscarlindo collected ($0.35)
Seat 5: Dorex2007 folded before Flop (didn't bet)
Seat 6: costica1949 (button) folded before Flop (didn't bet)
Seat 7: maksim-2003 (small blind) folded before Flop
Seat 8: Erosh_1987 (big blind) folded before Flop
Seat 9: MrFumble42 folded on the Flop



PokerStars Hand #237949416573:  Hold'em No Limit ($0.02/$0.05 USD) - 2022/08/12 12:07:56 PT [2022/08/12 15:07:56 ET]
Table 'China III' 9-max Seat #7 is the button
Seat 1: Alex366296 ($5.07 in chips) 
Seat 3: ripelnet ($5.13 in chips) 
Seat 4: Oscarlindo ($2.26 in chips) 
Seat 5: Dorex2007 ($5.07 in chips) 
Seat 6: costica1949 ($4.15 in chips) 
Seat 7: maksim-2003 ($5 in chips) 
Seat 8: Erosh_1987 ($1.97 in chips) 
Seat 9: MrFumble42 ($9.84 in chips) 
Erosh_1987: posts small blind $0.02
MrFumble42: posts big blind $0.05
*** HOLE CARDS ***
Dealt to Dorex2007 [4s 8s]
Alex366296: folds 
ripelnet: folds 
Oscarlindo: folds 
Dorex2007: folds 
costica1949: folds 
maksim-2003: folds 
Erosh_1987: folds 
Uncalled bet ($0.03) returned to MrFumble42
MrFumble42 collected $0.04 from pot
MrFumble42: doesn't show hand 
*** SUMMARY ***
Total pot $0.04 | Rake $0 
Seat 1: Alex366296 folded before Flop (didn't bet)
Seat 3: ripelnet folded before Flop (didn't bet)
Seat 4: Oscarlindo folded before Flop (didn't bet)
Seat 5: Dorex2007 folded before Flop (didn't bet)
Seat 6: costica1949 folded before Flop (didn't bet)
Seat 7: maksim-2003 (button) folded before Flop (didn't bet)
Seat 8: Erosh_1987 (small blind) folded before Flop
Seat 9: MrFumble42 (big blind) collected ($0.04)



PokerStars Hand #237949421287:  Hold'em No Limit ($0.02/$0.05 USD) - 2022/08/12 12:08:10 PT [2022/08/12 15:08:10 ET]
Table 'China III' 9-max Seat #8 is the button
Seat 1: Alex366296 ($5.07 in chips) 
Seat 3: ripelnet ($5.13 in chips) 
Seat 4: Oscarlindo ($2.26 in chips) 
Seat 5: Dorex2007 ($5.07 in chips) 
Seat 6: costica1949 ($4.15 in chips) 
Seat 7: maksim-2003 ($5 in chips) 
Seat 8: Erosh_1987 ($1.95 in chips) 
Seat 9: MrFumble42 ($9.86 in chips) 
MrFumble42: posts small blind $0.02
Alex366296: posts big blind $0.05
*** HOLE CARDS ***
Dealt to Dorex2007 [Jh 4c]
ripelnet: raises $0.07 to $0.12
Oscarlindo: folds 
Dorex2007: folds 
costica1949: folds 
maksim-2003: folds 
Erosh_1987: folds 
MrFumble42: folds 
Alex366296: folds 
Uncalled bet ($0.07) returned to ripelnet
ripelnet collected $0.12 from pot
ripelnet: doesn't show hand 
*** SUMMARY ***
Total pot $0.12 | Rake $0 
Seat 1: Alex366296 (big blind) folded before Flop
Seat 3: ripelnet collected ($0.12)
Seat 4: Oscarlindo folded before Flop (didn't bet)
Seat 5: Dorex2007 folded before Flop (didn't bet)
Seat 6: costica1949 folded before Flop (didn't bet)
Seat 7: maksim-2003 folded before Flop (didn't bet)
Seat 8: Erosh_1987 (button) folded before Flop (didn't bet)
Seat 9: MrFumble42 (small blind) folded before Flop



PokerStars Hand #237949430216:  Hold'em No Limit ($0.02/$0.05 USD) - 2022/08/12 12:08:37 PT [2022/08/12 15:08:37 ET]
Table 'China III' 9-max Seat #9 is the button
Seat 1: Alex366296 ($5.02 in chips) 
Seat 3: ripelnet ($5.20 in chips) 
Seat 4: Oscarlindo ($2.26 in chips) 
Seat 5: Dorex2007 ($5.07 in chips) 
Seat 6: costica1949 ($4.15 in chips) 
Seat 7: maksim-2003 ($5 in chips) 
Seat 8: Erosh_1987 ($1.95 in chips) 
Seat 9: MrFumble42 ($9.84 in chips) 
Alex366296: posts small blind $0.02
ripelnet: posts big blind $0.05
*** HOLE CARDS ***
Dealt to Dorex2007 [Ah 3d]
Oscarlindo: folds 
Dorex2007: folds 
costica1949: folds 
maksim-2003: folds 
Erosh_1987: folds 
MrFumble42: folds 
Alex366296: raises $0.13 to $0.18
ripelnet: folds 
Uncalled bet ($0.13) returned to Alex366296
Alex366296 collected $0.10 from pot
Alex366296: doesn't show hand 
*** SUMMARY ***
Total pot $0.10 | Rake $0 
Seat 1: Alex366296 (small blind) collected ($0.10)
Seat 3: ripelnet (big blind) folded before Flop
Seat 4: Oscarlindo folded before Flop (didn't bet)
Seat 5: Dorex2007 folded before Flop (didn't bet)
Seat 6: costica1949 folded before Flop (didn't bet)
Seat 7: maksim-2003 folded before Flop (didn't bet)
Seat 8: Erosh_1987 folded before Flop (didn't bet)
Seat 9: MrFumble42 (button) folded before Flop (didn't bet)



PokerStars Hand #237949440490:  Hold'em No Limit ($0.02/$0.05 USD) - 2022/08/12 12:09:08 PT [2022/08/12 15:09:08 ET]
Table 'China III' 9-max Seat #1 is the button
Seat 1: Alex366296 ($5.07 in chips) 
Seat 3: ripelnet ($5.15 in chips) 
Seat 4: Oscarlindo ($2.26 in chips) 
Seat 5: Dorex2007 ($5.07 in chips) 
Seat 6: costica1949 ($4.15 in chips) 
Seat 7: maksim-2003 ($5 in chips) 
Seat 8: Erosh_1987 ($1.95 in chips) 
Seat 9: MrFumble42 ($9.84 in chips) 
ripelnet: posts small blind $0.02
Oscarlindo: posts big blind $0.05
*** HOLE CARDS ***
Dealt to Dorex2007 [7d Kh]
Dorex2007: folds 
costica1949: folds 
maksim-2003: folds 
Erosh_1987: raises $0.10 to $0.15
MrFumble42: folds 
Alex366296: folds 
ripelnet: folds 
Oscarlindo: folds 
Uncalled bet ($0.10) returned to Erosh_1987
Erosh_1987 collected $0.12 from pot
Erosh_1987: doesn't show hand 
*** SUMMARY ***
Total pot $0.12 | Rake $0 
Seat 1: Alex366296 (button) folded before Flop (didn't bet)
Seat 3: ripelnet (small blind) folded before Flop
Seat 4: Oscarlindo (big blind) folded before Flop
Seat 5: Dorex2007 folded before Flop (didn't bet)
Seat 6: costica1949 folded before Flop (didn't bet)
Seat 7: maksim-2003 folded before Flop (didn't bet)
Seat 8: Erosh_1987 collected ($0.12)
Seat 9: MrFumble42 folded before Flop (didn't bet)



PokerStars Hand #237949446329:  Hold'em No Limit ($0.02/$0.05 USD) - 2022/08/12 12:09:25 PT [2022/08/12 15:09:25 ET]
Table 'China III' 9-max Seat #3 is the button
Seat 1: Alex366296 ($5.07 in chips) 
Seat 3: ripelnet ($5.13 in chips) 
Seat 4: Oscarlindo ($2.21 in chips) 
Seat 5: Dorex2007 ($5.07 in chips) 
Seat 6: costica1949 ($4.15 in chips) 
Seat 7: maksim-2003 ($5 in chips) 
Seat 8: Erosh_1987 ($2.02 in chips) 
Seat 9: MrFumble42 ($9.84 in chips) 
Oscarlindo: posts small blind $0.02
Dorex2007: posts big blind $0.05
*** HOLE CARDS ***
Dealt to Dorex2007 [Tc 4s]
costica1949: folds 
maksim-2003: folds 
Erosh_1987: folds 
MrFumble42: folds 
Alex366296: folds 
ripelnet: folds 
Oscarlindo: calls $0.03
Dorex2007: checks 
*** FLOP *** [7h Jc Ac]
Oscarlindo: checks 
Dorex2007: checks 
*** TURN *** [7h Jc Ac] [2c]
Oscarlindo: checks 
Dorex2007: checks 
*** RIVER *** [7h Jc Ac 2c] [7s]
Oscarlindo: checks 
Dorex2007: bets $0.05
Oscarlindo: folds 
Uncalled bet ($0.05) returned to Dorex2007
Dorex2007 collected $0.10 from pot
Dorex2007: doesn't show hand 
*** SUMMARY ***
Total pot $0.10 | Rake $0 
Board [7h Jc Ac 2c 7s]
Seat 1: Alex366296 folded before Flop (didn't bet)
Seat 3: ripelnet (button) folded before Flop (didn't bet)
Seat 4: Oscarlindo (small blind) folded on the River
Seat 5: Dorex2007 (big blind) collected ($0.10)
Seat 6: costica1949 folded before Flop (didn't bet)
Seat 7: maksim-2003 folded before Flop (didn't bet)
Seat 8: Erosh_1987 folded before Flop (didn't bet)
Seat 9: MrFumble42 folded before Flop (didn't bet)



PokerStars Hand #237949460283:  Hold'em No Limit ($0.02/$0.05 USD) - 2022/08/12 12:10:06 PT [2022/08/12 15:10:06 ET]
Table 'China III' 9-max Seat #4 is the button
Seat 1: Alex366296 ($5.07 in chips) 
Seat 3: ripelnet ($5.13 in chips) 
Seat 4: Oscarlindo ($2.16 in chips) 
Seat 5: Dorex2007 ($5.12 in chips) 
Seat 6: costica1949 ($4.15 in chips) 
Seat 7: maksim-2003 ($5 in chips) 
Seat 8: Erosh_1987 ($2.02 in chips) 
Seat 9: MrFumble42 ($9.84 in chips) 
Dorex2007: posts small blind $0.02
costica1949: posts big blind $0.05
1tillit1: sits out 
*** HOLE CARDS ***
Dealt to Dorex2007 [Ac Ks]
maksim-2003: folds 
Erosh_1987: folds 
MrFumble42: folds 
Alex366296: folds 
ripelnet: folds 
Oscarlindo: raises $0.15 to $0.20
Dorex2007: calls $0.18
costica1949: folds 
*** FLOP *** [Kd 4c Ad]
Dorex2007: checks 
Oscarlindo: bets $0.05
Dorex2007: calls $0.05
*** TURN *** [Kd 4c Ad] [3d]
Dorex2007: checks 
Oscarlindo: bets $0.05
Dorex2007: calls $0.05
*** RIVER *** [Kd 4c Ad 3d] [3h]
Dorex2007: bets $0.41
Oscarlindo: folds 
Uncalled bet ($0.41) returned to Dorex2007
Dorex2007 collected $0.62 from pot
Dorex2007: doesn't show hand 
*** SUMMARY ***
Total pot $0.65 | Rake $0.03 
Board [Kd 4c Ad 3d 3h]
Seat 1: Alex366296 folded before Flop (didn't bet)
Seat 3: ripelnet folded before Flop (didn't bet)
Seat 4: Oscarlindo (button) folded on the River
Seat 5: Dorex2007 (small blind) collected ($0.62)
Seat 6: costica1949 (big blind) folded before Flop
Seat 7: maksim-2003 folded before Flop (didn't bet)
Seat 8: Erosh_1987 folded before Flop (didn't bet)
Seat 9: MrFumble42 folded before Flop (didn't bet)



PokerStars Hand #237949480237:  Hold'em No Limit ($0.02/$0.05 USD) - 2022/08/12 12:11:04 PT [2022/08/12 15:11:04 ET]
Table 'China III' 9-max Seat #5 is the button
Seat 1: Alex366296 ($5.07 in chips) 
Seat 3: ripelnet ($5.13 in chips) 
Seat 4: Oscarlindo ($1.86 in chips) 
Seat 5: Dorex2007 ($5.44 in chips) 
Seat 6: costica1949 ($4.10 in chips) 
Seat 7: maksim-2003 ($5 in chips) 
Seat 8: Erosh_1987 ($2.02 in chips) 
Seat 9: MrFumble42 ($9.84 in chips) 
costica1949: posts small blind $0.02
maksim-2003: posts big blind $0.05
1tillit1: sits out 
*** HOLE CARDS ***
Dealt to Dorex2007 [4s 7d]
Erosh_1987: folds 
MrFumble42: folds 
Alex366296: folds 
ripelnet: raises $0.07 to $0.12
Oscarlindo: folds 
Dorex2007: folds 
costica1949: folds 
maksim-2003: calls $0.07
*** FLOP *** [3d 5h Jc]
maksim-2003: checks 
ripelnet: bets $0.12
maksim-2003: folds 
Uncalled bet ($0.12) returned to ripelnet
ripelnet collected $0.25 from pot
ripelnet: doesn't show hand 
*** SUMMARY ***
Total pot $0.26 | Rake $0.01 
Board [3d 5h Jc]
Seat 1: Alex366296 folded before Flop (didn't bet)
Seat 3: ripelnet collected ($0.25)
Seat 4: Oscarlindo folded before Flop (didn't bet)
Seat 5: Dorex2007 (button) folded before Flop (didn't bet)
Seat 6: costica1949 (small blind) folded before Flop
Seat 7: maksim-2003 (big blind) folded on the Flop
Seat 8: Erosh_1987 folded before Flop (didn't bet)
Seat 9: MrFumble42 folded before Flop (didn't bet)



PokerStars Hand #237949491043:  Hold'em No Limit ($0.02/$0.05 USD) - 2022/08/12 12:11:36 PT [2022/08/12 15:11:36 ET]
Table 'China III' 9-max Seat #6 is the button
Seat 1: Alex366296 ($5.07 in chips) 
Seat 3: ripelnet ($5.26 in chips) 
Seat 4: Oscarlindo ($1.86 in chips) 
Seat 5: Dorex2007 ($5.44 in chips) 
Seat 6: costica1949 ($4.08 in chips) 
Seat 7: maksim-2003 ($5 in chips) 
Seat 8: Erosh_1987 ($2.02 in chips) 
Seat 9: MrFumble42 ($9.84 in chips) 
maksim-2003: posts small blind $0.02
Erosh_1987: posts big blind $0.05
1tillit1: sits out 
*** HOLE CARDS ***
Dealt to Dorex2007 [Qs Kc]
MrFumble42: raises $0.10 to $0.15
Alex366296: folds 
ripelnet: folds 
Oscarlindo: folds 
Dorex2007: calls $0.15
costica1949: folds 
maksim-2003: folds 
Erosh_1987: folds 
*** FLOP *** [Ks Ts 8s]
MrFumble42: checks 
Dorex2007: bets $0.35
MrFumble42: calls $0.35
*** TURN *** [Ks Ts 8s] [Qd]
MrFumble42: checks 
Dorex2007: bets $0.51
MrFumble42: folds 
Uncalled bet ($0.51) returned to Dorex2007
Dorex2007 collected $1.03 from pot
Dorex2007: doesn't show hand 
*** SUMMARY ***
Total pot $1.07 | Rake $0.04 
Board [Ks Ts 8s Qd]
Seat 1: Alex366296 folded before Flop (didn't bet)
Seat 3: ripelnet folded before Flop (didn't bet)
Seat 4: Oscarlindo folded before Flop (didn't bet)
Seat 5: Dorex2007 collected ($1.03)
Seat 6: costica1949 (button) folded before Flop (didn't bet)
Seat 7: maksim-2003 (small blind) folded before Flop
Seat 8: Erosh_1987 (big blind) folded before Flop
Seat 9: MrFumble42 folded on the Turn



PokerStars Hand #237949505116:  Hold'em No Limit ($0.02/$0.05 USD) - 2022/08/12 12:12:16 PT [2022/08/12 15:12:16 ET]
Table 'China III' 9-max Seat #7 is the button
Seat 1: Alex366296 ($5.07 in chips) 
Seat 3: ripelnet ($5.26 in chips) 
Seat 4: Oscarlindo ($1.86 in chips) 
Seat 5: Dorex2007 ($5.97 in chips) 
Seat 6: costica1949 ($4.08 in chips) 
Seat 7: maksim-2003 ($5 in chips) 
Seat 8: Erosh_1987 ($1.97 in chips) 
Seat 9: MrFumble42 ($9.34 in chips) 
Erosh_1987: posts small blind $0.02
MrFumble42: posts big blind $0.05
1tillit1: sits out 
*** HOLE CARDS ***
Dealt to Dorex2007 [Js 8c]
Alex366296: folds 
ripelnet: raises $0.07 to $0.12
Oscarlindo: folds 
Dorex2007: folds 
costica1949: folds 
maksim-2003: folds 
Erosh_1987: calls $0.10
MrFumble42: calls $0.07
*** FLOP *** [Kc 9d Qh]
Erosh_1987: checks 
MrFumble42: checks 
ripelnet: checks 
*** TURN *** [Kc 9d Qh] [9h]
Erosh_1987: bets $0.18
MrFumble42: folds 
ripelnet: folds 
Uncalled bet ($0.18) returned to Erosh_1987
Erosh_1987 collected $0.35 from pot
Erosh_1987: doesn't show hand 
*** SUMMARY ***
Total pot $0.36 | Rake $0.01 
Board [Kc 9d Qh 9h]
Seat 1: Alex366296 folded before Flop (didn't bet)
Seat 3: ripelnet folded on the Turn
Seat 4: Oscarlindo folded before Flop (didn't bet)
Seat 5: Dorex2007 folded before Flop (didn't bet)
Seat 6: costica1949 folded before Flop (didn't bet)
Seat 7: maksim-2003 (button) folded before Flop (didn't bet)
Seat 8: Erosh_1987 (small blind) collected ($0.35)
Seat 9: MrFumble42 (big blind) folded on the Turn



PokerStars Hand #237949520056:  Hold'em No Limit ($0.02/$0.05 USD) - 2022/08/12 12:13:00 PT [2022/08/12 15:13:00 ET]
Table 'China III' 9-max Seat #8 is the button
Seat 1: Alex366296 ($5.07 in chips) 
Seat 3: ripelnet ($5.14 in chips) 
Seat 4: Oscarlindo ($1.86 in chips) 
Seat 5: Dorex2007 ($5.97 in chips) 
Seat 6: costica1949 ($4.08 in chips) 
Seat 7: maksim-2003 ($5 in chips) 
Seat 8: Erosh_1987 ($2.20 in chips) 
Seat 9: MrFumble42 ($9.22 in chips) 
MrFumble42: posts small blind $0.02
Alex366296: posts big blind $0.05
1tillit1: sits out 
*** HOLE CARDS ***
Dealt to Dorex2007 [9h 7d]
ripelnet: folds 
Oscarlindo has timed out
Oscarlindo: folds 
Dorex2007: folds 
costica1949: folds 
maksim-2003: folds 
Erosh_1987: folds 
MrFumble42: folds 
Uncalled bet ($0.03) returned to Alex366296
Alex366296 collected $0.04 from pot
Alex366296: doesn't show hand 
*** SUMMARY ***
Total pot $0.04 | Rake $0 
Seat 1: Alex366296 (big blind) collected ($0.04)
Seat 3: ripelnet folded before Flop (didn't bet)
Seat 4: Oscarlindo folded before Flop (didn't bet)
Seat 5: Dorex2007 folded before Flop (didn't bet)
Seat 6: costica1949 folded before Flop (didn't bet)
Seat 7: maksim-2003 folded before Flop (didn't bet)
Seat 8: Erosh_1987 (button) folded before Flop (didn't bet)
Seat 9: MrFumble42 (small blind) folded before Flop



PokerStars Hand #237949527793:  Hold'em No Limit ($0.02/$0.05 USD) - 2022/08/12 12:13:23 PT [2022/08/12 15:13:23 ET]
Table 'China III' 9-max Seat #9 is the button
Seat 1: Alex366296 ($5.09 in chips) 
Seat 2: 1tillit1 ($8.05 in chips) 
Seat 3: ripelnet ($5.14 in chips) 
Seat 5: Dorex2007 ($5.97 in chips) 
Seat 6: costica1949 ($4.08 in chips) 
Seat 7: maksim-2003 ($5 in chips) 
Seat 8: Erosh_1987 ($2.20 in chips) 
Seat 9: MrFumble42 ($9.20 in chips) 
Alex366296: posts small blind $0.02
1tillit1: posts big blind $0.05
*** HOLE CARDS ***
Dealt to Dorex2007 [5h 9c]
ripelnet: folds 
Dorex2007: folds 
costica1949: folds 
maksim-2003: raises $0.10 to $0.15
Erosh_1987: folds 
MrFumble42: calls $0.15
Alex366296: folds 
1tillit1: folds 
*** FLOP *** [9s Qd Jc]
maksim-2003: bets $0.25
MrFumble42: calls $0.25
*** TURN *** [9s Qd Jc] [As]
maksim-2003: bets $0.42
MrFumble42: folds 
Uncalled bet ($0.42) returned to maksim-2003
maksim-2003 collected $0.83 from pot
maksim-2003: doesn't show hand 
*** SUMMARY ***
Total pot $0.87 | Rake $0.04 
Board [9s Qd Jc As]
Seat 1: Alex366296 (small blind) folded before Flop
Seat 2: 1tillit1 (big blind) folded before Flop
Seat 3: ripelnet folded before Flop (didn't bet)
Seat 5: Dorex2007 folded before Flop (didn't bet)
Seat 6: costica1949 folded before Flop (didn't bet)
Seat 7: maksim-2003 collected ($0.83)
Seat 8: Erosh_1987 folded before Flop (didn't bet)
Seat 9: MrFumble42 (button) folded on the Turn



PokerStars Hand #237949542636:  Hold'em No Limit ($0.02/$0.05 USD) - 2022/08/12 12:14:06 PT [2022/08/12 15:14:06 ET]
Table 'China III' 9-max Seat #1 is the button
Seat 1: Alex366296 ($5.07 in chips) 
Seat 2: 1tillit1 ($8 in chips) 
Seat 3: ripelnet ($5.14 in chips) 
Seat 4: Oscarlindo ($1.86 in chips) 
Seat 5: Dorex2007 ($5.97 in chips) 
Seat 6: costica1949 ($4.08 in chips) 
Seat 7: maksim-2003 ($5.43 in chips) 
Seat 8: Erosh_1987 ($2.20 in chips) 
Seat 9: MrFumble42 ($8.80 in chips) 
1tillit1: posts small blind $0.02
ripelnet: posts big blind $0.05
*** HOLE CARDS ***
Dealt to Dorex2007 [5c 3h]
Oscarlindo: raises $0.10 to $0.15
Dorex2007: folds 
costica1949: folds 
maksim-2003: folds 
Erosh_1987: folds 
MrFumble42: calls $0.15
Alex366296: folds 
1tillit1: folds 
ripelnet: folds 
*** FLOP *** [4d 6h 6c]
Oscarlindo: bets $0.15
MrFumble42: calls $0.15
*** TURN *** [4d 6h 6c] [6d]
Oscarlindo: bets $0.15
MrFumble42: calls $0.15
*** RIVER *** [4d 6h 6c 6d] [7d]
Oscarlindo: bets $0.46
MrFumble42: calls $0.46
*** SHOW DOWN ***
Oscarlindo: shows [Jd Ad] (a flush, Ace high)
MrFumble42: mucks hand 
Oscarlindo collected $1.81 from pot
*** SUMMARY ***
Total pot $1.89 | Rake $0.08 
Board [4d 6h 6c 6d 7d]
Seat 1: Alex366296 (button) folded before Flop (didn't bet)
Seat 2: 1tillit1 (small blind) folded before Flop
Seat 3: ripelnet (big blind) folded before Flop
Seat 4: Oscarlindo showed [Jd Ad] and won ($1.81) with a flush, Ace high
Seat 5: Dorex2007 folded before Flop (didn't bet)
Seat 6: costica1949 folded before Flop (didn't bet)
Seat 7: maksim-2003 folded before Flop (didn't bet)
Seat 8: Erosh_1987 folded before Flop (didn't bet)
Seat 9: MrFumble42 mucked [As 9c]



PokerStars Hand #237949563771:  Hold'em No Limit ($0.02/$0.05 USD) - 2022/08/12 12:15:08 PT [2022/08/12 15:15:08 ET]
Table 'China III' 9-max Seat #2 is the button
Seat 1: Alex366296 ($5.07 in chips) 
Seat 2: 1tillit1 ($7.98 in chips) 
Seat 3: ripelnet ($5.09 in chips) 
Seat 4: Oscarlindo ($2.76 in chips) 
Seat 5: Dorex2007 ($5.97 in chips) 
Seat 6: costica1949 ($4.08 in chips) 
Seat 7: maksim-2003 ($5.43 in chips) 
Seat 8: Erosh_1987 ($2.20 in chips) 
Seat 9: MrFumble42 ($7.89 in chips) 
ripelnet: posts small blind $0.02
Oscarlindo: posts big blind $0.05
*** HOLE CARDS ***
Dealt to Dorex2007 [6d Kc]
Dorex2007: folds 
costica1949: folds 
maksim-2003: folds 
Erosh_1987: raises $0.10 to $0.15
MrFumble42: calls $0.15
Alex366296: folds 
1tillit1: folds 
ripelnet: folds 
Oscarlindo: folds 
*** FLOP *** [2s Qs 7c]
Erosh_1987: checks 
MrFumble42: bets $0.15
Erosh_1987: calls $0.15
*** TURN *** [2s Qs 7c] [8d]
Erosh_1987: checks 
MrFumble42: bets $0.20
Erosh_1987: calls $0.20
*** RIVER *** [2s Qs 7c 8d] [Ah]
Erosh_1987: bets $0.43
MrFumble42: raises $0.43 to $0.86
Erosh_1987: raises $0.84 to $1.70 and is all-in
MrFumble42: calls $0.84
*** SHOW DOWN ***
Erosh_1987: shows [7h 7d] (three of a kind, Sevens)
MrFumble42: shows [Qc Kh] (a pair of Queens)
Erosh_1987 collected $4.28 from pot
*** SUMMARY ***
Total pot $4.47 | Rake $0.19 
Board [2s Qs 7c 8d Ah]
Seat 1: Alex366296 folded before Flop (didn't bet)
Seat 2: 1tillit1 (button) folded before Flop (didn't bet)
Seat 3: ripelnet (small blind) folded before Flop
Seat 4: Oscarlindo (big blind) folded before Flop
Seat 5: Dorex2007 folded before Flop (didn't bet)
Seat 6: costica1949 folded before Flop (didn't bet)
Seat 7: maksim-2003 folded before Flop (didn't bet)
Seat 8: Erosh_1987 showed [7h 7d] and won ($4.28) with three of a kind, Sevens
Seat 9: MrFumble42 showed [Qc Kh] and lost with a pair of Queens



PokerStars Hand #237949603811:  Hold'em No Limit ($0.02/$0.05 USD) - 2022/08/12 12:17:05 PT [2022/08/12 15:17:05 ET]
Table 'China III' 9-max Seat #3 is the button
Seat 1: Alex366296 ($5.07 in chips) 
Seat 2: 1tillit1 ($7.98 in chips) 
Seat 3: ripelnet ($5.07 in chips) 
Seat 4: Oscarlindo ($2.71 in chips) 
Seat 5: Dorex2007 ($5.97 in chips) 
Seat 6: costica1949 ($4.08 in chips) 
Seat 7: maksim-2003 ($5.43 in chips) 
Seat 8: Erosh_1987 ($4.28 in chips) 
Seat 9: MrFumble42 ($5.69 in chips) 
Oscarlindo: posts small blind $0.02
Dorex2007: posts big blind $0.05
*** HOLE CARDS ***
Dealt to Dorex2007 [9s Ac]
costica1949: folds 
maksim-2003: folds 
Erosh_1987: raises $0.05 to $0.10
MrFumble42: folds 
Alex366296: folds 
1tillit1: calls $0.10
ripelnet: folds 
Oscarlindo: calls $0.08
Dorex2007: calls $0.05
*** FLOP *** [Th Js Jh]
Oscarlindo: checks 
Dorex2007: checks 
Erosh_1987: checks 
costica1949 leaves the table
1tillit1: bets $0.25
HE0123 joins the table at seat #6 
Oscarlindo: calls $0.25
Dorex2007: folds 
Erosh_1987: folds 
*** TURN *** [Th Js Jh] [3c]
Oscarlindo: checks 
1tillit1: bets $0.57
Oscarlindo: folds 
Uncalled bet ($0.57) returned to 1tillit1
1tillit1 collected $0.85 from pot
1tillit1: doesn't show hand 
*** SUMMARY ***
Total pot $0.90 | Rake $0.05 
Board [Th Js Jh 3c]
Seat 1: Alex366296 folded before Flop (didn't bet)
Seat 2: 1tillit1 collected ($0.85)
Seat 3: ripelnet (button) folded before Flop (didn't bet)
Seat 4: Oscarlindo (small blind) folded on the Turn
Seat 5: Dorex2007 (big blind) folded on the Flop
Seat 6: costica1949 folded before Flop (didn't bet)
Seat 7: maksim-2003 folded before Flop (didn't bet)
Seat 8: Erosh_1987 folded on the Flop
Seat 9: MrFumble42 folded before Flop (didn't bet)



PokerStars Hand #237949627743:  Hold'em No Limit ($0.02/$0.05 USD) - 2022/08/12 12:18:14 PT [2022/08/12 15:18:14 ET]
Table 'China III' 9-max Seat #4 is the button
Seat 1: Alex366296 ($5.07 in chips) 
Seat 2: 1tillit1 ($8.48 in chips) 
Seat 3: ripelnet ($5.07 in chips) 
Seat 4: Oscarlindo ($2.36 in chips) 
Seat 5: Dorex2007 ($5.87 in chips) 
Seat 6: HE0123 ($5 in chips) 
Seat 7: maksim-2003 ($5.43 in chips) 
Seat 8: Erosh_1987 ($4.18 in chips) 
Seat 9: MrFumble42 ($5.69 in chips) 
Dorex2007: posts small blind $0.02
HE0123: posts big blind $0.05
*** HOLE CARDS ***
Dealt to Dorex2007 [6s Ah]
maksim-2003: folds 
Erosh_1987: folds 
MrFumble42: folds 
Alex366296: folds 
1tillit1: folds 
ripelnet: folds 
Oscarlindo: raises $0.20 to $0.25
Dorex2007: folds 
HE0123: folds 
Uncalled bet ($0.20) returned to Oscarlindo
Oscarlindo collected $0.12 from pot
*** SUMMARY ***
Total pot $0.12 | Rake $0 
Seat 1: Alex366296 folded before Flop (didn't bet)
Seat 2: 1tillit1 folded before Flop (didn't bet)
Seat 3: ripelnet folded before Flop (didn't bet)
Seat 4: Oscarlindo (button) collected ($0.12)
Seat 5: Dorex2007 (small blind) folded before Flop
Seat 6: HE0123 (big blind) folded before Flop
Seat 7: maksim-2003 folded before Flop (didn't bet)
Seat 8: Erosh_1987 folded before Flop (didn't bet)
Seat 9: MrFumble42 folded before Flop (didn't bet)



PokerStars Hand #237949634966:  Hold'em No Limit ($0.02/$0.05 USD) - 2022/08/12 12:18:36 PT [2022/08/12 15:18:36 ET]
Table 'China III' 9-max Seat #5 is the button
Seat 1: Alex366296 ($5.07 in chips) 
Seat 2: 1tillit1 ($8.48 in chips) 
Seat 3: ripelnet ($5.07 in chips) 
Seat 4: Oscarlindo ($2.43 in chips) 
Seat 5: Dorex2007 ($5.85 in chips) 
Seat 6: HE0123 ($5 in chips) 
Seat 7: maksim-2003 ($5.43 in chips) 
Seat 8: Erosh_1987 ($4.18 in chips) 
Seat 9: MrFumble42 ($5.69 in chips) 
HE0123: posts small blind $0.02
maksim-2003: posts big blind $0.05
*** HOLE CARDS ***
Dealt to Dorex2007 [3s Ts]
Erosh_1987: folds 
MrFumble42: folds 
Alex366296: folds 
1tillit1: folds 
ripelnet: folds 
Oscarlindo: folds 
Dorex2007: folds 
HE0123: raises $0.10 to $0.15
maksim-2003: raises $0.30 to $0.45
HE0123: folds 
Uncalled bet ($0.30) returned to maksim-2003
maksim-2003 collected $0.30 from pot
maksim-2003: doesn't show hand 
*** SUMMARY ***
Total pot $0.30 | Rake $0 
Seat 1: Alex366296 folded before Flop (didn't bet)
Seat 2: 1tillit1 folded before Flop (didn't bet)
Seat 3: ripelnet folded before Flop (didn't bet)
Seat 4: Oscarlindo folded before Flop (didn't bet)
Seat 5: Dorex2007 (button) folded before Flop (didn't bet)
Seat 6: HE0123 (small blind) folded before Flop
Seat 7: maksim-2003 (big blind) collected ($0.30)
Seat 8: Erosh_1987 folded before Flop (didn't bet)
Seat 9: MrFumble42 folded before Flop (didn't bet)



PokerStars Hand #237949644744:  Hold'em No Limit ($0.02/$0.05 USD) - 2022/08/12 12:19:04 PT [2022/08/12 15:19:04 ET]
Table 'China III' 9-max Seat #6 is the button
Seat 1: Alex366296 ($5.07 in chips) 
Seat 2: 1tillit1 ($8.48 in chips) 
Seat 3: ripelnet ($5.07 in chips) 
Seat 4: Oscarlindo ($2.43 in chips) 
Seat 5: Dorex2007 ($5.85 in chips) 
Seat 6: HE0123 ($5 in chips) 
Seat 7: maksim-2003 ($5.58 in chips) 
Seat 8: Erosh_1987 ($4.18 in chips) 
Seat 9: MrFumble42 ($5.69 in chips) 
maksim-2003: posts small blind $0.02
Erosh_1987: posts big blind $0.05
*** HOLE CARDS ***
Dealt to Dorex2007 [2c 4s]
MrFumble42: raises $0.10 to $0.15
Alex366296: folds 
1tillit1: calls $0.15
ripelnet: folds 
Oscarlindo: folds 
Dorex2007: folds 
HE0123: folds 
maksim-2003: folds 
Erosh_1987: folds 
*** FLOP *** [Kh 4c 5c]
MrFumble42: checks 
1tillit1: bets $0.23
MrFumble42: folds 
Uncalled bet ($0.23) returned to 1tillit1
1tillit1 collected $0.35 from pot
1tillit1: doesn't show hand 
*** SUMMARY ***
Total pot $0.37 | Rake $0.02 
Board [Kh 4c 5c]
Seat 1: Alex366296 folded before Flop (didn't bet)
Seat 2: 1tillit1 collected ($0.35)
Seat 3: ripelnet folded before Flop (didn't bet)
Seat 4: Oscarlindo folded before Flop (didn't bet)
Seat 5: Dorex2007 folded before Flop (didn't bet)
Seat 6: HE0123 (button) folded before Flop (didn't bet)
Seat 7: maksim-2003 (small blind) folded before Flop
Seat 8: Erosh_1987 (big blind) folded before Flop
Seat 9: MrFumble42 folded on the Flop



PokerStars Hand #237949654355:  Hold'em No Limit ($0.02/$0.05 USD) - 2022/08/12 12:19:33 PT [2022/08/12 15:19:33 ET]
Table 'China III' 9-max Seat #7 is the button
Seat 1: Alex366296 ($5.07 in chips) 
Seat 2: 1tillit1 ($8.68 in chips) 
Seat 3: ripelnet ($5.07 in chips) 
Seat 4: Oscarlindo ($2.43 in chips) 
Seat 5: Dorex2007 ($5.85 in chips) 
Seat 6: HE0123 ($5 in chips) 
Seat 7: maksim-2003 ($5.56 in chips) 
Seat 8: Erosh_1987 ($4.13 in chips) 
Seat 9: MrFumble42 ($5.54 in chips) 
Erosh_1987: posts small blind $0.02
MrFumble42: posts big blind $0.05
*** HOLE CARDS ***
Dealt to Dorex2007 [3d Js]
Alex366296: folds 
1tillit1: raises $0.15 to $0.20
ripelnet: folds 
Oscarlindo: folds 
Dorex2007: folds 
HE0123: folds 
maksim-2003: folds 
Erosh_1987: folds 
MrFumble42: calls $0.15
*** FLOP *** [4d 7s Jd]
MrFumble42: checks 
1tillit1: bets $0.20
MrFumble42: folds 
Uncalled bet ($0.20) returned to 1tillit1
1tillit1 collected $0.40 from pot
1tillit1: doesn't show hand 
*** SUMMARY ***
Total pot $0.42 | Rake $0.02 
Board [4d 7s Jd]
Seat 1: Alex366296 folded before Flop (didn't bet)
Seat 2: 1tillit1 collected ($0.40)
Seat 3: ripelnet folded before Flop (didn't bet)
Seat 4: Oscarlindo folded before Flop (didn't bet)
Seat 5: Dorex2007 folded before Flop (didn't bet)
Seat 6: HE0123 folded before Flop (didn't bet)
Seat 7: maksim-2003 (button) folded before Flop (didn't bet)
Seat 8: Erosh_1987 (small blind) folded before Flop
Seat 9: MrFumble42 (big blind) folded on the Flop



PokerStars Hand #237949666658:  Hold'em No Limit ($0.02/$0.05 USD) - 2022/08/12 12:20:08 PT [2022/08/12 15:20:08 ET]
Table 'China III' 9-max Seat #8 is the button
Seat 1: Alex366296 ($5.07 in chips) 
Seat 2: 1tillit1 ($8.88 in chips) 
Seat 3: ripelnet ($5.07 in chips) 
Seat 4: Oscarlindo ($2.43 in chips) 
Seat 5: Dorex2007 ($5.85 in chips) 
Seat 6: HE0123 ($5 in chips) 
Seat 7: maksim-2003 ($5.56 in chips) 
Seat 8: Erosh_1987 ($4.11 in chips) 
Seat 9: MrFumble42 ($5.34 in chips) 
MrFumble42: posts small blind $0.02
Alex366296: posts big blind $0.05
*** HOLE CARDS ***
Dealt to Dorex2007 [8s Th]
1tillit1: folds 
ripelnet: folds 
Oscarlindo: folds 
Dorex2007: folds 
HE0123: raises $0.10 to $0.15
maksim-2003: calls $0.15
Erosh_1987: folds 
MrFumble42: folds 
Alex366296: folds 
*** FLOP *** [9d 2h 5h]
HE0123: bets $0.17
maksim-2003: calls $0.17
*** TURN *** [9d 2h 5h] [8c]
HE0123: bets $0.33
maksim-2003: folds 
Uncalled bet ($0.33) returned to HE0123
HE0123 collected $0.68 from pot
HE0123: doesn't show hand 
*** SUMMARY ***
Total pot $0.71 | Rake $0.03 
Board [9d 2h 5h 8c]
Seat 1: Alex366296 (big blind) folded before Flop
Seat 2: 1tillit1 folded before Flop (didn't bet)
Seat 3: ripelnet folded before Flop (didn't bet)
Seat 4: Oscarlindo folded before Flop (didn't bet)
Seat 5: Dorex2007 folded before Flop (didn't bet)
Seat 6: HE0123 collected ($0.68)
Seat 7: maksim-2003 folded on the Turn
Seat 8: Erosh_1987 (button) folded before Flop (didn't bet)
Seat 9: MrFumble42 (small blind) folded before Flop



PokerStars Hand #237949683866:  Hold'em No Limit ($0.02/$0.05 USD) - 2022/08/12 12:20:58 PT [2022/08/12 15:20:58 ET]
Table 'China III' 9-max Seat #9 is the button
Seat 1: Alex366296 ($5.02 in chips) 
Seat 2: 1tillit1 ($8.88 in chips) 
Seat 3: ripelnet ($5.07 in chips) 
Seat 4: Oscarlindo ($2.43 in chips) 
Seat 5: Dorex2007 ($5.85 in chips) 
Seat 6: HE0123 ($5.36 in chips) 
Seat 7: maksim-2003 ($5.24 in chips) 
Seat 8: Erosh_1987 ($4.11 in chips) 
Seat 9: MrFumble42 ($5.32 in chips) 
Alex366296: posts small blind $0.02
1tillit1: posts big blind $0.05
*** HOLE CARDS ***
Dealt to Dorex2007 [2h Qd]
ripelnet: folds 
Oscarlindo: folds 
Dorex2007: folds 
HE0123: folds 
maksim-2003: raises $0.07 to $0.12
Erosh_1987: folds 
MrFumble42: calls $0.12
Alex366296: folds 
1tillit1: calls $0.07
*** FLOP *** [Qh As 5c]
1tillit1: checks 
maksim-2003: checks 
MrFumble42: bets $0.25
1tillit1: folds 
maksim-2003: folds 
Uncalled bet ($0.25) returned to MrFumble42
MrFumble42 collected $0.36 from pot
MrFumble42: doesn't show hand 
*** SUMMARY ***
Total pot $0.38 | Rake $0.02 
Board [Qh As 5c]
Seat 1: Alex366296 (small blind) folded before Flop
Seat 2: 1tillit1 (big blind) folded on the Flop
Seat 3: ripelnet folded before Flop (didn't bet)
Seat 4: Oscarlindo folded before Flop (didn't bet)
Seat 5: Dorex2007 folded before Flop (didn't bet)
Seat 6: HE0123 folded before Flop (didn't bet)
Seat 7: maksim-2003 folded on the Flop
Seat 8: Erosh_1987 folded before Flop (didn't bet)
Seat 9: MrFumble42 (button) collected ($0.36)



PokerStars Hand #237949699053:  Hold'em No Limit ($0.02/$0.05 USD) - 2022/08/12 12:21:42 PT [2022/08/12 15:21:42 ET]
Table 'China III' 9-max Seat #1 is the button
Seat 1: Alex366296 ($5 in chips) 
Seat 2: 1tillit1 ($8.76 in chips) 
Seat 3: ripelnet ($5.07 in chips) 
Seat 4: Oscarlindo ($2.43 in chips) 
Seat 5: Dorex2007 ($5.85 in chips) 
Seat 6: HE0123 ($5.36 in chips) 
Seat 7: maksim-2003 ($5.12 in chips) 
Seat 8: Erosh_1987 ($4.11 in chips) 
Seat 9: MrFumble42 ($5.56 in chips) 
1tillit1: posts small blind $0.02
ripelnet: posts big blind $0.05
*** HOLE CARDS ***
Dealt to Dorex2007 [8s 3h]
Oscarlindo: folds 
Dorex2007: folds 
HE0123: folds 
maksim-2003: folds 
Erosh_1987: folds 
MrFumble42: folds 
Alex366296: folds 
1tillit1: raises $0.10 to $0.15
ripelnet: folds 
Uncalled bet ($0.10) returned to 1tillit1
1tillit1 collected $0.10 from pot
1tillit1: doesn't show hand 
*** SUMMARY ***
Total pot $0.10 | Rake $0 
Seat 1: Alex366296 (button) folded before Flop (didn't bet)
Seat 2: 1tillit1 (small blind) collected ($0.10)
Seat 3: ripelnet (big blind) folded before Flop
Seat 4: Oscarlindo folded before Flop (didn't bet)
Seat 5: Dorex2007 folded before Flop (didn't bet)
Seat 6: HE0123 folded before Flop (didn't bet)
Seat 7: maksim-2003 folded before Flop (didn't bet)
Seat 8: Erosh_1987 folded before Flop (didn't bet)
Seat 9: MrFumble42 folded before Flop (didn't bet)



PokerStars Hand #237949706083:  Hold'em No Limit ($0.02/$0.05 USD) - 2022/08/12 12:22:02 PT [2022/08/12 15:22:02 ET]
Table 'China III' 9-max Seat #2 is the button
Seat 1: Alex366296 ($5 in chips) 
Seat 2: 1tillit1 ($8.81 in chips) 
Seat 3: ripelnet ($5.02 in chips) 
Seat 4: Oscarlindo ($2.43 in chips) 
Seat 5: Dorex2007 ($5.85 in chips) 
Seat 6: HE0123 ($5.36 in chips) 
Seat 7: maksim-2003 ($5.12 in chips) 
Seat 8: Erosh_1987 ($4.11 in chips) 
Seat 9: MrFumble42 ($5.56 in chips) 
ripelnet: posts small blind $0.02
Oscarlindo: posts big blind $0.05
*** HOLE CARDS ***
Dealt to Dorex2007 [6h 9c]
Dorex2007: folds 
HE0123: folds 
maksim-2003: folds 
Erosh_1987: folds 
MrFumble42: raises $0.10 to $0.15
Alex366296: folds 
1tillit1: folds 
ripelnet: folds 
Oscarlindo: folds 
Uncalled bet ($0.10) returned to MrFumble42
MrFumble42 collected $0.12 from pot
MrFumble42: doesn't show hand 
*** SUMMARY ***
Total pot $0.12 | Rake $0 
Seat 1: Alex366296 folded before Flop (didn't bet)
Seat 2: 1tillit1 (button) folded before Flop (didn't bet)
Seat 3: ripelnet (small blind) folded before Flop
Seat 4: Oscarlindo (big blind) folded before Flop
Seat 5: Dorex2007 folded before Flop (didn't bet)
Seat 6: HE0123 folded before Flop (didn't bet)
Seat 7: maksim-2003 folded before Flop (didn't bet)
Seat 8: Erosh_1987 folded before Flop (didn't bet)
Seat 9: MrFumble42 collected ($0.12)



PokerStars Hand #237949714476:  Hold'em No Limit ($0.02/$0.05 USD) - 2022/08/12 12:22:27 PT [2022/08/12 15:22:27 ET]
Table 'China III' 9-max Seat #3 is the button
Seat 1: Alex366296 ($5 in chips) 
Seat 2: 1tillit1 ($8.81 in chips) 
Seat 3: ripelnet ($5 in chips) 
Seat 4: Oscarlindo ($2.38 in chips) 
Seat 5: Dorex2007 ($5.85 in chips) 
Seat 6: HE0123 ($5.36 in chips) 
Seat 7: maksim-2003 ($5.12 in chips) 
Seat 8: Erosh_1987 ($4.11 in chips) 
Seat 9: MrFumble42 ($5.63 in chips) 
Oscarlindo: posts small blind $0.02
Dorex2007: posts big blind $0.05
*** HOLE CARDS ***
Dealt to Dorex2007 [6d As]
HE0123: folds 
maksim-2003: folds 
Erosh_1987: folds 
MrFumble42: folds 
Alex366296: folds 
1tillit1: folds 
ripelnet: raises $0.07 to $0.12
Oscarlindo: folds 
Dorex2007: folds 
Uncalled bet ($0.07) returned to ripelnet
ripelnet collected $0.12 from pot
ripelnet: doesn't show hand 
*** SUMMARY ***
Total pot $0.12 | Rake $0 
Seat 1: Alex366296 folded before Flop (didn't bet)
Seat 2: 1tillit1 folded before Flop (didn't bet)
Seat 3: ripelnet (button) collected ($0.12)
Seat 4: Oscarlindo (small blind) folded before Flop
Seat 5: Dorex2007 (big blind) folded before Flop
Seat 6: HE0123 folded before Flop (didn't bet)
Seat 7: maksim-2003 folded before Flop (didn't bet)
Seat 8: Erosh_1987 folded before Flop (didn't bet)
Seat 9: MrFumble42 folded before Flop (didn't bet)



PokerStars Hand #237949725844:  Hold'em No Limit ($0.02/$0.05 USD) - 2022/08/12 12:23:00 PT [2022/08/12 15:23:00 ET]
Table 'China III' 9-max Seat #4 is the button
Seat 1: Alex366296 ($5 in chips) 
Seat 2: 1tillit1 ($8.81 in chips) 
Seat 3: ripelnet ($5.07 in chips) 
Seat 4: Oscarlindo ($2.36 in chips) 
Seat 5: Dorex2007 ($5.80 in chips) 
Seat 6: HE0123 ($5.36 in chips) 
Seat 7: maksim-2003 ($5.12 in chips) 
Seat 8: Erosh_1987 ($4.11 in chips) 
Seat 9: MrFumble42 ($5.63 in chips) 
Dorex2007: posts small blind $0.02
HE0123: posts big blind $0.05
*** HOLE CARDS ***
Dealt to Dorex2007 [8c Ad]
maksim-2003: folds 
Erosh_1987: folds 
MrFumble42: folds 
Alex366296: folds 
1tillit1: folds 
ripelnet: raises $0.07 to $0.12
Oscarlindo: folds 
Dorex2007: folds 
HE0123: folds 
Uncalled bet ($0.07) returned to ripelnet
ripelnet collected $0.12 from pot
ripelnet: doesn't show hand 
*** SUMMARY ***
Total pot $0.12 | Rake $0 
Seat 1: Alex366296 folded before Flop (didn't bet)
Seat 2: 1tillit1 folded before Flop (didn't bet)
Seat 3: ripelnet collected ($0.12)
Seat 4: Oscarlindo (button) folded before Flop (didn't bet)
Seat 5: Dorex2007 (small blind) folded before Flop
Seat 6: HE0123 (big blind) folded before Flop
Seat 7: maksim-2003 folded before Flop (didn't bet)
Seat 8: Erosh_1987 folded before Flop (didn't bet)
Seat 9: MrFumble42 folded before Flop (didn't bet)



PokerStars Hand #237949735818:  Hold'em No Limit ($0.02/$0.05 USD) - 2022/08/12 12:23:29 PT [2022/08/12 15:23:29 ET]
Table 'China III' 9-max Seat #5 is the button
Seat 1: Alex366296 ($5 in chips) 
Seat 2: 1tillit1 ($8.81 in chips) 
Seat 3: ripelnet ($5.14 in chips) 
Seat 4: Oscarlindo ($2.36 in chips) 
Seat 5: Dorex2007 ($5.78 in chips) 
Seat 6: HE0123 ($5.31 in chips) 
Seat 7: maksim-2003 ($5.12 in chips) 
Seat 8: Erosh_1987 ($4.11 in chips) 
Seat 9: MrFumble42 ($5.63 in chips) 
HE0123: posts small blind $0.02
maksim-2003: posts big blind $0.05
*** HOLE CARDS ***
Dealt to Dorex2007 [6h Kd]
Erosh_1987: folds 
MrFumble42: folds 
Alex366296: folds 
1tillit1: folds 
ripelnet: raises $0.07 to $0.12
Oscarlindo: raises $0.13 to $0.25
Dorex2007: folds 
Erosh_1987 leaves the table
HE0123: folds 
PontiosRodos joins the table at seat #8 
maksim-2003: folds 
ripelnet: folds 
Uncalled bet ($0.13) returned to Oscarlindo
Oscarlindo collected $0.31 from pot
*** SUMMARY ***
Total pot $0.31 | Rake $0 
Seat 1: Alex366296 folded before Flop (didn't bet)
Seat 2: 1tillit1 folded before Flop (didn't bet)
Seat 3: ripelnet folded before Flop
Seat 4: Oscarlindo collected ($0.31)
Seat 5: Dorex2007 (button) folded before Flop (didn't bet)
Seat 6: HE0123 (small blind) folded before Flop
Seat 7: maksim-2003 (big blind) folded before Flop
Seat 8: Erosh_1987 folded before Flop (didn't bet)
Seat 9: MrFumble42 folded before Flop (didn't bet)



PokerStars Hand #237949743734:  Hold'em No Limit ($0.02/$0.05 USD) - 2022/08/12 12:23:51 PT [2022/08/12 15:23:51 ET]
Table 'China III' 9-max Seat #6 is the button
Seat 1: Alex366296 ($5 in chips) 
Seat 2: 1tillit1 ($8.81 in chips) 
Seat 3: ripelnet ($5.02 in chips) 
Seat 4: Oscarlindo ($2.55 in chips) 
Seat 5: Dorex2007 ($5.78 in chips) 
Seat 6: HE0123 ($5.29 in chips) 
Seat 7: maksim-2003 ($5.07 in chips) 
Seat 8: PontiosRodos ($5 in chips) 
Seat 9: MrFumble42 ($5.63 in chips) 
maksim-2003: posts small blind $0.02
PontiosRodos: posts big blind $0.05
*** HOLE CARDS ***
Dealt to Dorex2007 [3d 9s]
MrFumble42: folds 
Alex366296: folds 
1tillit1: folds 
ripelnet: folds 
Oscarlindo: folds 
Dorex2007: folds 
HE0123: folds 
maksim-2003: folds 
Uncalled bet ($0.03) returned to PontiosRodos
PontiosRodos collected $0.04 from pot
PontiosRodos: doesn't show hand 
*** SUMMARY ***
Total pot $0.04 | Rake $0 
Seat 1: Alex366296 folded before Flop (didn't bet)
Seat 2: 1tillit1 folded before Flop (didn't bet)
Seat 3: ripelnet folded before Flop (didn't bet)
Seat 4: Oscarlindo folded before Flop (didn't bet)
Seat 5: Dorex2007 folded before Flop (didn't bet)
Seat 6: HE0123 (button) folded before Flop (didn't bet)
Seat 7: maksim-2003 (small blind) folded before Flop
Seat 8: PontiosRodos (big blind) collected ($0.04)
Seat 9: MrFumble42 folded before Flop (didn't bet)



PokerStars Hand #237949748710:  Hold'em No Limit ($0.02/$0.05 USD) - 2022/08/12 12:24:06 PT [2022/08/12 15:24:06 ET]
Table 'China III' 9-max Seat #7 is the button
Seat 1: Alex366296 ($5 in chips) 
Seat 2: 1tillit1 ($8.81 in chips) 
Seat 3: ripelnet ($5.02 in chips) 
Seat 4: Oscarlindo ($2.55 in chips) 
Seat 5: Dorex2007 ($5.78 in chips) 
Seat 6: HE0123 ($5.29 in chips) 
Seat 7: maksim-2003 ($5.05 in chips) 
Seat 8: PontiosRodos ($5.02 in chips) 
Seat 9: MrFumble42 ($5.63 in chips) 
PontiosRodos: posts small blind $0.02
MrFumble42: posts big blind $0.05
*** HOLE CARDS ***
Dealt to Dorex2007 [5s 9c]
Alex366296: folds 
1tillit1: folds 
ripelnet: folds 
Oscarlindo: raises $0.05 to $0.10
Dorex2007: folds 
HE0123: folds 
maksim-2003: folds 
PontiosRodos: folds 
MrFumble42: calls $0.05
*** FLOP *** [7d Qc Kh]
MrFumble42: bets $0.15
Oscarlindo: calls $0.15
*** TURN *** [7d Qc Kh] [Jd]
MrFumble42: checks 
Oscarlindo: checks 
*** RIVER *** [7d Qc Kh Jd] [Js]
MrFumble42: bets $0.20
Oscarlindo: raises $0.90 to $1.10
MrFumble42: folds 
Uncalled bet ($0.90) returned to Oscarlindo
Oscarlindo collected $0.88 from pot
*** SUMMARY ***
Total pot $0.92 | Rake $0.04 
Board [7d Qc Kh Jd Js]
Seat 1: Alex366296 folded before Flop (didn't bet)
Seat 2: 1tillit1 folded before Flop (didn't bet)
Seat 3: ripelnet folded before Flop (didn't bet)
Seat 4: Oscarlindo collected ($0.88)
Seat 5: Dorex2007 folded before Flop (didn't bet)
Seat 6: HE0123 folded before Flop (didn't bet)
Seat 7: maksim-2003 (button) folded before Flop (didn't bet)
Seat 8: PontiosRodos (small blind) folded before Flop
Seat 9: MrFumble42 (big blind) folded on the River



PokerStars Hand #237949768572:  Hold'em No Limit ($0.02/$0.05 USD) - 2022/08/12 12:25:04 PT [2022/08/12 15:25:04 ET]
Table 'China III' 9-max Seat #8 is the button
Seat 1: Alex366296 ($5 in chips) 
Seat 2: 1tillit1 ($8.81 in chips) 
Seat 3: ripelnet ($5.02 in chips) 
Seat 4: Oscarlindo ($2.98 in chips) 
Seat 5: Dorex2007 ($5.78 in chips) 
Seat 6: HE0123 ($5.29 in chips) 
Seat 7: maksim-2003 ($5.05 in chips) 
Seat 8: PontiosRodos ($5 in chips) 
Seat 9: MrFumble42 ($5.18 in chips) 
MrFumble42: posts small blind $0.02
Alex366296: posts big blind $0.05
*** HOLE CARDS ***
Dealt to Dorex2007 [Th 9s]
1tillit1: folds 
ripelnet: folds 
Oscarlindo: folds 
Dorex2007: folds 
HE0123: raises $0.10 to $0.15
maksim-2003: folds 
PontiosRodos: calls $0.15
MrFumble42: folds 
Alex366296: folds 
*** FLOP *** [Qc Ah 4d]
HE0123: bets $0.17
PontiosRodos: calls $0.17
*** TURN *** [Qc Ah 4d] [Jh]
HE0123: checks 
PontiosRodos: checks 
*** RIVER *** [Qc Ah 4d Jh] [5h]
HE0123: checks 
PontiosRodos: bets $0.34
HE0123: calls $0.34
*** SHOW DOWN ***
PontiosRodos: shows [6s Ad] (a pair of Aces)
HE0123: mucks hand 
PontiosRodos collected $1.33 from pot
*** SUMMARY ***
Total pot $1.39 | Rake $0.06 
Board [Qc Ah 4d Jh 5h]
Seat 1: Alex366296 (big blind) folded before Flop
Seat 2: 1tillit1 folded before Flop (didn't bet)
Seat 3: ripelnet folded before Flop (didn't bet)
Seat 4: Oscarlindo folded before Flop (didn't bet)
Seat 5: Dorex2007 folded before Flop (didn't bet)
Seat 6: HE0123 mucked [Kc Jc]
Seat 7: maksim-2003 folded before Flop (didn't bet)
Seat 8: PontiosRodos (button) showed [6s Ad] and won ($1.33) with a pair of Aces
Seat 9: MrFumble42 (small blind) folded before Flop



PokerStars Hand #237949785401:  Hold'em No Limit ($0.02/$0.05 USD) - 2022/08/12 12:25:53 PT [2022/08/12 15:25:53 ET]
Table 'China III' 9-max Seat #9 is the button
Seat 1: Alex366296 ($5 in chips) 
Seat 2: 1tillit1 ($8.81 in chips) 
Seat 3: ripelnet ($5.02 in chips) 
Seat 4: Oscarlindo ($2.98 in chips) 
Seat 5: Dorex2007 ($5.78 in chips) 
Seat 6: HE0123 ($5 in chips) 
Seat 7: maksim-2003 ($5.05 in chips) 
Seat 8: PontiosRodos ($5.67 in chips) 
Seat 9: MrFumble42 ($5.16 in chips) 
Alex366296: posts small blind $0.02
1tillit1: posts big blind $0.05
*** HOLE CARDS ***
Dealt to Dorex2007 [Qh 9s]
ripelnet: folds 
Oscarlindo: folds 
Dorex2007: folds 
HE0123: raises $0.10 to $0.15
maksim-2003: folds 
PontiosRodos: folds 
MrFumble42: folds 
Alex366296: raises $0.50 to $0.65
1tillit1: folds 
HE0123: folds 
Uncalled bet ($0.50) returned to Alex366296
Alex366296 collected $0.35 from pot
Alex366296: doesn't show hand 
*** SUMMARY ***
Total pot $0.35 | Rake $0 
Seat 1: Alex366296 (small blind) collected ($0.35)
Seat 2: 1tillit1 (big blind) folded before Flop
Seat 3: ripelnet folded before Flop (didn't bet)
Seat 4: Oscarlindo folded before Flop (didn't bet)
Seat 5: Dorex2007 folded before Flop (didn't bet)
Seat 6: HE0123 folded before Flop
Seat 7: maksim-2003 folded before Flop (didn't bet)
Seat 8: PontiosRodos folded before Flop (didn't bet)
Seat 9: MrFumble42 (button) folded before Flop (didn't bet)



PokerStars Hand #237949800203:  Hold'em No Limit ($0.02/$0.05 USD) - 2022/08/12 12:26:37 PT [2022/08/12 15:26:37 ET]
Table 'China III' 9-max Seat #1 is the button
Seat 1: Alex366296 ($5.20 in chips) 
Seat 2: 1tillit1 ($8.76 in chips) 
Seat 3: ripelnet ($5.02 in chips) 
Seat 4: Oscarlindo ($2.98 in chips) 
Seat 5: Dorex2007 ($5.78 in chips) 
Seat 6: HE0123 ($5 in chips) 
Seat 7: maksim-2003 ($5.05 in chips) 
Seat 8: PontiosRodos ($5.67 in chips) 
Seat 9: MrFumble42 ($5.16 in chips) 
1tillit1: posts small blind $0.02
ripelnet: posts big blind $0.05
*** HOLE CARDS ***
Dealt to Dorex2007 [3s 8c]
Oscarlindo: folds 
Dorex2007: folds 
HE0123: folds 
maksim-2003: folds 
PontiosRodos: folds 
MrFumble42: raises $0.10 to $0.15
Alex366296: folds 
1tillit1: folds 
ripelnet: folds 
Uncalled bet ($0.10) returned to MrFumble42
MrFumble42 collected $0.12 from pot
MrFumble42: doesn't show hand 
*** SUMMARY ***
Total pot $0.12 | Rake $0 
Seat 1: Alex366296 (button) folded before Flop (didn't bet)
Seat 2: 1tillit1 (small blind) folded before Flop
Seat 3: ripelnet (big blind) folded before Flop
Seat 4: Oscarlindo folded before Flop (didn't bet)
Seat 5: Dorex2007 folded before Flop (didn't bet)
Seat 6: HE0123 folded before Flop (didn't bet)
Seat 7: maksim-2003 folded before Flop (didn't bet)
Seat 8: PontiosRodos folded before Flop (didn't bet)
Seat 9: MrFumble42 collected ($0.12)



PokerStars Hand #237949807523:  Hold'em No Limit ($0.02/$0.05 USD) - 2022/08/12 12:26:59 PT [2022/08/12 15:26:59 ET]
Table 'China III' 9-max Seat #2 is the button
Seat 1: Alex366296 ($5.20 in chips) 
Seat 2: 1tillit1 ($8.74 in chips) 
Seat 3: ripelnet ($5 in chips) 
Seat 4: Oscarlindo ($2.98 in chips) 
Seat 5: Dorex2007 ($5.78 in chips) 
Seat 6: HE0123 ($5 in chips) 
Seat 7: maksim-2003 ($5.05 in chips) 
Seat 8: PontiosRodos ($5.67 in chips) 
Seat 9: MrFumble42 ($5.23 in chips) 
ripelnet: posts small blind $0.02
Oscarlindo: posts big blind $0.05
*** HOLE CARDS ***
Dealt to Dorex2007 [9s 2s]
Dorex2007: folds 
HE0123: folds 
maksim-2003: folds 
PontiosRodos: folds 
MrFumble42: folds 
Alex366296: folds 
1tillit1: folds 
ripelnet: folds 
Uncalled bet ($0.03) returned to Oscarlindo
Oscarlindo collected $0.04 from pot
*** SUMMARY ***
Total pot $0.04 | Rake $0 
Seat 1: Alex366296 folded before Flop (didn't bet)
Seat 2: 1tillit1 (button) folded before Flop (didn't bet)
Seat 3: ripelnet (small blind) folded before Flop
Seat 4: Oscarlindo (big blind) collected ($0.04)
Seat 5: Dorex2007 folded before Flop (didn't bet)
Seat 6: HE0123 folded before Flop (didn't bet)
Seat 7: maksim-2003 folded before Flop (didn't bet)
Seat 8: PontiosRodos folded before Flop (didn't bet)
Seat 9: MrFumble42 folded before Flop (didn't bet)



PokerStars Hand #237949817509:  Hold'em No Limit ($0.02/$0.05 USD) - 2022/08/12 12:27:28 PT [2022/08/12 15:27:28 ET]
Table 'China III' 9-max Seat #3 is the button
Seat 1: Alex366296 ($5.20 in chips) 
Seat 2: 1tillit1 ($8.74 in chips) 
Seat 3: ripelnet ($5 in chips) 
Seat 4: Oscarlindo ($3 in chips) 
Seat 5: Dorex2007 ($5.78 in chips) 
Seat 6: HE0123 ($5 in chips) 
Seat 7: maksim-2003 ($5.05 in chips) 
Seat 8: PontiosRodos ($5.67 in chips) 
Seat 9: MrFumble42 ($5.23 in chips) 
Oscarlindo: posts small blind $0.02
Dorex2007: posts big blind $0.05
*** HOLE CARDS ***
Dealt to Dorex2007 [4d 9c]
HE0123: folds 
maksim-2003: folds 
PontiosRodos: folds 
MrFumble42: folds 
Alex366296: folds 
1tillit1: folds 
ripelnet: folds 
Oscarlindo: raises $0.05 to $0.10
Dorex2007: folds 
Uncalled bet ($0.05) returned to Oscarlindo
Oscarlindo collected $0.10 from pot
*** SUMMARY ***
Total pot $0.10 | Rake $0 
Seat 1: Alex366296 folded before Flop (didn't bet)
Seat 2: 1tillit1 folded before Flop (didn't bet)
Seat 3: ripelnet (button) folded before Flop (didn't bet)
Seat 4: Oscarlindo (small blind) collected ($0.10)
Seat 5: Dorex2007 (big blind) folded before Flop
Seat 6: HE0123 folded before Flop (didn't bet)
Seat 7: maksim-2003 folded before Flop (didn't bet)
Seat 8: PontiosRodos folded before Flop (didn't bet)
Seat 9: MrFumble42 folded before Flop (didn't bet)



PokerStars Hand #237949822420:  Hold'em No Limit ($0.02/$0.05 USD) - 2022/08/12 12:27:42 PT [2022/08/12 15:27:42 ET]
Table 'China III' 9-max Seat #4 is the button
Seat 1: Alex366296 ($5.20 in chips) 
Seat 2: 1tillit1 ($8.74 in chips) 
Seat 3: ripelnet ($5 in chips) 
Seat 4: Oscarlindo ($3.05 in chips) 
Seat 5: Dorex2007 ($5.73 in chips) 
Seat 6: HE0123 ($5 in chips) 
Seat 7: maksim-2003 ($5.05 in chips) 
Seat 8: PontiosRodos ($5.67 in chips) 
Seat 9: MrFumble42 ($5.23 in chips) 
Dorex2007: posts small blind $0.02
HE0123: posts big blind $0.05
*** HOLE CARDS ***
Dealt to Dorex2007 [2c 3h]
maksim-2003: folds 
PontiosRodos: folds 
MrFumble42: folds 
Alex366296: folds 
1tillit1: folds 
ripelnet: raises $0.05 to $0.10
Oscarlindo: folds 
Dorex2007: folds 
HE0123: calls $0.05
*** FLOP *** [Kd Tc Ac]
HE0123: checks 
ripelnet: checks 
*** TURN *** [Kd Tc Ac] [8s]
HE0123: bets $0.13
ripelnet: raises $0.22 to $0.35
HE0123: raises $4.55 to $4.90 and is all-in
ripelnet: folds 
Uncalled bet ($4.55) returned to HE0123
HE0123 collected $0.88 from pot
HE0123: doesn't show hand 
*** SUMMARY ***
Total pot $0.92 | Rake $0.04 
Board [Kd Tc Ac 8s]
Seat 1: Alex366296 folded before Flop (didn't bet)
Seat 2: 1tillit1 folded before Flop (didn't bet)
Seat 3: ripelnet folded on the Turn
Seat 4: Oscarlindo (button) folded before Flop (didn't bet)
Seat 5: Dorex2007 (small blind) folded before Flop
Seat 6: HE0123 (big blind) collected ($0.88)
Seat 7: maksim-2003 folded before Flop (didn't bet)
Seat 8: PontiosRodos folded before Flop (didn't bet)
Seat 9: MrFumble42 folded before Flop (didn't bet)



PokerStars Hand #237949836939:  Hold'em No Limit ($0.02/$0.05 USD) - 2022/08/12 12:28:25 PT [2022/08/12 15:28:25 ET]
Table 'China III' 9-max Seat #5 is the button
Seat 1: Alex366296 ($5.20 in chips) 
Seat 2: 1tillit1 ($8.74 in chips) 
Seat 3: ripelnet ($5 in chips) 
Seat 4: Oscarlindo ($3.05 in chips) 
Seat 5: Dorex2007 ($5.71 in chips) 
Seat 6: HE0123 ($5.43 in chips) 
Seat 7: maksim-2003 ($5.05 in chips) 
Seat 8: PontiosRodos ($5.67 in chips) 
Seat 9: MrFumble42 ($5.23 in chips) 
HE0123: posts small blind $0.02
maksim-2003: posts big blind $0.05
*** HOLE CARDS ***
Dealt to Dorex2007 [Js Ac]
PontiosRodos: calls $0.05
MrFumble42: folds 
Alex366296: folds 
1tillit1: folds 
ripelnet: folds 
Oscarlindo: folds 
Dorex2007: raises $0.10 to $0.15
HE0123: folds 
maksim-2003: folds 
PontiosRodos: calls $0.10
*** FLOP *** [7h Th Kd]
PontiosRodos: checks 
Dorex2007: checks 
*** TURN *** [7h Th Kd] [Ah]
PontiosRodos: checks 
Dorex2007: bets $0.23
PontiosRodos: folds 
Uncalled bet ($0.23) returned to Dorex2007
Dorex2007 collected $0.35 from pot
Dorex2007: doesn't show hand 
*** SUMMARY ***
Total pot $0.37 | Rake $0.02 
Board [7h Th Kd Ah]
Seat 1: Alex366296 folded before Flop (didn't bet)
Seat 2: 1tillit1 folded before Flop (didn't bet)
Seat 3: ripelnet folded before Flop (didn't bet)
Seat 4: Oscarlindo folded before Flop (didn't bet)
Seat 5: Dorex2007 (button) collected ($0.35)
Seat 6: HE0123 (small blind) folded before Flop
Seat 7: maksim-2003 (big blind) folded before Flop
Seat 8: PontiosRodos folded on the Turn
Seat 9: MrFumble42 folded before Flop (didn't bet)



PokerStars Hand #237949855396:  Hold'em No Limit ($0.02/$0.05 USD) - 2022/08/12 12:29:10 PT [2022/08/12 15:29:10 ET]
Table 'China III' 9-max Seat #6 is the button
Seat 1: Alex366296 ($5.20 in chips) 
Seat 2: 1tillit1 ($8.74 in chips) 
Seat 3: ripelnet ($5 in chips) 
Seat 4: Oscarlindo ($3.05 in chips) 
Seat 5: Dorex2007 ($5.91 in chips) 
Seat 6: HE0123 ($5.41 in chips) 
Seat 7: maksim-2003 ($5 in chips) 
Seat 8: PontiosRodos ($5.52 in chips) 
Seat 9: MrFumble42 ($5.23 in chips) 
maksim-2003: posts small blind $0.02
PontiosRodos: posts big blind $0.05
*** HOLE CARDS ***
Dealt to Dorex2007 [4h Kh]
MrFumble42: folds 
Alex366296: folds 
1tillit1: folds 
ripelnet: folds 
Oscarlindo: folds 
Dorex2007: folds 
HE0123: folds 
maksim-2003: folds 
Uncalled bet ($0.03) returned to PontiosRodos
PontiosRodos collected $0.04 from pot
PontiosRodos: doesn't show hand 
*** SUMMARY ***
Total pot $0.04 | Rake $0 
Seat 1: Alex366296 folded before Flop (didn't bet)
Seat 2: 1tillit1 folded before Flop (didn't bet)
Seat 3: ripelnet folded before Flop (didn't bet)
Seat 4: Oscarlindo folded before Flop (didn't bet)
Seat 5: Dorex2007 folded before Flop (didn't bet)
Seat 6: HE0123 (button) folded before Flop (didn't bet)
Seat 7: maksim-2003 (small blind) folded before Flop
Seat 8: PontiosRodos (big blind) collected ($0.04)
Seat 9: MrFumble42 folded before Flop (didn't bet)



PokerStars Hand #237949862082:  Hold'em No Limit ($0.02/$0.05 USD) - 2022/08/12 12:29:24 PT [2022/08/12 15:29:24 ET]
Table 'China III' 9-max Seat #7 is the button
Seat 1: Alex366296 ($5.20 in chips) 
Seat 2: 1tillit1 ($8.74 in chips) 
Seat 3: ripelnet ($5 in chips) 
Seat 4: Oscarlindo ($3.05 in chips) 
Seat 5: Dorex2007 ($5.91 in chips) 
Seat 6: HE0123 ($5.41 in chips) 
Seat 7: maksim-2003 ($5 in chips) 
Seat 8: PontiosRodos ($5.54 in chips) 
Seat 9: MrFumble42 ($5.23 in chips) 
PontiosRodos: posts small blind $0.02
MrFumble42: posts big blind $0.05
*** HOLE CARDS ***
Dealt to Dorex2007 [9h 3c]
Alex366296: folds 
1tillit1: folds 
ripelnet: raises $0.07 to $0.12
Oscarlindo: folds 
Dorex2007: folds 
HE0123: calls $0.12
maksim-2003: folds 
PontiosRodos: calls $0.10
MrFumble42: calls $0.07
*** FLOP *** [6h 5s Jd]
PontiosRodos: checks 
MrFumble42: bets $0.20
ripelnet: folds 
HE0123: folds 
PontiosRodos: folds 
Uncalled bet ($0.20) returned to MrFumble42
MrFumble42 collected $0.46 from pot
MrFumble42: doesn't show hand 
*** SUMMARY ***
Total pot $0.48 | Rake $0.02 
Board [6h 5s Jd]
Seat 1: Alex366296 folded before Flop (didn't bet)
Seat 2: 1tillit1 folded before Flop (didn't bet)
Seat 3: ripelnet folded on the Flop
Seat 4: Oscarlindo folded before Flop (didn't bet)
Seat 5: Dorex2007 folded before Flop (didn't bet)
Seat 6: HE0123 folded on the Flop
Seat 7: maksim-2003 (button) folded before Flop (didn't bet)
Seat 8: PontiosRodos (small blind) folded on the Flop
Seat 9: MrFumble42 (big blind) collected ($0.46)



PokerStars Hand #237949885641:  Hold'em No Limit ($0.02/$0.05 USD) - 2022/08/12 12:30:31 PT [2022/08/12 15:30:31 ET]
Table 'China III' 9-max Seat #8 is the button
Seat 1: Alex366296 ($5.20 in chips) 
Seat 2: 1tillit1 ($8.74 in chips) 
Seat 3: ripelnet ($5 in chips) 
Seat 4: Oscarlindo ($3.05 in chips) 
Seat 5: Dorex2007 ($5.91 in chips) 
Seat 6: HE0123 ($5.29 in chips) 
Seat 7: maksim-2003 ($5 in chips) 
Seat 8: PontiosRodos ($5.42 in chips) 
Seat 9: MrFumble42 ($5.57 in chips) 
MrFumble42: posts small blind $0.02
Alex366296: posts big blind $0.05
*** HOLE CARDS ***
Dealt to Dorex2007 [9s Ah]
1tillit1: folds 
ripelnet: raises $0.07 to $0.12
Oscarlindo: calls $0.12
Dorex2007: folds 
HE0123: folds 
maksim-2003: folds 
PontiosRodos: folds 
MrFumble42: calls $0.10
Alex366296: calls $0.07
*** FLOP *** [Th Kd 9h]
MrFumble42: checks 
Alex366296: checks 
ripelnet: checks 
Oscarlindo: bets $0.10
MrFumble42: folds 
Alex366296: folds 
ripelnet: calls $0.10
*** TURN *** [Th Kd 9h] [6s]
ripelnet: checks 
Oscarlindo: bets $0.10
ripelnet: raises $0.85 to $0.95
HE0123 leaves the table
Oscarlindo: folds 
Uncalled bet ($0.85) returned to ripelnet
ripelnet collected $0.84 from pot
ripelnet: doesn't show hand 
*** SUMMARY ***
Total pot $0.88 | Rake $0.04 
Board [Th Kd 9h 6s]
Seat 1: Alex366296 (big blind) folded on the Flop
Seat 2: 1tillit1 folded before Flop (didn't bet)
Seat 3: ripelnet collected ($0.84)
Seat 4: Oscarlindo folded on the Turn
Seat 5: Dorex2007 folded before Flop (didn't bet)
Seat 6: HE0123 folded before Flop (didn't bet)
Seat 7: maksim-2003 folded before Flop (didn't bet)
Seat 8: PontiosRodos (button) folded before Flop (didn't bet)
Seat 9: MrFumble42 (small blind) folded on the Flop



PokerStars Hand #237949917632:  Hold'em No Limit ($0.02/$0.05 USD) - 2022/08/12 12:32:03 PT [2022/08/12 15:32:03 ET]
Table 'China III' 9-max Seat #9 is the button
Seat 1: Alex366296 ($5.08 in chips) 
Seat 2: 1tillit1 ($8.74 in chips) 
Seat 3: ripelnet ($5.52 in chips) 
Seat 4: Oscarlindo ($2.73 in chips) 
Seat 5: Dorex2007 ($5.91 in chips) 
Seat 7: maksim-2003 ($5 in chips) 
Seat 8: PontiosRodos ($5.42 in chips) 
Seat 9: MrFumble42 ($5.45 in chips) 
Alex366296: posts small blind $0.02
1tillit1: posts big blind $0.05
*** HOLE CARDS ***
Dealt to Dorex2007 [Jh 7s]
ripelnet: folds 
Oscarlindo: raises $0.10 to $0.15
Dorex2007: folds 
maksim-2003: folds 
marciobelgium joins the table at seat #6 
PontiosRodos: calls $0.15
MrFumble42: calls $0.15
Alex366296: folds 
1tillit1: folds 
*** FLOP *** [7c 8d 6d]
Oscarlindo: checks 
PontiosRodos: bets $0.10
MrFumble42: calls $0.10
Oscarlindo: folds 
*** TURN *** [7c 8d 6d] [9h]
PontiosRodos: bets $0.15
MrFumble42: calls $0.15
*** RIVER *** [7c 8d 6d 9h] [5s]
PontiosRodos: bets $0.98
MrFumble42: calls $0.98
*** SHOW DOWN ***
PontiosRodos: shows [Th Ts] (a straight, Six to Ten)
MrFumble42: mucks hand 
PontiosRodos collected $2.86 from pot
*** SUMMARY ***
Total pot $2.98 | Rake $0.12 
Board [7c 8d 6d 9h 5s]
Seat 1: Alex366296 (small blind) folded before Flop
Seat 2: 1tillit1 (big blind) folded before Flop
Seat 3: ripelnet folded before Flop (didn't bet)
Seat 4: Oscarlindo folded on the Flop
Seat 5: Dorex2007 folded before Flop (didn't bet)
Seat 7: maksim-2003 folded before Flop (didn't bet)
Seat 8: PontiosRodos showed [Th Ts] and won ($2.86) with a straight, Six to Ten
Seat 9: MrFumble42 (button) mucked [5c 5h]



PokerStars Hand #237949938546:  Hold'em No Limit ($0.02/$0.05 USD) - 2022/08/12 12:33:04 PT [2022/08/12 15:33:04 ET]
Table 'China III' 9-max Seat #1 is the button
Seat 1: Alex366296 ($5.06 in chips) 
Seat 2: 1tillit1 ($8.69 in chips) 
Seat 3: ripelnet ($5.52 in chips) 
Seat 4: Oscarlindo ($2.58 in chips) 
Seat 5: Dorex2007 ($5.91 in chips) 
Seat 6: marciobelgium ($3 in chips) 
Seat 7: maksim-2003 ($5 in chips) 
Seat 8: PontiosRodos ($6.90 in chips) 
Seat 9: MrFumble42 ($4.07 in chips) 
1tillit1: posts small blind $0.02
ripelnet: posts big blind $0.05
marciobelgium: posts big blind $0.05
*** HOLE CARDS ***
Dealt to Dorex2007 [6d Qs]
Oscarlindo: folds 
Dorex2007: folds 
marciobelgium: raises $0.10 to $0.15
maksim-2003: folds 
PontiosRodos: folds 
MrFumble42: folds 
Alex366296: folds 
1tillit1: folds 
ripelnet: folds 
Uncalled bet ($0.10) returned to marciobelgium
marciobelgium collected $0.12 from pot
*** SUMMARY ***
Total pot $0.12 | Rake $0 
Seat 1: Alex366296 (button) folded before Flop (didn't bet)
Seat 2: 1tillit1 (small blind) folded before Flop
Seat 3: ripelnet (big blind) folded before Flop
Seat 4: Oscarlindo folded before Flop (didn't bet)
Seat 5: Dorex2007 folded before Flop (didn't bet)
Seat 6: marciobelgium collected ($0.12)
Seat 7: maksim-2003 folded before Flop (didn't bet)
Seat 8: PontiosRodos folded before Flop (didn't bet)
Seat 9: MrFumble42 folded before Flop (didn't bet)



PokerStars Hand #237949945152:  Hold'em No Limit ($0.02/$0.05 USD) - 2022/08/12 12:33:23 PT [2022/08/12 15:33:23 ET]
Table 'China III' 9-max Seat #2 is the button
Seat 1: Alex366296 ($5.06 in chips) 
Seat 2: 1tillit1 ($8.67 in chips) 
Seat 3: ripelnet ($5.47 in chips) 
Seat 4: Oscarlindo ($2.58 in chips) 
Seat 5: Dorex2007 ($5.91 in chips) 
Seat 6: marciobelgium ($3.07 in chips) 
Seat 7: maksim-2003 ($5 in chips) 
Seat 8: PontiosRodos ($6.90 in chips) 
Seat 9: MrFumble42 ($4.07 in chips) 
ripelnet: posts small blind $0.02
Oscarlindo: posts big blind $0.05
*** HOLE CARDS ***
Dealt to Dorex2007 [3s 7s]
Dorex2007: folds 
marciobelgium: folds 
maksim-2003: folds 
PontiosRodos: calls $0.05
MrFumble42: folds 
Alex366296: folds 
1tillit1: folds 
ripelnet: folds 
Oscarlindo: checks 
*** FLOP *** [8s Jh Ad]
Oscarlindo: checks 
PontiosRodos: bets $0.05
Oscarlindo: folds 
Uncalled bet ($0.05) returned to PontiosRodos
PontiosRodos collected $0.12 from pot
PontiosRodos: doesn't show hand 
*** SUMMARY ***
Total pot $0.12 | Rake $0 
Board [8s Jh Ad]
Seat 1: Alex366296 folded before Flop (didn't bet)
Seat 2: 1tillit1 (button) folded before Flop (didn't bet)
Seat 3: ripelnet (small blind) folded before Flop
Seat 4: Oscarlindo (big blind) folded on the Flop
Seat 5: Dorex2007 folded before Flop (didn't bet)
Seat 6: marciobelgium folded before Flop (didn't bet)
Seat 7: maksim-2003 folded before Flop (didn't bet)
Seat 8: PontiosRodos collected ($0.12)
Seat 9: MrFumble42 folded before Flop (didn't bet)



PokerStars Hand #237949959669:  Hold'em No Limit ($0.02/$0.05 USD) - 2022/08/12 12:34:05 PT [2022/08/12 15:34:05 ET]
Table 'China III' 9-max Seat #3 is the button
Seat 1: Alex366296 ($5.06 in chips) 
Seat 2: 1tillit1 ($8.67 in chips) 
Seat 3: ripelnet ($5.45 in chips) 
Seat 4: Oscarlindo ($2.53 in chips) 
Seat 5: Dorex2007 ($5.91 in chips) 
Seat 6: marciobelgium ($3.07 in chips) 
Seat 7: maksim-2003 ($5 in chips) 
Seat 8: PontiosRodos ($6.97 in chips) 
Seat 9: MrFumble42 ($4.07 in chips) 
Oscarlindo: posts small blind $0.02
Dorex2007: posts big blind $0.05
*** HOLE CARDS ***
Dealt to Dorex2007 [Td 9d]
marciobelgium: folds 
maksim-2003: folds 
PontiosRodos: folds 
MrFumble42: calls $0.05
Alex366296: raises $0.30 to $0.35
1tillit1: folds 
ripelnet: folds 
Oscarlindo: folds 
Dorex2007: folds 
MrFumble42: folds 
Uncalled bet ($0.30) returned to Alex366296
Alex366296 collected $0.17 from pot
Alex366296: doesn't show hand 
*** SUMMARY ***
Total pot $0.17 | Rake $0 
Seat 1: Alex366296 collected ($0.17)
Seat 2: 1tillit1 folded before Flop (didn't bet)
Seat 3: ripelnet (button) folded before Flop (didn't bet)
Seat 4: Oscarlindo (small blind) folded before Flop
Seat 5: Dorex2007 (big blind) folded before Flop
Seat 6: marciobelgium folded before Flop (didn't bet)
Seat 7: maksim-2003 folded before Flop (didn't bet)
Seat 8: PontiosRodos folded before Flop (didn't bet)
Seat 9: MrFumble42 folded before Flop



PokerStars Hand #237949968555:  Hold'em No Limit ($0.02/$0.05 USD) - 2022/08/12 12:34:31 PT [2022/08/12 15:34:31 ET]
Table 'China III' 9-max Seat #4 is the button
Seat 1: Alex366296 ($5.18 in chips) 
Seat 2: 1tillit1 ($8.67 in chips) 
Seat 3: ripelnet ($5.45 in chips) 
Seat 4: Oscarlindo ($2.51 in chips) 
Seat 5: Dorex2007 ($5.86 in chips) 
Seat 6: marciobelgium ($3.07 in chips) 
Seat 7: maksim-2003 ($5 in chips) 
Seat 8: PontiosRodos ($6.97 in chips) 
Seat 9: MrFumble42 ($4.02 in chips) 
Dorex2007: posts small blind $0.02
marciobelgium: posts big blind $0.05
*** HOLE CARDS ***
Dealt to Dorex2007 [9d 6s]
maksim-2003: folds 
PontiosRodos: folds 
MrFumble42: folds 
Alex366296: raises $0.10 to $0.15
1tillit1: folds 
ripelnet: folds 
Oscarlindo: calls $0.15
Dorex2007: folds 
marciobelgium: calls $0.10
*** FLOP *** [7h 5d 9c]
marciobelgium: bets $0.15
Alex366296: calls $0.15
Oscarlindo: calls $0.15
*** TURN *** [7h 5d 9c] [Kc]
marciobelgium: checks 
Alex366296: checks 
Oscarlindo: checks 
*** RIVER *** [7h 5d 9c Kc] [Qh]
marciobelgium: checks 
Alex366296: checks 
Oscarlindo: checks 
*** SHOW DOWN ***
marciobelgium: shows [Ah Jh] (high card Ace)
Alex366296: mucks hand 
Oscarlindo: mucks hand 
marciobelgium collected $0.88 from pot
*** SUMMARY ***
Total pot $0.92 | Rake $0.04 
Board [7h 5d 9c Kc Qh]
Seat 1: Alex366296 mucked [8c Ac]
Seat 2: 1tillit1 folded before Flop (didn't bet)
Seat 3: ripelnet folded before Flop (didn't bet)
Seat 4: Oscarlindo (button) mucked [8d Td]
Seat 5: Dorex2007 (small blind) folded before Flop
Seat 6: marciobelgium (big blind) showed [Ah Jh] and won ($0.88) with high card Ace
Seat 7: maksim-2003 folded before Flop (didn't bet)
Seat 8: PontiosRodos folded before Flop (didn't bet)
Seat 9: MrFumble42 folded before Flop (didn't bet)



PokerStars Hand #237949997926:  Hold'em No Limit ($0.02/$0.05 USD) - 2022/08/12 12:35:55 PT [2022/08/12 15:35:55 ET]
Table 'China III' 9-max Seat #5 is the button
Seat 1: Alex366296 ($5 in chips) 
Seat 2: 1tillit1 ($8.67 in chips) 
Seat 3: ripelnet ($5.45 in chips) 
Seat 4: Oscarlindo ($2.21 in chips) 
Seat 5: Dorex2007 ($5.84 in chips) 
Seat 6: marciobelgium ($3.65 in chips) 
Seat 7: maksim-2003 ($5 in chips) 
Seat 8: PontiosRodos ($6.97 in chips) 
Seat 9: MrFumble42 ($4.02 in chips) 
marciobelgium: posts small blind $0.02
maksim-2003: posts big blind $0.05
*** HOLE CARDS ***
Dealt to Dorex2007 [7d 9s]
PontiosRodos: calls $0.05
MrFumble42: folds 
Alex366296: folds 
1tillit1: folds 
ripelnet: folds 
Oscarlindo: folds 
Dorex2007: folds 
marciobelgium is connected 
marciobelgium: folds 
maksim-2003: checks 
*** FLOP *** [7c 8h 4s]
maksim-2003: checks 
PontiosRodos: checks 
*** TURN *** [7c 8h 4s] [8d]
maksim-2003: bets $0.05
PontiosRodos: calls $0.05
*** RIVER *** [7c 8h 4s 8d] [Th]
maksim-2003: checks 
PontiosRodos: bets $0.10
maksim-2003: folds 
Uncalled bet ($0.10) returned to PontiosRodos
PontiosRodos collected $0.21 from pot
PontiosRodos: doesn't show hand 
*** SUMMARY ***
Total pot $0.22 | Rake $0.01 
Board [7c 8h 4s 8d Th]
Seat 1: Alex366296 folded before Flop (didn't bet)
Seat 2: 1tillit1 folded before Flop (didn't bet)
Seat 3: ripelnet folded before Flop (didn't bet)
Seat 4: Oscarlindo folded before Flop (didn't bet)
Seat 5: Dorex2007 (button) folded before Flop (didn't bet)
Seat 6: marciobelgium (small blind) folded before Flop
Seat 7: maksim-2003 (big blind) folded on the River
Seat 8: PontiosRodos collected ($0.21)
Seat 9: MrFumble42 folded before Flop (didn't bet)



PokerStars Hand #237950013709:  Hold'em No Limit ($0.02/$0.05 USD) - 2022/08/12 12:36:41 PT [2022/08/12 15:36:41 ET]
Table 'China III' 9-max Seat #6 is the button
Seat 1: Alex366296 ($5 in chips) 
Seat 2: 1tillit1 ($8.67 in chips) 
Seat 3: ripelnet ($5.45 in chips) 
Seat 4: Oscarlindo ($2.21 in chips) 
Seat 5: Dorex2007 ($5.84 in chips) 
Seat 6: marciobelgium ($3.63 in chips) 
Seat 7: maksim-2003 ($5 in chips) 
Seat 8: PontiosRodos ($7.08 in chips) 
Seat 9: MrFumble42 ($4.02 in chips) 
maksim-2003: posts small blind $0.02
PontiosRodos: posts big blind $0.05
*** HOLE CARDS ***
Dealt to Dorex2007 [5s 3d]
MrFumble42: calls $0.05
Alex366296: folds 
1tillit1: calls $0.05
ripelnet: raises $0.22 to $0.27
Oscarlindo: folds 
Dorex2007: folds 
marciobelgium: folds 
maksim-2003: folds 
PontiosRodos: calls $0.22
MrFumble42: calls $0.22
1tillit1: calls $0.22
*** FLOP *** [8h 2h 8s]
PontiosRodos: checks 
MrFumble42: checks 
1tillit1: checks 
ripelnet: bets $0.52
PontiosRodos: calls $0.52
MrFumble42: folds 
1tillit1: folds 
*** TURN *** [8h 2h 8s] [Jd]
PontiosRodos: checks 
ripelnet: checks 
*** RIVER *** [8h 2h 8s Jd] [2s]
PontiosRodos: bets $2.05
ripelnet: folds 
Uncalled bet ($2.05) returned to PontiosRodos
PontiosRodos collected $2.05 from pot
PontiosRodos: doesn't show hand 
*** SUMMARY ***
Total pot $2.14 | Rake $0.09 
Board [8h 2h 8s Jd 2s]
Seat 1: Alex366296 folded before Flop (didn't bet)
Seat 2: 1tillit1 folded on the Flop
Seat 3: ripelnet folded on the River
Seat 4: Oscarlindo folded before Flop (didn't bet)
Seat 5: Dorex2007 folded before Flop (didn't bet)
Seat 6: marciobelgium (button) folded before Flop (didn't bet)
Seat 7: maksim-2003 (small blind) folded before Flop
Seat 8: PontiosRodos (big blind) collected ($2.05)
Seat 9: MrFumble42 folded on the Flop



PokerStars Hand #237950044244:  Hold'em No Limit ($0.02/$0.05 USD) - 2022/08/12 12:37:54 PT [2022/08/12 15:37:54 ET]
Table 'China III' 9-max Seat #7 is the button
Seat 1: Alex366296 ($5 in chips) 
Seat 2: 1tillit1 ($8.40 in chips) 
Seat 3: ripelnet ($5 in chips) 
Seat 4: Oscarlindo ($2.21 in chips) 
Seat 5: Dorex2007 ($5.84 in chips) 
Seat 6: marciobelgium ($3.63 in chips) 
Seat 7: maksim-2003 ($5 in chips) 
Seat 8: PontiosRodos ($8.34 in chips) 
Seat 9: MrFumble42 ($3.75 in chips) 
PontiosRodos: posts small blind $0.02
MrFumble42: posts big blind $0.05
*** HOLE CARDS ***
Dealt to Dorex2007 [Ad Kc]
Alex366296: folds 
1tillit1: folds 
ripelnet: folds 
Oscarlindo: folds 
Dorex2007: raises $0.15 to $0.20
marciobelgium: folds 
maksim-2003: folds 
PontiosRodos: folds 
MrFumble42: folds 
Uncalled bet ($0.15) returned to Dorex2007
Dorex2007 collected $0.12 from pot
Dorex2007: doesn't show hand 
*** SUMMARY ***
Total pot $0.12 | Rake $0 
Seat 1: Alex366296 folded before Flop (didn't bet)
Seat 2: 1tillit1 folded before Flop (didn't bet)
Seat 3: ripelnet folded before Flop (didn't bet)
Seat 4: Oscarlindo folded before Flop (didn't bet)
Seat 5: Dorex2007 collected ($0.12)
Seat 6: marciobelgium folded before Flop (didn't bet)
Seat 7: maksim-2003 (button) folded before Flop (didn't bet)
Seat 8: PontiosRodos (small blind) folded before Flop
Seat 9: MrFumble42 (big blind) folded before Flop



PokerStars Hand #237950051339:  Hold'em No Limit ($0.02/$0.05 USD) - 2022/08/12 12:38:14 PT [2022/08/12 15:38:14 ET]
Table 'China III' 9-max Seat #8 is the button
Seat 1: Alex366296 ($5 in chips) 
Seat 2: 1tillit1 ($8.40 in chips) 
Seat 3: ripelnet ($5 in chips) 
Seat 4: Oscarlindo ($2.21 in chips) 
Seat 5: Dorex2007 ($5.91 in chips) 
Seat 6: marciobelgium ($3.63 in chips) 
Seat 7: maksim-2003 ($5 in chips) 
Seat 8: PontiosRodos ($8.32 in chips) 
Seat 9: MrFumble42 ($3.70 in chips) 
MrFumble42: posts small blind $0.02
Alex366296: posts big blind $0.05
*** HOLE CARDS ***
Dealt to Dorex2007 [8c 6c]
1tillit1: folds 
ripelnet: folds 
Oscarlindo: folds 
Dorex2007: folds 
marciobelgium: folds 
maksim-2003: raises $0.07 to $0.12
PontiosRodos: folds 
MrFumble42: calls $0.10
Alex366296: folds 
*** FLOP *** [Jh 4d 6d]
MrFumble42: bets $0.15
maksim-2003: raises $0.36 to $0.51
MrFumble42: raises $3.07 to $3.58 and is all-in
maksim-2003: calls $3.07
*** TURN *** [Jh 4d 6d] [4h]
*** RIVER *** [Jh 4d 6d 4h] [9s]
*** SHOW DOWN ***
MrFumble42: shows [Jd Qc] (two pair, Jacks and Fours)
maksim-2003: shows [4c 4s] (four of a kind, Fours)
maksim-2003 collected $7.14 from pot
*** SUMMARY ***
Total pot $7.45 | Rake $0.31 
Board [Jh 4d 6d 4h 9s]
Seat 1: Alex366296 (big blind) folded before Flop
Seat 2: 1tillit1 folded before Flop (didn't bet)
Seat 3: ripelnet folded before Flop (didn't bet)
Seat 4: Oscarlindo folded before Flop (didn't bet)
Seat 5: Dorex2007 folded before Flop (didn't bet)
Seat 6: marciobelgium folded before Flop (didn't bet)
Seat 7: maksim-2003 showed [4c 4s] and won ($7.14) with four of a kind, Fours
Seat 8: PontiosRodos (button) folded before Flop (didn't bet)
Seat 9: MrFumble42 (small blind) showed [Jd Qc] and lost with two pair, Jacks and Fours



PokerStars Hand #237950070443:  Hold'em No Limit ($0.02/$0.05 USD) - 2022/08/12 12:39:09 PT [2022/08/12 15:39:09 ET]
Table 'China III' 9-max Seat #1 is the button
Seat 1: Alex366296 ($5 in chips) 
Seat 2: 1tillit1 ($8.40 in chips) 
Seat 3: ripelnet ($5 in chips) 
Seat 4: Oscarlindo ($2.21 in chips) 
Seat 5: Dorex2007 ($5.91 in chips) 
Seat 6: marciobelgium ($3.63 in chips) 
Seat 7: maksim-2003 ($8.44 in chips) 
Seat 8: PontiosRodos ($8.32 in chips) 
1tillit1: posts small blind $0.02
ripelnet: posts big blind $0.05
*** HOLE CARDS ***
Dealt to Dorex2007 [8h 3h]
Oscarlindo: folds 
MrFumble42 leaves the table
Dorex2007: folds 
vonLehcim joins the table at seat #9 
marciobelgium has timed out
marciobelgium: folds 
maksim-2003: folds 
PontiosRodos: folds 
Alex366296: folds 
1tillit1: raises $0.10 to $0.15
ripelnet: folds 
Uncalled bet ($0.10) returned to 1tillit1
1tillit1 collected $0.10 from pot
1tillit1: doesn't show hand 
*** SUMMARY ***
Total pot $0.10 | Rake $0 
Seat 1: Alex366296 (button) folded before Flop (didn't bet)
Seat 2: 1tillit1 (small blind) collected ($0.10)
Seat 3: ripelnet (big blind) folded before Flop
Seat 4: Oscarlindo folded before Flop (didn't bet)
Seat 5: Dorex2007 folded before Flop (didn't bet)
Seat 6: marciobelgium folded before Flop (didn't bet)
Seat 7: maksim-2003 folded before Flop (didn't bet)
Seat 8: PontiosRodos folded before Flop (didn't bet)



PokerStars Hand #237950079953:  Hold'em No Limit ($0.02/$0.05 USD) - 2022/08/12 12:39:36 PT [2022/08/12 15:39:36 ET]
Table 'China III' 9-max Seat #2 is the button
Seat 1: Alex366296 ($5 in chips) 
Seat 2: 1tillit1 ($8.45 in chips) 
Seat 3: ripelnet ($5 in chips) 
Seat 4: Oscarlindo ($2.21 in chips) 
Seat 5: Dorex2007 ($5.91 in chips) 
Seat 7: maksim-2003 ($8.44 in chips) 
Seat 8: PontiosRodos ($8.32 in chips) 
ripelnet: posts small blind $0.02
Oscarlindo: posts big blind $0.05
vonLehcim: sits out 
*** HOLE CARDS ***
Dealt to Dorex2007 [As Th]
Dorex2007: folds 
maksim-2003: folds 
PontiosRodos: calls $0.05
Alex366296: folds 
1tillit1: folds 
ripelnet: folds 
Oscarlindo: checks 
*** FLOP *** [6d Kc Ac]
Oscarlindo: bets $0.10
PontiosRodos: calls $0.10
*** TURN *** [6d Kc Ac] [Jd]
Oscarlindo: bets $0.10
PontiosRodos: calls $0.10
*** RIVER *** [6d Kc Ac Jd] [9h]
Oscarlindo: bets $0.10
PontiosRodos: calls $0.10
*** SHOW DOWN ***
Oscarlindo: shows [7h Kh] (a pair of Kings)
PontiosRodos: shows [8h Ah] (a pair of Aces)
PontiosRodos collected $0.69 from pot
*** SUMMARY ***
Total pot $0.72 | Rake $0.03 
Board [6d Kc Ac Jd 9h]
Seat 1: Alex366296 folded before Flop (didn't bet)
Seat 2: 1tillit1 (button) folded before Flop (didn't bet)
Seat 3: ripelnet (small blind) folded before Flop
Seat 4: Oscarlindo (big blind) showed [7h Kh] and lost with a pair of Kings
Seat 5: Dorex2007 folded before Flop (didn't bet)
Seat 7: maksim-2003 folded before Flop (didn't bet)
Seat 8: PontiosRodos showed [8h Ah] and won ($0.69) with a pair of Aces



PokerStars Hand #237950093449:  Hold'em No Limit ($0.02/$0.05 USD) - 2022/08/12 12:40:15 PT [2022/08/12 15:40:15 ET]
Table 'China III' 9-max Seat #3 is the button
Seat 1: Alex366296 ($5 in chips) 
Seat 2: 1tillit1 ($8.45 in chips) 
Seat 3: ripelnet ($5 in chips) 
Seat 4: Oscarlindo ($1.86 in chips) 
Seat 5: Dorex2007 ($5.91 in chips) 
Seat 6: marciobelgium ($3.63 in chips) 
Seat 7: maksim-2003 ($8.44 in chips) 
Seat 8: PontiosRodos ($8.66 in chips) 
Oscarlindo: posts small blind $0.02
Dorex2007: posts big blind $0.05
vonLehcim: sits out 
*** HOLE CARDS ***
Dealt to Dorex2007 [7d 2s]
marciobelgium: raises $0.10 to $0.15
maksim-2003: folds 
PontiosRodos: calls $0.15
Alex366296: folds 
1tillit1: folds 
ripelnet: folds 
Oscarlindo: folds 
Dorex2007: folds 
*** FLOP *** [Js 4h 7s]
marciobelgium: checks 
PontiosRodos: checks 
*** TURN *** [Js 4h 7s] [Ts]
marciobelgium: checks 
PontiosRodos: bets $0.17
marciobelgium: calls $0.17
*** RIVER *** [Js 4h 7s Ts] [Jh]
marciobelgium: checks 
PontiosRodos: checks 
*** SHOW DOWN ***
marciobelgium: shows [Ac 9s] (a pair of Jacks)
PontiosRodos: shows [Tc 9c] (two pair, Jacks and Tens)
PontiosRodos collected $0.68 from pot
*** SUMMARY ***
Total pot $0.71 | Rake $0.03 
Board [Js 4h 7s Ts Jh]
Seat 1: Alex366296 folded before Flop (didn't bet)
Seat 2: 1tillit1 folded before Flop (didn't bet)
Seat 3: ripelnet (button) folded before Flop (didn't bet)
Seat 4: Oscarlindo (small blind) folded before Flop
Seat 5: Dorex2007 (big blind) folded before Flop
Seat 6: marciobelgium showed [Ac 9s] and lost with a pair of Jacks
Seat 7: maksim-2003 folded before Flop (didn't bet)
Seat 8: PontiosRodos showed [Tc 9c] and won ($0.68) with two pair, Jacks and Tens



PokerStars Hand #237950114837:  Hold'em No Limit ($0.02/$0.05 USD) - 2022/08/12 12:41:16 PT [2022/08/12 15:41:16 ET]
Table 'China III' 9-max Seat #4 is the button
Seat 1: Alex366296 ($5 in chips) 
Seat 2: 1tillit1 ($8.45 in chips) 
Seat 3: ripelnet ($5 in chips) 
Seat 4: Oscarlindo ($1.84 in chips) 
Seat 5: Dorex2007 ($5.86 in chips) 
Seat 6: marciobelgium ($3.31 in chips) 
Seat 7: maksim-2003 ($8.44 in chips) 
Seat 8: PontiosRodos ($9.02 in chips) 
Dorex2007: posts small blind $0.02
marciobelgium: posts big blind $0.05
vonLehcim: sits out 
*** HOLE CARDS ***
Dealt to Dorex2007 [8s Jd]
maksim-2003: folds 
PontiosRodos: calls $0.05
Alex366296: folds 
1tillit1: folds 
ripelnet: calls $0.05
Oscarlindo: folds 
Dorex2007: folds 
marciobelgium: raises $0.10 to $0.15
PontiosRodos: calls $0.10
ripelnet: calls $0.10
*** FLOP *** [5s Jc Qd]
marciobelgium: bets $0.15
PontiosRodos: folds 
ripelnet: folds 
Uncalled bet ($0.15) returned to marciobelgium
marciobelgium collected $0.45 from pot
*** SUMMARY ***
Total pot $0.47 | Rake $0.02 
Board [5s Jc Qd]
Seat 1: Alex366296 folded before Flop (didn't bet)
Seat 2: 1tillit1 folded before Flop (didn't bet)
Seat 3: ripelnet folded on the Flop
Seat 4: Oscarlindo (button) folded before Flop (didn't bet)
Seat 5: Dorex2007 (small blind) folded before Flop
Seat 6: marciobelgium (big blind) collected ($0.45)
Seat 7: maksim-2003 folded before Flop (didn't bet)
Seat 8: PontiosRodos folded on the Flop



PokerStars Hand #237950125925:  Hold'em No Limit ($0.02/$0.05 USD) - 2022/08/12 12:41:48 PT [2022/08/12 15:41:48 ET]
Table 'China III' 9-max Seat #5 is the button
Seat 1: Alex366296 ($5 in chips) 
Seat 2: 1tillit1 ($8.45 in chips) 
Seat 3: ripelnet ($5 in chips) 
Seat 4: Oscarlindo ($1.84 in chips) 
Seat 5: Dorex2007 ($5.84 in chips) 
Seat 6: marciobelgium ($3.61 in chips) 
Seat 7: maksim-2003 ($8.44 in chips) 
Seat 8: PontiosRodos ($8.87 in chips) 
marciobelgium: posts small blind $0.02
maksim-2003: posts big blind $0.05
vonLehcim: sits out 
*** HOLE CARDS ***
Dealt to Dorex2007 [2d Jh]
PontiosRodos: folds 
Alex366296: raises $0.10 to $0.15
1tillit1: raises $0.35 to $0.50
ripelnet: folds 
Oscarlindo: folds 
Dorex2007: folds 
marciobelgium: folds 
maksim-2003: folds 
Alex366296: calls $0.35
*** FLOP *** [Jd Ks 9s]
Alex366296: checks 
1tillit1: bets $0.75
Alex366296: calls $0.75
*** TURN *** [Jd Ks 9s] [Qd]
maksim-2003 leaves the table
Alex366296: checks 
Zapato41 joins the table at seat #7 
1tillit1: checks 
*** RIVER *** [Jd Ks 9s Qd] [4c]
Alex366296: checks 
1tillit1: checks 
*** SHOW DOWN ***
Alex366296: shows [Js As] (a pair of Jacks)
1tillit1: shows [Kc Kh] (three of a kind, Kings)
1tillit1 collected $2.43 from pot
*** SUMMARY ***
Total pot $2.57 | Rake $0.14 
Board [Jd Ks 9s Qd 4c]
Seat 1: Alex366296 showed [Js As] and lost with a pair of Jacks
Seat 2: 1tillit1 showed [Kc Kh] and won ($2.43) with three of a kind, Kings
Seat 3: ripelnet folded before Flop (didn't bet)
Seat 4: Oscarlindo folded before Flop (didn't bet)
Seat 5: Dorex2007 (button) folded before Flop (didn't bet)
Seat 6: marciobelgium (small blind) folded before Flop
Seat 7: maksim-2003 (big blind) folded before Flop
Seat 8: PontiosRodos folded before Flop (didn't bet)



PokerStars Hand #237950162755:  Hold'em No Limit ($0.02/$0.05 USD) - 2022/08/12 12:43:34 PT [2022/08/12 15:43:34 ET]
Table 'China III' 9-max Seat #6 is the button
Seat 1: Alex366296 ($5 in chips) 
Seat 2: 1tillit1 ($9.63 in chips) 
Seat 3: ripelnet ($5 in chips) 
Seat 4: Oscarlindo ($1.84 in chips) 
Seat 5: Dorex2007 ($5.84 in chips) 
Seat 6: marciobelgium ($3.59 in chips) 
Seat 8: PontiosRodos ($8.87 in chips) 
Seat 9: vonLehcim ($5 in chips) 
PontiosRodos: posts small blind $0.02
vonLehcim: posts big blind $0.05
*** HOLE CARDS ***
Dealt to Dorex2007 [4s 7h]
Alex366296: folds 
1tillit1: folds 
ripelnet: folds 
Oscarlindo: folds 
Dorex2007: folds 
marciobelgium: raises $0.10 to $0.15
PontiosRodos: calls $0.13
vonLehcim: calls $0.10
*** FLOP *** [Js 3c Ks]
PontiosRodos: checks 
vonLehcim: checks 
marciobelgium: bets $0.21
PontiosRodos: folds 
vonLehcim: folds 
Uncalled bet ($0.21) returned to marciobelgium
marciobelgium collected $0.43 from pot
*** SUMMARY ***
Total pot $0.45 | Rake $0.02 
Board [Js 3c Ks]
Seat 1: Alex366296 folded before Flop (didn't bet)
Seat 2: 1tillit1 folded before Flop (didn't bet)
Seat 3: ripelnet folded before Flop (didn't bet)
Seat 4: Oscarlindo folded before Flop (didn't bet)
Seat 5: Dorex2007 folded before Flop (didn't bet)
Seat 6: marciobelgium (button) collected ($0.43)
Seat 8: PontiosRodos (small blind) folded on the Flop
Seat 9: vonLehcim (big blind) folded on the Flop



PokerStars Hand #237950182206:  Hold'em No Limit ($0.02/$0.05 USD) - 2022/08/12 12:44:18 PT [2022/08/12 15:44:18 ET]
Table 'China III' 9-max Seat #8 is the button
Seat 1: Alex366296 ($5 in chips) 
Seat 2: 1tillit1 ($9.63 in chips) 
Seat 3: ripelnet ($5 in chips) 
Seat 4: Oscarlindo ($1.84 in chips) 
Seat 5: Dorex2007 ($5.84 in chips) 
Seat 6: marciobelgium ($3.87 in chips) 
Seat 7: Zapato41 ($5 in chips) 
Seat 8: PontiosRodos ($8.72 in chips) 
Seat 9: vonLehcim ($4.85 in chips) 
vonLehcim: posts small blind $0.02
Alex366296: posts big blind $0.05
Zapato41: posts big blind $0.05
*** HOLE CARDS ***
Dealt to Dorex2007 [Js 2d]
1tillit1: folds 
ripelnet: raises $0.07 to $0.12
Oscarlindo: folds 
Dorex2007: folds 
marciobelgium has timed out
marciobelgium: folds 
Zapato41: calls $0.07
PontiosRodos: folds 
vonLehcim: folds 
Alex366296: folds 
*** FLOP *** [2c Ts 5s]
ripelnet: checks 
Zapato41: checks 
*** TURN *** [2c Ts 5s] [7s]
ripelnet: checks 
Zapato41: checks 
*** RIVER *** [2c Ts 5s 7s] [8c]
ripelnet: checks 
Zapato41: checks 
*** SHOW DOWN ***
ripelnet: shows [Ah Qh] (high card Ace)
Zapato41: mucks hand 
ripelnet collected $0.30 from pot
*** SUMMARY ***
Total pot $0.31 | Rake $0.01 
Board [2c Ts 5s 7s 8c]
Seat 1: Alex366296 (big blind) folded before Flop
Seat 2: 1tillit1 folded before Flop (didn't bet)
Seat 3: ripelnet showed [Ah Qh] and won ($0.30) with high card Ace
Seat 4: Oscarlindo folded before Flop (didn't bet)
Seat 5: Dorex2007 folded before Flop (didn't bet)
Seat 6: marciobelgium folded before Flop (didn't bet)
Seat 7: Zapato41 mucked [Jc Qs]
Seat 8: PontiosRodos (button) folded before Flop (didn't bet)
Seat 9: vonLehcim (small blind) folded before Flop



PokerStars Hand #237950202397:  Hold'em No Limit ($0.02/$0.05 USD) - 2022/08/12 12:45:17 PT [2022/08/12 15:45:17 ET]
Table 'China III' 9-max Seat #9 is the button
Seat 1: Alex366296 ($5 in chips) 
Seat 2: 1tillit1 ($9.63 in chips) 
Seat 3: ripelnet ($5.18 in chips) 
Seat 4: Oscarlindo ($1.84 in chips) 
Seat 5: Dorex2007 ($5.84 in chips) 
Seat 7: Zapato41 ($5 in chips) 
Seat 8: PontiosRodos ($8.72 in chips) 
Seat 9: vonLehcim ($4.83 in chips) 
Alex366296: posts small blind $0.02
1tillit1: posts big blind $0.05
*** HOLE CARDS ***
Dealt to Dorex2007 [5d Ah]
ripelnet: folds 
Oscarlindo: folds 
Dorex2007: folds 
Zapato41: folds 
PontiosRodos has timed out
PontiosRodos: folds 
vonLehcim has timed out
vonLehcim: folds 
Alex366296: folds 
Uncalled bet ($0.03) returned to 1tillit1
1tillit1 collected $0.04 from pot
1tillit1: doesn't show hand 
*** SUMMARY ***
Total pot $0.04 | Rake $0 
Seat 1: Alex366296 (small blind) folded before Flop
Seat 2: 1tillit1 (big blind) collected ($0.04)
Seat 3: ripelnet folded before Flop (didn't bet)
Seat 4: Oscarlindo folded before Flop (didn't bet)
Seat 5: Dorex2007 folded before Flop (didn't bet)
Seat 7: Zapato41 folded before Flop (didn't bet)
Seat 8: PontiosRodos folded before Flop (didn't bet)
Seat 9: vonLehcim (button) folded before Flop (didn't bet)



PokerStars Hand #237950213949:  Hold'em No Limit ($0.02/$0.05 USD) - 2022/08/12 12:45:51 PT [2022/08/12 15:45:51 ET]
Table 'China III' 9-max Seat #1 is the button
Seat 1: Alex366296 ($5 in chips) 
Seat 2: 1tillit1 ($9.65 in chips) 
Seat 3: ripelnet ($5.18 in chips) 
Seat 4: Oscarlindo ($1.84 in chips) 
Seat 5: Dorex2007 ($5.84 in chips) 
Seat 6: marciobelgium ($3.87 in chips) 
Seat 7: Zapato41 ($5 in chips) 
Seat 8: PontiosRodos ($8.72 in chips) 
1tillit1: posts small blind $0.02
ripelnet: posts big blind $0.05
*** HOLE CARDS ***
Dealt to Dorex2007 [3c 6d]
Oscarlindo: raises $0.05 to $0.10
Dorex2007: folds 
marciobelgium: raises $0.10 to $0.20
Zapato41: folds 
PontiosRodos: calls $0.20
Alex366296: folds 
1tillit1: folds 
ripelnet: folds 
Oscarlindo: calls $0.10
*** FLOP *** [3h Jd 2s]
Oscarlindo: bets $0.10
marciobelgium: calls $0.10
PontiosRodos: folds 
*** TURN *** [3h Jd 2s] [4d]
Oscarlindo: bets $0.10
marciobelgium: calls $0.10
*** RIVER *** [3h Jd 2s 4d] [6s]
Oscarlindo: bets $0.10
marciobelgium: calls $0.10
*** SHOW DOWN ***
Oscarlindo: shows [2c Ac] (a pair of Deuces)
marciobelgium: shows [4s As] (a pair of Fours)
marciobelgium collected $1.22 from pot
*** SUMMARY ***
Total pot $1.27 | Rake $0.05 
Board [3h Jd 2s 4d 6s]
Seat 1: Alex366296 (button) folded before Flop (didn't bet)
Seat 2: 1tillit1 (small blind) folded before Flop
Seat 3: ripelnet (big blind) folded before Flop
Seat 4: Oscarlindo showed [2c Ac] and lost with a pair of Deuces
Seat 5: Dorex2007 folded before Flop (didn't bet)
Seat 6: marciobelgium showed [4s As] and won ($1.22) with a pair of Fours
Seat 7: Zapato41 folded before Flop (didn't bet)
Seat 8: PontiosRodos folded on the Flop



PokerStars Hand #237950255436:  Hold'em No Limit ($0.02/$0.05 USD) - 2022/08/12 12:47:51 PT [2022/08/12 15:47:51 ET]
Table 'China III' 9-max Seat #3 is the button
Seat 1: Alex366296 ($5 in chips) 
Seat 2: 1tillit1 ($9.51 in chips) 
Seat 3: ripelnet ($5.11 in chips) 
Seat 4: Oscarlindo ($1.47 in chips) 
Seat 5: Dorex2007 ($5.84 in chips) 
Seat 6: marciobelgium ($4.59 in chips) 
Seat 7: Zapato41 ($5 in chips) 
Seat 8: PontiosRodos ($8.52 in chips) 
Seat 9: vonLehcim ($4.83 in chips) 
Oscarlindo: posts small blind $0.02
Dorex2007: posts big blind $0.05
*** HOLE CARDS ***
Dealt to Dorex2007 [As Td]
marciobelgium: folds 
Zapato41: folds 
PontiosRodos: folds 
vonLehcim: folds 
Alex366296: folds 
1tillit1: folds 
ripelnet: folds 
Oscarlindo: calls $0.03
Dorex2007: checks 
*** FLOP *** [Ts 8s 3d]
Oscarlindo: checks 
Dorex2007: bets $0.10
Oscarlindo: folds 
Uncalled bet ($0.10) returned to Dorex2007
Dorex2007 collected $0.10 from pot
Dorex2007: doesn't show hand 
*** SUMMARY ***
Total pot $0.10 | Rake $0 
Board [Ts 8s 3d]
Seat 1: Alex366296 folded before Flop (didn't bet)
Seat 2: 1tillit1 folded before Flop (didn't bet)
Seat 3: ripelnet (button) folded before Flop (didn't bet)
Seat 4: Oscarlindo (small blind) folded on the Flop
Seat 5: Dorex2007 (big blind) collected ($0.10)
Seat 6: marciobelgium folded before Flop (didn't bet)
Seat 7: Zapato41 folded before Flop (didn't bet)
Seat 8: PontiosRodos folded before Flop (didn't bet)
Seat 9: vonLehcim folded before Flop (didn't bet)



PokerStars Hand #237950266084:  Hold'em No Limit ($0.02/$0.05 USD) - 2022/08/12 12:48:21 PT [2022/08/12 15:48:21 ET]
Table 'China III' 9-max Seat #4 is the button
Seat 1: Alex366296 ($5 in chips) 
Seat 2: 1tillit1 ($9.51 in chips) 
Seat 3: ripelnet ($5.11 in chips) 
Seat 4: Oscarlindo ($1.42 in chips) 
Seat 5: Dorex2007 ($5.89 in chips) 
Seat 6: marciobelgium ($4.59 in chips) 
Seat 7: Zapato41 ($5 in chips) 
Seat 8: PontiosRodos ($8.52 in chips) 
Seat 9: vonLehcim ($4.83 in chips) 
Dorex2007: posts small blind $0.02
marciobelgium: posts big blind $0.05
*** HOLE CARDS ***
Dealt to Dorex2007 [5s Qc]
Zapato41: folds 
PontiosRodos: folds 
vonLehcim: calls $0.05
Alex366296: folds 
1tillit1: folds 
ripelnet: folds 
Oscarlindo: raises $0.10 to $0.15
Dorex2007: folds 
marciobelgium: calls $0.10
vonLehcim: calls $0.10
*** FLOP *** [8c Ah 9s]
marciobelgium: bets $0.20
vonLehcim: folds 
Oscarlindo: raises $1.07 to $1.27 and is all-in
marciobelgium: calls $1.07
*** TURN *** [8c Ah 9s] [7s]
*** RIVER *** [8c Ah 9s 7s] [Td]
*** SHOW DOWN ***
marciobelgium: shows [As 9d] (two pair, Aces and Nines)
Oscarlindo: shows [Ac Js] (a straight, Seven to Jack)
Oscarlindo collected $2.89 from pot
*** SUMMARY ***
Total pot $3.01 | Rake $0.12 
Board [8c Ah 9s 7s Td]
Seat 1: Alex366296 folded before Flop (didn't bet)
Seat 2: 1tillit1 folded before Flop (didn't bet)
Seat 3: ripelnet folded before Flop (didn't bet)
Seat 4: Oscarlindo (button) showed [Ac Js] and won ($2.89) with a straight, Seven to Jack
Seat 5: Dorex2007 (small blind) folded before Flop
Seat 6: marciobelgium (big blind) showed [As 9d] and lost with two pair, Aces and Nines
Seat 7: Zapato41 folded before Flop (didn't bet)
Seat 8: PontiosRodos folded before Flop (didn't bet)
Seat 9: vonLehcim folded on the Flop



PokerStars Hand #237950289988:  Hold'em No Limit ($0.02/$0.05 USD) - 2022/08/12 12:49:30 PT [2022/08/12 15:49:30 ET]
Table 'China III' 9-max Seat #5 is the button
Seat 1: Alex366296 ($5 in chips) 
Seat 2: 1tillit1 ($9.51 in chips) 
Seat 3: ripelnet ($5.11 in chips) 
Seat 4: Oscarlindo ($2.89 in chips) 
Seat 5: Dorex2007 ($5.87 in chips) 
Seat 6: marciobelgium ($3.17 in chips) 
Seat 7: Zapato41 ($5 in chips) 
Seat 8: PontiosRodos ($8.52 in chips) 
Seat 9: vonLehcim ($4.68 in chips) 
marciobelgium: posts small blind $0.02
Zapato41: posts big blind $0.05
*** HOLE CARDS ***
Dealt to Dorex2007 [9d 6c]
PontiosRodos: folds 
vonLehcim: folds 
Alex366296: folds 
1tillit1: folds 
ripelnet: raises $0.07 to $0.12
Oscarlindo: folds 
Dorex2007: folds 
marciobelgium has timed out
marciobelgium: folds 
Zapato41: folds 
Uncalled bet ($0.07) returned to ripelnet
ripelnet collected $0.12 from pot
ripelnet: doesn't show hand 
*** SUMMARY ***
Total pot $0.12 | Rake $0 
Seat 1: Alex366296 folded before Flop (didn't bet)
Seat 2: 1tillit1 folded before Flop (didn't bet)
Seat 3: ripelnet collected ($0.12)
Seat 4: Oscarlindo folded before Flop (didn't bet)
Seat 5: Dorex2007 (button) folded before Flop (didn't bet)
Seat 6: marciobelgium (small blind) folded before Flop
Seat 7: Zapato41 (big blind) folded before Flop
Seat 8: PontiosRodos folded before Flop (didn't bet)
Seat 9: vonLehcim folded before Flop (didn't bet)



PokerStars Hand #237950308843:  Hold'em No Limit ($0.02/$0.05 USD) - 2022/08/12 12:50:25 PT [2022/08/12 15:50:25 ET]
Table 'China III' 9-max Seat #8 is the button
Seat 1: Alex366296 ($5 in chips) 
Seat 2: 1tillit1 ($9.51 in chips) 
Seat 3: ripelnet ($5.18 in chips) 
Seat 4: Oscarlindo ($2.89 in chips) 
Seat 5: Dorex2007 ($5.87 in chips) 
Seat 8: PontiosRodos ($8.52 in chips) 
Seat 9: vonLehcim ($4.68 in chips) 
vonLehcim: posts small blind $0.02
Alex366296: posts big blind $0.05
*** HOLE CARDS ***
Dealt to Dorex2007 [Th 4h]
Zapato41 leaves the table
1tillit1: folds 
ripelnet: raises $0.07 to $0.12
Oscarlindo: folds 
Dorex2007: folds 
PontiosRodos: calls $0.12
vonLehcim: calls $0.10
Alex366296: folds 
*** FLOP *** [6h Jh Kh]
vonLehcim: checks 
ripelnet: checks 
PontiosRodos: checks 
*** TURN *** [6h Jh Kh] [Js]
vonLehcim: bets $0.19
ripelnet: folds 
PontiosRodos: calls $0.19
*** RIVER *** [6h Jh Kh Js] [9c]
vonLehcim: bets $0.38
PontiosRodos: folds 
Uncalled bet ($0.38) returned to vonLehcim
vonLehcim collected $0.76 from pot
vonLehcim: doesn't show hand 
*** SUMMARY ***
Total pot $0.79 | Rake $0.03 
Board [6h Jh Kh Js 9c]
Seat 1: Alex366296 (big blind) folded before Flop
Seat 2: 1tillit1 folded before Flop (didn't bet)
Seat 3: ripelnet folded on the Turn
Seat 4: Oscarlindo folded before Flop (didn't bet)
Seat 5: Dorex2007 folded before Flop (didn't bet)
Seat 8: PontiosRodos (button) folded on the River
Seat 9: vonLehcim (small blind) collected ($0.76)



PokerStars Hand #237950331186:  Hold'em No Limit ($0.02/$0.05 USD) - 2022/08/12 12:51:30 PT [2022/08/12 15:51:30 ET]
Table 'China III' 9-max Seat #9 is the button
Seat 1: Alex366296 ($5 in chips) 
Seat 2: 1tillit1 ($9.51 in chips) 
Seat 3: ripelnet ($5.06 in chips) 
Seat 4: Oscarlindo ($2.89 in chips) 
Seat 5: Dorex2007 ($5.87 in chips) 
Seat 6: marciobelgium ($3.15 in chips) 
Seat 8: PontiosRodos ($8.21 in chips) 
Seat 9: vonLehcim ($5.13 in chips) 
Alex366296: posts small blind $0.02
1tillit1: posts big blind $0.05
*** HOLE CARDS ***
Dealt to Dorex2007 [Kc 2c]
ripelnet: folds 
Neptune27 joins the table at seat #7 
Oscarlindo: folds 
Dorex2007: folds 
marciobelgium has timed out
marciobelgium: folds 
PontiosRodos: folds 
vonLehcim: calls $0.05
Alex366296: folds 
1tillit1: checks 
*** FLOP *** [2s Kd 8s]
1tillit1: bets $0.08
vonLehcim: calls $0.08
*** TURN *** [2s Kd 8s] [As]
1tillit1: checks 
vonLehcim: bets $0.13
1tillit1: folds 
Uncalled bet ($0.13) returned to vonLehcim
vonLehcim collected $0.27 from pot
vonLehcim: doesn't show hand 
*** SUMMARY ***
Total pot $0.28 | Rake $0.01 
Board [2s Kd 8s As]
Seat 1: Alex366296 (small blind) folded before Flop
Seat 2: 1tillit1 (big blind) folded on the Turn
Seat 3: ripelnet folded before Flop (didn't bet)
Seat 4: Oscarlindo folded before Flop (didn't bet)
Seat 5: Dorex2007 folded before Flop (didn't bet)
Seat 6: marciobelgium folded before Flop (didn't bet)
Seat 8: PontiosRodos folded before Flop (didn't bet)
Seat 9: vonLehcim (button) collected ($0.27)



PokerStars Hand #237950356370:  Hold'em No Limit ($0.02/$0.05 USD) - 2022/08/12 12:52:41 PT [2022/08/12 15:52:41 ET]
Table 'China III' 9-max Seat #1 is the button
Seat 1: Alex366296 ($5 in chips) 
Seat 2: 1tillit1 ($9.38 in chips) 
Seat 3: ripelnet ($5.06 in chips) 
Seat 4: Oscarlindo ($2.89 in chips) 
Seat 5: Dorex2007 ($5.87 in chips) 
Seat 6: marciobelgium ($3.15 in chips) 
Seat 8: PontiosRodos ($8.21 in chips) 
Seat 9: vonLehcim ($5.27 in chips) 
1tillit1: posts small blind $0.02
ripelnet: posts big blind $0.05
Neptune27: sits out 
*** HOLE CARDS ***
Dealt to Dorex2007 [7s Ah]
Oscarlindo: folds 
Dorex2007: folds 
marciobelgium: folds 
PontiosRodos: folds 
vonLehcim: calls $0.05
Alex366296: folds 
1tillit1: folds 
ripelnet: checks 
*** FLOP *** [5d Ts Td]
ripelnet: checks 
vonLehcim: bets $0.06
ripelnet: folds 
Uncalled bet ($0.06) returned to vonLehcim
vonLehcim collected $0.12 from pot
vonLehcim: doesn't show hand 
*** SUMMARY ***
Total pot $0.12 | Rake $0 
Board [5d Ts Td]
Seat 1: Alex366296 (button) folded before Flop (didn't bet)
Seat 2: 1tillit1 (small blind) folded before Flop
Seat 3: ripelnet (big blind) folded on the Flop
Seat 4: Oscarlindo folded before Flop (didn't bet)
Seat 5: Dorex2007 folded before Flop (didn't bet)
Seat 6: marciobelgium folded before Flop (didn't bet)
Seat 8: PontiosRodos folded before Flop (didn't bet)
Seat 9: vonLehcim collected ($0.12)



PokerStars Hand #237950385867:  Hold'em No Limit ($0.02/$0.05 USD) - 2022/08/12 12:53:39 PT [2022/08/12 15:53:39 ET]
Table 'China III' 9-max Seat #2 is the button
Seat 1: Alex366296 ($5 in chips) 
Seat 2: 1tillit1 ($9.36 in chips) 
Seat 3: ripelnet ($5.01 in chips) 
Seat 4: Oscarlindo ($2.89 in chips) 
Seat 5: Dorex2007 ($5.87 in chips) 
Seat 6: marciobelgium ($3.15 in chips) 
Seat 8: PontiosRodos ($8.21 in chips) 
Seat 9: vonLehcim ($5.34 in chips) 
ripelnet: posts small blind $0.02
Oscarlindo: posts big blind $0.05
Neptune27: sits out 
*** HOLE CARDS ***
Dealt to Dorex2007 [Jd 6h]
Dorex2007: folds 
marciobelgium has timed out
marciobelgium: folds 
PontiosRodos: folds 
vonLehcim: folds 
Alex366296: folds 
1tillit1: folds 
ripelnet: folds 
Uncalled bet ($0.03) returned to Oscarlindo
Oscarlindo collected $0.04 from pot
*** SUMMARY ***
Total pot $0.04 | Rake $0 
Seat 1: Alex366296 folded before Flop (didn't bet)
Seat 2: 1tillit1 (button) folded before Flop (didn't bet)
Seat 3: ripelnet (small blind) folded before Flop
Seat 4: Oscarlindo (big blind) collected ($0.04)
Seat 5: Dorex2007 folded before Flop (didn't bet)
Seat 6: marciobelgium folded before Flop (didn't bet)
Seat 8: PontiosRodos folded before Flop (didn't bet)
Seat 9: vonLehcim folded before Flop (didn't bet)



PokerStars Hand #237950395373:  Hold'em No Limit ($0.02/$0.05 USD) - 2022/08/12 12:54:06 PT [2022/08/12 15:54:06 ET]
Table 'China III' 9-max Seat #3 is the button
Seat 1: Alex366296 ($5 in chips) 
Seat 2: 1tillit1 ($9.36 in chips) 
Seat 3: ripelnet ($5 in chips) 
Seat 4: Oscarlindo ($2.91 in chips) 
Seat 5: Dorex2007 ($5.87 in chips) 
Seat 8: PontiosRodos ($8.21 in chips) 
Seat 9: vonLehcim ($5.34 in chips) 
Oscarlindo: posts small blind $0.02
Dorex2007: posts big blind $0.05
Neptune27: sits out 
*** HOLE CARDS ***
Dealt to Dorex2007 [Ks 7s]
PontiosRodos: calls $0.05
vonLehcim: folds 
Alex366296: folds 
1tillit1: folds 
ripelnet: folds 
ripelnet leaves the table
Oscarlindo: folds 
Dorex2007: checks 
*** FLOP *** [Kc 4s Ah]
Dorex2007: checks 
PontiosRodos: checks 
*** TURN *** [Kc 4s Ah] [5d]
Dorex2007: checks 
PontiosRodos: checks 
*** RIVER *** [Kc 4s Ah 5d] [7h]
Dorex2007: bets $0.12
PontiosRodos: folds 
Uncalled bet ($0.12) returned to Dorex2007
Dorex2007 collected $0.12 from pot
Dorex2007: doesn't show hand 
*** SUMMARY ***
Total pot $0.12 | Rake $0 
Board [Kc 4s Ah 5d 7h]
Seat 1: Alex366296 folded before Flop (didn't bet)
Seat 2: 1tillit1 folded before Flop (didn't bet)
Seat 3: ripelnet (button) folded before Flop (didn't bet)
Seat 4: Oscarlindo (small blind) folded before Flop
Seat 5: Dorex2007 (big blind) collected ($0.12)
Seat 8: PontiosRodos folded on the River
Seat 9: vonLehcim folded before Flop (didn't bet)



PokerStars Hand #237950411222:  Hold'em No Limit ($0.02/$0.05 USD) - 2022/08/12 12:54:52 PT [2022/08/12 15:54:52 ET]
Table 'China III' 9-max Seat #4 is the button
Seat 1: Alex366296 ($5 in chips) 
Seat 2: 1tillit1 ($9.36 in chips) 
Seat 4: Oscarlindo ($2.89 in chips) 
Seat 5: Dorex2007 ($5.94 in chips) 
Seat 6: marciobelgium ($3.15 in chips) 
Seat 8: PontiosRodos ($8.16 in chips) 
Seat 9: vonLehcim ($5.34 in chips) 
Dorex2007: posts small blind $0.02
marciobelgium: posts big blind $0.05
Neptune27: sits out 
*** HOLE CARDS ***
Dealt to Dorex2007 [8c 2d]
PontiosRodos: folds 
vonLehcim: folds 
Alex366296: folds 
1tillit1: folds 
Oscarlindo: calls $0.05
Dorex2007: folds 
marciobelgium: checks 
*** FLOP *** [7d 4d Kh]
marciobelgium: checks 
Oscarlindo: checks 
*** TURN *** [7d 4d Kh] [9c]
marciobelgium: bets $0.16
Oscarlindo: folds 
Uncalled bet ($0.16) returned to marciobelgium
marciobelgium collected $0.12 from pot
*** SUMMARY ***
Total pot $0.12 | Rake $0 
Board [7d 4d Kh 9c]
Seat 1: Alex366296 folded before Flop (didn't bet)
Seat 2: 1tillit1 folded before Flop (didn't bet)
Seat 4: Oscarlindo (button) folded on the Turn
Seat 5: Dorex2007 (small blind) folded before Flop
Seat 6: marciobelgium (big blind) collected ($0.12)
Seat 8: PontiosRodos folded before Flop (didn't bet)
Seat 9: vonLehcim folded before Flop (didn't bet)



PokerStars Hand #237950420290:  Hold'em No Limit ($0.02/$0.05 USD) - 2022/08/12 12:55:21 PT [2022/08/12 15:55:21 ET]
Table 'China III' 9-max Seat #5 is the button
Seat 1: Alex366296 ($5 in chips) 
Seat 2: 1tillit1 ($9.36 in chips) 
Seat 4: Oscarlindo ($2.84 in chips) 
Seat 5: Dorex2007 ($5.92 in chips) 
Seat 6: marciobelgium ($3.22 in chips) 
Seat 7: Neptune27 ($5 in chips) 
Seat 8: PontiosRodos ($8.16 in chips) 
Seat 9: vonLehcim ($5.34 in chips) 
marciobelgium: posts small blind $0.02
Neptune27: posts big blind $0.05
*** HOLE CARDS ***
Dealt to Dorex2007 [2c 8d]
PontiosRodos: calls $0.05
vonLehcim: folds 
Alex366296: folds 
1tillit1: calls $0.05
Oscarlindo: raises $0.10 to $0.15
Dorex2007: folds 
marciobelgium: calls $0.13
Neptune27: folds 
PontiosRodos: calls $0.10
1tillit1: calls $0.10
*** FLOP *** [Ts Td 4h]
marciobelgium: checks 
PontiosRodos: checks 
1tillit1: checks 
HarryDibb joins the table at seat #3 
Oscarlindo: bets $0.15
marciobelgium: calls $0.15
PontiosRodos: folds 
1tillit1: folds 
*** TURN *** [Ts Td 4h] [2d]
marciobelgium: checks 
Oscarlindo: checks 
*** RIVER *** [Ts Td 4h 2d] [Tc]
marciobelgium: checks 
Oscarlindo: checks 
*** SHOW DOWN ***
marciobelgium: shows [Js Qd] (three of a kind, Tens)
Oscarlindo: shows [Ad Kd] (three of a kind, Tens - Ace kicker)
Oscarlindo collected $0.91 from pot
*** SUMMARY ***
Total pot $0.95 | Rake $0.04 
Board [Ts Td 4h 2d Tc]
Seat 1: Alex366296 folded before Flop (didn't bet)
Seat 2: 1tillit1 folded on the Flop
Seat 4: Oscarlindo showed [Ad Kd] and won ($0.91) with three of a kind, Tens
Seat 5: Dorex2007 (button) folded before Flop (didn't bet)
Seat 6: marciobelgium (small blind) showed [Js Qd] and lost with three of a kind, Tens
Seat 7: Neptune27 (big blind) folded before Flop
Seat 8: PontiosRodos folded on the Flop
Seat 9: vonLehcim folded before Flop (didn't bet)



PokerStars Hand #237950441248:  Hold'em No Limit ($0.02/$0.05 USD) - 2022/08/12 12:56:42 PT [2022/08/12 15:56:42 ET]
Table 'China III' 9-max Seat #6 is the button
Seat 1: Alex366296 ($5 in chips) 
Seat 2: 1tillit1 ($9.21 in chips) 
Seat 3: HarryDibb ($5 in chips) 
Seat 4: Oscarlindo ($3.45 in chips) 
Seat 5: Dorex2007 ($5.92 in chips) 
Seat 6: marciobelgium ($2.92 in chips) 
Seat 7: Neptune27 ($5 in chips) 
Seat 8: PontiosRodos ($8.01 in chips) 
Seat 9: vonLehcim ($5.34 in chips) 
Neptune27: posts small blind $0.02
PontiosRodos: posts big blind $0.05
HarryDibb: posts big blind $0.05
*** HOLE CARDS ***
Dealt to Dorex2007 [Jc Th]
vonLehcim: folds 
Alex366296: folds 
1tillit1: folds 
HarryDibb: checks 
Oscarlindo: folds 
Dorex2007: folds 
marciobelgium: raises $0.10 to $0.15
Neptune27: folds 
PontiosRodos: folds 
HarryDibb: folds 
Uncalled bet ($0.10) returned to marciobelgium
marciobelgium collected $0.17 from pot
*** SUMMARY ***
Total pot $0.17 | Rake $0 
Seat 1: Alex366296 folded before Flop (didn't bet)
Seat 2: 1tillit1 folded before Flop (didn't bet)
Seat 3: HarryDibb folded before Flop (didn't bet)
Seat 4: Oscarlindo folded before Flop (didn't bet)
Seat 5: Dorex2007 folded before Flop (didn't bet)
Seat 6: marciobelgium (button) collected ($0.17)
Seat 7: Neptune27 (small blind) folded before Flop
Seat 8: PontiosRodos (big blind) folded before Flop
Seat 9: vonLehcim folded before Flop (didn't bet)



PokerStars Hand #237950447316:  Hold'em No Limit ($0.02/$0.05 USD) - 2022/08/12 12:57:05 PT [2022/08/12 15:57:05 ET]
Table 'China III' 9-max Seat #7 is the button
Seat 1: Alex366296 ($5 in chips) 
Seat 2: 1tillit1 ($9.21 in chips) 
Seat 3: HarryDibb ($4.95 in chips) 
Seat 4: Oscarlindo ($3.45 in chips) 
Seat 5: Dorex2007 ($5.92 in chips) 
Seat 6: marciobelgium ($3.04 in chips) 
Seat 7: Neptune27 ($5 in chips) 
Seat 8: PontiosRodos ($7.96 in chips) 
Seat 9: vonLehcim ($5.34 in chips) 
PontiosRodos: posts small blind $0.02
vonLehcim: posts big blind $0.05
*** HOLE CARDS ***
Dealt to Dorex2007 [Kd Ts]
Alex366296: folds 
1tillit1: folds 
HarryDibb: folds 
Alex366296 leaves the table
Oscarlindo: folds 
afronewtzz joins the table at seat #1 
Dorex2007: calls $0.05
marciobelgium: calls $0.05
Neptune27: folds 
PontiosRodos: calls $0.03
vonLehcim: checks 
*** FLOP *** [3c 9d Js]
PontiosRodos: checks 
vonLehcim: checks 
Dorex2007: checks 
marciobelgium: bets $0.15
PontiosRodos: calls $0.15
vonLehcim: calls $0.15
Dorex2007: folds 
*** TURN *** [3c 9d Js] [6c]
PontiosRodos: checks 
vonLehcim: checks 
marciobelgium: checks 
*** RIVER *** [3c 9d Js 6c] [4c]
PontiosRodos: checks 
vonLehcim: bets $0.31
marciobelgium: folds 
PontiosRodos: folds 
Uncalled bet ($0.31) returned to vonLehcim
vonLehcim collected $0.62 from pot
vonLehcim: doesn't show hand 
*** SUMMARY ***
Total pot $0.65 | Rake $0.03 
Board [3c 9d Js 6c 4c]
Seat 1: Alex366296 folded before Flop (didn't bet)
Seat 2: 1tillit1 folded before Flop (didn't bet)
Seat 3: HarryDibb folded before Flop (didn't bet)
Seat 4: Oscarlindo folded before Flop (didn't bet)
Seat 5: Dorex2007 folded on the Flop
Seat 6: marciobelgium folded on the River
Seat 7: Neptune27 (button) folded before Flop (didn't bet)
Seat 8: PontiosRodos (small blind) folded on the River
Seat 9: vonLehcim (big blind) collected ($0.62)



PokerStars Hand #237950472513:  Hold'em No Limit ($0.02/$0.05 USD) - 2022/08/12 12:58:28 PT [2022/08/12 15:58:28 ET]
Table 'China III' 9-max Seat #8 is the button
Seat 1: afronewtzz ($5 in chips) 
Seat 2: 1tillit1 ($9.21 in chips) 
Seat 3: HarryDibb ($4.95 in chips) 
Seat 4: Oscarlindo ($3.45 in chips) 
Seat 5: Dorex2007 ($5.87 in chips) 
Seat 6: marciobelgium ($2.84 in chips) 
Seat 7: Neptune27 ($5 in chips) 
Seat 8: PontiosRodos ($7.76 in chips) 
Seat 9: vonLehcim ($5.76 in chips) 
vonLehcim: posts small blind $0.02
afronewtzz: posts big blind $0.05
*** HOLE CARDS ***
Dealt to Dorex2007 [9h 6h]
1tillit1: folds 
HarryDibb: raises $0.05 to $0.10
Oscarlindo: calls $0.10
Dorex2007: folds 
marciobelgium: folds 
Neptune27: folds 
PontiosRodos: folds 
vonLehcim: calls $0.08
afronewtzz: calls $0.05
*** FLOP *** [4d 5h Qd]
vonLehcim: checks 
afronewtzz: bets $0.29
HarryDibb: folds 
Oscarlindo: calls $0.29
vonLehcim: folds 
*** TURN *** [4d 5h Qd] [5s]
afronewtzz: checks 
Oscarlindo: checks 
*** RIVER *** [4d 5h Qd 5s] [8h]
afronewtzz: bets $0.77
Oscarlindo: calls $0.77
*** SHOW DOWN ***
afronewtzz: shows [7c 6s] (a straight, Four to Eight)
Oscarlindo: mucks hand 
afronewtzz collected $2.42 from pot
*** SUMMARY ***
Total pot $2.52 | Rake $0.10 
Board [4d 5h Qd 5s 8h]
Seat 1: afronewtzz (big blind) showed [7c 6s] and won ($2.42) with a straight, Four to Eight
Seat 2: 1tillit1 folded before Flop (didn't bet)
Seat 3: HarryDibb folded on the Flop
Seat 4: Oscarlindo mucked [8d Jd]
Seat 5: Dorex2007 folded before Flop (didn't bet)
Seat 6: marciobelgium folded before Flop (didn't bet)
Seat 7: Neptune27 folded before Flop (didn't bet)
Seat 8: PontiosRodos (button) folded before Flop (didn't bet)
Seat 9: vonLehcim (small blind) folded on the Flop



PokerStars Hand #237950497156:  Hold'em No Limit ($0.02/$0.05 USD) - 2022/08/12 13:00:03 PT [2022/08/12 16:00:03 ET]
Table 'China III' 9-max Seat #9 is the button
Seat 1: afronewtzz ($6.26 in chips) 
Seat 2: 1tillit1 ($9.21 in chips) 
Seat 3: HarryDibb ($4.85 in chips) 
Seat 4: Oscarlindo ($2.29 in chips) 
Seat 5: Dorex2007 ($5.87 in chips) 
Seat 6: marciobelgium ($2.84 in chips) 
Seat 7: Neptune27 ($5 in chips) 
Seat 8: PontiosRodos ($7.76 in chips) 
Seat 9: vonLehcim ($5.66 in chips) 
afronewtzz: posts small blind $0.02
1tillit1: posts big blind $0.05
*** HOLE CARDS ***
Dealt to Dorex2007 [8d 8s]
HarryDibb: folds 
Oscarlindo: raises $0.10 to $0.15
Dorex2007: calls $0.15
marciobelgium: folds 
Neptune27: folds 
PontiosRodos: folds 
vonLehcim: folds 
afronewtzz: folds 
1tillit1: folds 
*** FLOP *** [3d Qs Jc]
Oscarlindo: bets $0.15
Dorex2007: calls $0.15
*** TURN *** [3d Qs Jc] [Kc]
Oscarlindo: bets $0.15
Dorex2007: folds 
Uncalled bet ($0.15) returned to Oscarlindo
Oscarlindo collected $0.64 from pot
*** SUMMARY ***
Total pot $0.67 | Rake $0.03 
Board [3d Qs Jc Kc]
Seat 1: afronewtzz (small blind) folded before Flop
Seat 2: 1tillit1 (big blind) folded before Flop
Seat 3: HarryDibb folded before Flop (didn't bet)
Seat 4: Oscarlindo collected ($0.64)
Seat 5: Dorex2007 folded on the Turn
Seat 6: marciobelgium folded before Flop (didn't bet)
Seat 7: Neptune27 folded before Flop (didn't bet)
Seat 8: PontiosRodos folded before Flop (didn't bet)
Seat 9: vonLehcim (button) folded before Flop (didn't bet)



PokerStars Hand #237950510778:  Hold'em No Limit ($0.02/$0.05 USD) - 2022/08/12 13:00:51 PT [2022/08/12 16:00:51 ET]
Table 'China III' 9-max Seat #1 is the button
Seat 1: afronewtzz ($6.24 in chips) 
Seat 2: 1tillit1 ($9.16 in chips) 
Seat 3: HarryDibb ($4.85 in chips) 
Seat 4: Oscarlindo ($2.63 in chips) 
Seat 5: Dorex2007 ($5.57 in chips) 
Seat 6: marciobelgium ($2.84 in chips) 
Seat 7: Neptune27 ($5 in chips) 
Seat 8: PontiosRodos ($7.76 in chips) 
Seat 9: vonLehcim ($5.66 in chips) 
1tillit1: posts small blind $0.02
HarryDibb: posts big blind $0.05
*** HOLE CARDS ***
Dealt to Dorex2007 [As 8d]
Oscarlindo: folds 
Dorex2007: folds 
marciobelgium: folds 
Neptune27: folds 
PontiosRodos: calls $0.05
vonLehcim: calls $0.05
afronewtzz: folds 
1tillit1: folds 
HarryDibb: checks 
*** FLOP *** [2c 9c 8h]
HarryDibb: checks 
PontiosRodos: checks 
vonLehcim: checks 
*** TURN *** [2c 9c 8h] [Jc]
HarryDibb: checks 
PontiosRodos: bets $0.10
vonLehcim: calls $0.10
HarryDibb: folds 
*** RIVER *** [2c 9c 8h Jc] [Jd]
PontiosRodos: bets $0.17
vonLehcim: raises $0.17 to $0.34
PontiosRodos: calls $0.17
*** SHOW DOWN ***
vonLehcim: shows [Tc Qc] (a flush, Queen high)
PontiosRodos: mucks hand 
vonLehcim collected $1.01 from pot
*** SUMMARY ***
Total pot $1.05 | Rake $0.04 
Board [2c 9c 8h Jc Jd]
Seat 1: afronewtzz (button) folded before Flop (didn't bet)
Seat 2: 1tillit1 (small blind) folded before Flop
Seat 3: HarryDibb (big blind) folded on the Turn
Seat 4: Oscarlindo folded before Flop (didn't bet)
Seat 5: Dorex2007 folded before Flop (didn't bet)
Seat 6: marciobelgium folded before Flop (didn't bet)
Seat 7: Neptune27 folded before Flop (didn't bet)
Seat 8: PontiosRodos mucked [Jh Ts]
Seat 9: vonLehcim showed [Tc Qc] and won ($1.01) with a flush, Queen high



PokerStars Hand #237950528527:  Hold'em No Limit ($0.02/$0.05 USD) - 2022/08/12 13:01:47 PT [2022/08/12 16:01:47 ET]
Table 'China III' 9-max Seat #2 is the button
Seat 1: afronewtzz ($6.24 in chips) 
Seat 2: 1tillit1 ($9.14 in chips) 
Seat 3: HarryDibb ($4.80 in chips) 
Seat 4: Oscarlindo ($2.63 in chips) 
Seat 5: Dorex2007 ($5.57 in chips) 
Seat 6: marciobelgium ($2.84 in chips) 
Seat 7: Neptune27 ($5 in chips) 
Seat 8: PontiosRodos ($7.27 in chips) 
Seat 9: vonLehcim ($6.18 in chips) 
HarryDibb: posts small blind $0.02
Oscarlindo: posts big blind $0.05
*** HOLE CARDS ***
Dealt to Dorex2007 [4h 3d]
Dorex2007: folds 
marciobelgium: folds 
Neptune27: raises $0.08 to $0.13
PontiosRodos: calls $0.13
vonLehcim: folds 
afronewtzz: calls $0.13
1tillit1: folds 
HarryDibb: calls $0.11
Oscarlindo: calls $0.08
*** FLOP *** [6c 5c 7h]
HarryDibb: checks 
Oscarlindo: bets $0.10
Neptune27: calls $0.10
PontiosRodos: folds 
afronewtzz: raises $0.41 to $0.51
HarryDibb: folds 
Oscarlindo: calls $0.41
Neptune27: calls $0.41
*** TURN *** [6c 5c 7h] [Jh]
Oscarlindo: checks 
Neptune27: checks 
afronewtzz: bets $1.24
Oscarlindo: raises $0.75 to $1.99 and is all-in
Neptune27: folds 
afronewtzz: calls $0.75
*** RIVER *** [6c 5c 7h Jh] [Th]
*** SHOW DOWN ***
Oscarlindo: shows [8h Qh] (a flush, Queen high)
afronewtzz: shows [7s Ah] (a pair of Sevens)
Oscarlindo cashed out the hand for $2.66 | Cash Out Fee $0.03
*** SUMMARY ***
Total pot $6.16 | Rake $0.26 
Board [6c 5c 7h Jh Th]
Seat 1: afronewtzz showed [7s Ah] and lost with a pair of Sevens
Seat 2: 1tillit1 (button) folded before Flop (didn't bet)
Seat 3: HarryDibb (small blind) folded on the Flop
Seat 4: Oscarlindo (big blind) showed [8h Qh] and won ($5.90) with a flush, Queen high (pot not awarded as player cashed out)
Seat 5: Dorex2007 folded before Flop (didn't bet)
Seat 6: marciobelgium folded before Flop (didn't bet)
Seat 7: Neptune27 folded on the Turn
Seat 8: PontiosRodos folded on the Flop
Seat 9: vonLehcim folded before Flop (didn't bet)



PokerStars Hand #237950558486:  Hold'em No Limit ($0.02/$0.05 USD) - 2022/08/12 13:03:14 PT [2022/08/12 16:03:14 ET]
Table 'China III' 9-max Seat #3 is the button
Seat 1: afronewtzz ($3.61 in chips) 
Seat 2: 1tillit1 ($9.14 in chips) 
Seat 3: HarryDibb ($4.67 in chips) 
Seat 4: Oscarlindo ($2.66 in chips) 
Seat 5: Dorex2007 ($5.57 in chips) 
Seat 6: marciobelgium ($2.84 in chips) 
Seat 7: Neptune27 ($5 in chips) 
Seat 8: PontiosRodos ($7.14 in chips) 
Seat 9: vonLehcim ($6.18 in chips) 
Oscarlindo: posts small blind $0.02
Dorex2007: posts big blind $0.05
*** HOLE CARDS ***
Dealt to Dorex2007 [Ac 3h]
marciobelgium: folds 
Neptune27: raises $0.08 to $0.13
PontiosRodos: folds 
vonLehcim: folds 
afronewtzz: folds 
1tillit1: folds 
HarryDibb: calls $0.13
Oscarlindo: folds 
Dorex2007: folds 
*** FLOP *** [7s Tc 2d]
Neptune27: checks 
HarryDibb: checks 
*** TURN *** [7s Tc 2d] [7c]
Neptune27: bets $0.21
HarryDibb: folds 
Uncalled bet ($0.21) returned to Neptune27
Neptune27 collected $0.32 from pot
*** SUMMARY ***
Total pot $0.33 | Rake $0.01 
Board [7s Tc 2d 7c]
Seat 1: afronewtzz folded before Flop (didn't bet)
Seat 2: 1tillit1 folded before Flop (didn't bet)
Seat 3: HarryDibb (button) folded on the Turn
Seat 4: Oscarlindo (small blind) folded before Flop
Seat 5: Dorex2007 (big blind) folded before Flop
Seat 6: marciobelgium folded before Flop (didn't bet)
Seat 7: Neptune27 collected ($0.32)
Seat 8: PontiosRodos folded before Flop (didn't bet)
Seat 9: vonLehcim folded before Flop (didn't bet)



PokerStars Hand #237950575320:  Hold'em No Limit ($0.02/$0.05 USD) - 2022/08/12 13:04:03 PT [2022/08/12 16:04:03 ET]
Table 'China III' 9-max Seat #4 is the button
Seat 1: afronewtzz ($3.61 in chips) 
Seat 2: 1tillit1 ($9.14 in chips) 
Seat 3: HarryDibb ($4.54 in chips) 
Seat 4: Oscarlindo ($2.64 in chips) 
Seat 5: Dorex2007 ($5.52 in chips) 
Seat 6: marciobelgium ($2.84 in chips) 
Seat 7: Neptune27 ($5.19 in chips) 
Seat 8: PontiosRodos ($7.14 in chips) 
Seat 9: vonLehcim ($6.18 in chips) 
Dorex2007: posts small blind $0.02
marciobelgium: posts big blind $0.05
*** HOLE CARDS ***
Dealt to Dorex2007 [Qh 3d]
Neptune27: folds 
PontiosRodos: folds 
vonLehcim: folds 
afronewtzz: folds 
1tillit1: folds 
HarryDibb: raises $0.05 to $0.10
Oscarlindo: folds 
Dorex2007: folds 
marciobelgium: calls $0.05
*** FLOP *** [Th Td 4s]
marciobelgium: checks 
HarryDibb: bets $0.25
marciobelgium: folds 
Uncalled bet ($0.25) returned to HarryDibb
HarryDibb collected $0.21 from pot
*** SUMMARY ***
Total pot $0.22 | Rake $0.01 
Board [Th Td 4s]
Seat 1: afronewtzz folded before Flop (didn't bet)
Seat 2: 1tillit1 folded before Flop (didn't bet)
Seat 3: HarryDibb collected ($0.21)
Seat 4: Oscarlindo (button) folded before Flop (didn't bet)
Seat 5: Dorex2007 (small blind) folded before Flop
Seat 6: marciobelgium (big blind) folded on the Flop
Seat 7: Neptune27 folded before Flop (didn't bet)
Seat 8: PontiosRodos folded before Flop (didn't bet)
Seat 9: vonLehcim folded before Flop (didn't bet)



PokerStars Hand #237950589529:  Hold'em No Limit ($0.02/$0.05 USD) - 2022/08/12 13:04:44 PT [2022/08/12 16:04:44 ET]
Table 'China III' 9-max Seat #5 is the button
Seat 1: afronewtzz ($3.61 in chips) 
Seat 2: 1tillit1 ($9.14 in chips) 
Seat 3: HarryDibb ($4.65 in chips) 
Seat 4: Oscarlindo ($2.64 in chips) 
Seat 5: Dorex2007 ($5.50 in chips) 
Seat 6: marciobelgium ($2.74 in chips) 
Seat 7: Neptune27 ($5.19 in chips) 
Seat 8: PontiosRodos ($7.14 in chips) 
Seat 9: vonLehcim ($6.18 in chips) 
marciobelgium: posts small blind $0.02
Neptune27: posts big blind $0.05
*** HOLE CARDS ***
Dealt to Dorex2007 [5h 7s]
PontiosRodos: folds 
vonLehcim has timed out
vonLehcim: folds 
afronewtzz: raises $0.10 to $0.15
1tillit1: folds 
HarryDibb: folds 
Oscarlindo: folds 
Dorex2007: folds 
marciobelgium: calls $0.13
Neptune27: folds 
*** FLOP *** [3s Ac 8d]
marciobelgium: checks 
afronewtzz: bets $0.19
marciobelgium: raises $0.19 to $0.38
afronewtzz: calls $0.19
*** TURN *** [3s Ac 8d] [6s]
marciobelgium: bets $0.60
afronewtzz: folds 
Uncalled bet ($0.60) returned to marciobelgium
marciobelgium collected $1.06 from pot
*** SUMMARY ***
Total pot $1.11 | Rake $0.05 
Board [3s Ac 8d 6s]
Seat 1: afronewtzz folded on the Turn
Seat 2: 1tillit1 folded before Flop (didn't bet)
Seat 3: HarryDibb folded before Flop (didn't bet)
Seat 4: Oscarlindo folded before Flop (didn't bet)
Seat 5: Dorex2007 (button) folded before Flop (didn't bet)
Seat 6: marciobelgium (small blind) collected ($1.06)
Seat 7: Neptune27 (big blind) folded before Flop
Seat 8: PontiosRodos folded before Flop (didn't bet)
Seat 9: vonLehcim folded before Flop (didn't bet)



PokerStars Hand #237950614597:  Hold'em No Limit ($0.02/$0.05 USD) - 2022/08/12 13:05:56 PT [2022/08/12 16:05:56 ET]
Table 'China III' 9-max Seat #6 is the button
Seat 1: afronewtzz ($3.08 in chips) 
Seat 2: 1tillit1 ($9.14 in chips) 
Seat 3: HarryDibb ($4.65 in chips) 
Seat 4: Oscarlindo ($2.64 in chips) 
Seat 5: Dorex2007 ($5.50 in chips) 
Seat 6: marciobelgium ($3.27 in chips) 
Seat 7: Neptune27 ($5.14 in chips) 
Seat 8: PontiosRodos ($7.14 in chips) 
Seat 9: vonLehcim ($6.18 in chips) 
Neptune27: posts small blind $0.02
PontiosRodos: posts big blind $0.05
*** HOLE CARDS ***
Dealt to Dorex2007 [4h Jc]
vonLehcim: calls $0.05
afronewtzz: folds 
1tillit1: folds 
HarryDibb: raises $0.20 to $0.25
Oscarlindo: folds 
Dorex2007: folds 
marciobelgium: folds 
Neptune27: folds 
PontiosRodos: calls $0.20
vonLehcim: folds 
*** FLOP *** [9h 6c 4s]
PontiosRodos: checks 
HarryDibb: bets $0.25
PontiosRodos: calls $0.25
*** TURN *** [9h 6c 4s] [3d]
PontiosRodos: checks 
HarryDibb: checks 
*** RIVER *** [9h 6c 4s 3d] [5h]
PontiosRodos: checks 
HarryDibb: bets $1.05
PontiosRodos: calls $1.05
*** SHOW DOWN ***
HarryDibb: shows [Tc Ks] (high card King)
PontiosRodos: shows [6h 7h] (a straight, Three to Seven)
PontiosRodos collected $3.04 from pot
*** SUMMARY ***
Total pot $3.17 | Rake $0.13 
Board [9h 6c 4s 3d 5h]
Seat 1: afronewtzz folded before Flop (didn't bet)
Seat 2: 1tillit1 folded before Flop (didn't bet)
Seat 3: HarryDibb showed [Tc Ks] and lost with high card King
Seat 4: Oscarlindo folded before Flop (didn't bet)
Seat 5: Dorex2007 folded before Flop (didn't bet)
Seat 6: marciobelgium (button) folded before Flop (didn't bet)
Seat 7: Neptune27 (small blind) folded before Flop
Seat 8: PontiosRodos (big blind) showed [6h 7h] and won ($3.04) with a straight, Three to Seven
Seat 9: vonLehcim folded before Flop



PokerStars Hand #237950645352:  Hold'em No Limit ($0.02/$0.05 USD) - 2022/08/12 13:07:25 PT [2022/08/12 16:07:25 ET]
Table 'China III' 9-max Seat #7 is the button
Seat 1: afronewtzz ($3.08 in chips) 
Seat 2: 1tillit1 ($9.14 in chips) 
Seat 3: HarryDibb ($3.10 in chips) 
Seat 4: Oscarlindo ($2.64 in chips) 
Seat 5: Dorex2007 ($5.50 in chips) 
Seat 6: marciobelgium ($3.27 in chips) 
Seat 7: Neptune27 ($5.12 in chips) 
Seat 8: PontiosRodos ($8.63 in chips) 
Seat 9: vonLehcim ($6.13 in chips) 
PontiosRodos: posts small blind $0.02
vonLehcim: posts big blind $0.05
*** HOLE CARDS ***
Dealt to Dorex2007 [6c Ks]
afronewtzz: folds 
1tillit1: folds 
HarryDibb: folds 
Oscarlindo: folds 
Dorex2007: folds 
marciobelgium has timed out
marciobelgium: folds 
Neptune27: folds 
PontiosRodos: raises $0.05 to $0.10
vonLehcim: calls $0.05
*** FLOP *** [4s As Jc]
PontiosRodos: checks 
vonLehcim: checks 
*** TURN *** [4s As Jc] [Ad]
PontiosRodos: bets $0.10
vonLehcim: folds 
Uncalled bet ($0.10) returned to PontiosRodos
PontiosRodos collected $0.19 from pot
PontiosRodos: doesn't show hand 
*** SUMMARY ***
Total pot $0.20 | Rake $0.01 
Board [4s As Jc Ad]
Seat 1: afronewtzz folded before Flop (didn't bet)
Seat 2: 1tillit1 folded before Flop (didn't bet)
Seat 3: HarryDibb folded before Flop (didn't bet)
Seat 4: Oscarlindo folded before Flop (didn't bet)
Seat 5: Dorex2007 folded before Flop (didn't bet)
Seat 6: marciobelgium folded before Flop (didn't bet)
Seat 7: Neptune27 (button) folded before Flop (didn't bet)
Seat 8: PontiosRodos (small blind) collected ($0.19)
Seat 9: vonLehcim (big blind) folded on the Turn



PokerStars Hand #237950665742:  Hold'em No Limit ($0.02/$0.05 USD) - 2022/08/12 13:08:24 PT [2022/08/12 16:08:24 ET]
Table 'China III' 9-max Seat #8 is the button
Seat 1: afronewtzz ($3.08 in chips) 
Seat 2: 1tillit1 ($9.14 in chips) 
Seat 3: HarryDibb ($3.10 in chips) 
Seat 5: Dorex2007 ($5.50 in chips) 
Seat 6: marciobelgium ($3.27 in chips) 
Seat 7: Neptune27 ($5.12 in chips) 
Seat 8: PontiosRodos ($8.72 in chips) 
Seat 9: vonLehcim ($6.03 in chips) 
vonLehcim: posts small blind $0.02
afronewtzz: posts big blind $0.05
*** HOLE CARDS ***
Dealt to Dorex2007 [3d Ac]
1tillit1: folds 
HarryDibb: folds 
Dorex2007: folds 
marciobelgium: folds 
Neptune27: folds 
PontiosRodos: calls $0.05
vonLehcim: raises $0.10 to $0.15
afronewtzz: folds 
PontiosRodos: calls $0.10
*** FLOP *** [Tc Qh Qs]
vonLehcim: bets $0.17
PontiosRodos: calls $0.17
*** TURN *** [Tc Qh Qs] [Jd]
vonLehcim: bets $0.33
PontiosRodos: calls $0.33
*** RIVER *** [Tc Qh Qs Jd] [Ks]
vonLehcim: checks 
PontiosRodos: checks 
*** SHOW DOWN ***
vonLehcim: shows [Ah Ad] (a straight, Ten to Ace)
PontiosRodos: mucks hand 
vonLehcim collected $1.29 from pot
*** SUMMARY ***
Total pot $1.35 | Rake $0.06 
Board [Tc Qh Qs Jd Ks]
Seat 1: afronewtzz (big blind) folded before Flop
Seat 2: 1tillit1 folded before Flop (didn't bet)
Seat 3: HarryDibb folded before Flop (didn't bet)
Seat 5: Dorex2007 folded before Flop (didn't bet)
Seat 6: marciobelgium folded before Flop (didn't bet)
Seat 7: Neptune27 folded before Flop (didn't bet)
Seat 8: PontiosRodos (button) mucked [9h Td]
Seat 9: vonLehcim (small blind) showed [Ah Ad] and won ($1.29) with a straight, Ten to Ace



PokerStars Hand #237950684346:  Hold'em No Limit ($0.02/$0.05 USD) - 2022/08/12 13:09:18 PT [2022/08/12 16:09:18 ET]
Table 'China III' 9-max Seat #9 is the button
Seat 1: afronewtzz ($3.03 in chips) 
Seat 2: 1tillit1 ($9.14 in chips) 
Seat 3: HarryDibb ($3.10 in chips) 
Seat 5: Dorex2007 ($5.50 in chips) 
Seat 6: marciobelgium ($3.27 in chips) 
Seat 7: Neptune27 ($5.12 in chips) 
Seat 8: PontiosRodos ($8.07 in chips) 
Seat 9: vonLehcim ($6.67 in chips) 
afronewtzz: posts small blind $0.02
1tillit1: posts big blind $0.05
*** HOLE CARDS ***
Dealt to Dorex2007 [6c 9c]
HarryDibb: folds 
Dorex2007: folds 
marciobelgium: folds 
Neptune27: folds 
PontiosRodos: folds 
vonLehcim: folds 
afronewtzz: raises $0.10 to $0.15
1tillit1: folds 
Uncalled bet ($0.10) returned to afronewtzz
afronewtzz collected $0.10 from pot
*** SUMMARY ***
Total pot $0.10 | Rake $0 
Seat 1: afronewtzz (small blind) collected ($0.10)
Seat 2: 1tillit1 (big blind) folded before Flop
Seat 3: HarryDibb folded before Flop (didn't bet)
Seat 5: Dorex2007 folded before Flop (didn't bet)
Seat 6: marciobelgium folded before Flop (didn't bet)
Seat 7: Neptune27 folded before Flop (didn't bet)
Seat 8: PontiosRodos folded before Flop (didn't bet)
Seat 9: vonLehcim (button) folded before Flop (didn't bet)



