PokerStars Hand #233115127389:  Hold'em No Limit ($0.01/$0.02 USD) - 2022/01/13 21:50:33 PT [2022/01/14 0:50:33 ET]
Table 'Sponde II' 9-max Seat #3 is the button
Seat 1: SlavikPuha ($2 in chips) 
Seat 2: Dorex2007 ($2 in chips) 
Seat 3: MASTER-LEKS ($0.63 in chips) 
Seat 4: Darren1966a ($3.21 in chips) 
Seat 5: Bu$tedFi$h ($7.86 in chips) 
Seat 6: JavierxChip ($2.03 in chips) 
Seat 7: Shadow_3.141592 ($0.94 in chips) 
Seat 8: bloody55hawk ($0.84 in chips) 
Darren1966a: posts small blind $0.01
Bu$tedFi$h: posts big blind $0.02
Dorex2007: posts big blind $0.02
*** HOLE CARDS ***
Dealt to Dorex2007 [Qh 3h]
JavierxChip: folds 
Shadow_3.141592: folds 
bloody55hawk: folds 
SlavikPuha: folds 
Dorex2007: checks 
MASTER-LEKS: folds 
Darren1966a: calls $0.01
Bu$tedFi$h: raises $0.10 to $0.12
Dorex2007: folds 
Darren1966a: folds 
Uncalled bet ($0.10) returned to Bu$tedFi$h
Bu$tedFi$h collected $0.06 from pot
Bu$tedFi$h: doesn't show hand 
*** SUMMARY ***
Total pot $0.06 | Rake $0 
Seat 1: SlavikPuha folded before Flop (didn't bet)
Seat 2: Dorex2007 folded before Flop (didn't bet)
Seat 3: MASTER-LEKS (button) folded before Flop (didn't bet)
Seat 4: Darren1966a (small blind) folded before Flop
Seat 5: Bu$tedFi$h (big blind) collected ($0.06)
Seat 6: JavierxChip folded before Flop (didn't bet)
Seat 7: Shadow_3.141592 folded before Flop (didn't bet)
Seat 8: bloody55hawk folded before Flop (didn't bet)



PokerStars Hand #233115131474:  Hold'em No Limit ($0.01/$0.02 USD) - 2022/01/13 21:50:59 PT [2022/01/14 0:50:59 ET]
Table 'Sponde II' 9-max Seat #4 is the button
Seat 1: SlavikPuha ($2 in chips) 
Seat 2: Dorex2007 ($2 in chips) 
Seat 3: MASTER-LEKS ($0.63 in chips) 
Seat 4: Darren1966a ($3.19 in chips) 
Seat 5: Bu$tedFi$h ($7.90 in chips) 
Seat 6: JavierxChip ($2.03 in chips) 
Seat 7: Shadow_3.141592 ($0.94 in chips) 
Seat 8: bloody55hawk ($0.84 in chips) 
Bu$tedFi$h: posts small blind $0.01
JavierxChip: posts big blind $0.02
*** HOLE CARDS ***
Dealt to Dorex2007 [7d Jc]
Shadow_3.141592: folds 
bloody55hawk: folds 
SlavikPuha: folds 
Dorex2007: folds 
MASTER-LEKS: folds 
Darren1966a: folds 
Bu$tedFi$h: folds 
Uncalled bet ($0.01) returned to JavierxChip
JavierxChip collected $0.02 from pot
JavierxChip: doesn't show hand 
*** SUMMARY ***
Total pot $0.02 | Rake $0 
Seat 1: SlavikPuha folded before Flop (didn't bet)
Seat 2: Dorex2007 folded before Flop (didn't bet)
Seat 3: MASTER-LEKS folded before Flop (didn't bet)
Seat 4: Darren1966a (button) folded before Flop (didn't bet)
Seat 5: Bu$tedFi$h (small blind) folded before Flop
Seat 6: JavierxChip (big blind) collected ($0.02)
Seat 7: Shadow_3.141592 folded before Flop (didn't bet)
Seat 8: bloody55hawk folded before Flop (didn't bet)



PokerStars Hand #233115134469:  Hold'em No Limit ($0.01/$0.02 USD) - 2022/01/13 21:51:17 PT [2022/01/14 0:51:17 ET]
Table 'Sponde II' 9-max Seat #5 is the button
Seat 1: SlavikPuha ($2 in chips) 
Seat 2: Dorex2007 ($2 in chips) 
Seat 3: MASTER-LEKS ($0.63 in chips) 
Seat 4: Darren1966a ($3.19 in chips) 
Seat 5: Bu$tedFi$h ($7.89 in chips) 
Seat 6: JavierxChip ($2.04 in chips) 
Seat 8: bloody55hawk ($0.84 in chips) 
JavierxChip: posts small blind $0.01
bloody55hawk: posts big blind $0.02
*** HOLE CARDS ***
Dealt to Dorex2007 [4s 9d]
SlavikPuha: folds 
Dorex2007: folds 
MASTER-LEKS: folds 
Darren1966a: calls $0.02
Bu$tedFi$h: raises $0.09 to $0.11
JavierxChip: folds 
bloody55hawk: folds 
Darren1966a: calls $0.09
*** FLOP *** [Qh 3d 4c]
Darren1966a: bets $0.10
Bu$tedFi$h: folds 
Uncalled bet ($0.10) returned to Darren1966a
Darren1966a collected $0.24 from pot
Darren1966a: doesn't show hand 
*** SUMMARY ***
Total pot $0.25 | Rake $0.01 
Board [Qh 3d 4c]
Seat 1: SlavikPuha folded before Flop (didn't bet)
Seat 2: Dorex2007 folded before Flop (didn't bet)
Seat 3: MASTER-LEKS folded before Flop (didn't bet)
Seat 4: Darren1966a collected ($0.24)
Seat 5: Bu$tedFi$h (button) folded on the Flop
Seat 6: JavierxChip (small blind) folded before Flop
Seat 8: bloody55hawk (big blind) folded before Flop



PokerStars Hand #233115158196:  Hold'em No Limit ($0.01/$0.02 USD) - 2022/01/13 21:53:41 PT [2022/01/14 0:53:41 ET]
Table 'Sponde II' 9-max Seat #3 is the button
Seat 1: SlavikPuha ($2 in chips) 
Seat 2: Dorex2007 ($2 in chips) 
Seat 3: MASTER-LEKS ($0.34 in chips) 
Seat 4: Darren1966a ($3.63 in chips) 
Seat 5: Bu$tedFi$h ($7.78 in chips) 
Seat 6: JavierxChip ($2.06 in chips) 
Seat 8: bloody55hawk ($0.80 in chips) 
Darren1966a: posts small blind $0.01
Bu$tedFi$h: posts big blind $0.02
Dorex2007: posts small & big blinds $0.03
*** HOLE CARDS ***
Dealt to Dorex2007 [5s 5h]
JavierxChip: raises $0.04 to $0.06
bloody55hawk: folds 
SlavikPuha: folds 
Dorex2007: calls $0.04
MASTER-LEKS: folds 
Darren1966a: folds 
Bu$tedFi$h: calls $0.04
*** FLOP *** [8d Kc Kh]
Bu$tedFi$h: checks 
JavierxChip: bets $0.06
Dorex2007: calls $0.06
Bu$tedFi$h: folds 
*** TURN *** [8d Kc Kh] [9c]
JavierxChip: checks 
Dorex2007: checks 
*** RIVER *** [8d Kc Kh 9c] [Jh]
JavierxChip: checks 
Dorex2007: bets $0.16
JavierxChip: folds 
Uncalled bet ($0.16) returned to Dorex2007
Dorex2007 collected $0.31 from pot
Dorex2007: doesn't show hand 
*** SUMMARY ***
Total pot $0.32 | Rake $0.01 
Board [8d Kc Kh 9c Jh]
Seat 1: SlavikPuha folded before Flop (didn't bet)
Seat 2: Dorex2007 collected ($0.31)
Seat 3: MASTER-LEKS (button) folded before Flop (didn't bet)
Seat 4: Darren1966a (small blind) folded before Flop
Seat 5: Bu$tedFi$h (big blind) folded on the Flop
Seat 6: JavierxChip folded on the River
Seat 8: bloody55hawk folded before Flop (didn't bet)



PokerStars Hand #233115169610:  Hold'em No Limit ($0.01/$0.02 USD) - 2022/01/13 21:54:51 PT [2022/01/14 0:54:51 ET]
Table 'Sponde II' 9-max Seat #4 is the button
Seat 1: SlavikPuha ($2 in chips) 
Seat 2: Dorex2007 ($2.18 in chips) 
Seat 3: MASTER-LEKS ($0.34 in chips) 
Seat 4: Darren1966a ($3.62 in chips) 
Seat 5: Bu$tedFi$h ($7.72 in chips) 
Seat 6: JavierxChip ($1.94 in chips) 
Seat 8: bloody55hawk ($0.80 in chips) 
Bu$tedFi$h: posts small blind $0.01
JavierxChip: posts big blind $0.02
*** HOLE CARDS ***
Dealt to Dorex2007 [4c 5h]
bloody55hawk: folds 
SlavikPuha: folds 
Dorex2007: folds 
MASTER-LEKS: folds 
Darren1966a: calls $0.02
Bu$tedFi$h: calls $0.01
JavierxChip: checks 
*** FLOP *** [Qh 2c Jh]
Bu$tedFi$h: checks 
JavierxChip: checks 
Darren1966a: bets $0.02
Bu$tedFi$h: folds 
JavierxChip: folds 
Uncalled bet ($0.02) returned to Darren1966a
Darren1966a collected $0.06 from pot
Darren1966a: doesn't show hand 
*** SUMMARY ***
Total pot $0.06 | Rake $0 
Board [Qh 2c Jh]
Seat 1: SlavikPuha folded before Flop (didn't bet)
Seat 2: Dorex2007 folded before Flop (didn't bet)
Seat 3: MASTER-LEKS folded before Flop (didn't bet)
Seat 4: Darren1966a (button) collected ($0.06)
Seat 5: Bu$tedFi$h (small blind) folded on the Flop
Seat 6: JavierxChip (big blind) folded on the Flop
Seat 8: bloody55hawk folded before Flop (didn't bet)



PokerStars Hand #233115173906:  Hold'em No Limit ($0.01/$0.02 USD) - 2022/01/13 21:55:19 PT [2022/01/14 0:55:19 ET]
Table 'Sponde II' 9-max Seat #5 is the button
Seat 1: SlavikPuha ($2 in chips) 
Seat 2: Dorex2007 ($2.18 in chips) 
Seat 3: MASTER-LEKS ($0.34 in chips) 
Seat 4: Darren1966a ($3.66 in chips) 
Seat 5: Bu$tedFi$h ($7.70 in chips) 
Seat 6: JavierxChip ($1.92 in chips) 
JavierxChip: posts small blind $0.01
bloody55hawk: is sitting out 
SlavikPuha: posts big blind $0.02
*** HOLE CARDS ***
Dealt to Dorex2007 [4d 9c]
Dorex2007: folds 
MASTER-LEKS: calls $0.02
Darren1966a: folds 
bloody55hawk leaves the table
Bu$tedFi$h: folds 
JavierxChip: calls $0.01
SlavikPuha: checks 
*** FLOP *** [5c Js 8h]
JavierxChip: checks 
SlavikPuha: checks 
MASTER-LEKS: checks 
*** TURN *** [5c Js 8h] [Ks]
JavierxChip: checks 
SlavikPuha: checks 
MASTER-LEKS: checks 
*** RIVER *** [5c Js 8h Ks] [5d]
JavierxChip: checks 
SlavikPuha: checks 
MASTER-LEKS: checks 
*** SHOW DOWN ***
JavierxChip: shows [3s 6h] (a pair of Fives)
SlavikPuha: shows [Th 4h] (a pair of Fives - King+Jack+Ten kicker)
MASTER-LEKS: shows [As 9h] (a pair of Fives - Ace kicker)
MASTER-LEKS collected $0.06 from pot
*** SUMMARY ***
Total pot $0.06 | Rake $0 
Board [5c Js 8h Ks 5d]
Seat 1: SlavikPuha (big blind) showed [Th 4h] and lost with a pair of Fives
Seat 2: Dorex2007 folded before Flop (didn't bet)
Seat 3: MASTER-LEKS showed [As 9h] and won ($0.06) with a pair of Fives
Seat 4: Darren1966a folded before Flop (didn't bet)
Seat 5: Bu$tedFi$h (button) folded before Flop (didn't bet)
Seat 6: JavierxChip (small blind) showed [3s 6h] and lost with a pair of Fives



PokerStars Hand #233115179038:  Hold'em No Limit ($0.01/$0.02 USD) - 2022/01/13 21:55:56 PT [2022/01/14 0:55:56 ET]
Table 'Sponde II' 9-max Seat #6 is the button
Seat 1: SlavikPuha ($2 in chips) 
Seat 2: Dorex2007 ($2.18 in chips) 
Seat 3: MASTER-LEKS ($0.38 in chips) 
Seat 4: Darren1966a ($3.66 in chips) 
Seat 5: Bu$tedFi$h ($7.70 in chips) 
Seat 6: JavierxChip ($1.90 in chips) 
SlavikPuha: posts small blind $0.01
Dorex2007: posts big blind $0.02
*** HOLE CARDS ***
Dealt to Dorex2007 [Qd Ad]
MASTER-LEKS: calls $0.02
Darren1966a: calls $0.02
Bu$tedFi$h: folds 
JavierxChip: raises $0.06 to $0.08
SlavikPuha: folds 
Dorex2007: calls $0.06
MASTER-LEKS: calls $0.06
Darren1966a: calls $0.06
*** FLOP *** [2s Qs Tc]
Dorex2007: bets $0.16
MASTER-LEKS: folds 
Darren1966a: folds 
JavierxChip: calls $0.16
*** TURN *** [2s Qs Tc] [6c]
Dorex2007: bets $0.63
JavierxChip: calls $0.63
*** RIVER *** [2s Qs Tc 6c] [Ks]
Dorex2007: bets $1.31 and is all-in
JavierxChip: calls $1.03 and is all-in
Uncalled bet ($0.28) returned to Dorex2007
*** SHOW DOWN ***
Dorex2007: shows [Qd Ad] (a pair of Queens)
JavierxChip: shows [Ts 9s] (a flush, King high)
JavierxChip collected $3.83 from pot
*** SUMMARY ***
Total pot $3.97 | Rake $0.14 
Board [2s Qs Tc 6c Ks]
Seat 1: SlavikPuha (small blind) folded before Flop
Seat 2: Dorex2007 (big blind) showed [Qd Ad] and lost with a pair of Queens
Seat 3: MASTER-LEKS folded on the Flop
Seat 4: Darren1966a folded on the Flop
Seat 5: Bu$tedFi$h folded before Flop (didn't bet)
Seat 6: JavierxChip (button) showed [Ts 9s] and won ($3.83) with a flush, King high



PokerStars Hand #233115185353:  Hold'em No Limit ($0.01/$0.02 USD) - 2022/01/13 21:56:42 PT [2022/01/14 0:56:42 ET]
Table 'Sponde II' 9-max Seat #1 is the button
Seat 1: SlavikPuha ($2 in chips) 
Seat 2: Dorex2007 ($2 in chips) 
Seat 3: MASTER-LEKS ($0.30 in chips) 
Seat 4: Darren1966a ($3.58 in chips) 
Seat 6: JavierxChip ($3.83 in chips) 
Dorex2007: posts small blind $0.01
MASTER-LEKS: posts big blind $0.02
*** HOLE CARDS ***
Dealt to Dorex2007 [Js 9c]
Darren1966a: calls $0.02
JavierxChip: calls $0.02
SlavikPuha: folds 
Dorex2007: calls $0.01
Bu$tedFi$h is disconnected 
MASTER-LEKS: checks 
*** FLOP *** [3s Ad 5d]
Dorex2007: checks 
MASTER-LEKS: checks 
Darren1966a: checks 
JavierxChip: checks 
*** TURN *** [3s Ad 5d] [5s]
Dorex2007: checks 
MASTER-LEKS: checks 
Darren1966a: checks 
JavierxChip: checks 
*** RIVER *** [3s Ad 5d 5s] [4h]
Dorex2007: checks 
MASTER-LEKS: checks 
Darren1966a: checks 
JavierxChip: bets $0.06
Dorex2007: folds 
MASTER-LEKS: folds 
Darren1966a: folds 
Uncalled bet ($0.06) returned to JavierxChip
JavierxChip collected $0.08 from pot
JavierxChip: doesn't show hand 
*** SUMMARY ***
Total pot $0.08 | Rake $0 
Board [3s Ad 5d 5s 4h]
Seat 1: SlavikPuha (button) folded before Flop (didn't bet)
Seat 2: Dorex2007 (small blind) folded on the River
Seat 3: MASTER-LEKS (big blind) folded on the River
Seat 4: Darren1966a folded on the River
Seat 6: JavierxChip collected ($0.08)



