PokerStars Hand #237796411780:  Hold'em No Limit ($0.02/$0.05 USD) - 2022/08/04 20:04:54 PT [2022/08/04 23:04:54 ET]
Table 'Pleione III' 9-max Seat #5 is the button
Seat 1: Kreuz 8 ($2.68 in chips) 
Seat 2: giricosp ($2.79 in chips) 
Seat 3: megtorlo2244 ($4 in chips) 
Seat 4: Dorex2007 ($5 in chips) 
Seat 5: 10minus ($5.41 in chips) 
Seat 6: PushEmUDonk ($5.27 in chips) 
Seat 7: Adoilson2015 ($4.38 in chips) 
Seat 8: jane235975 ($4.75 in chips) 
Seat 9: BlackCat0812 ($4.36 in chips) 
PushEmUDonk: posts small blind $0.02
Adoilson2015: posts big blind $0.05
Dorex2007: posts small & big blinds $0.07
*** HOLE CARDS ***
Dealt to Dorex2007 [8h 4d]
jane235975: folds 
BlackCat0812: folds 
Kreuz 8: raises $0.10 to $0.15
giricosp: folds 
megtorlo2244: folds 
Dorex2007: folds 
10minus: folds 
PushEmUDonk: folds 
Adoilson2015: calls $0.10
*** FLOP *** [8d 8c Ad]
Adoilson2015: bets $0.18
Kreuz 8: calls $0.18
*** TURN *** [8d 8c Ad] [9h]
Adoilson2015: bets $0.36
Kreuz 8: calls $0.36
*** RIVER *** [8d 8c Ad 9h] [6h]
Adoilson2015: bets $0.70
Kreuz 8: raises $1.29 to $1.99 and is all-in
Adoilson2015: folds 
Uncalled bet ($1.29) returned to Kreuz 8
Kreuz 8 collected $2.72 from pot
Kreuz 8: doesn't show hand 
*** SUMMARY ***
Total pot $2.87 | Rake $0.15 
Board [8d 8c Ad 9h 6h]
Seat 1: Kreuz 8 collected ($2.72)
Seat 2: giricosp folded before Flop (didn't bet)
Seat 3: megtorlo2244 folded before Flop (didn't bet)
Seat 4: Dorex2007 folded before Flop (didn't bet)
Seat 5: 10minus (button) folded before Flop (didn't bet)
Seat 6: PushEmUDonk (small blind) folded before Flop
Seat 7: Adoilson2015 (big blind) folded on the River
Seat 8: jane235975 folded before Flop (didn't bet)
Seat 9: BlackCat0812 folded before Flop (didn't bet)



PokerStars Hand #237796426191:  Hold'em No Limit ($0.02/$0.05 USD) - 2022/08/04 20:05:59 PT [2022/08/04 23:05:59 ET]
Table 'Pleione III' 9-max Seat #6 is the button
Seat 1: Kreuz 8 ($4.01 in chips) 
Seat 2: giricosp ($2.79 in chips) 
Seat 3: megtorlo2244 ($4 in chips) 
Seat 4: Dorex2007 ($5 in chips) 
Seat 5: 10minus ($5.41 in chips) 
Seat 6: PushEmUDonk ($5.25 in chips) 
Seat 7: Adoilson2015 ($2.99 in chips) 
Seat 8: jane235975 ($4.75 in chips) 
Seat 9: BlackCat0812 ($4.36 in chips) 
Adoilson2015: posts small blind $0.02
jane235975: posts big blind $0.05
*** HOLE CARDS ***
Dealt to Dorex2007 [9c Js]
BlackCat0812: calls $0.05
Kreuz 8: calls $0.05
giricosp has timed out
giricosp: folds 
megtorlo2244: folds 
Dorex2007: folds 
10minus: folds 
PushEmUDonk: folds 
Adoilson2015: folds 
jane235975: checks 
*** FLOP *** [5s 8h Qd]
jane235975: checks 
BlackCat0812: checks 
Kreuz 8: bets $0.08
jane235975: folds 
BlackCat0812: folds 
Uncalled bet ($0.08) returned to Kreuz 8
Kreuz 8 collected $0.16 from pot
Kreuz 8: doesn't show hand 
*** SUMMARY ***
Total pot $0.17 | Rake $0.01 
Board [5s 8h Qd]
Seat 1: Kreuz 8 collected ($0.16)
Seat 2: giricosp folded before Flop (didn't bet)
Seat 3: megtorlo2244 folded before Flop (didn't bet)
Seat 4: Dorex2007 folded before Flop (didn't bet)
Seat 5: 10minus folded before Flop (didn't bet)
Seat 6: PushEmUDonk (button) folded before Flop (didn't bet)
Seat 7: Adoilson2015 (small blind) folded before Flop
Seat 8: jane235975 (big blind) folded on the Flop
Seat 9: BlackCat0812 folded on the Flop



PokerStars Hand #237796433502:  Hold'em No Limit ($0.02/$0.05 USD) - 2022/08/04 20:06:43 PT [2022/08/04 23:06:43 ET]
Table 'Pleione III' 9-max Seat #7 is the button
Seat 1: Kreuz 8 ($4.12 in chips) 
Seat 3: megtorlo2244 ($4 in chips) 
Seat 4: Dorex2007 ($5 in chips) 
Seat 5: 10minus ($5.41 in chips) 
Seat 6: PushEmUDonk ($5.25 in chips) 
Seat 7: Adoilson2015 ($5 in chips) 
Seat 8: jane235975 ($4.70 in chips) 
Seat 9: BlackCat0812 ($4.31 in chips) 
jane235975: posts small blind $0.02
BlackCat0812: posts big blind $0.05
*** HOLE CARDS ***
Dealt to Dorex2007 [4h 2c]
Kreuz 8: folds 
megtorlo2244: folds 
Dorex2007: folds 
10minus: raises $0.07 to $0.12
PushEmUDonk: folds 
Adoilson2015: calls $0.12
jane235975: folds 
BlackCat0812: folds 
*** FLOP *** [3h Jh 2d]
10minus: checks 
Adoilson2015: checks 
*** TURN *** [3h Jh 2d] [Kd]
10minus: bets $0.16
Adoilson2015: calls $0.16
*** RIVER *** [3h Jh 2d Kd] [8h]
10minus: bets $0.35
Adoilson2015: calls $0.35
*** SHOW DOWN ***
10minus: shows [Ts 8s] (a pair of Eights)
Adoilson2015: shows [6c Kc] (a pair of Kings)
Adoilson2015 collected $1.27 from pot
*** SUMMARY ***
Total pot $1.33 | Rake $0.06 
Board [3h Jh 2d Kd 8h]
Seat 1: Kreuz 8 folded before Flop (didn't bet)
Seat 3: megtorlo2244 folded before Flop (didn't bet)
Seat 4: Dorex2007 folded before Flop (didn't bet)
Seat 5: 10minus showed [Ts 8s] and lost with a pair of Eights
Seat 6: PushEmUDonk folded before Flop (didn't bet)
Seat 7: Adoilson2015 (button) showed [6c Kc] and won ($1.27) with a pair of Kings
Seat 8: jane235975 (small blind) folded before Flop
Seat 9: BlackCat0812 (big blind) folded before Flop



PokerStars Hand #237796441922:  Hold'em No Limit ($0.02/$0.05 USD) - 2022/08/04 20:07:34 PT [2022/08/04 23:07:34 ET]
Table 'Pleione III' 9-max Seat #8 is the button
Seat 1: Kreuz 8 ($4.12 in chips) 
Seat 2: giricosp ($2.79 in chips) 
Seat 3: megtorlo2244 ($4 in chips) 
Seat 4: Dorex2007 ($5 in chips) 
Seat 5: 10minus ($5 in chips) 
Seat 6: PushEmUDonk ($5.25 in chips) 
Seat 7: Adoilson2015 ($5.64 in chips) 
Seat 8: jane235975 ($4.68 in chips) 
Seat 9: BlackCat0812 ($4.26 in chips) 
BlackCat0812: posts small blind $0.02
Kreuz 8: posts big blind $0.05
*** HOLE CARDS ***
Dealt to Dorex2007 [5d Ks]
giricosp has timed out
giricosp: folds 
megtorlo2244: folds 
Dorex2007: folds 
10minus: folds 
PushEmUDonk: folds 
Adoilson2015: calls $0.05
jane235975: calls $0.05
BlackCat0812: calls $0.03
Kreuz 8: checks 
*** FLOP *** [4d Ts Kd]
BlackCat0812: bets $0.05
Kreuz 8: folds 
Adoilson2015: calls $0.05
jane235975: folds 
*** TURN *** [4d Ts Kd] [2s]
BlackCat0812: bets $0.05
Adoilson2015: raises $0.20 to $0.25
BlackCat0812: folds 
Uncalled bet ($0.20) returned to Adoilson2015
Adoilson2015 collected $0.38 from pot
*** SUMMARY ***
Total pot $0.40 | Rake $0.02 
Board [4d Ts Kd 2s]
Seat 1: Kreuz 8 (big blind) folded on the Flop
Seat 2: giricosp folded before Flop (didn't bet)
Seat 3: megtorlo2244 folded before Flop (didn't bet)
Seat 4: Dorex2007 folded before Flop (didn't bet)
Seat 5: 10minus folded before Flop (didn't bet)
Seat 6: PushEmUDonk folded before Flop (didn't bet)
Seat 7: Adoilson2015 collected ($0.38)
Seat 8: jane235975 (button) folded on the Flop
Seat 9: BlackCat0812 (small blind) folded on the Turn



PokerStars Hand #237796453027:  Hold'em No Limit ($0.02/$0.05 USD) - 2022/08/04 20:08:26 PT [2022/08/04 23:08:26 ET]
Table 'Pleione III' 9-max Seat #9 is the button
Seat 1: Kreuz 8 ($4.07 in chips) 
Seat 2: giricosp ($2.79 in chips) 
Seat 3: megtorlo2244 ($4 in chips) 
Seat 4: Dorex2007 ($5 in chips) 
Seat 5: 10minus ($5 in chips) 
Seat 6: PushEmUDonk ($5.25 in chips) 
Seat 7: Adoilson2015 ($5.87 in chips) 
Seat 8: jane235975 ($4.63 in chips) 
Seat 9: BlackCat0812 ($4.11 in chips) 
Kreuz 8: posts small blind $0.02
giricosp: posts big blind $0.05
*** HOLE CARDS ***
Dealt to Dorex2007 [As 4d]
megtorlo2244: folds 
Dorex2007: folds 
10minus: folds 
PushEmUDonk: folds 
Adoilson2015: folds 
jane235975: folds 
BlackCat0812: calls $0.05
Kreuz 8: calls $0.03
giricosp: checks 
*** FLOP *** [5d Kh 4s]
Kreuz 8: checks 
giricosp: checks 
BlackCat0812: checks 
*** TURN *** [5d Kh 4s] [Qs]
Kreuz 8: bets $0.07
giricosp: folds 
BlackCat0812: folds 
Uncalled bet ($0.07) returned to Kreuz 8
Kreuz 8 collected $0.14 from pot
Kreuz 8: doesn't show hand 
*** SUMMARY ***
Total pot $0.15 | Rake $0.01 
Board [5d Kh 4s Qs]
Seat 1: Kreuz 8 (small blind) collected ($0.14)
Seat 2: giricosp (big blind) folded on the Turn
Seat 3: megtorlo2244 folded before Flop (didn't bet)
Seat 4: Dorex2007 folded before Flop (didn't bet)
Seat 5: 10minus folded before Flop (didn't bet)
Seat 6: PushEmUDonk folded before Flop (didn't bet)
Seat 7: Adoilson2015 folded before Flop (didn't bet)
Seat 8: jane235975 folded before Flop (didn't bet)
Seat 9: BlackCat0812 (button) folded on the Turn



PokerStars Hand #237796462253:  Hold'em No Limit ($0.02/$0.05 USD) - 2022/08/04 20:09:23 PT [2022/08/04 23:09:23 ET]
Table 'Pleione III' 9-max Seat #1 is the button
Seat 1: Kreuz 8 ($4.16 in chips) 
Seat 2: giricosp ($2.74 in chips) 
Seat 3: megtorlo2244 ($4 in chips) 
Seat 4: Dorex2007 ($5 in chips) 
Seat 5: 10minus ($5 in chips) 
Seat 6: PushEmUDonk ($5.25 in chips) 
Seat 7: Adoilson2015 ($5.87 in chips) 
Seat 8: jane235975 ($4.63 in chips) 
Seat 9: BlackCat0812 ($4.06 in chips) 
giricosp: posts small blind $0.02
megtorlo2244: posts big blind $0.05
*** HOLE CARDS ***
Dealt to Dorex2007 [Ac Ah]
Dorex2007: raises $0.10 to $0.15
10minus: folds 
PushEmUDonk: folds 
Adoilson2015: raises $0.37 to $0.52
jane235975: folds 
BlackCat0812: folds 
Kreuz 8: folds 
giricosp: calls $0.50
megtorlo2244: folds 
Dorex2007: raises $4.48 to $5 and is all-in
Adoilson2015: raises $0.87 to $5.87 and is all-in
giricosp: calls $2.22 and is all-in
Uncalled bet ($0.87) returned to Adoilson2015
*** FLOP *** [9c 5c 3c]
*** TURN *** [9c 5c 3c] [6c]
*** RIVER *** [9c 5c 3c 6c] [3h]
*** SHOW DOWN ***
Dorex2007: shows [Ac Ah] (a flush, Ace high)
Adoilson2015: shows [Kc Kd] (a flush, King high)
giricosp: shows [Js As] (a pair of Threes)
giricosp cashed out the hand for $0.90 | Cash Out Fee $0.01
Dorex2007 cashed out the hand for $8.99 | Cash Out Fee $0.09
*** SUMMARY ***
Total pot $12.79 Main pot $7.93. Side pot $4.33. | Rake $0.53 
Board [9c 5c 3c 6c 3h]
Seat 1: Kreuz 8 (button) folded before Flop (didn't bet)
Seat 2: giricosp (small blind) showed [Js As] and lost with a pair of Threes (cashed out).
Seat 3: megtorlo2244 (big blind) folded before Flop
Seat 4: Dorex2007 showed [Ac Ah] and won ($12.26) with a flush, Ace high (pot not awarded as player cashed out)
Seat 5: 10minus folded before Flop (didn't bet)
Seat 6: PushEmUDonk folded before Flop (didn't bet)
Seat 7: Adoilson2015 showed [Kc Kd] and lost with a flush, King high
Seat 8: jane235975 folded before Flop (didn't bet)
Seat 9: BlackCat0812 folded before Flop (didn't bet)



PokerStars Hand #237796469697:  Hold'em No Limit ($0.02/$0.05 USD) - 2022/08/04 20:10:08 PT [2022/08/04 23:10:08 ET]
Table 'Pleione III' 9-max Seat #2 is the button
Seat 1: Kreuz 8 ($4.16 in chips) 
Seat 2: giricosp ($0.90 in chips) 
Seat 3: megtorlo2244 ($4 in chips) 
Seat 4: Dorex2007 ($8.99 in chips) 
Seat 5: 10minus ($5 in chips) 
Seat 6: PushEmUDonk ($5.25 in chips) 
Seat 7: Adoilson2015 ($0.87 in chips) 
Seat 8: jane235975 ($4.63 in chips) 
Seat 9: BlackCat0812 ($4.06 in chips) 
megtorlo2244: posts small blind $0.02
Dorex2007: posts big blind $0.05
*** HOLE CARDS ***
Dealt to Dorex2007 [7h Kh]
10minus: folds 
PushEmUDonk: folds 
Adoilson2015: raises $0.82 to $0.87 and is all-in
jane235975: folds 
BlackCat0812: folds 
Kreuz 8: folds 
giricosp: folds 
megtorlo2244: folds 
Dorex2007: folds 
Uncalled bet ($0.82) returned to Adoilson2015
Adoilson2015 collected $0.12 from pot
*** SUMMARY ***
Total pot $0.12 | Rake $0 
Seat 1: Kreuz 8 folded before Flop (didn't bet)
Seat 2: giricosp (button) folded before Flop (didn't bet)
Seat 3: megtorlo2244 (small blind) folded before Flop
Seat 4: Dorex2007 (big blind) folded before Flop
Seat 5: 10minus folded before Flop (didn't bet)
Seat 6: PushEmUDonk folded before Flop (didn't bet)
Seat 7: Adoilson2015 collected ($0.12)
Seat 8: jane235975 folded before Flop (didn't bet)
Seat 9: BlackCat0812 folded before Flop (didn't bet)



PokerStars Hand #237796472371:  Hold'em No Limit ($0.02/$0.05 USD) - 2022/08/04 20:10:25 PT [2022/08/04 23:10:25 ET]
Table 'Pleione III' 9-max Seat #3 is the button
Seat 1: Kreuz 8 ($4.16 in chips) 
Seat 2: giricosp ($0.90 in chips) 
Seat 3: megtorlo2244 ($4 in chips) 
Seat 4: Dorex2007 ($8.94 in chips) 
Seat 5: 10minus ($5 in chips) 
Seat 6: PushEmUDonk ($5.25 in chips) 
Seat 7: Adoilson2015 ($0.94 in chips) 
Seat 8: jane235975 ($4.63 in chips) 
Seat 9: BlackCat0812 ($4.06 in chips) 
Dorex2007: posts small blind $0.02
10minus: posts big blind $0.05
*** HOLE CARDS ***
Dealt to Dorex2007 [7h Ah]
PushEmUDonk: folds 
Adoilson2015: raises $0.89 to $0.94 and is all-in
jane235975: folds 
BlackCat0812: calls $0.94
Kreuz 8: folds 
giricosp: calls $0.90 and is all-in
megtorlo2244: folds 
Dorex2007: folds 
10minus: folds 
*** FLOP *** [Js 4c 4h]
*** TURN *** [Js 4c 4h] [Ts]
*** RIVER *** [Js 4c 4h Ts] [5s]
*** SHOW DOWN ***
Adoilson2015: shows [8h Kh] (a pair of Fours)
BlackCat0812: shows [Kd As] (a pair of Fours - Ace kicker)
giricosp: shows [Qc Ad] (a pair of Fours - lower kicker)
giricosp cashed out the hand for $0.65 | Cash Out Fee $0.01
BlackCat0812 cashed out the hand for $1.30 | Cash Out Fee $0.01
*** SUMMARY ***
Total pot $2.85 Main pot $2.66. Side pot $0.07. | Rake $0.12 
Board [Js 4c 4h Ts 5s]
Seat 1: Kreuz 8 folded before Flop (didn't bet)
Seat 2: giricosp showed [Qc Ad] and lost with a pair of Fours (cashed out).
Seat 3: megtorlo2244 (button) folded before Flop (didn't bet)
Seat 4: Dorex2007 (small blind) folded before Flop
Seat 5: 10minus (big blind) folded before Flop
Seat 6: PushEmUDonk folded before Flop (didn't bet)
Seat 7: Adoilson2015 showed [8h Kh] and lost with a pair of Fours
Seat 8: jane235975 folded before Flop (didn't bet)
Seat 9: BlackCat0812 showed [Kd As] and won ($2.73) with a pair of Fours (pot not awarded as player cashed out)



PokerStars Hand #237796478959:  Hold'em No Limit ($0.02/$0.05 USD) - 2022/08/04 20:11:05 PT [2022/08/04 23:11:05 ET]
Table 'Pleione III' 9-max Seat #4 is the button
Seat 1: Kreuz 8 ($4.16 in chips) 
Seat 2: giricosp ($0.65 in chips) 
Seat 3: megtorlo2244 ($4 in chips) 
Seat 4: Dorex2007 ($8.92 in chips) 
Seat 5: 10minus ($5 in chips) 
Seat 6: PushEmUDonk ($5.25 in chips) 
Seat 8: jane235975 ($4.63 in chips) 
Seat 9: BlackCat0812 ($4.42 in chips) 
10minus: posts small blind $0.02
PushEmUDonk: posts big blind $0.05
*** HOLE CARDS ***
Dealt to Dorex2007 [Jh Jd]
jane235975: folds 
Adoilson2015 leaves the table
BlackCat0812: folds 
Kreuz 8: folds 
giricosp: calls $0.05
megtorlo2244: folds 
Dorex2007: calls $0.05
10minus: calls $0.03
PushEmUDonk: checks 
*** FLOP *** [Ks Td 8h]
10minus: checks 
PushEmUDonk: checks 
giricosp: checks 
Dorex2007: checks 
*** TURN *** [Ks Td 8h] [Ac]
10minus: bets $0.11
PushEmUDonk: folds 
giricosp: folds 
Dorex2007: calls $0.11
*** RIVER *** [Ks Td 8h Ac] [Kh]
10minus: bets $0.16
Dorex2007: folds 
Uncalled bet ($0.16) returned to 10minus
10minus collected $0.40 from pot
10minus: doesn't show hand 
*** SUMMARY ***
Total pot $0.42 | Rake $0.02 
Board [Ks Td 8h Ac Kh]
Seat 1: Kreuz 8 folded before Flop (didn't bet)
Seat 2: giricosp folded on the Turn
Seat 3: megtorlo2244 folded before Flop (didn't bet)
Seat 4: Dorex2007 (button) folded on the River
Seat 5: 10minus (small blind) collected ($0.40)
Seat 6: PushEmUDonk (big blind) folded on the Turn
Seat 8: jane235975 folded before Flop (didn't bet)
Seat 9: BlackCat0812 folded before Flop (didn't bet)



PokerStars Hand #237796488530:  Hold'em No Limit ($0.02/$0.05 USD) - 2022/08/04 20:12:04 PT [2022/08/04 23:12:04 ET]
Table 'Pleione III' 9-max Seat #5 is the button
Seat 1: Kreuz 8 ($4.16 in chips) 
Seat 2: giricosp ($0.60 in chips) 
Seat 3: megtorlo2244 ($4 in chips) 
Seat 4: Dorex2007 ($8.76 in chips) 
Seat 5: 10minus ($5.24 in chips) 
Seat 6: PushEmUDonk ($5.20 in chips) 
Seat 8: jane235975 ($4.63 in chips) 
Seat 9: BlackCat0812 ($4.42 in chips) 
PushEmUDonk: posts small blind $0.02
jane235975: posts big blind $0.05
*** HOLE CARDS ***
Dealt to Dorex2007 [Qh Ad]
BlackCat0812: calls $0.05
Jacobrune joins the table at seat #7 
Kreuz 8: raises $0.10 to $0.15
giricosp: folds 
megtorlo2244: folds 
Dorex2007: calls $0.15
10minus: folds 
PushEmUDonk: folds 
jane235975: calls $0.10
BlackCat0812: folds 
*** FLOP *** [6c Kd Qc]
jane235975: checks 
Kreuz 8: checks 
Dorex2007: bets $0.25
jane235975: calls $0.25
Kreuz 8: folds 
*** TURN *** [6c Kd Qc] [Qd]
jane235975: checks 
Jacobrune leaves the table
Dorex2007: bets $8.36 and is all-in
jane235975: folds 
Uncalled bet ($8.36) returned to Dorex2007
Dorex2007 collected $0.98 from pot
Dorex2007: doesn't show hand 
*** SUMMARY ***
Total pot $1.02 | Rake $0.04 
Board [6c Kd Qc Qd]
Seat 1: Kreuz 8 folded on the Flop
Seat 2: giricosp folded before Flop (didn't bet)
Seat 3: megtorlo2244 folded before Flop (didn't bet)
Seat 4: Dorex2007 collected ($0.98)
Seat 5: 10minus (button) folded before Flop (didn't bet)
Seat 6: PushEmUDonk (small blind) folded before Flop
Seat 8: jane235975 (big blind) folded on the Turn
Seat 9: BlackCat0812 folded before Flop



PokerStars Hand #237796497423:  Hold'em No Limit ($0.02/$0.05 USD) - 2022/08/04 20:13:00 PT [2022/08/04 23:13:00 ET]
Table 'Pleione III' 9-max Seat #6 is the button
Seat 1: Kreuz 8 ($4.01 in chips) 
Seat 2: giricosp ($0.60 in chips) 
Seat 3: megtorlo2244 ($4 in chips) 
Seat 4: Dorex2007 ($9.34 in chips) 
Seat 5: 10minus ($5.24 in chips) 
Seat 6: PushEmUDonk ($5.18 in chips) 
Seat 8: jane235975 ($4.23 in chips) 
Seat 9: BlackCat0812 ($4.37 in chips) 
jane235975: posts small blind $0.02
BlackCat0812: posts big blind $0.05
*** HOLE CARDS ***
Dealt to Dorex2007 [Jd 8d]
Kreuz 8: folds 
giricosp: raises $0.15 to $0.20
megtorlo2244: folds 
Dorex2007: folds 
10minus: folds 
PushEmUDonk: folds 
jane235975: folds 
BlackCat0812: folds 
Uncalled bet ($0.15) returned to giricosp
giricosp collected $0.12 from pot
*** SUMMARY ***
Total pot $0.12 | Rake $0 
Seat 1: Kreuz 8 folded before Flop (didn't bet)
Seat 2: giricosp collected ($0.12)
Seat 3: megtorlo2244 folded before Flop (didn't bet)
Seat 4: Dorex2007 folded before Flop (didn't bet)
Seat 5: 10minus folded before Flop (didn't bet)
Seat 6: PushEmUDonk (button) folded before Flop (didn't bet)
Seat 8: jane235975 (small blind) folded before Flop
Seat 9: BlackCat0812 (big blind) folded before Flop



PokerStars Hand #237796501521:  Hold'em No Limit ($0.02/$0.05 USD) - 2022/08/04 20:13:26 PT [2022/08/04 23:13:26 ET]
Table 'Pleione III' 9-max Seat #8 is the button
Seat 1: Kreuz 8 ($4.01 in chips) 
Seat 2: giricosp ($0.67 in chips) 
Seat 3: megtorlo2244 ($4 in chips) 
Seat 4: Dorex2007 ($9.34 in chips) 
Seat 5: 10minus ($5.24 in chips) 
Seat 6: PushEmUDonk ($5.18 in chips) 
Seat 8: jane235975 ($4.21 in chips) 
Seat 9: BlackCat0812 ($4.32 in chips) 
BlackCat0812: posts small blind $0.02
Kreuz 8: posts big blind $0.05
*** HOLE CARDS ***
Dealt to Dorex2007 [9d 7c]
giricosp: raises $0.62 to $0.67 and is all-in
megtorlo2244: folds 
Dorex2007: folds 
10minus: folds 
PushEmUDonk: folds 
jane235975: calls $0.67
BlackCat0812: folds 
Kreuz 8: folds 
jane235975 has timed out
*** FLOP *** [8d 5s 6s]
*** TURN *** [8d 5s 6s] [Jh]
*** RIVER *** [8d 5s 6s Jh] [4d]
*** SHOW DOWN ***
giricosp: shows [Qh Ah] (high card Ace)
jane235975: shows [Ad Jd] (a pair of Jacks)
jane235975 collected $1.35 from pot
*** SUMMARY ***
Total pot $1.41 | Rake $0.06 
Board [8d 5s 6s Jh 4d]
Seat 1: Kreuz 8 (big blind) folded before Flop
Seat 2: giricosp showed [Qh Ah] and lost with high card Ace
Seat 3: megtorlo2244 folded before Flop (didn't bet)
Seat 4: Dorex2007 folded before Flop (didn't bet)
Seat 5: 10minus folded before Flop (didn't bet)
Seat 6: PushEmUDonk folded before Flop (didn't bet)
Seat 8: jane235975 (button) showed [Ad Jd] and won ($1.35) with a pair of Jacks
Seat 9: BlackCat0812 (small blind) folded before Flop



PokerStars Hand #237796512618:  Hold'em No Limit ($0.02/$0.05 USD) - 2022/08/04 20:14:04 PT [2022/08/04 23:14:04 ET]
Table 'Pleione III' 9-max Seat #9 is the button
Seat 1: Kreuz 8 ($3.96 in chips) 
Seat 3: megtorlo2244 ($4 in chips) 
Seat 4: Dorex2007 ($9.34 in chips) 
Seat 5: 10minus ($5.24 in chips) 
Seat 6: PushEmUDonk ($5.18 in chips) 
Seat 8: jane235975 ($4.89 in chips) 
Seat 9: BlackCat0812 ($4.30 in chips) 
Kreuz 8: posts small blind $0.02
megtorlo2244: posts big blind $0.05
*** HOLE CARDS ***
Dealt to Dorex2007 [Js 5c]
Dorex2007: folds 
Luigiams joins the table at seat #7 
10minus: raises $0.10 to $0.15
PushEmUDonk: folds 
jane235975: calls $0.15
BlackCat0812: folds 
Kreuz 8: folds 
giricosp leaves the table
megtorlo2244: calls $0.10
*** FLOP *** [9c 5d 8h]
megtorlo2244: checks 
10minus: bets $0.26
jane235975: calls $0.26
megtorlo2244: folds 
*** TURN *** [9c 5d 8h] [2h]
10minus: bets $0.55
jane235975: calls $0.55
*** RIVER *** [9c 5d 8h 2h] [Qs]
10minus: checks 
jane235975: checks 
*** SHOW DOWN ***
10minus: shows [Td Tc] (a pair of Tens)
jane235975: mucks hand 
10minus collected $2 from pot
*** SUMMARY ***
Total pot $2.09 | Rake $0.09 
Board [9c 5d 8h 2h Qs]
Seat 1: Kreuz 8 (small blind) folded before Flop
Seat 3: megtorlo2244 (big blind) folded on the Flop
Seat 4: Dorex2007 folded before Flop (didn't bet)
Seat 5: 10minus showed [Td Tc] and won ($2) with a pair of Tens
Seat 6: PushEmUDonk folded before Flop (didn't bet)
Seat 8: jane235975 mucked [Ts Kh]
Seat 9: BlackCat0812 (button) folded before Flop (didn't bet)



PokerStars Hand #237796527477:  Hold'em No Limit ($0.02/$0.05 USD) - 2022/08/04 20:15:03 PT [2022/08/04 23:15:03 ET]
Table 'Pleione III' 9-max Seat #1 is the button
Seat 1: Kreuz 8 ($3.94 in chips) 
Seat 3: megtorlo2244 ($4 in chips) 
Seat 4: Dorex2007 ($9.34 in chips) 
Seat 5: 10minus ($6.28 in chips) 
Seat 6: PushEmUDonk ($5.18 in chips) 
Seat 8: jane235975 ($3.93 in chips) 
Seat 9: BlackCat0812 ($4.30 in chips) 
megtorlo2244: posts small blind $0.02
Dorex2007: posts big blind $0.05
Luigiams: sits out 
*** HOLE CARDS ***
Dealt to Dorex2007 [3h Jh]
Almanza63 joins the table at seat #2 
10minus: folds 
PushEmUDonk: folds 
jane235975: raises $0.05 to $0.10
BlackCat0812: folds 
Kreuz 8: folds 
megtorlo2244: calls $0.08
Dorex2007: folds 
*** FLOP *** [As 9h 2c]
megtorlo2244: checks 
jane235975: bets $0.12
megtorlo2244: calls $0.12
*** TURN *** [As 9h 2c] [Qc]
megtorlo2244: checks 
jane235975: checks 
*** RIVER *** [As 9h 2c Qc] [Kc]
megtorlo2244: checks 
jane235975: checks 
*** SHOW DOWN ***
megtorlo2244: shows [5h 5s] (a pair of Fives)
jane235975: shows [Jc 9s] (a pair of Nines)
jane235975 collected $0.47 from pot
*** SUMMARY ***
Total pot $0.49 | Rake $0.02 
Board [As 9h 2c Qc Kc]
Seat 1: Kreuz 8 (button) folded before Flop (didn't bet)
Seat 3: megtorlo2244 (small blind) showed [5h 5s] and lost with a pair of Fives
Seat 4: Dorex2007 (big blind) folded before Flop
Seat 5: 10minus folded before Flop (didn't bet)
Seat 6: PushEmUDonk folded before Flop (didn't bet)
Seat 8: jane235975 showed [Jc 9s] and won ($0.47) with a pair of Nines
Seat 9: BlackCat0812 folded before Flop (didn't bet)



PokerStars Hand #237796534873:  Hold'em No Limit ($0.02/$0.05 USD) - 2022/08/04 20:15:49 PT [2022/08/04 23:15:49 ET]
Table 'Pleione III' 9-max Seat #3 is the button
Seat 1: Kreuz 8 ($3.94 in chips) 
Seat 3: megtorlo2244 ($4 in chips) 
Seat 4: Dorex2007 ($9.29 in chips) 
Seat 5: 10minus ($6.28 in chips) 
Seat 6: PushEmUDonk ($5.18 in chips) 
Seat 8: jane235975 ($4.18 in chips) 
Seat 9: BlackCat0812 ($4.30 in chips) 
Dorex2007: posts small blind $0.02
10minus: posts big blind $0.05
Luigiams: sits out 
Almanza63: sits out 
*** HOLE CARDS ***
Dealt to Dorex2007 [Jh 2d]
PushEmUDonk: raises $0.10 to $0.15
jane235975: calls $0.15
BlackCat0812: folds 
Kreuz 8: calls $0.15
megtorlo2244: folds 
Dorex2007: folds 
10minus: calls $0.10
*** FLOP *** [Ac 5c 9c]
10minus: checks 
PushEmUDonk: bets $0.15
jane235975: folds 
Kreuz 8: folds 
10minus: calls $0.15
*** TURN *** [Ac 5c 9c] [8d]
10minus: checks 
PushEmUDonk: bets $0.30
10minus: calls $0.30
*** RIVER *** [Ac 5c 9c 8d] [7s]
10minus: checks 
PushEmUDonk: bets $0.55
10minus: calls $0.55
*** SHOW DOWN ***
PushEmUDonk: shows [As Js] (a pair of Aces)
10minus: shows [Ts Jc] (a straight, Seven to Jack)
10minus collected $2.51 from pot
*** SUMMARY ***
Total pot $2.62 | Rake $0.11 
Board [Ac 5c 9c 8d 7s]
Seat 1: Kreuz 8 folded on the Flop
Seat 3: megtorlo2244 (button) folded before Flop (didn't bet)
Seat 4: Dorex2007 (small blind) folded before Flop
Seat 5: 10minus (big blind) showed [Ts Jc] and won ($2.51) with a straight, Seven to Jack
Seat 6: PushEmUDonk showed [As Js] and lost with a pair of Aces
Seat 8: jane235975 folded on the Flop
Seat 9: BlackCat0812 folded before Flop (didn't bet)



PokerStars Hand #237796543363:  Hold'em No Limit ($0.02/$0.05 USD) - 2022/08/04 20:16:43 PT [2022/08/04 23:16:43 ET]
Table 'Pleione III' 9-max Seat #4 is the button
Seat 1: Kreuz 8 ($3.79 in chips) 
Seat 3: megtorlo2244 ($4 in chips) 
Seat 4: Dorex2007 ($9.27 in chips) 
Seat 5: 10minus ($7.64 in chips) 
Seat 6: PushEmUDonk ($4.03 in chips) 
Seat 8: jane235975 ($4.03 in chips) 
Seat 9: BlackCat0812 ($4.30 in chips) 
10minus: posts small blind $0.02
PushEmUDonk: posts big blind $0.05
Luigiams: sits out 
Almanza63: sits out 
*** HOLE CARDS ***
Dealt to Dorex2007 [6h 6d]
jane235975: raises $0.05 to $0.10
BlackCat0812: folds 
Kreuz 8: calls $0.10
megtorlo2244: folds 
Dorex2007: calls $0.10
10minus: folds 
PushEmUDonk: calls $0.05
*** FLOP *** [3s Qh Js]
PushEmUDonk: checks 
jane235975: checks 
Kreuz 8: checks 
Dorex2007: checks 
*** TURN *** [3s Qh Js] [5c]
PushEmUDonk: checks 
jane235975: bets $0.20
Kreuz 8: folds 
Dorex2007: folds 
PushEmUDonk: calls $0.20
*** RIVER *** [3s Qh Js 5c] [Jc]
PushEmUDonk: checks 
jane235975: checks 
*** SHOW DOWN ***
PushEmUDonk: shows [5s 7s] (two pair, Jacks and Fives)
jane235975: mucks hand 
PushEmUDonk collected $0.79 from pot
*** SUMMARY ***
Total pot $0.82 | Rake $0.03 
Board [3s Qh Js 5c Jc]
Seat 1: Kreuz 8 folded on the Turn
Seat 3: megtorlo2244 folded before Flop (didn't bet)
Seat 4: Dorex2007 (button) folded on the Turn
Seat 5: 10minus (small blind) folded before Flop
Seat 6: PushEmUDonk (big blind) showed [5s 7s] and won ($0.79) with two pair, Jacks and Fives
Seat 8: jane235975 mucked [7h 8d]
Seat 9: BlackCat0812 folded before Flop (didn't bet)



PokerStars Hand #237796551330:  Hold'em No Limit ($0.02/$0.05 USD) - 2022/08/04 20:17:33 PT [2022/08/04 23:17:33 ET]
Table 'Pleione III' 9-max Seat #5 is the button
Seat 1: Kreuz 8 ($3.69 in chips) 
Seat 3: megtorlo2244 ($4 in chips) 
Seat 4: Dorex2007 ($9.17 in chips) 
Seat 5: 10minus ($7.62 in chips) 
Seat 6: PushEmUDonk ($4.52 in chips) 
Seat 7: Luigiams ($5 in chips) 
Seat 8: jane235975 ($3.73 in chips) 
Seat 9: BlackCat0812 ($4.30 in chips) 
PushEmUDonk: posts small blind $0.02
Luigiams: posts big blind $0.05
Almanza63: sits out 
*** HOLE CARDS ***
Dealt to Dorex2007 [Ah 4c]
jane235975: folds 
BlackCat0812: calls $0.05
Kreuz 8: folds 
megtorlo2244: folds 
Dorex2007: folds 
10minus: raises $0.07 to $0.12
PushEmUDonk: calls $0.10
Luigiams: calls $0.07
BlackCat0812: calls $0.07
*** FLOP *** [Ad 2d 2s]
PushEmUDonk: checks 
Luigiams: checks 
BlackCat0812: checks 
10minus: checks 
*** TURN *** [Ad 2d 2s] [7d]
PushEmUDonk: checks 
Luigiams: checks 
BlackCat0812: checks 
10minus: checks 
*** RIVER *** [Ad 2d 2s 7d] [4h]
PushEmUDonk: checks 
Luigiams: checks 
BlackCat0812: checks 
10minus: checks 
*** SHOW DOWN ***
PushEmUDonk: shows [Ks Qs] (a pair of Deuces)
Luigiams: mucks hand 
BlackCat0812: mucks hand 
10minus: mucks hand 
PushEmUDonk collected $0.46 from pot
*** SUMMARY ***
Total pot $0.48 | Rake $0.02 
Board [Ad 2d 2s 7d 4h]
Seat 1: Kreuz 8 folded before Flop (didn't bet)
Seat 3: megtorlo2244 folded before Flop (didn't bet)
Seat 4: Dorex2007 folded before Flop (didn't bet)
Seat 5: 10minus (button) mucked [Td Jc]
Seat 6: PushEmUDonk (small blind) showed [Ks Qs] and won ($0.46) with a pair of Deuces
Seat 7: Luigiams (big blind) mucked [6c Qc]
Seat 8: jane235975 folded before Flop (didn't bet)
Seat 9: BlackCat0812 mucked [Th Qh]



PokerStars Hand #237796561336:  Hold'em No Limit ($0.02/$0.05 USD) - 2022/08/04 20:18:37 PT [2022/08/04 23:18:37 ET]
Table 'Pleione III' 9-max Seat #6 is the button
Seat 1: Kreuz 8 ($3.69 in chips) 
Seat 3: megtorlo2244 ($4 in chips) 
Seat 4: Dorex2007 ($9.17 in chips) 
Seat 5: 10minus ($7.50 in chips) 
Seat 6: PushEmUDonk ($4.86 in chips) 
Seat 7: Luigiams ($4.88 in chips) 
Seat 8: jane235975 ($3.73 in chips) 
Seat 9: BlackCat0812 ($4.18 in chips) 
Luigiams: posts small blind $0.02
jane235975: posts big blind $0.05
Almanza63: sits out 
*** HOLE CARDS ***
Dealt to Dorex2007 [2s 9c]
BlackCat0812: calls $0.05
Kreuz 8: raises $0.10 to $0.15
megtorlo2244: folds 
Dorex2007: folds 
10minus: folds 
PushEmUDonk: folds 
Luigiams: folds 
jane235975: calls $0.10
BlackCat0812: folds 
*** FLOP *** [Tc 7s 3c]
jane235975: bets $0.17
Kreuz 8: calls $0.17
*** TURN *** [Tc 7s 3c] [7c]
jane235975: bets $0.15
Kreuz 8: calls $0.15
*** RIVER *** [Tc 7s 3c 7c] [5c]
jane235975: bets $0.05
Kreuz 8: calls $0.05
*** SHOW DOWN ***
jane235975: shows [7d 2d] (three of a kind, Sevens)
Kreuz 8: mucks hand 
jane235975 collected $1.06 from pot
*** SUMMARY ***
Total pot $1.11 | Rake $0.05 
Board [Tc 7s 3c 7c 5c]
Seat 1: Kreuz 8 mucked [Ad Kh]
Seat 3: megtorlo2244 folded before Flop (didn't bet)
Seat 4: Dorex2007 folded before Flop (didn't bet)
Seat 5: 10minus folded before Flop (didn't bet)
Seat 6: PushEmUDonk (button) folded before Flop (didn't bet)
Seat 7: Luigiams (small blind) folded before Flop
Seat 8: jane235975 (big blind) showed [7d 2d] and won ($1.06) with three of a kind, Sevens
Seat 9: BlackCat0812 folded before Flop



PokerStars Hand #237796569384:  Hold'em No Limit ($0.02/$0.05 USD) - 2022/08/04 20:19:27 PT [2022/08/04 23:19:27 ET]
Table 'Pleione III' 9-max Seat #7 is the button
Seat 1: Kreuz 8 ($3.17 in chips) 
Seat 3: megtorlo2244 ($4 in chips) 
Seat 4: Dorex2007 ($9.17 in chips) 
Seat 5: 10minus ($7.50 in chips) 
Seat 6: PushEmUDonk ($4.86 in chips) 
Seat 7: Luigiams ($4.86 in chips) 
Seat 8: jane235975 ($4.27 in chips) 
Seat 9: BlackCat0812 ($4.13 in chips) 
jane235975: posts small blind $0.02
BlackCat0812: posts big blind $0.05
Almanza63: sits out 
*** HOLE CARDS ***
Dealt to Dorex2007 [6c Kc]
Kreuz 8: folds 
megtorlo2244: calls $0.05
Dorex2007: folds 
10minus: folds 
PushEmUDonk: folds 
Luigiams: folds 
jane235975: raises $0.05 to $0.10
BlackCat0812: calls $0.05
megtorlo2244: calls $0.05
*** FLOP *** [8c Ks 9h]
jane235975: checks 
BlackCat0812: checks 
megtorlo2244: checks 
*** TURN *** [8c Ks 9h] [7h]
jane235975: bets $0.29
BlackCat0812: folds 
megtorlo2244: calls $0.29
*** RIVER *** [8c Ks 9h 7h] [7c]
jane235975: bets $0.42
megtorlo2244: folds 
Uncalled bet ($0.42) returned to jane235975
jane235975 collected $0.84 from pot
jane235975: doesn't show hand 
*** SUMMARY ***
Total pot $0.88 | Rake $0.04 
Board [8c Ks 9h 7h 7c]
Seat 1: Kreuz 8 folded before Flop (didn't bet)
Seat 3: megtorlo2244 folded on the River
Seat 4: Dorex2007 folded before Flop (didn't bet)
Seat 5: 10minus folded before Flop (didn't bet)
Seat 6: PushEmUDonk folded before Flop (didn't bet)
Seat 7: Luigiams (button) folded before Flop (didn't bet)
Seat 8: jane235975 (small blind) collected ($0.84)
Seat 9: BlackCat0812 (big blind) folded on the Turn



PokerStars Hand #237796585480:  Hold'em No Limit ($0.02/$0.05 USD) - 2022/08/04 20:20:27 PT [2022/08/04 23:20:27 ET]
Table 'Pleione III' 9-max Seat #8 is the button
Seat 1: Kreuz 8 ($3.17 in chips) 
Seat 3: megtorlo2244 ($4 in chips) 
Seat 4: Dorex2007 ($9.17 in chips) 
Seat 5: 10minus ($7.50 in chips) 
Seat 6: PushEmUDonk ($4.86 in chips) 
Seat 7: Luigiams ($4.86 in chips) 
Seat 8: jane235975 ($4.72 in chips) 
Seat 9: BlackCat0812 ($4.03 in chips) 
BlackCat0812: posts small blind $0.02
Kreuz 8: posts big blind $0.05
Almanza63: sits out 
*** HOLE CARDS ***
Dealt to Dorex2007 [Td Jh]
megtorlo2244: folds 
Dorex2007: folds 
10minus: folds 
PushEmUDonk: raises $0.10 to $0.15
Luigiams: folds 
jane235975: calls $0.15
BlackCat0812: folds 
Kreuz 8: folds 
*** FLOP *** [Jc Qs 4h]
PushEmUDonk: bets $0.15
jane235975: calls $0.15
*** TURN *** [Jc Qs 4h] [6c]
PushEmUDonk: bets $0.20
jane235975: calls $0.20
*** RIVER *** [Jc Qs 4h 6c] [2c]
PushEmUDonk: bets $0.80
jane235975: raises $0.80 to $1.60
PushEmUDonk: folds 
Uncalled bet ($0.80) returned to jane235975
jane235975 collected $2.56 from pot
jane235975: doesn't show hand 
*** SUMMARY ***
Total pot $2.67 | Rake $0.11 
Board [Jc Qs 4h 6c 2c]
Seat 1: Kreuz 8 (big blind) folded before Flop
Seat 3: megtorlo2244 folded before Flop (didn't bet)
Seat 4: Dorex2007 folded before Flop (didn't bet)
Seat 5: 10minus folded before Flop (didn't bet)
Seat 6: PushEmUDonk folded on the River
Seat 7: Luigiams folded before Flop (didn't bet)
Seat 8: jane235975 (button) collected ($2.56)
Seat 9: BlackCat0812 (small blind) folded before Flop



PokerStars Hand #237796593958:  Hold'em No Limit ($0.02/$0.05 USD) - 2022/08/04 20:21:21 PT [2022/08/04 23:21:21 ET]
Table 'Pleione III' 9-max Seat #9 is the button
Seat 1: Kreuz 8 ($3.12 in chips) 
Seat 2: Almanza63 ($5 in chips) 
Seat 3: megtorlo2244 ($4 in chips) 
Seat 4: Dorex2007 ($9.17 in chips) 
Seat 5: 10minus ($7.50 in chips) 
Seat 6: PushEmUDonk ($3.56 in chips) 
Seat 7: Luigiams ($4.86 in chips) 
Seat 8: jane235975 ($5.98 in chips) 
Seat 9: BlackCat0812 ($4.01 in chips) 
Kreuz 8: posts small blind $0.02
Almanza63: posts big blind $0.05
*** HOLE CARDS ***
Dealt to Dorex2007 [8c 7d]
megtorlo2244: folds 
Dorex2007: folds 
10minus: folds 
PushEmUDonk: folds 
Luigiams: raises $0.05 to $0.10
jane235975: calls $0.10
BlackCat0812: folds 
Kreuz 8: calls $0.08
Almanza63: folds 
*** FLOP *** [2s 3h 9c]
Kreuz 8: checks 
Luigiams: checks 
jane235975: bets $0.17
Kreuz 8: folds 
Luigiams: folds 
Uncalled bet ($0.17) returned to jane235975
jane235975 collected $0.34 from pot
jane235975: doesn't show hand 
*** SUMMARY ***
Total pot $0.35 | Rake $0.01 
Board [2s 3h 9c]
Seat 1: Kreuz 8 (small blind) folded on the Flop
Seat 2: Almanza63 (big blind) folded before Flop
Seat 3: megtorlo2244 folded before Flop (didn't bet)
Seat 4: Dorex2007 folded before Flop (didn't bet)
Seat 5: 10minus folded before Flop (didn't bet)
Seat 6: PushEmUDonk folded before Flop (didn't bet)
Seat 7: Luigiams folded on the Flop
Seat 8: jane235975 collected ($0.34)
Seat 9: BlackCat0812 (button) folded before Flop (didn't bet)



PokerStars Hand #237796601275:  Hold'em No Limit ($0.02/$0.05 USD) - 2022/08/04 20:22:08 PT [2022/08/04 23:22:08 ET]
Table 'Pleione III' 9-max Seat #1 is the button
Seat 1: Kreuz 8 ($3.02 in chips) 
Seat 2: Almanza63 ($4.95 in chips) 
Seat 3: megtorlo2244 ($4 in chips) 
Seat 4: Dorex2007 ($9.17 in chips) 
Seat 5: 10minus ($7.50 in chips) 
Seat 6: PushEmUDonk ($3.56 in chips) 
Seat 7: Luigiams ($4.76 in chips) 
Seat 8: jane235975 ($6.22 in chips) 
Seat 9: BlackCat0812 ($4.01 in chips) 
Almanza63: posts small blind $0.02
megtorlo2244: posts big blind $0.05
*** HOLE CARDS ***
Dealt to Dorex2007 [8c 3s]
Dorex2007: folds 
10minus: folds 
PushEmUDonk: folds 
Luigiams: calls $0.05
jane235975: raises $0.10 to $0.15
BlackCat0812: calls $0.15
Kreuz 8: folds 
Almanza63: calls $0.13
megtorlo2244: calls $0.10
Luigiams: calls $0.10
*** FLOP *** [Qh 3d Th]
Almanza63: checks 
megtorlo2244: bets $0.15
Luigiams: calls $0.15
jane235975: calls $0.15
BlackCat0812: calls $0.15
Almanza63: calls $0.15
*** TURN *** [Qh 3d Th] [Kc]
Almanza63: checks 
megtorlo2244: checks 
Luigiams: checks 
jane235975: bets $0.72
BlackCat0812: raises $2.99 to $3.71 and is all-in
Almanza63: folds 
megtorlo2244: folds 
Luigiams: folds 
jane235975: calls $2.99
*** RIVER *** [Qh 3d Th Kc] [2c]
*** SHOW DOWN ***
jane235975: shows [Ks Ts] (two pair, Kings and Tens)
BlackCat0812: shows [Kh Kd] (three of a kind, Kings)
BlackCat0812 collected $8.55 from pot
*** SUMMARY ***
Total pot $8.92 | Rake $0.37 
Board [Qh 3d Th Kc 2c]
Seat 1: Kreuz 8 (button) folded before Flop (didn't bet)
Seat 2: Almanza63 (small blind) folded on the Turn
Seat 3: megtorlo2244 (big blind) folded on the Turn
Seat 4: Dorex2007 folded before Flop (didn't bet)
Seat 5: 10minus folded before Flop (didn't bet)
Seat 6: PushEmUDonk folded before Flop (didn't bet)
Seat 7: Luigiams folded on the Turn
Seat 8: jane235975 showed [Ks Ts] and lost with two pair, Kings and Tens
Seat 9: BlackCat0812 showed [Kh Kd] and won ($8.55) with three of a kind, Kings



PokerStars Hand #237796614374:  Hold'em No Limit ($0.02/$0.05 USD) - 2022/08/04 20:23:33 PT [2022/08/04 23:23:33 ET]
Table 'Pleione III' 9-max Seat #2 is the button
Seat 1: Kreuz 8 ($3.02 in chips) 
Seat 2: Almanza63 ($4.65 in chips) 
Seat 3: megtorlo2244 ($4 in chips) 
Seat 4: Dorex2007 ($9.17 in chips) 
Seat 5: 10minus ($7.50 in chips) 
Seat 6: PushEmUDonk ($3.56 in chips) 
Seat 7: Luigiams ($5 in chips) 
Seat 8: jane235975 ($2.21 in chips) 
Seat 9: BlackCat0812 ($8.55 in chips) 
megtorlo2244: posts small blind $0.02
Dorex2007: posts big blind $0.05
*** HOLE CARDS ***
Dealt to Dorex2007 [5c 5h]
10minus: folds 
PushEmUDonk: raises $0.10 to $0.15
Luigiams: folds 
jane235975: folds 
BlackCat0812: folds 
Kreuz 8: calls $0.15
Almanza63: calls $0.15
megtorlo2244: folds 
Dorex2007: calls $0.10
*** FLOP *** [4c Qh 4h]
Dorex2007: checks 
PushEmUDonk: bets $0.20
Kreuz 8: raises $0.45 to $0.65
Almanza63: folds 
Dorex2007: folds 
PushEmUDonk: raises $2.76 to $3.41 and is all-in
Kreuz 8: calls $2.22 and is all-in
Uncalled bet ($0.54) returned to PushEmUDonk
Kreuz 8 has timed out
*** TURN *** [4c Qh 4h] [Ks]
*** RIVER *** [4c Qh 4h Ks] [Ac]
*** SHOW DOWN ***
PushEmUDonk: shows [Ad Qd] (two pair, Aces and Queens)
Kreuz 8: shows [6h Ah] (two pair, Aces and Fours)
PushEmUDonk collected $6.10 from pot
*** SUMMARY ***
Total pot $6.36 | Rake $0.26 
Board [4c Qh 4h Ks Ac]
Seat 1: Kreuz 8 showed [6h Ah] and lost with two pair, Aces and Fours
Seat 2: Almanza63 (button) folded on the Flop
Seat 3: megtorlo2244 (small blind) folded before Flop
Seat 4: Dorex2007 (big blind) folded on the Flop
Seat 5: 10minus folded before Flop (didn't bet)
Seat 6: PushEmUDonk showed [Ad Qd] and won ($6.10) with two pair, Aces and Queens
Seat 7: Luigiams folded before Flop (didn't bet)
Seat 8: jane235975 folded before Flop (didn't bet)
Seat 9: BlackCat0812 folded before Flop (didn't bet)



PokerStars Hand #237796622479:  Hold'em No Limit ($0.02/$0.05 USD) - 2022/08/04 20:24:25 PT [2022/08/04 23:24:25 ET]
Table 'Pleione III' 9-max Seat #3 is the button
Seat 2: Almanza63 ($4.50 in chips) 
Seat 3: megtorlo2244 ($4 in chips) 
Seat 4: Dorex2007 ($9.02 in chips) 
Seat 6: PushEmUDonk ($6.64 in chips) 
Seat 7: Luigiams ($5 in chips) 
Seat 8: jane235975 ($2.21 in chips) 
Seat 9: BlackCat0812 ($8.55 in chips) 
Dorex2007: posts small blind $0.02
10minus: is sitting out 
PushEmUDonk: posts big blind $0.05
*** HOLE CARDS ***
Dealt to Dorex2007 [Jc 6d]
Luigiams: folds 
Kreuz 8 leaves the table
jane235975: raises $0.10 to $0.15
BlackCat0812: folds 
KidBananan joins the table at seat #1 
Almanza63: folds 
megtorlo2244: folds 
Dorex2007: folds 
PushEmUDonk: calls $0.10
*** FLOP *** [5h 3d Qh]
PushEmUDonk: checks 
jane235975: bets $0.15
PushEmUDonk: calls $0.15
*** TURN *** [5h 3d Qh] [2h]
PushEmUDonk: checks 
jane235975: bets $0.59
PushEmUDonk: calls $0.59
*** RIVER *** [5h 3d Qh 2h] [5c]
PushEmUDonk: checks 
jane235975: bets $1.32 and is all-in
PushEmUDonk: calls $1.32
*** SHOW DOWN ***
jane235975: shows [Ts Js] (a pair of Fives)
PushEmUDonk: shows [Th Jh] (a flush, Queen high)
PushEmUDonk collected $4.26 from pot
*** SUMMARY ***
Total pot $4.44 | Rake $0.18 
Board [5h 3d Qh 2h 5c]
Seat 2: Almanza63 folded before Flop (didn't bet)
Seat 3: megtorlo2244 (button) folded before Flop (didn't bet)
Seat 4: Dorex2007 (small blind) folded before Flop
Seat 6: PushEmUDonk (big blind) showed [Th Jh] and won ($4.26) with a flush, Queen high
Seat 7: Luigiams folded before Flop (didn't bet)
Seat 8: jane235975 showed [Ts Js] and lost with a pair of Fives
Seat 9: BlackCat0812 folded before Flop (didn't bet)



PokerStars Hand #237796633515:  Hold'em No Limit ($0.02/$0.05 USD) - 2022/08/04 20:25:17 PT [2022/08/04 23:25:17 ET]
Table 'Pleione III' 9-max Seat #4 is the button
Seat 2: Almanza63 ($4.50 in chips) 
Seat 3: megtorlo2244 ($4 in chips) 
Seat 4: Dorex2007 ($9 in chips) 
Seat 6: PushEmUDonk ($8.69 in chips) 
Seat 7: Luigiams ($5 in chips) 
Seat 9: BlackCat0812 ($8.55 in chips) 
PushEmUDonk: posts small blind $0.02
Luigiams: posts big blind $0.05
KidBananan: sits out 
*** HOLE CARDS ***
Dealt to Dorex2007 [8s Jd]
BlackCat0812: folds 
jane235975 leaves the table
Almanza63: folds 
10minus leaves the table
megtorlo2244: raises $0.10 to $0.15
HAEMHuk2009 joins the table at seat #8 
Dorex2007: folds 
PushEmUDonk: folds 
Luigiams: folds 
Uncalled bet ($0.10) returned to megtorlo2244
Tipoujuju joins the table at seat #5 
megtorlo2244 collected $0.12 from pot
megtorlo2244: doesn't show hand 
*** SUMMARY ***
Total pot $0.12 | Rake $0 
Seat 2: Almanza63 folded before Flop (didn't bet)
Seat 3: megtorlo2244 collected ($0.12)
Seat 4: Dorex2007 (button) folded before Flop (didn't bet)
Seat 6: PushEmUDonk (small blind) folded before Flop
Seat 7: Luigiams (big blind) folded before Flop
Seat 9: BlackCat0812 folded before Flop (didn't bet)



