PokerStars Hand #238076433182:  Hold'em No Limit ($0.02/$0.05 USD) - 2022/08/18 17:35:30 PT [2022/08/18 20:35:30 ET]
Table 'Albiorix II' 9-max Seat #3 is the button
Seat 1: Max7899 ($13.20 in chips) 
Seat 2: Dorex2007 ($5 in chips) 
Seat 3: RottieWisperer ($5.87 in chips) 
Seat 4: tulinoo ($3.93 in chips) 
Seat 5: tanyaa1956 ($5 in chips) 
Seat 6: DonD13 ($1.66 in chips) 
Seat 7: pardaisinhosAA ($2 in chips) 
Seat 8: clavito2222 ($6.45 in chips) 
Seat 9: herkks ($7.21 in chips) 
tulinoo: posts small blind $0.02
tanyaa1956: posts big blind $0.05
pardaisinhosAA: posts big blind $0.05
Dorex2007: posts big blind $0.05
*** HOLE CARDS ***
Dealt to Dorex2007 [4h Qs]
DonD13: folds 
pardaisinhosAA: checks 
clavito2222: folds 
herkks: folds 
Max7899: folds 
Dorex2007: checks 
RottieWisperer: raises $0.10 to $0.15
tulinoo: calls $0.13
tanyaa1956: folds 
pardaisinhosAA: calls $0.10
Dorex2007: folds 
*** FLOP *** [6s 3h 3c]
tulinoo: checks 
pardaisinhosAA: checks 
RottieWisperer: bets $0.53
tulinoo: folds 
pardaisinhosAA: folds 
Uncalled bet ($0.53) returned to RottieWisperer
RottieWisperer collected $0.53 from pot
RottieWisperer: doesn't show hand 
*** SUMMARY ***
Total pot $0.55 | Rake $0.02 
Board [6s 3h 3c]
Seat 1: Max7899 folded before Flop (didn't bet)
Seat 2: Dorex2007 folded before Flop (didn't bet)
Seat 3: RottieWisperer (button) collected ($0.53)
Seat 4: tulinoo (small blind) folded on the Flop
Seat 5: tanyaa1956 (big blind) folded before Flop
Seat 6: DonD13 folded before Flop (didn't bet)
Seat 7: pardaisinhosAA folded on the Flop
Seat 8: clavito2222 folded before Flop (didn't bet)
Seat 9: herkks folded before Flop (didn't bet)



PokerStars Hand #238076445347:  Hold'em No Limit ($0.02/$0.05 USD) - 2022/08/18 17:36:24 PT [2022/08/18 20:36:24 ET]
Table 'Albiorix II' 9-max Seat #4 is the button
Seat 1: Max7899 ($13.20 in chips) 
Seat 2: Dorex2007 ($5 in chips) 
Seat 3: RottieWisperer ($6.25 in chips) 
Seat 4: tulinoo ($3.78 in chips) 
Seat 5: tanyaa1956 ($5 in chips) 
Seat 6: DonD13 ($1.66 in chips) 
Seat 7: pardaisinhosAA ($1.85 in chips) 
Seat 8: clavito2222 ($6.45 in chips) 
Seat 9: herkks ($7.21 in chips) 
tanyaa1956: posts small blind $0.02
DonD13: posts big blind $0.05
*** HOLE CARDS ***
Dealt to Dorex2007 [2d 5s]
pardaisinhosAA: calls $0.05
clavito2222: folds 
herkks: folds 
Max7899: calls $0.05
Dorex2007: folds 
RottieWisperer: folds 
tulinoo: folds 
tanyaa1956: folds 
DonD13: checks 
*** FLOP *** [2c Ac 8h]
DonD13: checks 
pardaisinhosAA: checks 
Max7899: checks 
*** TURN *** [2c Ac 8h] [7c]
DonD13: checks 
pardaisinhosAA: bets $0.16
Max7899: calls $0.16
DonD13: folds 
*** RIVER *** [2c Ac 8h 7c] [3c]
pardaisinhosAA: bets $0.47
Max7899: folds 
Uncalled bet ($0.47) returned to pardaisinhosAA
pardaisinhosAA collected $0.47 from pot
*** SUMMARY ***
Total pot $0.49 | Rake $0.02 
Board [2c Ac 8h 7c 3c]
Seat 1: Max7899 folded on the River
Seat 2: Dorex2007 folded before Flop (didn't bet)
Seat 3: RottieWisperer folded before Flop (didn't bet)
Seat 4: tulinoo (button) folded before Flop (didn't bet)
Seat 5: tanyaa1956 (small blind) folded before Flop
Seat 6: DonD13 (big blind) folded on the Turn
Seat 7: pardaisinhosAA collected ($0.47)
Seat 8: clavito2222 folded before Flop (didn't bet)
Seat 9: herkks folded before Flop (didn't bet)



PokerStars Hand #238076453287:  Hold'em No Limit ($0.02/$0.05 USD) - 2022/08/18 17:37:00 PT [2022/08/18 20:37:00 ET]
Table 'Albiorix II' 9-max Seat #5 is the button
Seat 1: Max7899 ($12.99 in chips) 
Seat 2: Dorex2007 ($5 in chips) 
Seat 3: RottieWisperer ($6.25 in chips) 
Seat 4: tulinoo ($3.78 in chips) 
Seat 5: tanyaa1956 ($5 in chips) 
Seat 6: DonD13 ($1.61 in chips) 
Seat 7: pardaisinhosAA ($2.11 in chips) 
Seat 8: clavito2222 ($6.45 in chips) 
Seat 9: herkks ($7.21 in chips) 
DonD13: posts small blind $0.02
pardaisinhosAA: posts big blind $0.05
*** HOLE CARDS ***
Dealt to Dorex2007 [5h 4d]
clavito2222: folds 
herkks: folds 
Max7899: folds 
Dorex2007: folds 
RottieWisperer: folds 
tulinoo: folds 
tanyaa1956: raises $0.07 to $0.12
DonD13: calls $0.10
pardaisinhosAA: raises $0.36 to $0.48
tanyaa1956: folds 
DonD13: folds 
Uncalled bet ($0.36) returned to pardaisinhosAA
pardaisinhosAA collected $0.36 from pot
*** SUMMARY ***
Total pot $0.36 | Rake $0 
Seat 1: Max7899 folded before Flop (didn't bet)
Seat 2: Dorex2007 folded before Flop (didn't bet)
Seat 3: RottieWisperer folded before Flop (didn't bet)
Seat 4: tulinoo folded before Flop (didn't bet)
Seat 5: tanyaa1956 (button) folded before Flop
Seat 6: DonD13 (small blind) folded before Flop
Seat 7: pardaisinhosAA (big blind) collected ($0.36)
Seat 8: clavito2222 folded before Flop (didn't bet)
Seat 9: herkks folded before Flop (didn't bet)



PokerStars Hand #238076460756:  Hold'em No Limit ($0.02/$0.05 USD) - 2022/08/18 17:37:33 PT [2022/08/18 20:37:33 ET]
Table 'Albiorix II' 9-max Seat #6 is the button
Seat 1: Max7899 ($12.99 in chips) 
Seat 2: Dorex2007 ($5 in chips) 
Seat 3: RottieWisperer ($6.25 in chips) 
Seat 4: tulinoo ($3.78 in chips) 
Seat 5: tanyaa1956 ($5 in chips) 
Seat 6: DonD13 ($1.49 in chips) 
Seat 7: pardaisinhosAA ($2.35 in chips) 
Seat 8: clavito2222 ($6.45 in chips) 
Seat 9: herkks ($7.21 in chips) 
pardaisinhosAA: posts small blind $0.02
clavito2222: posts big blind $0.05
*** HOLE CARDS ***
Dealt to Dorex2007 [9d 3s]
herkks: folds 
Max7899 has timed out
Max7899: folds 
Dorex2007: folds 
RottieWisperer: folds 
tulinoo: folds 
tanyaa1956: folds 
DonD13: raises $0.05 to $0.10
pardaisinhosAA: raises $0.25 to $0.35
clavito2222: folds 
DonD13: folds 
Uncalled bet ($0.25) returned to pardaisinhosAA
pardaisinhosAA collected $0.25 from pot
*** SUMMARY ***
Total pot $0.25 | Rake $0 
Seat 1: Max7899 folded before Flop (didn't bet)
Seat 2: Dorex2007 folded before Flop (didn't bet)
Seat 3: RottieWisperer folded before Flop (didn't bet)
Seat 4: tulinoo folded before Flop (didn't bet)
Seat 5: tanyaa1956 folded before Flop (didn't bet)
Seat 6: DonD13 (button) folded before Flop
Seat 7: pardaisinhosAA (small blind) collected ($0.25)
Seat 8: clavito2222 (big blind) folded before Flop
Seat 9: herkks folded before Flop (didn't bet)



PokerStars Hand #238076469108:  Hold'em No Limit ($0.02/$0.05 USD) - 2022/08/18 17:38:11 PT [2022/08/18 20:38:11 ET]
Table 'Albiorix II' 9-max Seat #7 is the button
Seat 1: Max7899 ($12.99 in chips) 
Seat 2: Dorex2007 ($5 in chips) 
Seat 3: RottieWisperer ($6.25 in chips) 
Seat 4: tulinoo ($3.78 in chips) 
Seat 5: tanyaa1956 ($5 in chips) 
Seat 6: DonD13 ($1.39 in chips) 
Seat 7: pardaisinhosAA ($2.50 in chips) 
Seat 8: clavito2222 ($6.40 in chips) 
Seat 9: herkks ($7.21 in chips) 
clavito2222: posts small blind $0.02
herkks: posts big blind $0.05
*** HOLE CARDS ***
Dealt to Dorex2007 [Th Js]
Max7899: folds 
Dorex2007: folds 
RottieWisperer: folds 
tulinoo: folds 
tanyaa1956: folds 
DonD13: folds 
pardaisinhosAA: folds 
clavito2222: folds 
Uncalled bet ($0.03) returned to herkks
herkks collected $0.04 from pot
clavito2222 leaves the table
herkks: doesn't show hand 
*** SUMMARY ***
Total pot $0.04 | Rake $0 
Seat 1: Max7899 folded before Flop (didn't bet)
Seat 2: Dorex2007 folded before Flop (didn't bet)
Seat 3: RottieWisperer folded before Flop (didn't bet)
Seat 4: tulinoo folded before Flop (didn't bet)
Seat 5: tanyaa1956 folded before Flop (didn't bet)
Seat 6: DonD13 folded before Flop (didn't bet)
Seat 7: pardaisinhosAA (button) folded before Flop (didn't bet)
Seat 8: clavito2222 (small blind) folded before Flop
Seat 9: herkks (big blind) collected ($0.04)



PokerStars Hand #238076471817:  Hold'em No Limit ($0.02/$0.05 USD) - 2022/08/18 17:38:23 PT [2022/08/18 20:38:23 ET]
Table 'Albiorix II' 9-max Seat #9 is the button
Seat 1: Max7899 ($12.99 in chips) 
Seat 2: Dorex2007 ($5 in chips) 
Seat 3: RottieWisperer ($6.25 in chips) 
Seat 4: tulinoo ($3.78 in chips) 
Seat 5: tanyaa1956 ($5 in chips) 
Seat 6: DonD13 ($1.39 in chips) 
Seat 7: pardaisinhosAA ($2.50 in chips) 
Seat 9: herkks ($7.23 in chips) 
Max7899: posts small blind $0.02
Dorex2007: posts big blind $0.05
*** HOLE CARDS ***
Dealt to Dorex2007 [6s Ts]
RottieWisperer: folds 
tulinoo: folds 
tanyaa1956: folds 
DonD13: calls $0.05
pardaisinhosAA: folds 
herkks: folds 
Max7899: calls $0.03
Dorex2007: checks 
*** FLOP *** [9s 3c Qc]
Max7899: checks 
Dorex2007: checks 
DonD13: bets $0.05
Max7899: calls $0.05
Dorex2007: folds 
*** TURN *** [9s 3c Qc] [5c]
Max7899: checks 
DonD13: checks 
*** RIVER *** [9s 3c Qc 5c] [Js]
Max7899: checks 
DonD13: bets $0.10
Max7899: folds 
Uncalled bet ($0.10) returned to DonD13
DonD13 collected $0.24 from pot
DonD13: doesn't show hand 
*** SUMMARY ***
Total pot $0.25 | Rake $0.01 
Board [9s 3c Qc 5c Js]
Seat 1: Max7899 (small blind) folded on the River
Seat 2: Dorex2007 (big blind) folded on the Flop
Seat 3: RottieWisperer folded before Flop (didn't bet)
Seat 4: tulinoo folded before Flop (didn't bet)
Seat 5: tanyaa1956 folded before Flop (didn't bet)
Seat 6: DonD13 collected ($0.24)
Seat 7: pardaisinhosAA folded before Flop (didn't bet)
Seat 9: herkks (button) folded before Flop (didn't bet)



