PokerStars Hand #237529273176:  Hold'em No Limit ($0.02/$0.05 USD) - 2022/07/23 0:47:25 PT [2022/07/23 3:47:25 ET]
Table 'Lugduna' 9-max Seat #1 is the button
Seat 1: ACEHbKA777 ($6.29 in chips) 
Seat 2: Swaz85 ($7.53 in chips) 
Seat 3: Bebzunski ($7.39 in chips) 
Seat 4: rsavir ($5.31 in chips) 
Seat 5: NewKidOnTheFlop ($5.08 in chips) 
Seat 6: Dorex2007 ($5 in chips) 
Seat 8: zanozaN1 ($5.85 in chips) 
Seat 9: Nelisnils ($5 in chips) 
Swaz85: posts small blind $0.02
Bebzunski: posts big blind $0.05
Dorex2007: posts big blind $0.05
TheBlade8525: sits out 
*** HOLE CARDS ***
Dealt to Dorex2007 [Qc Jh]
rsavir: folds 
NewKidOnTheFlop: folds 
Dorex2007: raises $0.05 to $0.10
zanozaN1: folds 
Nelisnils: folds 
ACEHbKA777: folds 
Swaz85: folds 
Bebzunski: calls $0.05
*** FLOP *** [3d 9h Ah]
Bebzunski: checks 
Dorex2007: checks 
*** TURN *** [3d 9h Ah] [9s]
Bebzunski: checks 
Dorex2007: checks 
*** RIVER *** [3d 9h Ah 9s] [Qh]
Bebzunski: checks 
Dorex2007: bets $0.14
Bebzunski: folds 
Uncalled bet ($0.14) returned to Dorex2007
Dorex2007 collected $0.21 from pot
*** SUMMARY ***
Total pot $0.22 | Rake $0.01 
Board [3d 9h Ah 9s Qh]
Seat 1: ACEHbKA777 (button) folded before Flop (didn't bet)
Seat 2: Swaz85 (small blind) folded before Flop
Seat 3: Bebzunski (big blind) folded on the River
Seat 4: rsavir folded before Flop (didn't bet)
Seat 5: NewKidOnTheFlop folded before Flop (didn't bet)
Seat 6: Dorex2007 collected ($0.21)
Seat 8: zanozaN1 folded before Flop (didn't bet)
Seat 9: Nelisnils folded before Flop (didn't bet)



PokerStars Hand #237529277815:  Hold'em No Limit ($0.02/$0.05 USD) - 2022/07/23 0:48:02 PT [2022/07/23 3:48:02 ET]
Table 'Lugduna' 9-max Seat #2 is the button
Seat 1: ACEHbKA777 ($6.29 in chips) 
Seat 2: Swaz85 ($7.51 in chips) 
Seat 3: Bebzunski ($7.29 in chips) 
Seat 4: rsavir ($5.31 in chips) 
Seat 5: NewKidOnTheFlop ($5.08 in chips) 
Seat 6: Dorex2007 ($5.11 in chips) 
Seat 8: zanozaN1 ($5.85 in chips) 
Seat 9: Nelisnils ($5 in chips) 
Bebzunski: posts small blind $0.02
rsavir: posts big blind $0.05
TheBlade8525: sits out 
*** HOLE CARDS ***
Dealt to Dorex2007 [5d Ts]
NewKidOnTheFlop: folds 
Dorex2007: folds 
zanozaN1: folds 
Nelisnils: folds 
ACEHbKA777: folds 
Swaz85: folds 
Bebzunski: folds 
Uncalled bet ($0.03) returned to rsavir
NewKidOnTheFlop leaves the table
rsavir collected $0.04 from pot
*** SUMMARY ***
Total pot $0.04 | Rake $0 
Seat 1: ACEHbKA777 folded before Flop (didn't bet)
Seat 2: Swaz85 (button) folded before Flop (didn't bet)
Seat 3: Bebzunski (small blind) folded before Flop
Seat 4: rsavir (big blind) collected ($0.04)
Seat 5: NewKidOnTheFlop folded before Flop (didn't bet)
Seat 6: Dorex2007 folded before Flop (didn't bet)
Seat 8: zanozaN1 folded before Flop (didn't bet)
Seat 9: Nelisnils folded before Flop (didn't bet)



PokerStars Hand #237529279257:  Hold'em No Limit ($0.02/$0.05 USD) - 2022/07/23 0:48:13 PT [2022/07/23 3:48:13 ET]
Table 'Lugduna' 9-max Seat #3 is the button
Seat 1: ACEHbKA777 ($6.29 in chips) 
Seat 2: Swaz85 ($7.51 in chips) 
Seat 3: Bebzunski ($7.27 in chips) 
Seat 4: rsavir ($5.33 in chips) 
Seat 6: Dorex2007 ($5.11 in chips) 
Seat 8: zanozaN1 ($5.85 in chips) 
Seat 9: Nelisnils ($5 in chips) 
rsavir: posts small blind $0.02
Dorex2007: posts big blind $0.05
TheBlade8525: sits out 
*** HOLE CARDS ***
Dealt to Dorex2007 [Ad 7h]
zanozaN1: folds 
Nelisnils: folds 
ACEHbKA777: folds 
Swaz85: folds 
Bebzunski: raises $0.10 to $0.15
rsavir: folds 
Dorex2007: folds 
Uncalled bet ($0.10) returned to Bebzunski
Bebzunski collected $0.12 from pot
*** SUMMARY ***
Total pot $0.12 | Rake $0 
Seat 1: ACEHbKA777 folded before Flop (didn't bet)
Seat 2: Swaz85 folded before Flop (didn't bet)
Seat 3: Bebzunski (button) collected ($0.12)
Seat 4: rsavir (small blind) folded before Flop
Seat 6: Dorex2007 (big blind) folded before Flop
Seat 8: zanozaN1 folded before Flop (didn't bet)
Seat 9: Nelisnils folded before Flop (didn't bet)



PokerStars Hand #237529281050:  Hold'em No Limit ($0.02/$0.05 USD) - 2022/07/23 0:48:27 PT [2022/07/23 3:48:27 ET]
Table 'Lugduna' 9-max Seat #4 is the button
Seat 1: ACEHbKA777 ($6.29 in chips) 
Seat 2: Swaz85 ($7.51 in chips) 
Seat 3: Bebzunski ($7.34 in chips) 
Seat 4: rsavir ($5.31 in chips) 
Seat 6: Dorex2007 ($5.06 in chips) 
Seat 7: TheBlade8525 ($5 in chips) 
Seat 8: zanozaN1 ($5.85 in chips) 
Seat 9: Nelisnils ($5 in chips) 
Dorex2007: posts small blind $0.02
TheBlade8525: posts big blind $0.05
*** HOLE CARDS ***
Dealt to Dorex2007 [Jc 5d]
zanozaN1: calls $0.05
Nelisnils: folds 
ACEHbKA777: folds 
Swaz85: folds 
Bebzunski: calls $0.05
rsavir: folds 
Dorex2007: folds 
TheBlade8525: checks 
*** FLOP *** [9s 4h 6h]
TheBlade8525: checks 
zanozaN1: bets $0.10
Bebzunski: folds 
TheBlade8525: folds 
Uncalled bet ($0.10) returned to zanozaN1
zanozaN1 collected $0.16 from pot
*** SUMMARY ***
Total pot $0.17 | Rake $0.01 
Board [9s 4h 6h]
Seat 1: ACEHbKA777 folded before Flop (didn't bet)
Seat 2: Swaz85 folded before Flop (didn't bet)
Seat 3: Bebzunski folded on the Flop
Seat 4: rsavir (button) folded before Flop (didn't bet)
Seat 6: Dorex2007 (small blind) folded before Flop
Seat 7: TheBlade8525 (big blind) folded on the Flop
Seat 8: zanozaN1 collected ($0.16)
Seat 9: Nelisnils folded before Flop (didn't bet)



PokerStars Hand #237529285519:  Hold'em No Limit ($0.02/$0.05 USD) - 2022/07/23 0:49:02 PT [2022/07/23 3:49:02 ET]
Table 'Lugduna' 9-max Seat #6 is the button
Seat 1: ACEHbKA777 ($6.29 in chips) 
Seat 2: Swaz85 ($7.51 in chips) 
Seat 3: Bebzunski ($7.29 in chips) 
Seat 4: rsavir ($5.31 in chips) 
Seat 6: Dorex2007 ($5.04 in chips) 
Seat 7: TheBlade8525 ($5 in chips) 
Seat 8: zanozaN1 ($5.96 in chips) 
Seat 9: Nelisnils ($5 in chips) 
TheBlade8525: posts small blind $0.02
zanozaN1: posts big blind $0.05
*** HOLE CARDS ***
Dealt to Dorex2007 [Qs 7d]
Nelisnils: folds 
ACEHbKA777: folds 
Swaz85: folds 
Bebzunski: folds 
rsavir: folds 
Dorex2007: folds 
TheBlade8525: raises $0.10 to $0.15
furaromniaate joins the table at seat #5 
zanozaN1: raises $1.25 to $1.40
TheBlade8525: folds 
Uncalled bet ($1.25) returned to zanozaN1
zanozaN1 collected $0.30 from pot
*** SUMMARY ***
Total pot $0.30 | Rake $0 
Seat 1: ACEHbKA777 folded before Flop (didn't bet)
Seat 2: Swaz85 folded before Flop (didn't bet)
Seat 3: Bebzunski folded before Flop (didn't bet)
Seat 4: rsavir folded before Flop (didn't bet)
Seat 6: Dorex2007 (button) folded before Flop (didn't bet)
Seat 7: TheBlade8525 (small blind) folded before Flop
Seat 8: zanozaN1 (big blind) collected ($0.30)
Seat 9: Nelisnils folded before Flop (didn't bet)



PokerStars Hand #237529288915:  Hold'em No Limit ($0.02/$0.05 USD) - 2022/07/23 0:49:29 PT [2022/07/23 3:49:29 ET]
Table 'Lugduna' 9-max Seat #7 is the button
Seat 1: ACEHbKA777 ($6.29 in chips) 
Seat 2: Swaz85 ($7.51 in chips) 
Seat 3: Bebzunski ($7.29 in chips) 
Seat 4: rsavir ($5.31 in chips) 
Seat 6: Dorex2007 ($5.04 in chips) 
Seat 7: TheBlade8525 ($5 in chips) 
Seat 8: zanozaN1 ($6.11 in chips) 
Seat 9: Nelisnils ($5 in chips) 
zanozaN1: posts small blind $0.02
Nelisnils: posts big blind $0.05
furaromniaate: sits out 
*** HOLE CARDS ***
Dealt to Dorex2007 [4s 2h]
ACEHbKA777: folds 
Swaz85: folds 
Bebzunski: raises $0.10 to $0.15
rsavir: folds 
Dorex2007: folds 
TheBlade8525: calls $0.15
zanozaN1: folds 
Nelisnils: folds 
*** FLOP *** [Th Qh Ac]
Bebzunski: bets $0.23
TheBlade8525: calls $0.23
*** TURN *** [Th Qh Ac] [Jh]
Bebzunski: bets $0.53
TheBlade8525: folds 
Uncalled bet ($0.53) returned to Bebzunski
Bebzunski collected $0.80 from pot
*** SUMMARY ***
Total pot $0.83 | Rake $0.03 
Board [Th Qh Ac Jh]
Seat 1: ACEHbKA777 folded before Flop (didn't bet)
Seat 2: Swaz85 folded before Flop (didn't bet)
Seat 3: Bebzunski collected ($0.80)
Seat 4: rsavir folded before Flop (didn't bet)
Seat 6: Dorex2007 folded before Flop (didn't bet)
Seat 7: TheBlade8525 (button) folded on the Turn
Seat 8: zanozaN1 (small blind) folded before Flop
Seat 9: Nelisnils (big blind) folded before Flop



PokerStars Hand #237529293034:  Hold'em No Limit ($0.02/$0.05 USD) - 2022/07/23 0:50:01 PT [2022/07/23 3:50:01 ET]
Table 'Lugduna' 9-max Seat #8 is the button
Seat 1: ACEHbKA777 ($6.29 in chips) 
Seat 2: Swaz85 ($7.51 in chips) 
Seat 3: Bebzunski ($7.71 in chips) 
Seat 4: rsavir ($5.31 in chips) 
Seat 6: Dorex2007 ($5.04 in chips) 
Seat 7: TheBlade8525 ($5 in chips) 
Seat 8: zanozaN1 ($6.09 in chips) 
Seat 9: Nelisnils ($4.95 in chips) 
Nelisnils: posts small blind $0.02
ACEHbKA777: posts big blind $0.05
furaromniaate: sits out 
*** HOLE CARDS ***
Dealt to Dorex2007 [7c 4s]
Swaz85: calls $0.05
Bebzunski: folds 
rsavir: folds 
Dorex2007: folds 
TheBlade8525: raises $0.17 to $0.22
zanozaN1: folds 
Nelisnils: folds 
ACEHbKA777: folds 
Swaz85: calls $0.17
*** FLOP *** [8h Th 5s]
Swaz85: checks 
TheBlade8525: bets $0.33
Swaz85: calls $0.33
*** TURN *** [8h Th 5s] [8c]
Swaz85: checks 
TheBlade8525: checks 
*** RIVER *** [8h Th 5s 8c] [6h]
Swaz85: bets $0.68
TheBlade8525: folds 
Uncalled bet ($0.68) returned to Swaz85
Swaz85 collected $1.11 from pot
*** SUMMARY ***
Total pot $1.17 | Rake $0.06 
Board [8h Th 5s 8c 6h]
Seat 1: ACEHbKA777 (big blind) folded before Flop
Seat 2: Swaz85 collected ($1.11)
Seat 3: Bebzunski folded before Flop (didn't bet)
Seat 4: rsavir folded before Flop (didn't bet)
Seat 6: Dorex2007 folded before Flop (didn't bet)
Seat 7: TheBlade8525 folded on the River
Seat 8: zanozaN1 (button) folded before Flop (didn't bet)
Seat 9: Nelisnils (small blind) folded before Flop



PokerStars Hand #237529299739:  Hold'em No Limit ($0.02/$0.05 USD) - 2022/07/23 0:50:53 PT [2022/07/23 3:50:53 ET]
Table 'Lugduna' 9-max Seat #9 is the button
Seat 1: ACEHbKA777 ($6.24 in chips) 
Seat 2: Swaz85 ($8.07 in chips) 
Seat 3: Bebzunski ($7.71 in chips) 
Seat 4: rsavir ($5.31 in chips) 
Seat 6: Dorex2007 ($5.04 in chips) 
Seat 7: TheBlade8525 ($5 in chips) 
Seat 8: zanozaN1 ($6.09 in chips) 
Seat 9: Nelisnils ($4.93 in chips) 
ACEHbKA777: posts small blind $0.02
Swaz85: posts big blind $0.05
furaromniaate: sits out 
*** HOLE CARDS ***
Dealt to Dorex2007 [Ac Ks]
Bebzunski: folds 
rsavir: folds 
Dorex2007: raises $0.10 to $0.15
TheBlade8525: folds 
zanozaN1: folds 
Nelisnils: folds 
ACEHbKA777: folds 
Swaz85: folds 
Uncalled bet ($0.10) returned to Dorex2007
Dorex2007 collected $0.12 from pot
*** SUMMARY ***
Total pot $0.12 | Rake $0 
Seat 1: ACEHbKA777 (small blind) folded before Flop
Seat 2: Swaz85 (big blind) folded before Flop
Seat 3: Bebzunski folded before Flop (didn't bet)
Seat 4: rsavir folded before Flop (didn't bet)
Seat 6: Dorex2007 collected ($0.12)
Seat 7: TheBlade8525 folded before Flop (didn't bet)
Seat 8: zanozaN1 folded before Flop (didn't bet)
Seat 9: Nelisnils (button) folded before Flop (didn't bet)



PokerStars Hand #237529303125:  Hold'em No Limit ($0.02/$0.05 USD) - 2022/07/23 0:51:19 PT [2022/07/23 3:51:19 ET]
Table 'Lugduna' 9-max Seat #1 is the button
Seat 1: ACEHbKA777 ($6.22 in chips) 
Seat 2: Swaz85 ($8.02 in chips) 
Seat 3: Bebzunski ($7.71 in chips) 
Seat 4: rsavir ($5.31 in chips) 
Seat 6: Dorex2007 ($5.11 in chips) 
Seat 7: TheBlade8525 ($5 in chips) 
Seat 8: zanozaN1 ($6.09 in chips) 
Seat 9: Nelisnils ($4.93 in chips) 
Swaz85: posts small blind $0.02
Bebzunski: posts big blind $0.05
furaromniaate: sits out 
*** HOLE CARDS ***
Dealt to Dorex2007 [Tc Qs]
rsavir: folds 
Dorex2007: folds 
TheBlade8525: folds 
zanozaN1: folds 
Nelisnils: folds 
ACEHbKA777: folds 
Swaz85: folds 
Uncalled bet ($0.03) returned to Bebzunski
Bebzunski collected $0.04 from pot
*** SUMMARY ***
Total pot $0.04 | Rake $0 
Seat 1: ACEHbKA777 (button) folded before Flop (didn't bet)
Seat 2: Swaz85 (small blind) folded before Flop
Seat 3: Bebzunski (big blind) collected ($0.04)
Seat 4: rsavir folded before Flop (didn't bet)
Seat 6: Dorex2007 folded before Flop (didn't bet)
Seat 7: TheBlade8525 folded before Flop (didn't bet)
Seat 8: zanozaN1 folded before Flop (didn't bet)
Seat 9: Nelisnils folded before Flop (didn't bet)



PokerStars Hand #237529305015:  Hold'em No Limit ($0.02/$0.05 USD) - 2022/07/23 0:51:34 PT [2022/07/23 3:51:34 ET]
Table 'Lugduna' 9-max Seat #2 is the button
Seat 1: ACEHbKA777 ($6.22 in chips) 
Seat 2: Swaz85 ($8 in chips) 
Seat 3: Bebzunski ($7.73 in chips) 
Seat 4: rsavir ($5.31 in chips) 
Seat 6: Dorex2007 ($5.11 in chips) 
Seat 7: TheBlade8525 ($5 in chips) 
Seat 8: zanozaN1 ($6.09 in chips) 
Seat 9: Nelisnils ($4.93 in chips) 
Bebzunski: posts small blind $0.02
rsavir: posts big blind $0.05
furaromniaate: sits out 
*** HOLE CARDS ***
Dealt to Dorex2007 [9s 7d]
Dorex2007: folds 
TheBlade8525: folds 
zanozaN1: folds 
Nelisnils: raises $0.10 to $0.15
ACEHbKA777: folds 
Swaz85: folds 
Bebzunski: folds 
rsavir: folds 
Uncalled bet ($0.10) returned to Nelisnils
Nelisnils collected $0.12 from pot
*** SUMMARY ***
Total pot $0.12 | Rake $0 
Seat 1: ACEHbKA777 folded before Flop (didn't bet)
Seat 2: Swaz85 (button) folded before Flop (didn't bet)
Seat 3: Bebzunski (small blind) folded before Flop
Seat 4: rsavir (big blind) folded before Flop
Seat 6: Dorex2007 folded before Flop (didn't bet)
Seat 7: TheBlade8525 folded before Flop (didn't bet)
Seat 8: zanozaN1 folded before Flop (didn't bet)
Seat 9: Nelisnils collected ($0.12)



PokerStars Hand #237529307391:  Hold'em No Limit ($0.02/$0.05 USD) - 2022/07/23 0:51:52 PT [2022/07/23 3:51:52 ET]
Table 'Lugduna' 9-max Seat #3 is the button
Seat 1: ACEHbKA777 ($6.22 in chips) 
Seat 2: Swaz85 ($8 in chips) 
Seat 3: Bebzunski ($7.71 in chips) 
Seat 4: rsavir ($5.26 in chips) 
Seat 5: furaromniaate ($4 in chips) 
Seat 6: Dorex2007 ($5.11 in chips) 
Seat 7: TheBlade8525 ($5 in chips) 
Seat 8: zanozaN1 ($6.09 in chips) 
Seat 9: Nelisnils ($5 in chips) 
rsavir: posts small blind $0.02
furaromniaate: posts big blind $0.05
*** HOLE CARDS ***
Dealt to Dorex2007 [8c 6c]
Dorex2007: folds 
TheBlade8525: raises $0.10 to $0.15
zanozaN1: folds 
Nelisnils: folds 
ACEHbKA777: folds 
Swaz85: calls $0.15
Bebzunski: folds 
rsavir: folds 
furaromniaate: calls $0.10
*** FLOP *** [3d As 2h]
furaromniaate: checks 
TheBlade8525: checks 
Swaz85: checks 
*** TURN *** [3d As 2h] [Ks]
furaromniaate: checks 
TheBlade8525: checks 
Swaz85: checks 
*** RIVER *** [3d As 2h Ks] [4s]
furaromniaate: checks 
TheBlade8525: checks 
Swaz85: checks 
*** SHOW DOWN ***
furaromniaate: shows [Td 6h] (high card Ace)
TheBlade8525: mucks hand 
Swaz85: shows [Tc 9c] (high card Ace - King+Ten+Nine kicker)
Swaz85 collected $0.45 from pot
*** SUMMARY ***
Total pot $0.47 | Rake $0.02 
Board [3d As 2h Ks 4s]
Seat 1: ACEHbKA777 folded before Flop (didn't bet)
Seat 2: Swaz85 showed [Tc 9c] and won ($0.45) with high card Ace
Seat 3: Bebzunski (button) folded before Flop (didn't bet)
Seat 4: rsavir (small blind) folded before Flop
Seat 5: furaromniaate (big blind) showed [Td 6h] and lost with high card Ace
Seat 6: Dorex2007 folded before Flop (didn't bet)
Seat 7: TheBlade8525 mucked [8d 7h]
Seat 8: zanozaN1 folded before Flop (didn't bet)
Seat 9: Nelisnils folded before Flop (didn't bet)



PokerStars Hand #237529313824:  Hold'em No Limit ($0.02/$0.05 USD) - 2022/07/23 0:52:41 PT [2022/07/23 3:52:41 ET]
Table 'Lugduna' 9-max Seat #4 is the button
Seat 1: ACEHbKA777 ($6.22 in chips) 
Seat 2: Swaz85 ($8.30 in chips) 
Seat 3: Bebzunski ($7.71 in chips) 
Seat 4: rsavir ($5.24 in chips) 
Seat 5: furaromniaate ($3.85 in chips) 
Seat 6: Dorex2007 ($5.11 in chips) 
Seat 7: TheBlade8525 ($5 in chips) 
Seat 8: zanozaN1 ($6.09 in chips) 
Seat 9: Nelisnils ($5 in chips) 
furaromniaate: posts small blind $0.02
Dorex2007: posts big blind $0.05
*** HOLE CARDS ***
Dealt to Dorex2007 [Ts 6c]
TheBlade8525: folds 
zanozaN1: folds 
Nelisnils: folds 
ACEHbKA777: folds 
Swaz85: folds 
Bebzunski: folds 
rsavir: calls $0.05
furaromniaate: calls $0.03
Dorex2007: checks 
*** FLOP *** [9s Qc 9h]
furaromniaate: checks 
Dorex2007: checks 
rsavir: bets $0.07
furaromniaate: calls $0.07
Dorex2007: folds 
*** TURN *** [9s Qc 9h] [Ac]
furaromniaate: checks 
rsavir: checks 
*** RIVER *** [9s Qc 9h Ac] [Qs]
furaromniaate: bets $0.30
rsavir: folds 
Uncalled bet ($0.30) returned to furaromniaate
furaromniaate collected $0.28 from pot
*** SUMMARY ***
Total pot $0.29 | Rake $0.01 
Board [9s Qc 9h Ac Qs]
Seat 1: ACEHbKA777 folded before Flop (didn't bet)
Seat 2: Swaz85 folded before Flop (didn't bet)
Seat 3: Bebzunski folded before Flop (didn't bet)
Seat 4: rsavir (button) folded on the River
Seat 5: furaromniaate (small blind) collected ($0.28)
Seat 6: Dorex2007 (big blind) folded on the Flop
Seat 7: TheBlade8525 folded before Flop (didn't bet)
Seat 8: zanozaN1 folded before Flop (didn't bet)
Seat 9: Nelisnils folded before Flop (didn't bet)



PokerStars Hand #237529319932:  Hold'em No Limit ($0.02/$0.05 USD) - 2022/07/23 0:53:28 PT [2022/07/23 3:53:28 ET]
Table 'Lugduna' 9-max Seat #5 is the button
Seat 1: ACEHbKA777 ($6.22 in chips) 
Seat 2: Swaz85 ($8.30 in chips) 
Seat 3: Bebzunski ($7.71 in chips) 
Seat 4: rsavir ($5.12 in chips) 
Seat 5: furaromniaate ($4.01 in chips) 
Seat 6: Dorex2007 ($5.06 in chips) 
Seat 7: TheBlade8525 ($5 in chips) 
Seat 8: zanozaN1 ($6.09 in chips) 
Seat 9: Nelisnils ($5 in chips) 
Dorex2007: posts small blind $0.02
TheBlade8525: posts big blind $0.05
*** HOLE CARDS ***
Dealt to Dorex2007 [Ts Jc]
zanozaN1: folds 
Nelisnils: folds 
ACEHbKA777: raises $0.10 to $0.15
Swaz85: folds 
Bebzunski: folds 
rsavir: folds 
furaromniaate: folds 
Dorex2007: calls $0.13
TheBlade8525: calls $0.10
*** FLOP *** [6d 7d Kd]
Dorex2007: checks 
TheBlade8525: checks 
ACEHbKA777: bets $0.21
Dorex2007: folds 
TheBlade8525: folds 
Uncalled bet ($0.21) returned to ACEHbKA777
ACEHbKA777 collected $0.43 from pot
*** SUMMARY ***
Total pot $0.45 | Rake $0.02 
Board [6d 7d Kd]
Seat 1: ACEHbKA777 collected ($0.43)
Seat 2: Swaz85 folded before Flop (didn't bet)
Seat 3: Bebzunski folded before Flop (didn't bet)
Seat 4: rsavir folded before Flop (didn't bet)
Seat 5: furaromniaate (button) folded before Flop (didn't bet)
Seat 6: Dorex2007 (small blind) folded on the Flop
Seat 7: TheBlade8525 (big blind) folded on the Flop
Seat 8: zanozaN1 folded before Flop (didn't bet)
Seat 9: Nelisnils folded before Flop (didn't bet)



PokerStars Hand #237529326300:  Hold'em No Limit ($0.02/$0.05 USD) - 2022/07/23 0:54:18 PT [2022/07/23 3:54:18 ET]
Table 'Lugduna' 9-max Seat #6 is the button
Seat 1: ACEHbKA777 ($6.50 in chips) 
Seat 2: Swaz85 ($8.30 in chips) 
Seat 3: Bebzunski ($7.71 in chips) 
Seat 4: rsavir ($5.12 in chips) 
Seat 5: furaromniaate ($4.01 in chips) 
Seat 6: Dorex2007 ($5 in chips) 
Seat 7: TheBlade8525 ($5 in chips) 
Seat 8: zanozaN1 ($6.09 in chips) 
Seat 9: Nelisnils ($5 in chips) 
TheBlade8525: posts small blind $0.02
zanozaN1: posts big blind $0.05
*** HOLE CARDS ***
Dealt to Dorex2007 [2s 4c]
Nelisnils: folds 
ACEHbKA777: folds 
Swaz85: folds 
Bebzunski: folds 
rsavir: calls $0.05
furaromniaate: folds 
Dorex2007: folds 
TheBlade8525: calls $0.03
zanozaN1: checks 
*** FLOP *** [7d 4d 2c]
TheBlade8525: bets $0.14
zanozaN1: folds 
rsavir: folds 
Uncalled bet ($0.14) returned to TheBlade8525
TheBlade8525 collected $0.14 from pot
*** SUMMARY ***
Total pot $0.15 | Rake $0.01 
Board [7d 4d 2c]
Seat 1: ACEHbKA777 folded before Flop (didn't bet)
Seat 2: Swaz85 folded before Flop (didn't bet)
Seat 3: Bebzunski folded before Flop (didn't bet)
Seat 4: rsavir folded on the Flop
Seat 5: furaromniaate folded before Flop (didn't bet)
Seat 6: Dorex2007 (button) folded before Flop (didn't bet)
Seat 7: TheBlade8525 (small blind) collected ($0.14)
Seat 8: zanozaN1 (big blind) folded on the Flop
Seat 9: Nelisnils folded before Flop (didn't bet)



PokerStars Hand #237529329619:  Hold'em No Limit ($0.02/$0.05 USD) - 2022/07/23 0:54:44 PT [2022/07/23 3:54:44 ET]
Table 'Lugduna' 9-max Seat #7 is the button
Seat 1: ACEHbKA777 ($6.50 in chips) 
Seat 2: Swaz85 ($8.30 in chips) 
Seat 3: Bebzunski ($7.71 in chips) 
Seat 4: rsavir ($5.07 in chips) 
Seat 5: furaromniaate ($4.01 in chips) 
Seat 6: Dorex2007 ($5 in chips) 
Seat 7: TheBlade8525 ($5.09 in chips) 
Seat 8: zanozaN1 ($6.04 in chips) 
Seat 9: Nelisnils ($5 in chips) 
zanozaN1: posts small blind $0.02
Nelisnils: posts big blind $0.05
*** HOLE CARDS ***
Dealt to Dorex2007 [Qs Ad]
ACEHbKA777: folds 
Swaz85: folds 
Bebzunski: folds 
rsavir: folds 
furaromniaate has timed out
furaromniaate: folds 
Dorex2007: raises $0.10 to $0.15
TheBlade8525: folds 
zanozaN1: folds 
Nelisnils: calls $0.10
*** FLOP *** [Ts 3c 3h]
Nelisnils: checks 
Dorex2007: checks 
*** TURN *** [Ts 3c 3h] [As]
Nelisnils: bets $0.20
Dorex2007: raises $0.20 to $0.40
Nelisnils: calls $0.20
*** RIVER *** [Ts 3c 3h As] [Qc]
Nelisnils: checks 
Dorex2007: bets $0.71
Nelisnils: calls $0.71
*** SHOW DOWN ***
Dorex2007: shows [Qs Ad] (two pair, Aces and Queens)
Nelisnils: mucks hand 
Dorex2007 collected $2.43 from pot
*** SUMMARY ***
Total pot $2.54 | Rake $0.11 
Board [Ts 3c 3h As Qc]
Seat 1: ACEHbKA777 folded before Flop (didn't bet)
Seat 2: Swaz85 folded before Flop (didn't bet)
Seat 3: Bebzunski folded before Flop (didn't bet)
Seat 4: rsavir folded before Flop (didn't bet)
Seat 5: furaromniaate folded before Flop (didn't bet)
Seat 6: Dorex2007 showed [Qs Ad] and won ($2.43) with two pair, Aces and Queens
Seat 7: TheBlade8525 (button) folded before Flop (didn't bet)
Seat 8: zanozaN1 (small blind) folded before Flop
Seat 9: Nelisnils (big blind) mucked [Tc Ac]



PokerStars Hand #237529335918:  Hold'em No Limit ($0.02/$0.05 USD) - 2022/07/23 0:55:35 PT [2022/07/23 3:55:35 ET]
Table 'Lugduna' 9-max Seat #8 is the button
Seat 1: ACEHbKA777 ($6.50 in chips) 
Seat 2: Swaz85 ($8.30 in chips) 
Seat 3: Bebzunski ($7.71 in chips) 
Seat 4: rsavir ($5.07 in chips) 
Seat 5: furaromniaate ($4.01 in chips) 
Seat 6: Dorex2007 ($6.17 in chips) 
Seat 7: TheBlade8525 ($5.09 in chips) 
Seat 8: zanozaN1 ($6.02 in chips) 
Seat 9: Nelisnils ($3.74 in chips) 
Nelisnils: posts small blind $0.02
ACEHbKA777: posts big blind $0.05
*** HOLE CARDS ***
Dealt to Dorex2007 [6c Kd]
Swaz85: calls $0.05
Bebzunski: folds 
rsavir: folds 
furaromniaate: folds 
Dorex2007: folds 
TheBlade8525: raises $0.17 to $0.22
zanozaN1: folds 
Nelisnils: folds 
ACEHbKA777: folds 
Swaz85: calls $0.17
*** FLOP *** [2d Ks Kh]
Swaz85: checks 
TheBlade8525: checks 
*** TURN *** [2d Ks Kh] [5s]
Swaz85: checks 
TheBlade8525: bets $0.33
Swaz85: folds 
Uncalled bet ($0.33) returned to TheBlade8525
TheBlade8525 collected $0.49 from pot
*** SUMMARY ***
Total pot $0.51 | Rake $0.02 
Board [2d Ks Kh 5s]
Seat 1: ACEHbKA777 (big blind) folded before Flop
Seat 2: Swaz85 folded on the Turn
Seat 3: Bebzunski folded before Flop (didn't bet)
Seat 4: rsavir folded before Flop (didn't bet)
Seat 5: furaromniaate folded before Flop (didn't bet)
Seat 6: Dorex2007 folded before Flop (didn't bet)
Seat 7: TheBlade8525 collected ($0.49)
Seat 8: zanozaN1 (button) folded before Flop (didn't bet)
Seat 9: Nelisnils (small blind) folded before Flop



PokerStars Hand #237529341018:  Hold'em No Limit ($0.02/$0.05 USD) - 2022/07/23 0:56:20 PT [2022/07/23 3:56:20 ET]
Table 'Lugduna' 9-max Seat #9 is the button
Seat 1: ACEHbKA777 ($6.45 in chips) 
Seat 2: Swaz85 ($8.08 in chips) 
Seat 3: Bebzunski ($7.71 in chips) 
Seat 4: rsavir ($5.07 in chips) 
Seat 5: furaromniaate ($4.01 in chips) 
Seat 6: Dorex2007 ($6.17 in chips) 
Seat 7: TheBlade8525 ($5.36 in chips) 
Seat 8: zanozaN1 ($6.02 in chips) 
Seat 9: Nelisnils ($3.72 in chips) 
ACEHbKA777: posts small blind $0.02
Swaz85: posts big blind $0.05
*** HOLE CARDS ***
Dealt to Dorex2007 [Ad 6h]
Bebzunski: folds 
rsavir: folds 
furaromniaate: folds 
Dorex2007: folds 
TheBlade8525: raises $0.10 to $0.15
zanozaN1: folds 
Nelisnils: folds 
ACEHbKA777: folds 
Swaz85: folds 
Uncalled bet ($0.10) returned to TheBlade8525
TheBlade8525 collected $0.12 from pot
*** SUMMARY ***
Total pot $0.12 | Rake $0 
Seat 1: ACEHbKA777 (small blind) folded before Flop
Seat 2: Swaz85 (big blind) folded before Flop
Seat 3: Bebzunski folded before Flop (didn't bet)
Seat 4: rsavir folded before Flop (didn't bet)
Seat 5: furaromniaate folded before Flop (didn't bet)
Seat 6: Dorex2007 folded before Flop (didn't bet)
Seat 7: TheBlade8525 collected ($0.12)
Seat 8: zanozaN1 folded before Flop (didn't bet)
Seat 9: Nelisnils (button) folded before Flop (didn't bet)



PokerStars Hand #237529343420:  Hold'em No Limit ($0.02/$0.05 USD) - 2022/07/23 0:56:41 PT [2022/07/23 3:56:41 ET]
Table 'Lugduna' 9-max Seat #1 is the button
Seat 1: ACEHbKA777 ($6.43 in chips) 
Seat 2: Swaz85 ($8.03 in chips) 
Seat 4: rsavir ($5.07 in chips) 
Seat 5: furaromniaate ($4.01 in chips) 
Seat 6: Dorex2007 ($6.17 in chips) 
Seat 7: TheBlade8525 ($5.43 in chips) 
Seat 8: zanozaN1 ($6.02 in chips) 
Seat 9: Nelisnils ($3.72 in chips) 
Swaz85: posts small blind $0.02
Bebzunski: is sitting out 
rsavir: posts big blind $0.05
*** HOLE CARDS ***
Dealt to Dorex2007 [9h 3s]
Bebzunski leaves the table
amiblu44in joins the table at seat #3 
furaromniaate: folds 
Dorex2007: folds 
TheBlade8525: folds 
zanozaN1: folds 
Nelisnils: folds 
ACEHbKA777: raises $0.10 to $0.15
Swaz85: folds 
rsavir: calls $0.10
*** FLOP *** [2c Ks Jh]
rsavir: checks 
ACEHbKA777: bets $0.15
rsavir: folds 
Uncalled bet ($0.15) returned to ACEHbKA777
ACEHbKA777 collected $0.31 from pot
*** SUMMARY ***
Total pot $0.32 | Rake $0.01 
Board [2c Ks Jh]
Seat 1: ACEHbKA777 (button) collected ($0.31)
Seat 2: Swaz85 (small blind) folded before Flop
Seat 4: rsavir (big blind) folded on the Flop
Seat 5: furaromniaate folded before Flop (didn't bet)
Seat 6: Dorex2007 folded before Flop (didn't bet)
Seat 7: TheBlade8525 folded before Flop (didn't bet)
Seat 8: zanozaN1 folded before Flop (didn't bet)
Seat 9: Nelisnils folded before Flop (didn't bet)



PokerStars Hand #237529347035:  Hold'em No Limit ($0.02/$0.05 USD) - 2022/07/23 0:57:13 PT [2022/07/23 3:57:13 ET]
Table 'Lugduna' 9-max Seat #2 is the button
Seat 1: ACEHbKA777 ($6.59 in chips) 
Seat 2: Swaz85 ($8.01 in chips) 
Seat 4: rsavir ($4.92 in chips) 
Seat 5: furaromniaate ($4.01 in chips) 
Seat 6: Dorex2007 ($6.17 in chips) 
Seat 7: TheBlade8525 ($5.43 in chips) 
Seat 8: zanozaN1 ($6.02 in chips) 
Seat 9: Nelisnils ($3.72 in chips) 
rsavir: posts small blind $0.02
furaromniaate: posts big blind $0.05
*** HOLE CARDS ***
Dealt to Dorex2007 [5s 6c]
Dorex2007: folds 
TheBlade8525: raises $0.10 to $0.15
zanozaN1: folds 
Nelisnils: calls $0.15
ACEHbKA777: folds 
Swaz85: folds 
rsavir: folds 
furaromniaate: calls $0.10
*** FLOP *** [8h 3c 7s]
furaromniaate: bets $0.10
TheBlade8525: folds 
Nelisnils: raises $0.33 to $0.43
furaromniaate: folds 
Uncalled bet ($0.33) returned to Nelisnils
Nelisnils collected $0.64 from pot
*** SUMMARY ***
Total pot $0.67 | Rake $0.03 
Board [8h 3c 7s]
Seat 1: ACEHbKA777 folded before Flop (didn't bet)
Seat 2: Swaz85 (button) folded before Flop (didn't bet)
Seat 4: rsavir (small blind) folded before Flop
Seat 5: furaromniaate (big blind) folded on the Flop
Seat 6: Dorex2007 folded before Flop (didn't bet)
Seat 7: TheBlade8525 folded on the Flop
Seat 8: zanozaN1 folded before Flop (didn't bet)
Seat 9: Nelisnils collected ($0.64)



PokerStars Hand #237529351237:  Hold'em No Limit ($0.02/$0.05 USD) - 2022/07/23 0:57:50 PT [2022/07/23 3:57:50 ET]
Table 'Lugduna' 9-max Seat #4 is the button
Seat 1: ACEHbKA777 ($6.59 in chips) 
Seat 2: Swaz85 ($8.01 in chips) 
Seat 3: amiblu44in ($2.02 in chips) 
Seat 4: rsavir ($4.90 in chips) 
Seat 5: furaromniaate ($3.76 in chips) 
Seat 6: Dorex2007 ($6.17 in chips) 
Seat 7: TheBlade8525 ($5.28 in chips) 
Seat 8: zanozaN1 ($6.02 in chips) 
Seat 9: Nelisnils ($4.11 in chips) 
furaromniaate: posts small blind $0.02
Dorex2007: posts big blind $0.05
amiblu44in: posts big blind $0.05
*** HOLE CARDS ***
Dealt to Dorex2007 [Qd 5s]
TheBlade8525: folds 
zanozaN1: folds 
Nelisnils: folds 
ACEHbKA777: folds 
Swaz85: folds 
amiblu44in: checks 
rsavir: calls $0.05
furaromniaate: calls $0.03
Dorex2007: checks 
*** FLOP *** [Th 3s Js]
furaromniaate: checks 
Dorex2007: checks 
amiblu44in: checks 
rsavir: bets $0.10
furaromniaate: calls $0.10
Dorex2007: folds 
amiblu44in: calls $0.10
*** TURN *** [Th 3s Js] [4c]
furaromniaate: bets $0.19
amiblu44in: calls $0.19
rsavir: calls $0.19
*** RIVER *** [Th 3s Js 4c] [8c]
furaromniaate: checks 
amiblu44in: checks 
rsavir: bets $1.03
furaromniaate: folds 
amiblu44in: folds 
Uncalled bet ($1.03) returned to rsavir
rsavir collected $1.03 from pot
*** SUMMARY ***
Total pot $1.07 | Rake $0.04 
Board [Th 3s Js 4c 8c]
Seat 1: ACEHbKA777 folded before Flop (didn't bet)
Seat 2: Swaz85 folded before Flop (didn't bet)
Seat 3: amiblu44in folded on the River
Seat 4: rsavir (button) collected ($1.03)
Seat 5: furaromniaate (small blind) folded on the River
Seat 6: Dorex2007 (big blind) folded on the Flop
Seat 7: TheBlade8525 folded before Flop (didn't bet)
Seat 8: zanozaN1 folded before Flop (didn't bet)
Seat 9: Nelisnils folded before Flop (didn't bet)



PokerStars Hand #237529362402:  Hold'em No Limit ($0.02/$0.05 USD) - 2022/07/23 0:59:27 PT [2022/07/23 3:59:27 ET]
Table 'Lugduna' 9-max Seat #5 is the button
Seat 1: ACEHbKA777 ($6.59 in chips) 
Seat 2: Swaz85 ($8.01 in chips) 
Seat 3: amiblu44in ($1.68 in chips) 
Seat 4: rsavir ($5.59 in chips) 
Seat 5: furaromniaate ($3.42 in chips) 
Seat 6: Dorex2007 ($6.12 in chips) 
Seat 7: TheBlade8525 ($5.28 in chips) 
Seat 8: zanozaN1 ($6.02 in chips) 
Seat 9: Nelisnils ($4.11 in chips) 
Dorex2007: posts small blind $0.02
TheBlade8525: posts big blind $0.05
*** HOLE CARDS ***
Dealt to Dorex2007 [Jc 7d]
zanozaN1: folds 
Nelisnils: folds 
ACEHbKA777: folds 
Swaz85: raises $0.10 to $0.15
amiblu44in: calls $0.15
rsavir: calls $0.15
furaromniaate: folds 
Dorex2007: folds 
TheBlade8525: calls $0.10
*** FLOP *** [2s 8d 4d]
TheBlade8525: checks 
Swaz85: bets $0.38
amiblu44in: calls $0.38
rsavir: folds 
TheBlade8525: folds 
*** TURN *** [2s 8d 4d] [7c]
Swaz85: bets $1.16
amiblu44in: folds 
Uncalled bet ($1.16) returned to Swaz85
Swaz85 collected $1.30 from pot
*** SUMMARY ***
Total pot $1.38 | Rake $0.08 
Board [2s 8d 4d 7c]
Seat 1: ACEHbKA777 folded before Flop (didn't bet)
Seat 2: Swaz85 collected ($1.30)
Seat 3: amiblu44in folded on the Turn
Seat 4: rsavir folded on the Flop
Seat 5: furaromniaate (button) folded before Flop (didn't bet)
Seat 6: Dorex2007 (small blind) folded before Flop
Seat 7: TheBlade8525 (big blind) folded on the Flop
Seat 8: zanozaN1 folded before Flop (didn't bet)
Seat 9: Nelisnils folded before Flop (didn't bet)



PokerStars Hand #237529366684:  Hold'em No Limit ($0.02/$0.05 USD) - 2022/07/23 1:00:05 PT [2022/07/23 4:00:05 ET]
Table 'Lugduna' 9-max Seat #6 is the button
Seat 1: ACEHbKA777 ($6.59 in chips) 
Seat 2: Swaz85 ($8.78 in chips) 
Seat 3: amiblu44in ($1.15 in chips) 
Seat 4: rsavir ($5.44 in chips) 
Seat 5: furaromniaate ($3.42 in chips) 
Seat 6: Dorex2007 ($6.10 in chips) 
Seat 7: TheBlade8525 ($5.13 in chips) 
Seat 8: zanozaN1 ($6.02 in chips) 
Seat 9: Nelisnils ($4.11 in chips) 
TheBlade8525: posts small blind $0.02
zanozaN1: posts big blind $0.05
*** HOLE CARDS ***
Dealt to Dorex2007 [Qd 9h]
Nelisnils: folds 
ACEHbKA777: raises $0.10 to $0.15
Swaz85: folds 
amiblu44in: calls $0.15
rsavir: calls $0.15
furaromniaate: calls $0.15
Dorex2007: folds 
TheBlade8525: folds 
zanozaN1: folds 
*** FLOP *** [Kc 5s 3d]
ACEHbKA777: bets $0.31
amiblu44in: calls $0.31
rsavir: folds 
furaromniaate: folds 
*** TURN *** [Kc 5s 3d] [Kd]
ACEHbKA777: bets $1.24
amiblu44in: folds 
Uncalled bet ($1.24) returned to ACEHbKA777
ACEHbKA777 collected $1.24 from pot
*** SUMMARY ***
Total pot $1.29 | Rake $0.05 
Board [Kc 5s 3d Kd]
Seat 1: ACEHbKA777 collected ($1.24)
Seat 2: Swaz85 folded before Flop (didn't bet)
Seat 3: amiblu44in folded on the Turn
Seat 4: rsavir folded on the Flop
Seat 5: furaromniaate folded on the Flop
Seat 6: Dorex2007 (button) folded before Flop (didn't bet)
Seat 7: TheBlade8525 (small blind) folded before Flop
Seat 8: zanozaN1 (big blind) folded before Flop
Seat 9: Nelisnils folded before Flop (didn't bet)



PokerStars Hand #237529371222:  Hold'em No Limit ($0.02/$0.05 USD) - 2022/07/23 1:00:44 PT [2022/07/23 4:00:44 ET]
Table 'Lugduna' 9-max Seat #7 is the button
Seat 1: ACEHbKA777 ($7.37 in chips) 
Seat 2: Swaz85 ($8.78 in chips) 
Seat 3: amiblu44in ($0.69 in chips) 
Seat 4: rsavir ($5.29 in chips) 
Seat 5: furaromniaate ($3.27 in chips) 
Seat 6: Dorex2007 ($6.10 in chips) 
Seat 7: TheBlade8525 ($5.11 in chips) 
Seat 8: zanozaN1 ($5.97 in chips) 
Seat 9: Nelisnils ($4.11 in chips) 
zanozaN1: posts small blind $0.02
Nelisnils: posts big blind $0.05
*** HOLE CARDS ***
Dealt to Dorex2007 [2h 2d]
ACEHbKA777: folds 
Swaz85: folds 
amiblu44in: calls $0.05
rsavir: folds 
furaromniaate: raises $0.15 to $0.20
Dorex2007: folds 
TheBlade8525: calls $0.20
zanozaN1: folds 
Nelisnils: folds 
amiblu44in: calls $0.15
*** FLOP *** [As 2c 8c]
amiblu44in: checks 
furaromniaate: bets $0.26
TheBlade8525: folds 
amiblu44in: calls $0.26
*** TURN *** [As 2c 8c] [2s]
amiblu44in: checks 
furaromniaate: bets $0.46
amiblu44in: folds 
Uncalled bet ($0.46) returned to furaromniaate
furaromniaate collected $1.13 from pot
*** SUMMARY ***
Total pot $1.19 | Rake $0.06 
Board [As 2c 8c 2s]
Seat 1: ACEHbKA777 folded before Flop (didn't bet)
Seat 2: Swaz85 folded before Flop (didn't bet)
Seat 3: amiblu44in folded on the Turn
Seat 4: rsavir folded before Flop (didn't bet)
Seat 5: furaromniaate collected ($1.13)
Seat 6: Dorex2007 folded before Flop (didn't bet)
Seat 7: TheBlade8525 (button) folded on the Flop
Seat 8: zanozaN1 (small blind) folded before Flop
Seat 9: Nelisnils (big blind) folded before Flop



PokerStars Hand #237529376607:  Hold'em No Limit ($0.02/$0.05 USD) - 2022/07/23 1:01:26 PT [2022/07/23 4:01:26 ET]
Table 'Lugduna' 9-max Seat #8 is the button
Seat 1: ACEHbKA777 ($7.37 in chips) 
Seat 2: Swaz85 ($8.78 in chips) 
Seat 3: amiblu44in ($0.23 in chips) 
Seat 4: rsavir ($5.29 in chips) 
Seat 5: furaromniaate ($3.94 in chips) 
Seat 6: Dorex2007 ($6.10 in chips) 
Seat 7: TheBlade8525 ($5 in chips) 
Seat 8: zanozaN1 ($5.95 in chips) 
Seat 9: Nelisnils ($4.06 in chips) 
Nelisnils: posts small blind $0.02
ACEHbKA777: posts big blind $0.05
*** HOLE CARDS ***
Dealt to Dorex2007 [6s 3s]
Swaz85: folds 
amiblu44in: raises $0.18 to $0.23 and is all-in
rsavir: folds 
furaromniaate: folds 
Dorex2007: folds 
TheBlade8525: folds 
zanozaN1: folds 
Nelisnils: calls $0.21
ACEHbKA777: folds 
*** FLOP *** [Kd 6c Qh]
*** TURN *** [Kd 6c Qh] [Qs]
*** RIVER *** [Kd 6c Qh Qs] [Ts]
*** SHOW DOWN ***
Nelisnils: shows [Qc Jd] (three of a kind, Queens)
amiblu44in: shows [9c 7d] (a pair of Queens)
Nelisnils collected $0.49 from pot
*** SUMMARY ***
Total pot $0.51 | Rake $0.02 
Board [Kd 6c Qh Qs Ts]
Seat 1: ACEHbKA777 (big blind) folded before Flop
Seat 2: Swaz85 folded before Flop (didn't bet)
Seat 3: amiblu44in showed [9c 7d] and lost with a pair of Queens
Seat 4: rsavir folded before Flop (didn't bet)
Seat 5: furaromniaate folded before Flop (didn't bet)
Seat 6: Dorex2007 folded before Flop (didn't bet)
Seat 7: TheBlade8525 folded before Flop (didn't bet)
Seat 8: zanozaN1 (button) folded before Flop (didn't bet)
Seat 9: Nelisnils (small blind) showed [Qc Jd] and won ($0.49) with three of a kind, Queens



PokerStars Hand #237529382087:  Hold'em No Limit ($0.02/$0.05 USD) - 2022/07/23 1:02:09 PT [2022/07/23 4:02:09 ET]
Table 'Lugduna' 9-max Seat #9 is the button
Seat 1: ACEHbKA777 ($7.32 in chips) 
Seat 2: Swaz85 ($8.78 in chips) 
Seat 4: rsavir ($5.29 in chips) 
Seat 5: furaromniaate ($3.94 in chips) 
Seat 6: Dorex2007 ($6.10 in chips) 
Seat 7: TheBlade8525 ($5 in chips) 
Seat 8: zanozaN1 ($5.95 in chips) 
Seat 9: Nelisnils ($4.32 in chips) 
ACEHbKA777: posts small blind $0.02
Swaz85: posts big blind $0.05
*** HOLE CARDS ***
Dealt to Dorex2007 [Kc 2c]
rsavir: folds 
furaromniaate: folds 
Dorex2007: folds 
TheBlade8525: raises $0.10 to $0.15
zanozaN1: folds 
Nelisnils: raises $0.37 to $0.52
ACEHbKA777: folds 
Swaz85: folds 
TheBlade8525: folds 
Uncalled bet ($0.37) returned to Nelisnils
Nelisnils collected $0.37 from pot
*** SUMMARY ***
Total pot $0.37 | Rake $0 
Seat 1: ACEHbKA777 (small blind) folded before Flop
Seat 2: Swaz85 (big blind) folded before Flop
Seat 4: rsavir folded before Flop (didn't bet)
Seat 5: furaromniaate folded before Flop (didn't bet)
Seat 6: Dorex2007 folded before Flop (didn't bet)
Seat 7: TheBlade8525 folded before Flop
Seat 8: zanozaN1 folded before Flop (didn't bet)
Seat 9: Nelisnils (button) collected ($0.37)



PokerStars Hand #237529384793:  Hold'em No Limit ($0.02/$0.05 USD) - 2022/07/23 1:02:30 PT [2022/07/23 4:02:30 ET]
Table 'Lugduna' 9-max Seat #1 is the button
Seat 1: ACEHbKA777 ($7.30 in chips) 
Seat 2: Swaz85 ($8.73 in chips) 
Seat 3: amiblu44in ($3.27 in chips) 
Seat 4: rsavir ($5.29 in chips) 
Seat 5: furaromniaate ($3.94 in chips) 
Seat 6: Dorex2007 ($6.10 in chips) 
Seat 7: TheBlade8525 ($5 in chips) 
Seat 8: zanozaN1 ($5.95 in chips) 
Seat 9: Nelisnils ($4.54 in chips) 
Swaz85: posts small blind $0.02
amiblu44in: posts big blind $0.05
*** HOLE CARDS ***
Dealt to Dorex2007 [7h 5h]
rsavir: folds 
furaromniaate: folds 
Dorex2007: folds 
TheBlade8525: folds 
zanozaN1: folds 
Nelisnils: folds 
ACEHbKA777: folds 
Swaz85: folds 
Uncalled bet ($0.03) returned to amiblu44in
amiblu44in collected $0.04 from pot
*** SUMMARY ***
Total pot $0.04 | Rake $0 
Seat 1: ACEHbKA777 (button) folded before Flop (didn't bet)
Seat 2: Swaz85 (small blind) folded before Flop
Seat 3: amiblu44in (big blind) collected ($0.04)
Seat 4: rsavir folded before Flop (didn't bet)
Seat 5: furaromniaate folded before Flop (didn't bet)
Seat 6: Dorex2007 folded before Flop (didn't bet)
Seat 7: TheBlade8525 folded before Flop (didn't bet)
Seat 8: zanozaN1 folded before Flop (didn't bet)
Seat 9: Nelisnils folded before Flop (didn't bet)



PokerStars Hand #237529386821:  Hold'em No Limit ($0.02/$0.05 USD) - 2022/07/23 1:02:46 PT [2022/07/23 4:02:46 ET]
Table 'Lugduna' 9-max Seat #2 is the button
Seat 1: ACEHbKA777 ($7.30 in chips) 
Seat 2: Swaz85 ($8.71 in chips) 
Seat 3: amiblu44in ($3.29 in chips) 
Seat 4: rsavir ($5.29 in chips) 
Seat 5: furaromniaate ($3.94 in chips) 
Seat 6: Dorex2007 ($6.10 in chips) 
Seat 7: TheBlade8525 ($5 in chips) 
Seat 8: zanozaN1 ($5.95 in chips) 
Seat 9: Nelisnils ($4.54 in chips) 
amiblu44in: posts small blind $0.02
rsavir: posts big blind $0.05
*** HOLE CARDS ***
Dealt to Dorex2007 [5s 7c]
furaromniaate: folds 
Dorex2007: folds 
TheBlade8525: folds 
zanozaN1: folds 
Nelisnils: folds 
ACEHbKA777: folds 
Swaz85: folds 
amiblu44in: calls $0.03
rsavir: checks 
*** FLOP *** [Ks 6d Kc]
amiblu44in: checks 
rsavir: bets $0.05
amiblu44in: calls $0.05
*** TURN *** [Ks 6d Kc] [Jc]
amiblu44in: checks 
rsavir: bets $0.10
amiblu44in: calls $0.10
*** RIVER *** [Ks 6d Kc Jc] [Th]
amiblu44in: bets $0.20
rsavir: calls $0.20
*** SHOW DOWN ***
amiblu44in: shows [9s Tc] (two pair, Kings and Tens)
rsavir: shows [Td Js] (two pair, Kings and Jacks)
rsavir collected $0.77 from pot
*** SUMMARY ***
Total pot $0.80 | Rake $0.03 
Board [Ks 6d Kc Jc Th]
Seat 1: ACEHbKA777 folded before Flop (didn't bet)
Seat 2: Swaz85 (button) folded before Flop (didn't bet)
Seat 3: amiblu44in (small blind) showed [9s Tc] and lost with two pair, Kings and Tens
Seat 4: rsavir (big blind) showed [Td Js] and won ($0.77) with two pair, Kings and Jacks
Seat 5: furaromniaate folded before Flop (didn't bet)
Seat 6: Dorex2007 folded before Flop (didn't bet)
Seat 7: TheBlade8525 folded before Flop (didn't bet)
Seat 8: zanozaN1 folded before Flop (didn't bet)
Seat 9: Nelisnils folded before Flop (didn't bet)



PokerStars Hand #237529392759:  Hold'em No Limit ($0.02/$0.05 USD) - 2022/07/23 1:03:30 PT [2022/07/23 4:03:30 ET]
Table 'Lugduna' 9-max Seat #3 is the button
Seat 1: ACEHbKA777 ($7.30 in chips) 
Seat 2: Swaz85 ($8.71 in chips) 
Seat 3: amiblu44in ($2.89 in chips) 
Seat 4: rsavir ($5.66 in chips) 
Seat 5: furaromniaate ($3.94 in chips) 
Seat 6: Dorex2007 ($6.10 in chips) 
Seat 7: TheBlade8525 ($5 in chips) 
Seat 8: zanozaN1 ($5.95 in chips) 
Seat 9: Nelisnils ($4.54 in chips) 
rsavir: posts small blind $0.02
furaromniaate: posts big blind $0.05
*** HOLE CARDS ***
Dealt to Dorex2007 [4s 8s]
Dorex2007: folds 
TheBlade8525: raises $0.10 to $0.15
zanozaN1: folds 
Nelisnils: folds 
ACEHbKA777: folds 
Swaz85: folds 
amiblu44in: calls $0.15
rsavir: folds 
furaromniaate: calls $0.10
*** FLOP *** [Jh Ac 7h]
furaromniaate: checks 
TheBlade8525: checks 
amiblu44in: bets $0.05
furaromniaate: calls $0.05
TheBlade8525: calls $0.05
*** TURN *** [Jh Ac 7h] [2h]
furaromniaate: checks 
TheBlade8525: checks 
amiblu44in: bets $0.30
furaromniaate: folds 
TheBlade8525: folds 
Uncalled bet ($0.30) returned to amiblu44in
amiblu44in collected $0.59 from pot
*** SUMMARY ***
Total pot $0.62 | Rake $0.03 
Board [Jh Ac 7h 2h]
Seat 1: ACEHbKA777 folded before Flop (didn't bet)
Seat 2: Swaz85 folded before Flop (didn't bet)
Seat 3: amiblu44in (button) collected ($0.59)
Seat 4: rsavir (small blind) folded before Flop
Seat 5: furaromniaate (big blind) folded on the Turn
Seat 6: Dorex2007 folded before Flop (didn't bet)
Seat 7: TheBlade8525 folded on the Turn
Seat 8: zanozaN1 folded before Flop (didn't bet)
Seat 9: Nelisnils folded before Flop (didn't bet)



PokerStars Hand #237529400258:  Hold'em No Limit ($0.02/$0.05 USD) - 2022/07/23 1:04:27 PT [2022/07/23 4:04:27 ET]
Table 'Lugduna' 9-max Seat #4 is the button
Seat 1: ACEHbKA777 ($7.30 in chips) 
Seat 2: Swaz85 ($8.71 in chips) 
Seat 3: amiblu44in ($3.28 in chips) 
Seat 4: rsavir ($5.64 in chips) 
Seat 5: furaromniaate ($3.74 in chips) 
Seat 6: Dorex2007 ($6.10 in chips) 
Seat 7: TheBlade8525 ($5 in chips) 
Seat 8: zanozaN1 ($5.95 in chips) 
Seat 9: Nelisnils ($4.54 in chips) 
furaromniaate: posts small blind $0.02
Dorex2007: posts big blind $0.05
*** HOLE CARDS ***
Dealt to Dorex2007 [7h 7d]
TheBlade8525: raises $0.10 to $0.15
zanozaN1: folds 
Nelisnils: folds 
ACEHbKA777: folds 
Swaz85: calls $0.15
amiblu44in: calls $0.15
rsavir: raises $0.67 to $0.82
furaromniaate: folds 
Dorex2007: folds 
TheBlade8525: calls $0.67
Swaz85: folds 
amiblu44in: calls $0.67
*** FLOP *** [4s 3c Ad]
TheBlade8525: checks 
amiblu44in: checks 
rsavir: bets $1.28
TheBlade8525: folds 
amiblu44in: calls $1.28
*** TURN *** [4s 3c Ad] [8h]
amiblu44in: bets $1.18 and is all-in
rsavir: calls $1.18
*** RIVER *** [4s 3c Ad 8h] [6c]
*** SHOW DOWN ***
amiblu44in: shows [Kd 2s] (high card Ace)
rsavir: shows [Ac Ah] (three of a kind, Aces)
rsavir collected $7.28 from pot
*** SUMMARY ***
Total pot $7.60 | Rake $0.32 
Board [4s 3c Ad 8h 6c]
Seat 1: ACEHbKA777 folded before Flop (didn't bet)
Seat 2: Swaz85 folded before Flop
Seat 3: amiblu44in showed [Kd 2s] and lost with high card Ace
Seat 4: rsavir (button) showed [Ac Ah] and won ($7.28) with three of a kind, Aces
Seat 5: furaromniaate (small blind) folded before Flop
Seat 6: Dorex2007 (big blind) folded before Flop
Seat 7: TheBlade8525 folded on the Flop
Seat 8: zanozaN1 folded before Flop (didn't bet)
Seat 9: Nelisnils folded before Flop (didn't bet)



PokerStars Hand #237529411031:  Hold'em No Limit ($0.02/$0.05 USD) - 2022/07/23 1:05:47 PT [2022/07/23 4:05:47 ET]
Table 'Lugduna' 9-max Seat #5 is the button
Seat 1: ACEHbKA777 ($7.30 in chips) 
Seat 2: Swaz85 ($8.56 in chips) 
Seat 4: rsavir ($9.64 in chips) 
Seat 5: furaromniaate ($3.72 in chips) 
Seat 6: Dorex2007 ($6.05 in chips) 
Seat 7: TheBlade8525 ($5 in chips) 
Seat 8: zanozaN1 ($5.95 in chips) 
Seat 9: Nelisnils ($4.54 in chips) 
Dorex2007: posts small blind $0.02
TheBlade8525: posts big blind $0.05
*** HOLE CARDS ***
Dealt to Dorex2007 [8h 3c]
zanozaN1: folds 
Nelisnils: folds 
ACEHbKA777: folds 
Swaz85: folds 
rsavir: calls $0.05
furaromniaate: raises $0.12 to $0.17
Dorex2007: folds 
TheBlade8525: folds 
rsavir: calls $0.12
*** FLOP *** [5h Th Qh]
rsavir: checks 
furaromniaate: checks 
*** TURN *** [5h Th Qh] [7d]
rsavir: checks 
furaromniaate: bets $0.20
rsavir: calls $0.20
*** RIVER *** [5h Th Qh 7d] [Js]
rsavir: checks 
furaromniaate: checks 
*** SHOW DOWN ***
rsavir: shows [Qs Kh] (a pair of Queens)
furaromniaate: mucks hand 
rsavir collected $0.78 from pot
*** SUMMARY ***
Total pot $0.81 | Rake $0.03 
Board [5h Th Qh 7d Js]
Seat 1: ACEHbKA777 folded before Flop (didn't bet)
Seat 2: Swaz85 folded before Flop (didn't bet)
Seat 4: rsavir showed [Qs Kh] and won ($0.78) with a pair of Queens
Seat 5: furaromniaate (button) mucked [Tc As]
Seat 6: Dorex2007 (small blind) folded before Flop
Seat 7: TheBlade8525 (big blind) folded before Flop
Seat 8: zanozaN1 folded before Flop (didn't bet)
Seat 9: Nelisnils folded before Flop (didn't bet)



PokerStars Hand #237529419520:  Hold'em No Limit ($0.02/$0.05 USD) - 2022/07/23 1:06:51 PT [2022/07/23 4:06:51 ET]
Table 'Lugduna' 9-max Seat #6 is the button
Seat 1: ACEHbKA777 ($7.30 in chips) 
Seat 2: Swaz85 ($8.56 in chips) 
Seat 4: rsavir ($10.05 in chips) 
Seat 5: furaromniaate ($3.35 in chips) 
Seat 6: Dorex2007 ($6.03 in chips) 
Seat 7: TheBlade8525 ($5 in chips) 
Seat 9: Nelisnils ($4.54 in chips) 
TheBlade8525: posts small blind $0.02
zanozaN1: is sitting out 
Nelisnils: posts big blind $0.05
*** HOLE CARDS ***
Dealt to Dorex2007 [Ad 6s]
ACEHbKA777: folds 
Swaz85: folds 
rsavir: calls $0.05
furaromniaate: folds 
Dorex2007: folds 
TheBlade8525: folds 
zanozaN1 leaves the table
Nelisnils: raises $0.10 to $0.15
rsavir: calls $0.10
*** FLOP *** [Ah 3c Jd]
Nelisnils: checks 
rsavir: checks 
*** TURN *** [Ah 3c Jd] [Qs]
Nelisnils: checks 
rsavir: checks 
*** RIVER *** [Ah 3c Jd Qs] [Ac]
Nelisnils: checks 
rsavir: checks 
*** SHOW DOWN ***
Nelisnils: shows [9s 9h] (two pair, Aces and Nines)
rsavir: shows [Tc Jh] (two pair, Aces and Jacks)
rsavir collected $0.31 from pot
*** SUMMARY ***
Total pot $0.32 | Rake $0.01 
Board [Ah 3c Jd Qs Ac]
Seat 1: ACEHbKA777 folded before Flop (didn't bet)
Seat 2: Swaz85 folded before Flop (didn't bet)
Seat 4: rsavir showed [Tc Jh] and won ($0.31) with two pair, Aces and Jacks
Seat 5: furaromniaate folded before Flop (didn't bet)
Seat 6: Dorex2007 (button) folded before Flop (didn't bet)
Seat 7: TheBlade8525 (small blind) folded before Flop
Seat 9: Nelisnils (big blind) showed [9s 9h] and lost with two pair, Aces and Nines



PokerStars Hand #237529423770:  Hold'em No Limit ($0.02/$0.05 USD) - 2022/07/23 1:07:23 PT [2022/07/23 4:07:23 ET]
Table 'Lugduna' 9-max Seat #7 is the button
Seat 1: ACEHbKA777 ($7.30 in chips) 
Seat 2: Swaz85 ($8.56 in chips) 
Seat 3: amiblu44in ($3 in chips) 
Seat 4: rsavir ($10.21 in chips) 
Seat 5: furaromniaate ($3.35 in chips) 
Seat 6: Dorex2007 ($6.03 in chips) 
Seat 7: TheBlade8525 ($5 in chips) 
Seat 9: Nelisnils ($4.39 in chips) 
Nelisnils: posts small blind $0.02
ACEHbKA777: posts big blind $0.05
*** HOLE CARDS ***
Dealt to Dorex2007 [6s Ac]
Swaz85: folds 
amiblu44in: calls $0.05
rsavir: folds 
furaromniaate: folds 
Dorex2007: folds 
TheBlade8525: folds 
Nelisnils: calls $0.03
ACEHbKA777: checks 
*** FLOP *** [Qh 7s 7c]
Nelisnils: checks 
ACEHbKA777: checks 
amiblu44in: checks 
*** TURN *** [Qh 7s 7c] [Jc]
Nelisnils: bets $0.07
ACEHbKA777: calls $0.07
amiblu44in: raises $0.07 to $0.14
Nelisnils: folds 
ACEHbKA777: calls $0.07
*** RIVER *** [Qh 7s 7c Jc] [8d]
ACEHbKA777: checks 
amiblu44in: checks 
*** SHOW DOWN ***
ACEHbKA777: shows [Qc 9s] (two pair, Queens and Sevens)
amiblu44in: mucks hand 
ACEHbKA777 collected $0.48 from pot
*** SUMMARY ***
Total pot $0.50 | Rake $0.02 
Board [Qh 7s 7c Jc 8d]
Seat 1: ACEHbKA777 (big blind) showed [Qc 9s] and won ($0.48) with two pair, Queens and Sevens
Seat 2: Swaz85 folded before Flop (didn't bet)
Seat 3: amiblu44in mucked [As Ks]
Seat 4: rsavir folded before Flop (didn't bet)
Seat 5: furaromniaate folded before Flop (didn't bet)
Seat 6: Dorex2007 folded before Flop (didn't bet)
Seat 7: TheBlade8525 (button) folded before Flop (didn't bet)
Seat 9: Nelisnils (small blind) folded on the Turn



PokerStars Hand #237529429954:  Hold'em No Limit ($0.02/$0.05 USD) - 2022/07/23 1:08:08 PT [2022/07/23 4:08:08 ET]
Table 'Lugduna' 9-max Seat #9 is the button
Seat 1: ACEHbKA777 ($7.59 in chips) 
Seat 2: Swaz85 ($8.56 in chips) 
Seat 3: amiblu44in ($2.81 in chips) 
Seat 4: rsavir ($10.21 in chips) 
Seat 5: furaromniaate ($3.35 in chips) 
Seat 6: Dorex2007 ($6.03 in chips) 
Seat 7: TheBlade8525 ($5 in chips) 
Seat 9: Nelisnils ($4.27 in chips) 
ACEHbKA777: posts small blind $0.02
Swaz85: posts big blind $0.05
*** HOLE CARDS ***
Dealt to Dorex2007 [Ad 7h]
Lao Tsy joins the table at seat #8 
amiblu44in: calls $0.05
rsavir: calls $0.05
furaromniaate: folds 
Dorex2007: folds 
TheBlade8525: folds 
Nelisnils: calls $0.05
ACEHbKA777: raises $0.25 to $0.30
Swaz85: folds 
amiblu44in: calls $0.25
rsavir: folds 
Nelisnils: folds 
*** FLOP *** [9h 9c 5c]
ACEHbKA777: bets $0.24
amiblu44in: calls $0.24
*** TURN *** [9h 9c 5c] [6c]
ACEHbKA777: bets $0.89
amiblu44in: calls $0.89
*** RIVER *** [9h 9c 5c 6c] [8s]
ACEHbKA777: bets $1.42
amiblu44in: calls $1.38 and is all-in
Uncalled bet ($0.04) returned to ACEHbKA777
*** SHOW DOWN ***
ACEHbKA777: shows [Ac 4c] (a flush, Ace high)
amiblu44in: shows [Kh 6d] (two pair, Nines and Sixes)
ACEHbKA777 collected $5.53 from pot
*** SUMMARY ***
Total pot $5.77 | Rake $0.24 
Board [9h 9c 5c 6c 8s]
Seat 1: ACEHbKA777 (small blind) showed [Ac 4c] and won ($5.53) with a flush, Ace high
Seat 2: Swaz85 (big blind) folded before Flop
Seat 3: amiblu44in showed [Kh 6d] and lost with two pair, Nines and Sixes
Seat 4: rsavir folded before Flop
Seat 5: furaromniaate folded before Flop (didn't bet)
Seat 6: Dorex2007 folded before Flop (didn't bet)
Seat 7: TheBlade8525 folded before Flop (didn't bet)
Seat 9: Nelisnils (button) folded before Flop



PokerStars Hand #237529439904:  Hold'em No Limit ($0.02/$0.05 USD) - 2022/07/23 1:09:21 PT [2022/07/23 4:09:21 ET]
Table 'Lugduna' 9-max Seat #1 is the button
Seat 1: ACEHbKA777 ($10.31 in chips) 
Seat 2: Swaz85 ($8.51 in chips) 
Seat 4: rsavir ($10.16 in chips) 
Seat 5: furaromniaate ($3.35 in chips) 
Seat 6: Dorex2007 ($6.03 in chips) 
Seat 7: TheBlade8525 ($5 in chips) 
Seat 9: Nelisnils ($4.22 in chips) 
Swaz85: posts small blind $0.02
rsavir: posts big blind $0.05
Lao Tsy: sits out 
*** HOLE CARDS ***
Dealt to Dorex2007 [Qs 7h]
furaromniaate: folds 
Dorex2007: folds 
TheBlade8525: raises $0.10 to $0.15
Nelisnils: folds 
ACEHbKA777: folds 
Swaz85: folds 
rsavir: folds 
Uncalled bet ($0.10) returned to TheBlade8525
TheBlade8525 collected $0.12 from pot
*** SUMMARY ***
Total pot $0.12 | Rake $0 
Seat 1: ACEHbKA777 (button) folded before Flop (didn't bet)
Seat 2: Swaz85 (small blind) folded before Flop
Seat 4: rsavir (big blind) folded before Flop
Seat 5: furaromniaate folded before Flop (didn't bet)
Seat 6: Dorex2007 folded before Flop (didn't bet)
Seat 7: TheBlade8525 collected ($0.12)
Seat 9: Nelisnils folded before Flop (didn't bet)



PokerStars Hand #237529442229:  Hold'em No Limit ($0.02/$0.05 USD) - 2022/07/23 1:09:39 PT [2022/07/23 4:09:39 ET]
Table 'Lugduna' 9-max Seat #2 is the button
Seat 1: ACEHbKA777 ($10.31 in chips) 
Seat 2: Swaz85 ($8.49 in chips) 
Seat 4: rsavir ($10.11 in chips) 
Seat 5: furaromniaate ($3.35 in chips) 
Seat 6: Dorex2007 ($6.03 in chips) 
Seat 7: TheBlade8525 ($5.07 in chips) 
Seat 9: Nelisnils ($4.22 in chips) 
rsavir: posts small blind $0.02
furaromniaate: posts big blind $0.05
Lao Tsy: sits out 
*** HOLE CARDS ***
Dealt to Dorex2007 [5c 5d]
Dorex2007: calls $0.05
TheBlade8525: folds 
Nelisnils: folds 
ACEHbKA777: folds 
Swaz85: calls $0.05
rsavir: calls $0.03
furaromniaate: checks 
*** FLOP *** [Jd 2s Js]
rsavir: checks 
furaromniaate: checks 
Dorex2007: checks 
Swaz85: checks 
*** TURN *** [Jd 2s Js] [4d]
rsavir: checks 
furaromniaate: bets $0.20
Dorex2007: folds 
Swaz85: folds 
rsavir: calls $0.20
*** RIVER *** [Jd 2s Js 4d] [2h]
rsavir: checks 
furaromniaate: bets $0.55
rsavir: folds 
Uncalled bet ($0.55) returned to furaromniaate
furaromniaate collected $0.58 from pot
*** SUMMARY ***
Total pot $0.60 | Rake $0.02 
Board [Jd 2s Js 4d 2h]
Seat 1: ACEHbKA777 folded before Flop (didn't bet)
Seat 2: Swaz85 (button) folded on the Turn
Seat 4: rsavir (small blind) folded on the River
Seat 5: furaromniaate (big blind) collected ($0.58)
Seat 6: Dorex2007 folded on the Turn
Seat 7: TheBlade8525 folded before Flop (didn't bet)
Seat 9: Nelisnils folded before Flop (didn't bet)



PokerStars Hand #237529452497:  Hold'em No Limit ($0.02/$0.05 USD) - 2022/07/23 1:10:55 PT [2022/07/23 4:10:55 ET]
Table 'Lugduna' 9-max Seat #4 is the button
Seat 1: ACEHbKA777 ($10.31 in chips) 
Seat 2: Swaz85 ($8.44 in chips) 
Seat 3: amiblu44in ($3.03 in chips) 
Seat 4: rsavir ($9.86 in chips) 
Seat 5: furaromniaate ($3.68 in chips) 
Seat 6: Dorex2007 ($5.98 in chips) 
Seat 7: TheBlade8525 ($5.07 in chips) 
Seat 9: Nelisnils ($4.22 in chips) 
furaromniaate: posts small blind $0.02
Dorex2007: posts big blind $0.05
Lao Tsy: sits out 
amiblu44in: posts small & big blinds $0.07
*** HOLE CARDS ***
Dealt to Dorex2007 [Qc 5c]
TheBlade8525: folds 
Nelisnils: folds 
ACEHbKA777: folds 
Swaz85: folds 
amiblu44in: checks 
rsavir: folds 
furaromniaate: calls $0.03
Dorex2007: checks 
*** FLOP *** [Kc Kd 7d]
furaromniaate: checks 
Dorex2007: checks 
amiblu44in: checks 
*** TURN *** [Kc Kd 7d] [5s]
furaromniaate: bets $0.15
Dorex2007: calls $0.15
amiblu44in: calls $0.15
*** RIVER *** [Kc Kd 7d 5s] [6c]
furaromniaate: bets $0.55
Dorex2007: folds 
amiblu44in: folds 
Uncalled bet ($0.55) returned to furaromniaate
furaromniaate collected $0.58 from pot
*** SUMMARY ***
Total pot $0.62 | Rake $0.04 
Board [Kc Kd 7d 5s 6c]
Seat 1: ACEHbKA777 folded before Flop (didn't bet)
Seat 2: Swaz85 folded before Flop (didn't bet)
Seat 3: amiblu44in folded on the River
Seat 4: rsavir (button) folded before Flop (didn't bet)
Seat 5: furaromniaate (small blind) collected ($0.58)
Seat 6: Dorex2007 (big blind) folded on the River
Seat 7: TheBlade8525 folded before Flop (didn't bet)
Seat 9: Nelisnils folded before Flop (didn't bet)



PokerStars Hand #237529457702:  Hold'em No Limit ($0.02/$0.05 USD) - 2022/07/23 1:11:33 PT [2022/07/23 4:11:33 ET]
Table 'Lugduna' 9-max Seat #5 is the button
Seat 1: ACEHbKA777 ($10.31 in chips) 
Seat 2: Swaz85 ($8.44 in chips) 
Seat 3: amiblu44in ($2.81 in chips) 
Seat 4: rsavir ($9.86 in chips) 
Seat 5: furaromniaate ($4.06 in chips) 
Seat 6: Dorex2007 ($5.78 in chips) 
Seat 7: TheBlade8525 ($5.07 in chips) 
Seat 9: Nelisnils ($4.22 in chips) 
Dorex2007: posts small blind $0.02
TheBlade8525: posts big blind $0.05
Lao Tsy: sits out 
*** HOLE CARDS ***
Dealt to Dorex2007 [Jh 2c]
Nelisnils: folds 
ACEHbKA777: folds 
Swaz85: folds 
amiblu44in: calls $0.05
rsavir: folds 
furaromniaate: calls $0.05
Dorex2007: folds 
TheBlade8525: checks 
*** FLOP *** [5d 3c Kc]
TheBlade8525: checks 
amiblu44in: checks 
furaromniaate: checks 
*** TURN *** [5d 3c Kc] [4h]
TheBlade8525: checks 
amiblu44in: bets $0.10
furaromniaate: folds 
TheBlade8525: calls $0.10
*** RIVER *** [5d 3c Kc 4h] [6s]
TheBlade8525: bets $0.17
amiblu44in: calls $0.17
*** SHOW DOWN ***
TheBlade8525: shows [2d 7h] (a straight, Three to Seven)
amiblu44in: mucks hand 
TheBlade8525 collected $0.68 from pot
*** SUMMARY ***
Total pot $0.71 | Rake $0.03 
Board [5d 3c Kc 4h 6s]
Seat 1: ACEHbKA777 folded before Flop (didn't bet)
Seat 2: Swaz85 folded before Flop (didn't bet)
Seat 3: amiblu44in mucked [9c 9d]
Seat 4: rsavir folded before Flop (didn't bet)
Seat 5: furaromniaate (button) folded on the Turn
Seat 6: Dorex2007 (small blind) folded before Flop
Seat 7: TheBlade8525 (big blind) showed [2d 7h] and won ($0.68) with a straight, Three to Seven
Seat 9: Nelisnils folded before Flop (didn't bet)



PokerStars Hand #237529462286:  Hold'em No Limit ($0.02/$0.05 USD) - 2022/07/23 1:12:08 PT [2022/07/23 4:12:08 ET]
Table 'Lugduna' 9-max Seat #6 is the button
Seat 1: ACEHbKA777 ($10.31 in chips) 
Seat 2: Swaz85 ($8.44 in chips) 
Seat 3: amiblu44in ($2.49 in chips) 
Seat 4: rsavir ($9.86 in chips) 
Seat 5: furaromniaate ($4.01 in chips) 
Seat 6: Dorex2007 ($5.76 in chips) 
Seat 7: TheBlade8525 ($5.43 in chips) 
Seat 8: Lao Tsy ($5 in chips) 
Seat 9: Nelisnils ($4.22 in chips) 
TheBlade8525: posts small blind $0.02
Lao Tsy: posts big blind $0.05
*** HOLE CARDS ***
Dealt to Dorex2007 [Kd 4s]
Nelisnils: folds 
ACEHbKA777: folds 
Swaz85: folds 
amiblu44in: calls $0.05
rsavir: folds 
furaromniaate: raises $0.17 to $0.22
Dorex2007: folds 
TheBlade8525: folds 
Lao Tsy: folds 
amiblu44in: folds 
Uncalled bet ($0.17) returned to furaromniaate
furaromniaate collected $0.17 from pot
*** SUMMARY ***
Total pot $0.17 | Rake $0 
Seat 1: ACEHbKA777 folded before Flop (didn't bet)
Seat 2: Swaz85 folded before Flop (didn't bet)
Seat 3: amiblu44in folded before Flop
Seat 4: rsavir folded before Flop (didn't bet)
Seat 5: furaromniaate collected ($0.17)
Seat 6: Dorex2007 (button) folded before Flop (didn't bet)
Seat 7: TheBlade8525 (small blind) folded before Flop
Seat 8: Lao Tsy (big blind) folded before Flop
Seat 9: Nelisnils folded before Flop (didn't bet)



PokerStars Hand #237529465780:  Hold'em No Limit ($0.02/$0.05 USD) - 2022/07/23 1:12:34 PT [2022/07/23 4:12:34 ET]
Table 'Lugduna' 9-max Seat #7 is the button
Seat 1: ACEHbKA777 ($10.31 in chips) 
Seat 2: Swaz85 ($8.44 in chips) 
Seat 3: amiblu44in ($2.44 in chips) 
Seat 4: rsavir ($9.86 in chips) 
Seat 5: furaromniaate ($4.13 in chips) 
Seat 6: Dorex2007 ($5.76 in chips) 
Seat 7: TheBlade8525 ($5.41 in chips) 
Seat 8: Lao Tsy ($5 in chips) 
Seat 9: Nelisnils ($4.22 in chips) 
Lao Tsy: posts small blind $0.02
Nelisnils: posts big blind $0.05
*** HOLE CARDS ***
Dealt to Dorex2007 [8s 4d]
ACEHbKA777: folds 
Swaz85: folds 
amiblu44in: calls $0.05
rsavir: calls $0.05
furaromniaate: folds 
Dorex2007: folds 
TheBlade8525: calls $0.05
Lao Tsy: calls $0.03
Nelisnils: raises $0.25 to $0.30
amiblu44in: calls $0.25
rsavir: calls $0.25
TheBlade8525: folds 
Lao Tsy: folds 
*** FLOP *** [9s 7s Tc]
Nelisnils: checks 
amiblu44in: checks 
rsavir: checks 
*** TURN *** [9s 7s Tc] [9c]
Nelisnils: checks 
amiblu44in: checks 
rsavir: bets $0.96
Nelisnils: folds 
amiblu44in: folds 
Uncalled bet ($0.96) returned to rsavir
rsavir collected $0.96 from pot
*** SUMMARY ***
Total pot $1 | Rake $0.04 
Board [9s 7s Tc 9c]
Seat 1: ACEHbKA777 folded before Flop (didn't bet)
Seat 2: Swaz85 folded before Flop (didn't bet)
Seat 3: amiblu44in folded on the Turn
Seat 4: rsavir collected ($0.96)
Seat 5: furaromniaate folded before Flop (didn't bet)
Seat 6: Dorex2007 folded before Flop (didn't bet)
Seat 7: TheBlade8525 (button) folded before Flop
Seat 8: Lao Tsy (small blind) folded before Flop
Seat 9: Nelisnils (big blind) folded on the Turn



PokerStars Hand #237529472932:  Hold'em No Limit ($0.02/$0.05 USD) - 2022/07/23 1:13:26 PT [2022/07/23 4:13:26 ET]
Table 'Lugduna' 9-max Seat #8 is the button
Seat 1: ACEHbKA777 ($10.31 in chips) 
Seat 2: Swaz85 ($8.44 in chips) 
Seat 3: amiblu44in ($2.14 in chips) 
Seat 4: rsavir ($10.52 in chips) 
Seat 5: furaromniaate ($4.13 in chips) 
Seat 6: Dorex2007 ($5.76 in chips) 
Seat 7: TheBlade8525 ($5.36 in chips) 
Seat 8: Lao Tsy ($5 in chips) 
Seat 9: Nelisnils ($3.92 in chips) 
Nelisnils: posts small blind $0.02
ACEHbKA777: posts big blind $0.05
*** HOLE CARDS ***
Dealt to Dorex2007 [6s Qs]
Swaz85: folds 
amiblu44in: calls $0.05
rsavir: folds 
furaromniaate: calls $0.05
Dorex2007: folds 
TheBlade8525: calls $0.05
Lao Tsy: folds 
Nelisnils: calls $0.03
ACEHbKA777: checks 
*** FLOP *** [Kd 5c 5d]
Nelisnils: checks 
ACEHbKA777: checks 
amiblu44in: bets $0.30
furaromniaate: folds 
TheBlade8525: folds 
Nelisnils: folds 
ACEHbKA777: calls $0.30
*** TURN *** [Kd 5c 5d] [7d]
Lao Tsy leaves the table
ACEHbKA777: checks 
amiblu44in: bets $0.40
ACEHbKA777: raises $1 to $1.40
amiblu44in: raises $0.39 to $1.79 and is all-in
ACEHbKA777: calls $0.39
*** RIVER *** [Kd 5c 5d 7d] [Jh]
*** SHOW DOWN ***
ACEHbKA777: shows [8d 3d] (a flush, King high)
amiblu44in: shows [Ks 4d] (two pair, Kings and Fives)
ACEHbKA777 cashed out the hand for $3.83 | Cash Out Fee $0.04
*** SUMMARY ***
Total pot $4.43 | Rake $0.18 
Board [Kd 5c 5d 7d Jh]
Seat 1: ACEHbKA777 (big blind) showed [8d 3d] and won ($4.25) with a flush, King high (pot not awarded as player cashed out)
Seat 2: Swaz85 folded before Flop (didn't bet)
Seat 3: amiblu44in showed [Ks 4d] and lost with two pair, Kings and Fives
Seat 4: rsavir folded before Flop (didn't bet)
Seat 5: furaromniaate folded on the Flop
Seat 6: Dorex2007 folded before Flop (didn't bet)
Seat 7: TheBlade8525 folded on the Flop
Seat 8: Lao Tsy (button) folded before Flop (didn't bet)
Seat 9: Nelisnils (small blind) folded on the Flop



PokerStars Hand #237529484028:  Hold'em No Limit ($0.02/$0.05 USD) - 2022/07/23 1:14:49 PT [2022/07/23 4:14:49 ET]
Table 'Lugduna' 9-max Seat #9 is the button
Seat 1: ACEHbKA777 ($12 in chips) 
Seat 2: Swaz85 ($8.44 in chips) 
Seat 4: rsavir ($10.52 in chips) 
Seat 5: furaromniaate ($4.08 in chips) 
Seat 6: Dorex2007 ($5.76 in chips) 
Seat 7: TheBlade8525 ($5.31 in chips) 
Seat 9: Nelisnils ($3.87 in chips) 
ACEHbKA777: posts small blind $0.02
Swaz85: posts big blind $0.05
*** HOLE CARDS ***
Dealt to Dorex2007 [7s 4h]
the zan man68 joins the table at seat #8 
rsavir: folds 
furaromniaate: folds 
Dorex2007: folds 
furaromniaate leaves the table
TheBlade8525: folds 
Nelisnils: folds 
ACEHbKA777: folds 
Uncalled bet ($0.03) returned to Swaz85
Swaz85 collected $0.04 from pot
*** SUMMARY ***
Total pot $0.04 | Rake $0 
Seat 1: ACEHbKA777 (small blind) folded before Flop
Seat 2: Swaz85 (big blind) collected ($0.04)
Seat 4: rsavir folded before Flop (didn't bet)
Seat 5: furaromniaate folded before Flop (didn't bet)
Seat 6: Dorex2007 folded before Flop (didn't bet)
Seat 7: TheBlade8525 folded before Flop (didn't bet)
Seat 9: Nelisnils (button) folded before Flop (didn't bet)



PokerStars Hand #237529486399:  Hold'em No Limit ($0.02/$0.05 USD) - 2022/07/23 1:15:05 PT [2022/07/23 4:15:05 ET]
Table 'Lugduna' 9-max Seat #1 is the button
Seat 1: ACEHbKA777 ($11.98 in chips) 
Seat 2: Swaz85 ($8.46 in chips) 
Seat 4: rsavir ($10.52 in chips) 
Seat 6: Dorex2007 ($5.76 in chips) 
Seat 7: TheBlade8525 ($5.31 in chips) 
Seat 8: the zan man68 ($5 in chips) 
Seat 9: Nelisnils ($3.87 in chips) 
Swaz85: posts small blind $0.02
amiblu44in: is sitting out 
amiblu44in leaves the table
rsavir: posts big blind $0.05
the zan man68: posts big blind $0.05
*** HOLE CARDS ***
Dealt to Dorex2007 [9s 8c]
Dorex2007: folds 
TheBlade8525: folds 
the zan man68: checks 
Nelisnils: folds 
ACEHbKA777: raises $0.09 to $0.14
Swaz85: calls $0.12
rsavir: calls $0.09
the zan man68: folds 
*** FLOP *** [Kh Js Ah]
Swaz85: checks 
rsavir: checks 
ACEHbKA777: bets $0.15
Swaz85: raises $0.37 to $0.52
rsavir: folds 
ACEHbKA777: folds 
Uncalled bet ($0.37) returned to Swaz85
Swaz85 collected $0.73 from pot
*** SUMMARY ***
Total pot $0.77 | Rake $0.04 
Board [Kh Js Ah]
Seat 1: ACEHbKA777 (button) folded on the Flop
Seat 2: Swaz85 (small blind) collected ($0.73)
Seat 4: rsavir (big blind) folded on the Flop
Seat 6: Dorex2007 folded before Flop (didn't bet)
Seat 7: TheBlade8525 folded before Flop (didn't bet)
Seat 8: the zan man68 folded before Flop (didn't bet)
Seat 9: Nelisnils folded before Flop (didn't bet)



PokerStars Hand #237529495013:  Hold'em No Limit ($0.02/$0.05 USD) - 2022/07/23 1:16:08 PT [2022/07/23 4:16:08 ET]
Table 'Lugduna' 9-max Seat #2 is the button
Seat 1: ACEHbKA777 ($11.69 in chips) 
Seat 2: Swaz85 ($8.90 in chips) 
Seat 4: rsavir ($10.38 in chips) 
Seat 6: Dorex2007 ($5.76 in chips) 
Seat 7: TheBlade8525 ($5.31 in chips) 
Seat 8: the zan man68 ($4.95 in chips) 
Seat 9: Nelisnils ($3.87 in chips) 
rsavir: posts small blind $0.02
Dorex2007: posts big blind $0.05
*** HOLE CARDS ***
Dealt to Dorex2007 [3s Jh]
TheBlade8525: folds 
the zan man68: folds 
Nelisnils: raises $0.10 to $0.15
ACEHbKA777: folds 
Swaz85: folds 
rsavir: calls $0.13
Dorex2007: folds 
*** FLOP *** [Kc Ad 5s]
rsavir: checks 
Nelisnils: bets $0.17
rsavir: calls $0.17
*** TURN *** [Kc Ad 5s] [7h]
rsavir: checks 
Nelisnils: checks 
*** RIVER *** [Kc Ad 5s 7h] [5c]
rsavir: checks 
Nelisnils: bets $0.40
rsavir: calls $0.40
*** SHOW DOWN ***
Nelisnils: shows [6h 5h] (three of a kind, Fives)
rsavir: mucks hand 
Nelisnils collected $1.43 from pot
*** SUMMARY ***
Total pot $1.49 | Rake $0.06 
Board [Kc Ad 5s 7h 5c]
Seat 1: ACEHbKA777 folded before Flop (didn't bet)
Seat 2: Swaz85 (button) folded before Flop (didn't bet)
Seat 4: rsavir (small blind) mucked [Jc Ks]
Seat 6: Dorex2007 (big blind) folded before Flop
Seat 7: TheBlade8525 folded before Flop (didn't bet)
Seat 8: the zan man68 folded before Flop (didn't bet)
Seat 9: Nelisnils showed [6h 5h] and won ($1.43) with three of a kind, Fives



PokerStars Hand #237529502794:  Hold'em No Limit ($0.02/$0.05 USD) - 2022/07/23 1:17:04 PT [2022/07/23 4:17:04 ET]
Table 'Lugduna' 9-max Seat #4 is the button
Seat 1: ACEHbKA777 ($11.69 in chips) 
Seat 2: Swaz85 ($8.90 in chips) 
Seat 4: rsavir ($9.66 in chips) 
Seat 6: Dorex2007 ($5.71 in chips) 
Seat 7: TheBlade8525 ($5.31 in chips) 
Seat 8: the zan man68 ($4.95 in chips) 
Seat 9: Nelisnils ($4.58 in chips) 
Dorex2007: posts small blind $0.02
TheBlade8525: posts big blind $0.05
*** HOLE CARDS ***
Dealt to Dorex2007 [2h 5s]
the zan man68: calls $0.05
Nelisnils: raises $0.10 to $0.15
ACEHbKA777: folds 
Swaz85: folds 
rsavir: folds 
Dorex2007: folds 
TheBlade8525: calls $0.10
the zan man68: calls $0.10
*** FLOP *** [6d 3c Th]
TheBlade8525: checks 
the zan man68: checks 
Nelisnils: checks 
*** TURN *** [6d 3c Th] [8d]
TheBlade8525: checks 
the zan man68: checks 
Nelisnils: checks 
*** RIVER *** [6d 3c Th 8d] [6h]
TheBlade8525: bets $0.30
the zan man68: folds 
Nelisnils: folds 
Uncalled bet ($0.30) returned to TheBlade8525
TheBlade8525 collected $0.45 from pot
*** SUMMARY ***
Total pot $0.47 | Rake $0.02 
Board [6d 3c Th 8d 6h]
Seat 1: ACEHbKA777 folded before Flop (didn't bet)
Seat 2: Swaz85 folded before Flop (didn't bet)
Seat 4: rsavir (button) folded before Flop (didn't bet)
Seat 6: Dorex2007 (small blind) folded before Flop
Seat 7: TheBlade8525 (big blind) collected ($0.45)
Seat 8: the zan man68 folded on the River
Seat 9: Nelisnils folded on the River



PokerStars Hand #237529509711:  Hold'em No Limit ($0.02/$0.05 USD) - 2022/07/23 1:17:54 PT [2022/07/23 4:17:54 ET]
Table 'Lugduna' 9-max Seat #6 is the button
Seat 1: ACEHbKA777 ($11.69 in chips) 
Seat 2: Swaz85 ($8.90 in chips) 
Seat 4: rsavir ($9.66 in chips) 
Seat 6: Dorex2007 ($5.69 in chips) 
Seat 7: TheBlade8525 ($5.61 in chips) 
Seat 8: the zan man68 ($4.80 in chips) 
Seat 9: Nelisnils ($4.43 in chips) 
TheBlade8525: posts small blind $0.02
the zan man68: posts big blind $0.05
*** HOLE CARDS ***
Dealt to Dorex2007 [9h 4s]
Nelisnils: folds 
DONWASO joins the table at seat #3 
ACEHbKA777: raises $0.10 to $0.15
Swaz85: calls $0.15
rsavir: folds 
Dorex2007: folds 
TheBlade8525: calls $0.13
the zan man68: calls $0.10
*** FLOP *** [Kd 6c 9s]
pavel9321 joins the table at seat #5 
TheBlade8525: checks 
the zan man68: checks 
ACEHbKA777: checks 
Swaz85: bets $0.38
TheBlade8525: calls $0.38
the zan man68: calls $0.38
ACEHbKA777: folds 
*** TURN *** [Kd 6c 9s] [2d]
TheBlade8525: checks 
the zan man68: checks 
pavel9321 leaves the table
Swaz85: checks 
*** RIVER *** [Kd 6c 9s 2d] [4c]
pinbotani joins the table at seat #5 
TheBlade8525: checks 
the zan man68: checks 
Swaz85: checks 
*** SHOW DOWN ***
TheBlade8525: shows [Qs Ks] (a pair of Kings)
the zan man68: mucks hand 
Swaz85: mucks hand 
TheBlade8525 collected $1.67 from pot
*** SUMMARY ***
Total pot $1.74 | Rake $0.07 
Board [Kd 6c 9s 2d 4c]
Seat 1: ACEHbKA777 folded on the Flop
Seat 2: Swaz85 mucked [Tc Qc]
Seat 4: rsavir folded before Flop (didn't bet)
Seat 6: Dorex2007 (button) folded before Flop (didn't bet)
Seat 7: TheBlade8525 (small blind) showed [Qs Ks] and won ($1.67) with a pair of Kings
Seat 8: the zan man68 (big blind) mucked [6d Qd]
Seat 9: Nelisnils folded before Flop (didn't bet)



PokerStars Hand #237529521521:  Hold'em No Limit ($0.02/$0.05 USD) - 2022/07/23 1:18:55 PT [2022/07/23 4:18:55 ET]
Table 'Lugduna' 9-max Seat #7 is the button
Seat 1: ACEHbKA777 ($11.54 in chips) 
Seat 2: Swaz85 ($8.37 in chips) 
Seat 3: DONWASO ($4.62 in chips) 
Seat 4: rsavir ($9.66 in chips) 
Seat 6: Dorex2007 ($5.69 in chips) 
Seat 7: TheBlade8525 ($6.75 in chips) 
Seat 8: the zan man68 ($4.27 in chips) 
Seat 9: Nelisnils ($4.43 in chips) 
the zan man68: posts small blind $0.02
Nelisnils: posts big blind $0.05
DONWASO: posts big blind $0.05
pinbotani: sits out 
*** HOLE CARDS ***
Dealt to Dorex2007 [4s 8s]
ACEHbKA777: folds 
Swaz85: calls $0.05
DONWASO: checks 
rsavir: folds 
Dorex2007: folds 
TheBlade8525: calls $0.05
the zan man68: calls $0.03
Nelisnils: checks 
*** FLOP *** [Th Kd 6h]
the zan man68: checks 
Nelisnils: checks 
Swaz85: checks 
DONWASO: checks 
TheBlade8525: checks 
*** TURN *** [Th Kd 6h] [8c]
the zan man68: checks 
Nelisnils: checks 
Swaz85: checks 
DONWASO: bets $0.05
TheBlade8525: calls $0.05
the zan man68: calls $0.05
Nelisnils: folds 
Swaz85: calls $0.05
*** RIVER *** [Th Kd 6h 8c] [Qh]
the zan man68: checks 
Swaz85: checks 
DONWASO: checks 
TheBlade8525: checks 
*** SHOW DOWN ***
the zan man68: shows [9h 2c] (high card King)
Swaz85: shows [7c 7h] (a pair of Sevens)
DONWASO: shows [Tc Qc] (two pair, Queens and Tens)
TheBlade8525: shows [Js 9s] (a straight, Nine to King)
TheBlade8525 collected $0.43 from pot
*** SUMMARY ***
Total pot $0.45 | Rake $0.02 
Board [Th Kd 6h 8c Qh]
Seat 1: ACEHbKA777 folded before Flop (didn't bet)
Seat 2: Swaz85 showed [7c 7h] and lost with a pair of Sevens
Seat 3: DONWASO showed [Tc Qc] and lost with two pair, Queens and Tens
Seat 4: rsavir folded before Flop (didn't bet)
Seat 6: Dorex2007 folded before Flop (didn't bet)
Seat 7: TheBlade8525 (button) showed [Js 9s] and won ($0.43) with a straight, Nine to King
Seat 8: the zan man68 (small blind) showed [9h 2c] and lost with high card King
Seat 9: Nelisnils (big blind) folded on the Turn



PokerStars Hand #237529532731:  Hold'em No Limit ($0.02/$0.05 USD) - 2022/07/23 1:20:14 PT [2022/07/23 4:20:14 ET]
Table 'Lugduna' 9-max Seat #8 is the button
Seat 1: ACEHbKA777 ($11.54 in chips) 
Seat 2: Swaz85 ($8.27 in chips) 
Seat 3: DONWASO ($4.52 in chips) 
Seat 4: rsavir ($9.66 in chips) 
Seat 6: Dorex2007 ($5.69 in chips) 
Seat 7: TheBlade8525 ($7.08 in chips) 
Seat 8: the zan man68 ($4.17 in chips) 
Seat 9: Nelisnils ($4.38 in chips) 
Nelisnils: posts small blind $0.02
ACEHbKA777: posts big blind $0.05
pinbotani: sits out 
*** HOLE CARDS ***
Dealt to Dorex2007 [Kh Ts]
Swaz85: calls $0.05
DONWASO: folds 
rsavir: folds 
Dorex2007: raises $0.10 to $0.15
TheBlade8525: folds 
the zan man68: folds 
Nelisnils: folds 
ACEHbKA777: folds 
Swaz85: calls $0.10
*** FLOP *** [6c 5c 9c]
Swaz85: checks 
Dorex2007: bets $0.17
Swaz85: calls $0.17
*** TURN *** [6c 5c 9c] [4h]
Swaz85: checks 
Dorex2007: checks 
*** RIVER *** [6c 5c 9c 4h] [Jc]
Swaz85: bets $0.28
Dorex2007: folds 
Uncalled bet ($0.28) returned to Swaz85
Swaz85 collected $0.67 from pot
*** SUMMARY ***
Total pot $0.71 | Rake $0.04 
Board [6c 5c 9c 4h Jc]
Seat 1: ACEHbKA777 (big blind) folded before Flop
Seat 2: Swaz85 collected ($0.67)
Seat 3: DONWASO folded before Flop (didn't bet)
Seat 4: rsavir folded before Flop (didn't bet)
Seat 6: Dorex2007 folded on the River
Seat 7: TheBlade8525 folded before Flop (didn't bet)
Seat 8: the zan man68 (button) folded before Flop (didn't bet)
Seat 9: Nelisnils (small blind) folded before Flop



PokerStars Hand #237529540632:  Hold'em No Limit ($0.02/$0.05 USD) - 2022/07/23 1:21:11 PT [2022/07/23 4:21:11 ET]
Table 'Lugduna' 9-max Seat #9 is the button
Seat 1: ACEHbKA777 ($11.49 in chips) 
Seat 2: Swaz85 ($8.62 in chips) 
Seat 3: DONWASO ($4.52 in chips) 
Seat 4: rsavir ($9.66 in chips) 
Seat 6: Dorex2007 ($5.37 in chips) 
Seat 7: TheBlade8525 ($7.08 in chips) 
Seat 8: the zan man68 ($4.17 in chips) 
Seat 9: Nelisnils ($4.36 in chips) 
ACEHbKA777: posts small blind $0.02
Swaz85: posts big blind $0.05
pinbotani: sits out 
*** HOLE CARDS ***
Dealt to Dorex2007 [Qd As]
DONWASO has timed out
DONWASO: folds 
rsavir: folds 
rsavir leaves the table
Dorex2007: raises $0.05 to $0.10
TheBlade8525: calls $0.10
the zan man68: calls $0.10
Nelisnils: folds 
ACEHbKA777: folds 
Swaz85: calls $0.05
*** FLOP *** [3d 4d 5s]
Swaz85: checks 
Dorex2007: checks 
TheBlade8525: checks 
the zan man68: checks 
*** TURN *** [3d 4d 5s] [5d]
Swaz85: bets $0.24
alexvgb444 joins the table at seat #4 
Dorex2007: folds 
TheBlade8525: calls $0.24
the zan man68: folds 
*** RIVER *** [3d 4d 5s 5d] [Qs]
Swaz85: bets $0.50
TheBlade8525: folds 
Uncalled bet ($0.50) returned to Swaz85
Swaz85 collected $0.85 from pot
*** SUMMARY ***
Total pot $0.90 | Rake $0.05 
Board [3d 4d 5s 5d Qs]
Seat 1: ACEHbKA777 (small blind) folded before Flop
Seat 2: Swaz85 (big blind) collected ($0.85)
Seat 3: DONWASO folded before Flop (didn't bet)
Seat 4: rsavir folded before Flop (didn't bet)
Seat 6: Dorex2007 folded on the Turn
Seat 7: TheBlade8525 folded on the River
Seat 8: the zan man68 folded on the Turn
Seat 9: Nelisnils (button) folded before Flop (didn't bet)



PokerStars Hand #237529549658:  Hold'em No Limit ($0.02/$0.05 USD) - 2022/07/23 1:22:16 PT [2022/07/23 4:22:16 ET]
Table 'Lugduna' 9-max Seat #1 is the button
Seat 1: ACEHbKA777 ($11.47 in chips) 
Seat 2: Swaz85 ($9.13 in chips) 
Seat 3: DONWASO ($4.52 in chips) 
Seat 4: alexvgb444 ($5 in chips) 
Seat 6: Dorex2007 ($5.27 in chips) 
Seat 7: TheBlade8525 ($6.74 in chips) 
Seat 8: the zan man68 ($4.07 in chips) 
Seat 9: Nelisnils ($4.36 in chips) 
Swaz85: posts small blind $0.02
DONWASO: posts big blind $0.05
alexvgb444: posts big blind $0.05
pinbotani: sits out 
*** HOLE CARDS ***
Dealt to Dorex2007 [9c Qc]
alexvgb444: checks 
Dorex2007: folds 
TheBlade8525: raises $0.20 to $0.25
the zan man68: calls $0.25
Nelisnils: folds 
ACEHbKA777: folds 
Swaz85: folds 
DONWASO: folds 
alexvgb444: folds 
*** FLOP *** [5s 9s Kd]
TheBlade8525: bets $0.39
the zan man68: calls $0.39
*** TURN *** [5s 9s Kd] [Td]
TheBlade8525: checks 
the zan man68: checks 
*** RIVER *** [5s 9s Kd Td] [Qh]
TheBlade8525: bets $0.30
the zan man68: raises $0.30 to $0.60
TheBlade8525: calls $0.30
*** SHOW DOWN ***
the zan man68: shows [Ah 3c] (high card Ace)
TheBlade8525: shows [Ts Jc] (a straight, Nine to King)
TheBlade8525 collected $2.49 from pot
*** SUMMARY ***
Total pot $2.60 | Rake $0.11 
Board [5s 9s Kd Td Qh]
Seat 1: ACEHbKA777 (button) folded before Flop (didn't bet)
Seat 2: Swaz85 (small blind) folded before Flop
Seat 3: DONWASO (big blind) folded before Flop
Seat 4: alexvgb444 folded before Flop (didn't bet)
Seat 6: Dorex2007 folded before Flop (didn't bet)
Seat 7: TheBlade8525 showed [Ts Jc] and won ($2.49) with a straight, Nine to King
Seat 8: the zan man68 showed [Ah 3c] and lost with high card Ace
Seat 9: Nelisnils folded before Flop (didn't bet)



PokerStars Hand #237529559697:  Hold'em No Limit ($0.02/$0.05 USD) - 2022/07/23 1:23:29 PT [2022/07/23 4:23:29 ET]
Table 'Lugduna' 9-max Seat #2 is the button
Seat 1: ACEHbKA777 ($11.47 in chips) 
Seat 2: Swaz85 ($9.11 in chips) 
Seat 3: DONWASO ($4.47 in chips) 
Seat 4: alexvgb444 ($4.95 in chips) 
Seat 6: Dorex2007 ($5.27 in chips) 
Seat 7: TheBlade8525 ($7.99 in chips) 
Seat 8: the zan man68 ($2.83 in chips) 
Seat 9: Nelisnils ($4.36 in chips) 
DONWASO: posts small blind $0.02
alexvgb444: posts big blind $0.05
pinbotani: sits out 
*** HOLE CARDS ***
Dealt to Dorex2007 [4d Qd]
Dorex2007: folds 
TheBlade8525: raises $0.10 to $0.15
the zan man68: folds 
Nelisnils: raises $0.37 to $0.52
ACEHbKA777: folds 
Swaz85: folds 
DONWASO: calls $0.50
alexvgb444: folds 
TheBlade8525: calls $0.37
*** FLOP *** [6s 9s 4s]
DONWASO: checks 
TheBlade8525: checks 
Nelisnils: bets $0.90
DONWASO: calls $0.90
TheBlade8525: folds 
*** TURN *** [6s 9s 4s] [9c]
DONWASO: checks 
Nelisnils: bets $2.94 and is all-in
DONWASO: folds 
Uncalled bet ($2.94) returned to Nelisnils
Nelisnils collected $3.27 from pot
*** SUMMARY ***
Total pot $3.41 | Rake $0.14 
Board [6s 9s 4s 9c]
Seat 1: ACEHbKA777 folded before Flop (didn't bet)
Seat 2: Swaz85 (button) folded before Flop (didn't bet)
Seat 3: DONWASO (small blind) folded on the Turn
Seat 4: alexvgb444 (big blind) folded before Flop
Seat 6: Dorex2007 folded before Flop (didn't bet)
Seat 7: TheBlade8525 folded on the Flop
Seat 8: the zan man68 folded before Flop (didn't bet)
Seat 9: Nelisnils collected ($3.27)



PokerStars Hand #237529572559:  Hold'em No Limit ($0.02/$0.05 USD) - 2022/07/23 1:25:02 PT [2022/07/23 4:25:02 ET]
Table 'Lugduna' 9-max Seat #3 is the button
Seat 1: ACEHbKA777 ($11.47 in chips) 
Seat 2: Swaz85 ($9.11 in chips) 
Seat 3: DONWASO ($3.05 in chips) 
Seat 4: alexvgb444 ($4.90 in chips) 
Seat 5: pinbotani ($5 in chips) 
Seat 6: Dorex2007 ($5.27 in chips) 
Seat 7: TheBlade8525 ($7.47 in chips) 
Seat 8: the zan man68 ($2.83 in chips) 
Seat 9: Nelisnils ($6.21 in chips) 
alexvgb444: posts small blind $0.02
pinbotani: posts big blind $0.05
*** HOLE CARDS ***
Dealt to Dorex2007 [Ts 2s]
Dorex2007: folds 
TheBlade8525: folds 
the zan man68: calls $0.05
Nelisnils: folds 
ACEHbKA777: folds 
Swaz85: raises $0.10 to $0.15
DONWASO: folds 
alexvgb444: folds 
pinbotani: folds 
the zan man68: calls $0.10
*** FLOP *** [Ad Qh Jd]
the zan man68: checks 
Swaz85: bets $0.20
the zan man68: calls $0.20
*** TURN *** [Ad Qh Jd] [8h]
the zan man68: checks 
Swaz85: bets $0.44
the zan man68: calls $0.44
*** RIVER *** [Ad Qh Jd 8h] [6c]
the zan man68: checks 
Swaz85: bets $0.94
the zan man68: calls $0.94
*** SHOW DOWN ***
Swaz85: shows [Js As] (two pair, Aces and Jacks)
the zan man68: mucks hand 
Swaz85 collected $3.34 from pot
*** SUMMARY ***
Total pot $3.53 | Rake $0.19 
Board [Ad Qh Jd 8h 6c]
Seat 1: ACEHbKA777 folded before Flop (didn't bet)
Seat 2: Swaz85 showed [Js As] and won ($3.34) with two pair, Aces and Jacks
Seat 3: DONWASO (button) folded before Flop (didn't bet)
Seat 4: alexvgb444 (small blind) folded before Flop
Seat 5: pinbotani (big blind) folded before Flop
Seat 6: Dorex2007 folded before Flop (didn't bet)
Seat 7: TheBlade8525 folded before Flop (didn't bet)
Seat 8: the zan man68 mucked [4c Ah]
Seat 9: Nelisnils folded before Flop (didn't bet)



PokerStars Hand #237529579978:  Hold'em No Limit ($0.02/$0.05 USD) - 2022/07/23 1:25:55 PT [2022/07/23 4:25:55 ET]
Table 'Lugduna' 9-max Seat #4 is the button
Seat 1: ACEHbKA777 ($11.47 in chips) 
Seat 2: Swaz85 ($10.72 in chips) 
Seat 3: DONWASO ($3.05 in chips) 
Seat 4: alexvgb444 ($4.88 in chips) 
Seat 5: pinbotani ($5 in chips) 
Seat 6: Dorex2007 ($5.27 in chips) 
Seat 7: TheBlade8525 ($7.47 in chips) 
Seat 8: the zan man68 ($1.10 in chips) 
Seat 9: Nelisnils ($6.21 in chips) 
pinbotani: posts small blind $0.02
Dorex2007: posts big blind $0.05
*** HOLE CARDS ***
Dealt to Dorex2007 [Th Qh]
TheBlade8525: raises $0.10 to $0.15
the zan man68: folds 
Nelisnils: folds 
ACEHbKA777: folds 
Swaz85: folds 
DONWASO: folds 
alexvgb444: folds 
pinbotani: folds 
Dorex2007: calls $0.10
*** FLOP *** [6d As 8d]
Dorex2007: checks 
TheBlade8525: bets $0.21
Dorex2007: folds 
Uncalled bet ($0.21) returned to TheBlade8525
TheBlade8525 collected $0.31 from pot
*** SUMMARY ***
Total pot $0.32 | Rake $0.01 
Board [6d As 8d]
Seat 1: ACEHbKA777 folded before Flop (didn't bet)
Seat 2: Swaz85 folded before Flop (didn't bet)
Seat 3: DONWASO folded before Flop (didn't bet)
Seat 4: alexvgb444 (button) folded before Flop (didn't bet)
Seat 5: pinbotani (small blind) folded before Flop
Seat 6: Dorex2007 (big blind) folded on the Flop
Seat 7: TheBlade8525 collected ($0.31)
Seat 8: the zan man68 folded before Flop (didn't bet)
Seat 9: Nelisnils folded before Flop (didn't bet)



PokerStars Hand #237529586787:  Hold'em No Limit ($0.02/$0.05 USD) - 2022/07/23 1:26:44 PT [2022/07/23 4:26:44 ET]
Table 'Lugduna' 9-max Seat #5 is the button
Seat 1: ACEHbKA777 ($11.47 in chips) 
Seat 2: Swaz85 ($10.72 in chips) 
Seat 3: DONWASO ($3.05 in chips) 
Seat 4: alexvgb444 ($4.88 in chips) 
Seat 5: pinbotani ($5 in chips) 
Seat 6: Dorex2007 ($5.12 in chips) 
Seat 7: TheBlade8525 ($7.63 in chips) 
Seat 8: the zan man68 ($1.10 in chips) 
Seat 9: Nelisnils ($6.21 in chips) 
Dorex2007: posts small blind $0.02
TheBlade8525: posts big blind $0.05
*** HOLE CARDS ***
Dealt to Dorex2007 [Jh 7c]
the zan man68: folds 
Nelisnils: folds 
ACEHbKA777: calls $0.05
Swaz85: folds 
DONWASO: folds 
alexvgb444: folds 
pinbotani: folds 
Dorex2007: folds 
TheBlade8525: raises $0.20 to $0.25
ACEHbKA777: folds 
Uncalled bet ($0.20) returned to TheBlade8525
TheBlade8525 collected $0.12 from pot
*** SUMMARY ***
Total pot $0.12 | Rake $0 
Seat 1: ACEHbKA777 folded before Flop
Seat 2: Swaz85 folded before Flop (didn't bet)
Seat 3: DONWASO folded before Flop (didn't bet)
Seat 4: alexvgb444 folded before Flop (didn't bet)
Seat 5: pinbotani (button) folded before Flop (didn't bet)
Seat 6: Dorex2007 (small blind) folded before Flop
Seat 7: TheBlade8525 (big blind) collected ($0.12)
Seat 8: the zan man68 folded before Flop (didn't bet)
Seat 9: Nelisnils folded before Flop (didn't bet)



PokerStars Hand #237529591178:  Hold'em No Limit ($0.02/$0.05 USD) - 2022/07/23 1:27:16 PT [2022/07/23 4:27:16 ET]
Table 'Lugduna' 9-max Seat #6 is the button
Seat 1: ACEHbKA777 ($11.42 in chips) 
Seat 2: Swaz85 ($10.72 in chips) 
Seat 3: DONWASO ($3.05 in chips) 
Seat 4: alexvgb444 ($4.88 in chips) 
Seat 5: pinbotani ($5 in chips) 
Seat 6: Dorex2007 ($5.10 in chips) 
Seat 7: TheBlade8525 ($7.70 in chips) 
Seat 8: the zan man68 ($1.10 in chips) 
Seat 9: Nelisnils ($6.21 in chips) 
TheBlade8525: posts small blind $0.02
the zan man68: posts big blind $0.05
*** HOLE CARDS ***
Dealt to Dorex2007 [5s Ks]
Nelisnils: folds 
ACEHbKA777: folds 
Swaz85: folds 
DONWASO: raises $0.05 to $0.10
alexvgb444: folds 
pinbotani: folds 
Dorex2007: folds 
TheBlade8525: folds 
the zan man68: calls $0.05
*** FLOP *** [6h 5c 6d]
the zan man68: checks 
DONWASO: bets $0.10
the zan man68: calls $0.10
*** TURN *** [6h 5c 6d] [5d]
the zan man68: checks 
DONWASO: checks 
*** RIVER *** [6h 5c 6d 5d] [Qd]
the zan man68: checks 
DONWASO: checks 
*** SHOW DOWN ***
the zan man68: shows [3c Ad] (two pair, Sixes and Fives)
DONWASO: mucks hand 
the zan man68 collected $0.40 from pot
*** SUMMARY ***
Total pot $0.42 | Rake $0.02 
Board [6h 5c 6d 5d Qd]
Seat 1: ACEHbKA777 folded before Flop (didn't bet)
Seat 2: Swaz85 folded before Flop (didn't bet)
Seat 3: DONWASO mucked [Jh 8h]
Seat 4: alexvgb444 folded before Flop (didn't bet)
Seat 5: pinbotani folded before Flop (didn't bet)
Seat 6: Dorex2007 (button) folded before Flop (didn't bet)
Seat 7: TheBlade8525 (small blind) folded before Flop
Seat 8: the zan man68 (big blind) showed [3c Ad] and won ($0.40) with two pair, Sixes and Fives
Seat 9: Nelisnils folded before Flop (didn't bet)



PokerStars Hand #237529597222:  Hold'em No Limit ($0.02/$0.05 USD) - 2022/07/23 1:28:01 PT [2022/07/23 4:28:01 ET]
Table 'Lugduna' 9-max Seat #7 is the button
Seat 1: ACEHbKA777 ($11.42 in chips) 
Seat 2: Swaz85 ($10.72 in chips) 
Seat 3: DONWASO ($2.85 in chips) 
Seat 4: alexvgb444 ($4.88 in chips) 
Seat 5: pinbotani ($5 in chips) 
Seat 6: Dorex2007 ($5.10 in chips) 
Seat 7: TheBlade8525 ($7.68 in chips) 
Seat 8: the zan man68 ($1.30 in chips) 
Seat 9: Nelisnils ($6.21 in chips) 
the zan man68: posts small blind $0.02
Nelisnils: posts big blind $0.05
*** HOLE CARDS ***
Dealt to Dorex2007 [7d Tc]
ACEHbKA777: folds 
Swaz85: folds 
DONWASO: raises $0.10 to $0.15
alexvgb444: calls $0.15
pinbotani: folds 
Dorex2007: folds 
TheBlade8525: calls $0.15
the zan man68: folds 
Nelisnils: folds 
*** FLOP *** [4d 3d 7s]
DONWASO: bets $0.25
alexvgb444: calls $0.25
TheBlade8525: calls $0.25
*** TURN *** [4d 3d 7s] [7h]
DONWASO: checks 
alexvgb444: bets $0.25
TheBlade8525: calls $0.25
DONWASO: folds 
*** RIVER *** [4d 3d 7s 7h] [Kh]
alexvgb444: bets $0.20
TheBlade8525: folds 
Uncalled bet ($0.20) returned to alexvgb444
alexvgb444 collected $1.70 from pot
*** SUMMARY ***
Total pot $1.77 | Rake $0.07 
Board [4d 3d 7s 7h Kh]
Seat 1: ACEHbKA777 folded before Flop (didn't bet)
Seat 2: Swaz85 folded before Flop (didn't bet)
Seat 3: DONWASO folded on the Turn
Seat 4: alexvgb444 collected ($1.70)
Seat 5: pinbotani folded before Flop (didn't bet)
Seat 6: Dorex2007 folded before Flop (didn't bet)
Seat 7: TheBlade8525 (button) folded on the River
Seat 8: the zan man68 (small blind) folded before Flop
Seat 9: Nelisnils (big blind) folded before Flop



PokerStars Hand #237529605762:  Hold'em No Limit ($0.02/$0.05 USD) - 2022/07/23 1:29:02 PT [2022/07/23 4:29:02 ET]
Table 'Lugduna' 9-max Seat #8 is the button
Seat 1: ACEHbKA777 ($11.42 in chips) 
Seat 2: Swaz85 ($10.72 in chips) 
Seat 3: DONWASO ($2.45 in chips) 
Seat 4: alexvgb444 ($5.93 in chips) 
Seat 5: pinbotani ($5 in chips) 
Seat 6: Dorex2007 ($5.10 in chips) 
Seat 7: TheBlade8525 ($7.03 in chips) 
Seat 8: the zan man68 ($1.28 in chips) 
Seat 9: Nelisnils ($6.16 in chips) 
Nelisnils: posts small blind $0.02
ACEHbKA777: posts big blind $0.05
*** HOLE CARDS ***
Dealt to Dorex2007 [8s 9d]
Swaz85: calls $0.05
DONWASO: calls $0.05
alexvgb444: calls $0.05
pinbotani: folds 
Dorex2007: folds 
TheBlade8525: folds 
the zan man68: calls $0.05
Nelisnils: calls $0.03
ACEHbKA777: checks 
*** FLOP *** [Ac Qs 9s]
Nelisnils: checks 
ACEHbKA777: checks 
Swaz85: bets $0.18
DONWASO: calls $0.18
alexvgb444: folds 
the zan man68: calls $0.18
Nelisnils: folds 
ACEHbKA777: calls $0.18
*** TURN *** [Ac Qs 9s] [Ts]
ACEHbKA777: checks 
Swaz85: checks 
DONWASO: bets $0.98
the zan man68: calls $0.98
ACEHbKA777: folds 
Swaz85: calls $0.98
*** RIVER *** [Ac Qs 9s Ts] [7d]
Swaz85: checks 
DONWASO: bets $1.24 and is all-in
the zan man68: calls $0.07 and is all-in
Swaz85: folds 
Uncalled bet ($1.17) returned to DONWASO
*** SHOW DOWN ***
DONWASO: shows [Js 7s] (a flush, Queen high)
the zan man68: shows [4s 5s] (a flush, Queen high - lower cards)
DONWASO collected $3.93 from pot
*** SUMMARY ***
Total pot $4.10 | Rake $0.17 
Board [Ac Qs 9s Ts 7d]
Seat 1: ACEHbKA777 (big blind) folded on the Turn
Seat 2: Swaz85 folded on the River
Seat 3: DONWASO showed [Js 7s] and won ($3.93) with a flush, Queen high
Seat 4: alexvgb444 folded on the Flop
Seat 5: pinbotani folded before Flop (didn't bet)
Seat 6: Dorex2007 folded before Flop (didn't bet)
Seat 7: TheBlade8525 folded before Flop (didn't bet)
Seat 8: the zan man68 (button) showed [4s 5s] and lost with a flush, Queen high
Seat 9: Nelisnils (small blind) folded on the Flop



PokerStars Hand #237529617424:  Hold'em No Limit ($0.02/$0.05 USD) - 2022/07/23 1:30:26 PT [2022/07/23 4:30:26 ET]
Table 'Lugduna' 9-max Seat #9 is the button
Seat 1: ACEHbKA777 ($11.19 in chips) 
Seat 3: DONWASO ($5.10 in chips) 
Seat 4: alexvgb444 ($5.88 in chips) 
Seat 5: pinbotani ($5 in chips) 
Seat 6: Dorex2007 ($5.10 in chips) 
Seat 7: TheBlade8525 ($7.03 in chips) 
Seat 9: Nelisnils ($6.11 in chips) 
ACEHbKA777: posts small blind $0.02
Swaz85: is sitting out 
DONWASO: posts big blind $0.05
*** HOLE CARDS ***
Dealt to Dorex2007 [2h Th]
alexvgb444: folds 
pinbotani: folds 
Dorex2007: folds 
TheBlade8525: folds 
Nelisnils: folds 
ACEHbKA777: folds 
Uncalled bet ($0.03) returned to DONWASO
DONWASO collected $0.04 from pot
*** SUMMARY ***
Total pot $0.04 | Rake $0 
Seat 1: ACEHbKA777 (small blind) folded before Flop
Seat 3: DONWASO (big blind) collected ($0.04)
Seat 4: alexvgb444 folded before Flop (didn't bet)
Seat 5: pinbotani folded before Flop (didn't bet)
Seat 6: Dorex2007 folded before Flop (didn't bet)
Seat 7: TheBlade8525 folded before Flop (didn't bet)
Seat 9: Nelisnils (button) folded before Flop (didn't bet)



PokerStars Hand #237529619783:  Hold'em No Limit ($0.02/$0.05 USD) - 2022/07/23 1:30:43 PT [2022/07/23 4:30:43 ET]
Table 'Lugduna' 9-max Seat #1 is the button
Seat 1: ACEHbKA777 ($11.17 in chips) 
Seat 3: DONWASO ($5.12 in chips) 
Seat 4: alexvgb444 ($5.88 in chips) 
Seat 5: pinbotani ($5 in chips) 
Seat 6: Dorex2007 ($5.10 in chips) 
Seat 7: TheBlade8525 ($7.03 in chips) 
Seat 8: the zan man68 ($5 in chips) 
Seat 9: Nelisnils ($6.11 in chips) 
DONWASO: posts small blind $0.02
alexvgb444: posts big blind $0.05
*** HOLE CARDS ***
Dealt to Dorex2007 [4h Th]
pinbotani: folds 
Dorex2007: folds 
TheBlade8525: raises $0.10 to $0.15
the zan man68: calls $0.15
Nelisnils: folds 
ACEHbKA777: folds 
DONWASO: calls $0.13
alexvgb444: folds 
*** FLOP *** [Kh Ah 7s]
DONWASO: checks 
TheBlade8525: bets $0.32
the zan man68: calls $0.32
DONWASO: folds 
*** TURN *** [Kh Ah 7s] [Jd]
TheBlade8525: checks 
the zan man68: checks 
*** RIVER *** [Kh Ah 7s Jd] [6h]
TheBlade8525: checks 
the zan man68: checks 
*** SHOW DOWN ***
TheBlade8525: shows [Qh Jc] (a pair of Jacks)
the zan man68: shows [3d Ac] (a pair of Aces)
the zan man68 collected $1.09 from pot
*** SUMMARY ***
Total pot $1.14 | Rake $0.05 
Board [Kh Ah 7s Jd 6h]
Seat 1: ACEHbKA777 (button) folded before Flop (didn't bet)
Seat 3: DONWASO (small blind) folded on the Flop
Seat 4: alexvgb444 (big blind) folded before Flop
Seat 5: pinbotani folded before Flop (didn't bet)
Seat 6: Dorex2007 folded before Flop (didn't bet)
Seat 7: TheBlade8525 showed [Qh Jc] and lost with a pair of Jacks
Seat 8: the zan man68 showed [3d Ac] and won ($1.09) with a pair of Aces
Seat 9: Nelisnils folded before Flop (didn't bet)



PokerStars Hand #237529625242:  Hold'em No Limit ($0.02/$0.05 USD) - 2022/07/23 1:31:22 PT [2022/07/23 4:31:22 ET]
Table 'Lugduna' 9-max Seat #3 is the button
Seat 1: ACEHbKA777 ($11.17 in chips) 
Seat 3: DONWASO ($4.97 in chips) 
Seat 4: alexvgb444 ($5.83 in chips) 
Seat 5: pinbotani ($5 in chips) 
Seat 6: Dorex2007 ($5.10 in chips) 
Seat 7: TheBlade8525 ($6.56 in chips) 
Seat 8: the zan man68 ($5.62 in chips) 
Seat 9: Nelisnils ($6.11 in chips) 
alexvgb444: posts small blind $0.02
pinbotani: posts big blind $0.05
*** HOLE CARDS ***
Dealt to Dorex2007 [Ts As]
Dorex2007: raises $0.05 to $0.10
TheBlade8525: folds 
the zan man68: folds 
Nelisnils: folds 
ACEHbKA777: folds 
DONWASO: folds 
alexvgb444: folds 
pinbotani: folds 
Uncalled bet ($0.05) returned to Dorex2007
Dorex2007 collected $0.12 from pot
*** SUMMARY ***
Total pot $0.12 | Rake $0 
Seat 1: ACEHbKA777 folded before Flop (didn't bet)
Seat 3: DONWASO (button) folded before Flop (didn't bet)
Seat 4: alexvgb444 (small blind) folded before Flop
Seat 5: pinbotani (big blind) folded before Flop
Seat 6: Dorex2007 collected ($0.12)
Seat 7: TheBlade8525 folded before Flop (didn't bet)
Seat 8: the zan man68 folded before Flop (didn't bet)
Seat 9: Nelisnils folded before Flop (didn't bet)



PokerStars Hand #237529629694:  Hold'em No Limit ($0.02/$0.05 USD) - 2022/07/23 1:31:55 PT [2022/07/23 4:31:55 ET]
Table 'Lugduna' 9-max Seat #4 is the button
Seat 1: ACEHbKA777 ($11.17 in chips) 
Seat 3: DONWASO ($4.97 in chips) 
Seat 4: alexvgb444 ($5.81 in chips) 
Seat 5: pinbotani ($5 in chips) 
Seat 6: Dorex2007 ($5.17 in chips) 
Seat 7: TheBlade8525 ($6.56 in chips) 
Seat 8: the zan man68 ($5.62 in chips) 
Seat 9: Nelisnils ($6.11 in chips) 
pinbotani: posts small blind $0.02
Dorex2007: posts big blind $0.05
*** HOLE CARDS ***
Dealt to Dorex2007 [Kh Tc]
TheBlade8525: raises $0.10 to $0.15
the zan man68: folds 
Nelisnils: folds 
ACEHbKA777: folds 
DONWASO: folds 
alexvgb444: calls $0.15
pinbotani: folds 
Dorex2007: folds 
*** FLOP *** [Td As 2h]
Nelisnils leaves the table
TheBlade8525: bets $0.23
alexvgb444: folds 
Uncalled bet ($0.23) returned to TheBlade8525
TheBlade8525 collected $0.35 from pot
*** SUMMARY ***
Total pot $0.37 | Rake $0.02 
Board [Td As 2h]
Seat 1: ACEHbKA777 folded before Flop (didn't bet)
Seat 3: DONWASO folded before Flop (didn't bet)
Seat 4: alexvgb444 (button) folded on the Flop
Seat 5: pinbotani (small blind) folded before Flop
Seat 6: Dorex2007 (big blind) folded before Flop
Seat 7: TheBlade8525 collected ($0.35)
Seat 8: the zan man68 folded before Flop (didn't bet)
Seat 9: Nelisnils folded before Flop (didn't bet)



PokerStars Hand #237529632530:  Hold'em No Limit ($0.02/$0.05 USD) - 2022/07/23 1:32:15 PT [2022/07/23 4:32:15 ET]
Table 'Lugduna' 9-max Seat #5 is the button
Seat 1: ACEHbKA777 ($11.17 in chips) 
Seat 3: DONWASO ($4.97 in chips) 
Seat 4: alexvgb444 ($5.66 in chips) 
Seat 5: pinbotani ($5 in chips) 
Seat 6: Dorex2007 ($5.12 in chips) 
Seat 7: TheBlade8525 ($6.76 in chips) 
Seat 8: the zan man68 ($5.62 in chips) 
Dorex2007: posts small blind $0.02
TheBlade8525: posts big blind $0.05
*** HOLE CARDS ***
Dealt to Dorex2007 [Kd 5s]
the zan man68: folds 
ACEHbKA777: folds 
DONWASO: folds 
alexvgb444: raises $0.10 to $0.15
pinbotani: folds 
Dorex2007: folds 
TheBlade8525: folds 
Uncalled bet ($0.10) returned to alexvgb444
alexvgb444 collected $0.12 from pot
*** SUMMARY ***
Total pot $0.12 | Rake $0 
Seat 1: ACEHbKA777 folded before Flop (didn't bet)
Seat 3: DONWASO folded before Flop (didn't bet)
Seat 4: alexvgb444 collected ($0.12)
Seat 5: pinbotani (button) folded before Flop (didn't bet)
Seat 6: Dorex2007 (small blind) folded before Flop
Seat 7: TheBlade8525 (big blind) folded before Flop
Seat 8: the zan man68 folded before Flop (didn't bet)



PokerStars Hand #237529634623:  Hold'em No Limit ($0.02/$0.05 USD) - 2022/07/23 1:32:30 PT [2022/07/23 4:32:30 ET]
Table 'Lugduna' 9-max Seat #6 is the button
Seat 1: ACEHbKA777 ($11.17 in chips) 
Seat 3: DONWASO ($4.97 in chips) 
Seat 4: alexvgb444 ($5.73 in chips) 
Seat 5: pinbotani ($5 in chips) 
Seat 6: Dorex2007 ($5.10 in chips) 
Seat 7: TheBlade8525 ($6.71 in chips) 
Seat 8: the zan man68 ($5.62 in chips) 
TheBlade8525: posts small blind $0.02
the zan man68: posts big blind $0.05
*** HOLE CARDS ***
Dealt to Dorex2007 [Kh Td]
ACEHbKA777: folds 
DONWASO: folds 
alexvgb444: folds 
pinbotani: folds 
Dorex2007: calls $0.05
TheBlade8525: calls $0.03
the zan man68: checks 
*** FLOP *** [8s 9s Ks]
TheBlade8525: checks 
the zan man68: checks 
Dorex2007: bets $0.14
TheBlade8525: folds 
the zan man68: calls $0.14
*** TURN *** [8s 9s Ks] [As]
the zan man68: checks 
Dorex2007: checks 
*** RIVER *** [8s 9s Ks As] [Jd]
the zan man68: bets $0.20
Dorex2007: folds 
Uncalled bet ($0.20) returned to the zan man68
the zan man68 collected $0.41 from pot
*** SUMMARY ***
Total pot $0.43 | Rake $0.02 
Board [8s 9s Ks As Jd]
Seat 1: ACEHbKA777 folded before Flop (didn't bet)
Seat 3: DONWASO folded before Flop (didn't bet)
Seat 4: alexvgb444 folded before Flop (didn't bet)
Seat 5: pinbotani folded before Flop (didn't bet)
Seat 6: Dorex2007 (button) folded on the River
Seat 7: TheBlade8525 (small blind) folded on the Flop
Seat 8: the zan man68 (big blind) collected ($0.41)



PokerStars Hand #237529641401:  Hold'em No Limit ($0.02/$0.05 USD) - 2022/07/23 1:33:18 PT [2022/07/23 4:33:18 ET]
Table 'Lugduna' 9-max Seat #7 is the button
Seat 1: ACEHbKA777 ($11.17 in chips) 
Seat 3: DONWASO ($4.97 in chips) 
Seat 4: alexvgb444 ($5.73 in chips) 
Seat 5: pinbotani ($5 in chips) 
Seat 6: Dorex2007 ($5 in chips) 
Seat 7: TheBlade8525 ($6.66 in chips) 
Seat 8: the zan man68 ($5.84 in chips) 
the zan man68: posts small blind $0.02
ACEHbKA777: posts big blind $0.05
*** HOLE CARDS ***
Dealt to Dorex2007 [9s Jc]
DaniBerg05 joins the table at seat #9 
DONWASO: raises $0.10 to $0.15
alexvgb444: calls $0.15
pinbotani: folds 
Dorex2007: folds 
TheBlade8525: calls $0.15
the zan man68: folds 
ACEHbKA777: folds 
*** FLOP *** [8d 2d 7s]
DONWASO: bets $0.25
alexvgb444: folds 
TheBlade8525: folds 
Uncalled bet ($0.25) returned to DONWASO
DONWASO collected $0.50 from pot
*** SUMMARY ***
Total pot $0.52 | Rake $0.02 
Board [8d 2d 7s]
Seat 1: ACEHbKA777 (big blind) folded before Flop
Seat 3: DONWASO collected ($0.50)
Seat 4: alexvgb444 folded on the Flop
Seat 5: pinbotani folded before Flop (didn't bet)
Seat 6: Dorex2007 folded before Flop (didn't bet)
Seat 7: TheBlade8525 (button) folded on the Flop
Seat 8: the zan man68 (small blind) folded before Flop



PokerStars Hand #237529646640:  Hold'em No Limit ($0.02/$0.05 USD) - 2022/07/23 1:33:55 PT [2022/07/23 4:33:55 ET]
Table 'Lugduna' 9-max Seat #8 is the button
Seat 1: ACEHbKA777 ($11.12 in chips) 
Seat 3: DONWASO ($5.32 in chips) 
Seat 4: alexvgb444 ($5.58 in chips) 
Seat 5: pinbotani ($5 in chips) 
Seat 6: Dorex2007 ($5 in chips) 
Seat 7: TheBlade8525 ($6.51 in chips) 
Seat 8: the zan man68 ($5.82 in chips) 
ACEHbKA777: posts small blind $0.02
DONWASO: posts big blind $0.05
*** HOLE CARDS ***
Dealt to Dorex2007 [9c Kh]
alexvgb444: folds 
pinbotani: folds 
Dorex2007: folds 
TheBlade8525: folds 
the zan man68: folds 
ACEHbKA777: raises $0.10 to $0.15
DONWASO: folds 
Uncalled bet ($0.10) returned to ACEHbKA777
ACEHbKA777 collected $0.10 from pot
*** SUMMARY ***
Total pot $0.10 | Rake $0 
Seat 1: ACEHbKA777 (small blind) collected ($0.10)
Seat 3: DONWASO (big blind) folded before Flop
Seat 4: alexvgb444 folded before Flop (didn't bet)
Seat 5: pinbotani folded before Flop (didn't bet)
Seat 6: Dorex2007 folded before Flop (didn't bet)
Seat 7: TheBlade8525 folded before Flop (didn't bet)
Seat 8: the zan man68 (button) folded before Flop (didn't bet)



PokerStars Hand #237529650976:  Hold'em No Limit ($0.02/$0.05 USD) - 2022/07/23 1:34:25 PT [2022/07/23 4:34:25 ET]
Table 'Lugduna' 9-max Seat #1 is the button
Seat 1: ACEHbKA777 ($11.17 in chips) 
Seat 3: DONWASO ($5.27 in chips) 
Seat 4: alexvgb444 ($5.58 in chips) 
Seat 5: pinbotani ($5 in chips) 
Seat 6: Dorex2007 ($5 in chips) 
Seat 7: TheBlade8525 ($6.51 in chips) 
Seat 8: the zan man68 ($5.82 in chips) 
DONWASO: posts small blind $0.02
alexvgb444: posts big blind $0.05
DaniBerg05: sits out 
*** HOLE CARDS ***
Dealt to Dorex2007 [7c 5h]
pinbotani: folds 
Dorex2007: folds 
TheBlade8525: folds 
the zan man68: folds 
ACEHbKA777: folds 
DONWASO has timed out
DONWASO: folds 
Uncalled bet ($0.03) returned to alexvgb444
alexvgb444 collected $0.04 from pot
*** SUMMARY ***
Total pot $0.04 | Rake $0 
Seat 1: ACEHbKA777 (button) folded before Flop (didn't bet)
Seat 3: DONWASO (small blind) folded before Flop
Seat 4: alexvgb444 (big blind) collected ($0.04)
Seat 5: pinbotani folded before Flop (didn't bet)
Seat 6: Dorex2007 folded before Flop (didn't bet)
Seat 7: TheBlade8525 folded before Flop (didn't bet)
Seat 8: the zan man68 folded before Flop (didn't bet)



PokerStars Hand #237529655311:  Hold'em No Limit ($0.02/$0.05 USD) - 2022/07/23 1:34:56 PT [2022/07/23 4:34:56 ET]
Table 'Lugduna' 9-max Seat #4 is the button
Seat 1: ACEHbKA777 ($11.17 in chips) 
Seat 4: alexvgb444 ($5.60 in chips) 
Seat 5: pinbotani ($5 in chips) 
Seat 6: Dorex2007 ($5 in chips) 
Seat 7: TheBlade8525 ($6.51 in chips) 
Seat 8: the zan man68 ($5.82 in chips) 
pinbotani: posts small blind $0.02
Dorex2007: posts big blind $0.05
DaniBerg05: sits out 
*** HOLE CARDS ***
Dealt to Dorex2007 [7h 4c]
TheBlade8525: folds 
the zan man68: folds 
ACEHbKA777: folds 
alexvgb444: folds 
pinbotani: raises $0.10 to $0.15
Dorex2007: folds 
Uncalled bet ($0.10) returned to pinbotani
pinbotani collected $0.10 from pot
*** SUMMARY ***
Total pot $0.10 | Rake $0 
Seat 1: ACEHbKA777 folded before Flop (didn't bet)
Seat 4: alexvgb444 (button) folded before Flop (didn't bet)
Seat 5: pinbotani (small blind) collected ($0.10)
Seat 6: Dorex2007 (big blind) folded before Flop
Seat 7: TheBlade8525 folded before Flop (didn't bet)
Seat 8: the zan man68 folded before Flop (didn't bet)



PokerStars Hand #237529657072:  Hold'em No Limit ($0.02/$0.05 USD) - 2022/07/23 1:35:08 PT [2022/07/23 4:35:08 ET]
Table 'Lugduna' 9-max Seat #5 is the button
Seat 1: ACEHbKA777 ($11.17 in chips) 
Seat 3: DONWASO ($5.25 in chips) 
Seat 4: alexvgb444 ($5.60 in chips) 
Seat 5: pinbotani ($5.05 in chips) 
Seat 6: Dorex2007 ($5 in chips) 
Seat 7: TheBlade8525 ($6.51 in chips) 
Seat 8: the zan man68 ($5.82 in chips) 
Dorex2007: posts small blind $0.02
TheBlade8525: posts big blind $0.05
DaniBerg05: sits out 
*** HOLE CARDS ***
Dealt to Dorex2007 [9d Js]
the zan man68: calls $0.05
ACEHbKA777: folds 
DONWASO: folds 
alexvgb444: folds 
pinbotani: folds 
Dorex2007: folds 
TheBlade8525: checks 
*** FLOP *** [Td 6h Qc]
TheBlade8525: checks 
the zan man68: bets $0.05
TheBlade8525: folds 
Uncalled bet ($0.05) returned to the zan man68
the zan man68 collected $0.12 from pot
*** SUMMARY ***
Total pot $0.12 | Rake $0 
Board [Td 6h Qc]
Seat 1: ACEHbKA777 folded before Flop (didn't bet)
Seat 3: DONWASO folded before Flop (didn't bet)
Seat 4: alexvgb444 folded before Flop (didn't bet)
Seat 5: pinbotani (button) folded before Flop (didn't bet)
Seat 6: Dorex2007 (small blind) folded before Flop
Seat 7: TheBlade8525 (big blind) folded on the Flop
Seat 8: the zan man68 collected ($0.12)



PokerStars Hand #237529659205:  Hold'em No Limit ($0.02/$0.05 USD) - 2022/07/23 1:35:23 PT [2022/07/23 4:35:23 ET]
Table 'Lugduna' 9-max Seat #6 is the button
Seat 1: ACEHbKA777 ($11.17 in chips) 
Seat 3: DONWASO ($5.25 in chips) 
Seat 4: alexvgb444 ($5.60 in chips) 
Seat 5: pinbotani ($5.05 in chips) 
Seat 6: Dorex2007 ($5 in chips) 
Seat 7: TheBlade8525 ($6.46 in chips) 
Seat 8: the zan man68 ($5.89 in chips) 
TheBlade8525: posts small blind $0.02
the zan man68: posts big blind $0.05
DaniBerg05: sits out 
*** HOLE CARDS ***
Dealt to Dorex2007 [Tc 3h]
ACEHbKA777: folds 
DONWASO: folds 
alexvgb444: folds 
pinbotani: folds 
Dorex2007: folds 
TheBlade8525: raises $0.10 to $0.15
the zan man68: folds 
Uncalled bet ($0.10) returned to TheBlade8525
TheBlade8525 collected $0.10 from pot
*** SUMMARY ***
Total pot $0.10 | Rake $0 
Seat 1: ACEHbKA777 folded before Flop (didn't bet)
Seat 3: DONWASO folded before Flop (didn't bet)
Seat 4: alexvgb444 folded before Flop (didn't bet)
Seat 5: pinbotani folded before Flop (didn't bet)
Seat 6: Dorex2007 (button) folded before Flop (didn't bet)
Seat 7: TheBlade8525 (small blind) collected ($0.10)
Seat 8: the zan man68 (big blind) folded before Flop



PokerStars Hand #237529662243:  Hold'em No Limit ($0.02/$0.05 USD) - 2022/07/23 1:35:46 PT [2022/07/23 4:35:46 ET]
Table 'Lugduna' 9-max Seat #7 is the button
Seat 1: ACEHbKA777 ($11.17 in chips) 
Seat 3: DONWASO ($5.25 in chips) 
Seat 4: alexvgb444 ($5.60 in chips) 
Seat 5: pinbotani ($5.05 in chips) 
Seat 6: Dorex2007 ($5 in chips) 
Seat 7: TheBlade8525 ($6.51 in chips) 
Seat 8: the zan man68 ($5.84 in chips) 
Seat 9: DaniBerg05 ($5 in chips) 
the zan man68: posts small blind $0.02
DaniBerg05: posts big blind $0.05
*** HOLE CARDS ***
Dealt to Dorex2007 [5d Ah]
ACEHbKA777: folds 
DONWASO: folds 
alexvgb444: calls $0.05
pinbotani: folds 
Dorex2007 has timed out
Dorex2007: folds 
TheBlade8525: folds 
the zan man68: calls $0.03
DaniBerg05: raises $0.30 to $0.35
alexvgb444: folds 
the zan man68: folds 
Uncalled bet ($0.30) returned to DaniBerg05
DaniBerg05 collected $0.15 from pot
*** SUMMARY ***
Total pot $0.15 | Rake $0 
Seat 1: ACEHbKA777 folded before Flop (didn't bet)
Seat 3: DONWASO folded before Flop (didn't bet)
Seat 4: alexvgb444 folded before Flop
Seat 5: pinbotani folded before Flop (didn't bet)
Seat 6: Dorex2007 folded before Flop (didn't bet)
Seat 7: TheBlade8525 (button) folded before Flop (didn't bet)
Seat 8: the zan man68 (small blind) folded before Flop
Seat 9: DaniBerg05 (big blind) collected ($0.15)



PokerStars Hand #237529675856:  Hold'em No Limit ($0.02/$0.05 USD) - 2022/07/23 1:37:22 PT [2022/07/23 4:37:22 ET]
Table 'Lugduna' 9-max Seat #9 is the button
Seat 3: DONWASO ($3.74 in chips) 
Seat 4: alexvgb444 ($5.55 in chips) 
Seat 5: pinbotani ($6.50 in chips) 
Seat 6: Dorex2007 ($5 in chips) 
Seat 7: TheBlade8525 ($6.51 in chips) 
Seat 8: the zan man68 ($5.79 in chips) 
Seat 9: DaniBerg05 ($5.08 in chips) 
DONWASO: posts small blind $0.02
alexvgb444: posts big blind $0.05
*** HOLE CARDS ***
Dealt to Dorex2007 [Tc Qc]
pinbotani: folds 
Dorex2007: raises $0.05 to $0.10
TheBlade8525: calls $0.10
the zan man68: calls $0.10
DaniBerg05: folds 
DONWASO: calls $0.08
alexvgb444: folds 
*** FLOP *** [5d 9d 8s]
DONWASO: checks 
Dorex2007: checks 
TheBlade8525: bets $0.29
the zan man68: calls $0.29
DONWASO: folds 
Dorex2007: folds 
*** TURN *** [5d 9d 8s] [8c]
TheBlade8525: checks 
the zan man68: checks 
*** RIVER *** [5d 9d 8s 8c] [9c]
TheBlade8525: checks 
the zan man68: checks 
*** SHOW DOWN ***
TheBlade8525: shows [Qh Js] (two pair, Nines and Eights)
the zan man68: shows [Kh Ah] (two pair, Nines and Eights - Ace kicker)
the zan man68 collected $0.99 from pot
*** SUMMARY ***
Total pot $1.03 | Rake $0.04 
Board [5d 9d 8s 8c 9c]
Seat 3: DONWASO (small blind) folded on the Flop
Seat 4: alexvgb444 (big blind) folded before Flop
Seat 5: pinbotani folded before Flop (didn't bet)
Seat 6: Dorex2007 folded on the Flop
Seat 7: TheBlade8525 showed [Qh Js] and lost with two pair, Nines and Eights
Seat 8: the zan man68 showed [Kh Ah] and won ($0.99) with two pair, Nines and Eights
Seat 9: DaniBerg05 (button) folded before Flop (didn't bet)



PokerStars Hand #237529682222:  Hold'em No Limit ($0.02/$0.05 USD) - 2022/07/23 1:38:07 PT [2022/07/23 4:38:07 ET]
Table 'Lugduna' 9-max Seat #3 is the button
Seat 2: Swaz85 ($9.51 in chips) 
Seat 3: DONWASO ($3.64 in chips) 
Seat 4: alexvgb444 ($5.50 in chips) 
Seat 5: pinbotani ($6.50 in chips) 
Seat 6: Dorex2007 ($5 in chips) 
Seat 7: TheBlade8525 ($6.12 in chips) 
Seat 8: the zan man68 ($6.39 in chips) 
Seat 9: DaniBerg05 ($5.08 in chips) 
alexvgb444: posts small blind $0.02
pinbotani: posts big blind $0.05
ACEHbKA777: sits out 
Swaz85: posts small & big blinds $0.07
*** HOLE CARDS ***
Dealt to Dorex2007 [4h Qc]
Dorex2007: folds 
TheBlade8525: raises $0.20 to $0.25
the zan man68: folds 
DaniBerg05: folds 
Swaz85: folds 
DONWASO: folds 
alexvgb444: folds 
pinbotani: folds 
Uncalled bet ($0.20) returned to TheBlade8525
TheBlade8525 collected $0.19 from pot
*** SUMMARY ***
Total pot $0.19 | Rake $0 
Seat 2: Swaz85 folded before Flop (didn't bet)
Seat 3: DONWASO (button) folded before Flop (didn't bet)
Seat 4: alexvgb444 (small blind) folded before Flop
Seat 5: pinbotani (big blind) folded before Flop
Seat 6: Dorex2007 folded before Flop (didn't bet)
Seat 7: TheBlade8525 collected ($0.19)
Seat 8: the zan man68 folded before Flop (didn't bet)
Seat 9: DaniBerg05 folded before Flop (didn't bet)



PokerStars Hand #237529685106:  Hold'em No Limit ($0.02/$0.05 USD) - 2022/07/23 1:38:27 PT [2022/07/23 4:38:27 ET]
Table 'Lugduna' 9-max Seat #4 is the button
Seat 2: Swaz85 ($9.44 in chips) 
Seat 3: DONWASO ($3.64 in chips) 
Seat 4: alexvgb444 ($5.48 in chips) 
Seat 5: pinbotani ($6.45 in chips) 
Seat 6: Dorex2007 ($5 in chips) 
Seat 7: TheBlade8525 ($6.26 in chips) 
Seat 8: the zan man68 ($6.39 in chips) 
Seat 9: DaniBerg05 ($5.08 in chips) 
pinbotani: posts small blind $0.02
Dorex2007: posts big blind $0.05
ACEHbKA777: sits out 
*** HOLE CARDS ***
Dealt to Dorex2007 [3s As]
TheBlade8525: folds 
the zan man68: calls $0.05
DaniBerg05: folds 
Swaz85: folds 
DONWASO: calls $0.05
alexvgb444: calls $0.05
pinbotani: folds 
Dorex2007: checks 
*** FLOP *** [7h 3h Js]
Dorex2007: checks 
the zan man68: bets $0.05
DONWASO: raises $0.05 to $0.10
alexvgb444: calls $0.10
Dorex2007: calls $0.10
the zan man68: calls $0.05
*** TURN *** [7h 3h Js] [4c]
Dorex2007: checks 
the zan man68: bets $0.29
DONWASO: calls $0.29
alexvgb444: folds 
Dorex2007: folds 
*** RIVER *** [7h 3h Js 4c] [5d]
the zan man68: bets $0.57
DONWASO: folds 
Uncalled bet ($0.57) returned to the zan man68
the zan man68 collected $1.15 from pot
*** SUMMARY ***
Total pot $1.20 | Rake $0.05 
Board [7h 3h Js 4c 5d]
Seat 2: Swaz85 folded before Flop (didn't bet)
Seat 3: DONWASO folded on the River
Seat 4: alexvgb444 (button) folded on the Turn
Seat 5: pinbotani (small blind) folded before Flop
Seat 6: Dorex2007 (big blind) folded on the Turn
Seat 7: TheBlade8525 folded before Flop (didn't bet)
Seat 8: the zan man68 collected ($1.15)
Seat 9: DaniBerg05 folded before Flop (didn't bet)



PokerStars Hand #237529695533:  Hold'em No Limit ($0.02/$0.05 USD) - 2022/07/23 1:39:41 PT [2022/07/23 4:39:41 ET]
Table 'Lugduna' 9-max Seat #5 is the button
Seat 2: Swaz85 ($9.44 in chips) 
Seat 3: DONWASO ($3.20 in chips) 
Seat 4: alexvgb444 ($5.33 in chips) 
Seat 5: pinbotani ($6.43 in chips) 
Seat 6: Dorex2007 ($5 in chips) 
Seat 7: TheBlade8525 ($6.26 in chips) 
Seat 8: the zan man68 ($7.10 in chips) 
Seat 9: DaniBerg05 ($5.08 in chips) 
Dorex2007: posts small blind $0.02
TheBlade8525: posts big blind $0.05
ACEHbKA777: sits out 
*** HOLE CARDS ***
Dealt to Dorex2007 [Kc 5s]
the zan man68: calls $0.05
DaniBerg05: folds 
Swaz85: folds 
DONWASO: folds 
alexvgb444: raises $0.05 to $0.10
pinbotani: folds 
Dorex2007: folds 
TheBlade8525: calls $0.05
the zan man68: calls $0.05
*** FLOP *** [5c 2c 7d]
TheBlade8525: checks 
the zan man68: checks 
alexvgb444: checks 
*** TURN *** [5c 2c 7d] [Ts]
TheBlade8525: checks 
the zan man68: checks 
alexvgb444: bets $0.15
TheBlade8525: folds 
the zan man68: calls $0.15
*** RIVER *** [5c 2c 7d Ts] [4d]
the zan man68: checks 
alexvgb444: checks 
*** SHOW DOWN ***
the zan man68: shows [Ks 8h] (high card King)
alexvgb444: shows [Jd Tc] (a pair of Tens)
alexvgb444 collected $0.59 from pot
*** SUMMARY ***
Total pot $0.62 | Rake $0.03 
Board [5c 2c 7d Ts 4d]
Seat 2: Swaz85 folded before Flop (didn't bet)
Seat 3: DONWASO folded before Flop (didn't bet)
Seat 4: alexvgb444 showed [Jd Tc] and won ($0.59) with a pair of Tens
Seat 5: pinbotani (button) folded before Flop (didn't bet)
Seat 6: Dorex2007 (small blind) folded before Flop
Seat 7: TheBlade8525 (big blind) folded on the Turn
Seat 8: the zan man68 showed [Ks 8h] and lost with high card King
Seat 9: DaniBerg05 folded before Flop (didn't bet)



PokerStars Hand #237529701288:  Hold'em No Limit ($0.02/$0.05 USD) - 2022/07/23 1:40:21 PT [2022/07/23 4:40:21 ET]
Table 'Lugduna' 9-max Seat #6 is the button
Seat 2: Swaz85 ($9.44 in chips) 
Seat 3: DONWASO ($3.20 in chips) 
Seat 4: alexvgb444 ($5.67 in chips) 
Seat 5: pinbotani ($6.43 in chips) 
Seat 6: Dorex2007 ($5 in chips) 
Seat 7: TheBlade8525 ($6.16 in chips) 
Seat 8: the zan man68 ($6.85 in chips) 
Seat 9: DaniBerg05 ($5.08 in chips) 
TheBlade8525: posts small blind $0.02
the zan man68: posts big blind $0.05
ACEHbKA777: sits out 
*** HOLE CARDS ***
Dealt to Dorex2007 [3c Qc]
DaniBerg05: raises $0.10 to $0.15
Swaz85: folds 
DONWASO: calls $0.15
alexvgb444: folds 
pinbotani: folds 
Dorex2007: folds 
TheBlade8525: calls $0.13
the zan man68: calls $0.10
*** FLOP *** [4h 6h Th]
TheBlade8525: checks 
the zan man68: checks 
DaniBerg05: bets $0.29
DONWASO: calls $0.29
TheBlade8525: folds 
the zan man68: folds 
*** TURN *** [4h 6h Th] [2d]
DaniBerg05: bets $0.85
DONWASO: calls $0.85
*** RIVER *** [4h 6h Th 2d] [Jc]
DaniBerg05: bets $2.09
DONWASO: folds 
Uncalled bet ($2.09) returned to DaniBerg05
DaniBerg05 collected $2.76 from pot
*** SUMMARY ***
Total pot $2.88 | Rake $0.12 
Board [4h 6h Th 2d Jc]
Seat 2: Swaz85 folded before Flop (didn't bet)
Seat 3: DONWASO folded on the River
Seat 4: alexvgb444 folded before Flop (didn't bet)
Seat 5: pinbotani folded before Flop (didn't bet)
Seat 6: Dorex2007 (button) folded before Flop (didn't bet)
Seat 7: TheBlade8525 (small blind) folded on the Flop
Seat 8: the zan man68 (big blind) folded on the Flop
Seat 9: DaniBerg05 collected ($2.76)



PokerStars Hand #237529709659:  Hold'em No Limit ($0.02/$0.05 USD) - 2022/07/23 1:41:18 PT [2022/07/23 4:41:18 ET]
Table 'Lugduna' 9-max Seat #7 is the button
Seat 2: Swaz85 ($9.44 in chips) 
Seat 3: DONWASO ($1.91 in chips) 
Seat 4: alexvgb444 ($5.67 in chips) 
Seat 5: pinbotani ($6.43 in chips) 
Seat 6: Dorex2007 ($5 in chips) 
Seat 7: TheBlade8525 ($6.01 in chips) 
Seat 8: the zan man68 ($6.70 in chips) 
Seat 9: DaniBerg05 ($6.55 in chips) 
the zan man68: posts small blind $0.02
DaniBerg05: posts big blind $0.05
ACEHbKA777: sits out 
*** HOLE CARDS ***
Dealt to Dorex2007 [7h 2c]
Swaz85: raises $0.10 to $0.15
DONWASO: folds 
alexvgb444: folds 
pinbotani: folds 
Dorex2007: folds 
TheBlade8525: folds 
the zan man68: calls $0.13
DaniBerg05: folds 
*** FLOP *** [Jd Kh 6d]
the zan man68: checks 
Swaz85: bets $0.20
the zan man68: calls $0.20
*** TURN *** [Jd Kh 6d] [2d]
the zan man68: checks 
Swaz85: checks 
*** RIVER *** [Jd Kh 6d 2d] [Ts]
the zan man68: checks 
Swaz85: bets $0.44
the zan man68: calls $0.44
*** SHOW DOWN ***
Swaz85: shows [3c 3s] (a pair of Threes)
the zan man68: shows [Tc 9c] (a pair of Tens)
the zan man68 collected $1.56 from pot
*** SUMMARY ***
Total pot $1.63 | Rake $0.07 
Board [Jd Kh 6d 2d Ts]
Seat 2: Swaz85 showed [3c 3s] and lost with a pair of Threes
Seat 3: DONWASO folded before Flop (didn't bet)
Seat 4: alexvgb444 folded before Flop (didn't bet)
Seat 5: pinbotani folded before Flop (didn't bet)
Seat 6: Dorex2007 folded before Flop (didn't bet)
Seat 7: TheBlade8525 (button) folded before Flop (didn't bet)
Seat 8: the zan man68 (small blind) showed [Tc 9c] and won ($1.56) with a pair of Tens
Seat 9: DaniBerg05 (big blind) folded before Flop



PokerStars Hand #237529717375:  Hold'em No Limit ($0.02/$0.05 USD) - 2022/07/23 1:42:11 PT [2022/07/23 4:42:11 ET]
Table 'Lugduna' 9-max Seat #8 is the button
Seat 1: ACEHbKA777 ($11.12 in chips) 
Seat 2: Swaz85 ($8.65 in chips) 
Seat 3: DONWASO ($1.91 in chips) 
Seat 4: alexvgb444 ($5.67 in chips) 
Seat 5: pinbotani ($6.43 in chips) 
Seat 6: Dorex2007 ($5 in chips) 
Seat 7: TheBlade8525 ($6.01 in chips) 
Seat 8: the zan man68 ($7.47 in chips) 
Seat 9: DaniBerg05 ($6.50 in chips) 
DaniBerg05: posts small blind $0.02
ACEHbKA777: posts big blind $0.05
*** HOLE CARDS ***
Dealt to Dorex2007 [8h 2d]
Swaz85: folds 
DONWASO: calls $0.05
alexvgb444: folds 
pinbotani: folds 
Dorex2007: folds 
TheBlade8525: raises $0.17 to $0.22
the zan man68: folds 
DaniBerg05: folds 
ACEHbKA777: calls $0.17
DONWASO: calls $0.17
*** FLOP *** [Qc 8d 3h]
ACEHbKA777: checks 
DONWASO: checks 
TheBlade8525: checks 
*** TURN *** [Qc 8d 3h] [Ts]
ACEHbKA777: checks 
DONWASO: bets $0.05
TheBlade8525: calls $0.05
ACEHbKA777: calls $0.05
*** RIVER *** [Qc 8d 3h Ts] [7h]
ACEHbKA777: checks 
DONWASO: bets $0.40
TheBlade8525: folds 
ACEHbKA777: folds 
Uncalled bet ($0.40) returned to DONWASO
DONWASO collected $0.80 from pot
*** SUMMARY ***
Total pot $0.83 | Rake $0.03 
Board [Qc 8d 3h Ts 7h]
Seat 1: ACEHbKA777 (big blind) folded on the River
Seat 2: Swaz85 folded before Flop (didn't bet)
Seat 3: DONWASO collected ($0.80)
Seat 4: alexvgb444 folded before Flop (didn't bet)
Seat 5: pinbotani folded before Flop (didn't bet)
Seat 6: Dorex2007 folded before Flop (didn't bet)
Seat 7: TheBlade8525 folded on the River
Seat 8: the zan man68 (button) folded before Flop (didn't bet)
Seat 9: DaniBerg05 (small blind) folded before Flop



PokerStars Hand #237529723999:  Hold'em No Limit ($0.02/$0.05 USD) - 2022/07/23 1:42:57 PT [2022/07/23 4:42:57 ET]
Table 'Lugduna' 9-max Seat #9 is the button
Seat 1: ACEHbKA777 ($10.85 in chips) 
Seat 2: Swaz85 ($8.65 in chips) 
Seat 3: DONWASO ($2.44 in chips) 
Seat 4: alexvgb444 ($5.67 in chips) 
Seat 5: pinbotani ($6.43 in chips) 
Seat 6: Dorex2007 ($5 in chips) 
Seat 7: TheBlade8525 ($5.74 in chips) 
Seat 8: the zan man68 ($7.47 in chips) 
Seat 9: DaniBerg05 ($6.48 in chips) 
ACEHbKA777: posts small blind $0.02
Swaz85: posts big blind $0.05
*** HOLE CARDS ***
Dealt to Dorex2007 [Jd 5s]
DONWASO: calls $0.05
alexvgb444: folds 
pinbotani: raises $0.15 to $0.20
Dorex2007: folds 
TheBlade8525: calls $0.20
the zan man68: calls $0.20
DaniBerg05: folds 
ACEHbKA777: folds 
Swaz85: folds 
DONWASO: calls $0.15
*** FLOP *** [3h Tc 5c]
DONWASO: checks 
pinbotani: checks 
TheBlade8525: checks 
the zan man68: bets $0.41
DONWASO: calls $0.41
pinbotani: folds 
TheBlade8525: folds 
*** TURN *** [3h Tc 5c] [6c]
DONWASO: checks 
the zan man68: bets $0.81
DONWASO: calls $0.81
*** RIVER *** [3h Tc 5c 6c] [9s]
DONWASO: checks 
the zan man68: checks 
*** SHOW DOWN ***
DONWASO: shows [2d Ac] (high card Ace)
the zan man68: shows [Td Qs] (a pair of Tens)
the zan man68 collected $3.17 from pot
*** SUMMARY ***
Total pot $3.31 | Rake $0.14 
Board [3h Tc 5c 6c 9s]
Seat 1: ACEHbKA777 (small blind) folded before Flop
Seat 2: Swaz85 (big blind) folded before Flop
Seat 3: DONWASO showed [2d Ac] and lost with high card Ace
Seat 4: alexvgb444 folded before Flop (didn't bet)
Seat 5: pinbotani folded on the Flop
Seat 6: Dorex2007 folded before Flop (didn't bet)
Seat 7: TheBlade8525 folded on the Flop
Seat 8: the zan man68 showed [Td Qs] and won ($3.17) with a pair of Tens
Seat 9: DaniBerg05 (button) folded before Flop (didn't bet)



PokerStars Hand #237529739533:  Hold'em No Limit ($0.02/$0.05 USD) - 2022/07/23 1:44:42 PT [2022/07/23 4:44:42 ET]
Table 'Lugduna' 9-max Seat #1 is the button
Seat 1: ACEHbKA777 ($10.83 in chips) 
Seat 2: Swaz85 ($8.60 in chips) 
Seat 3: DONWASO ($1.02 in chips) 
Seat 4: alexvgb444 ($5.67 in chips) 
Seat 5: pinbotani ($6.23 in chips) 
Seat 6: Dorex2007 ($5 in chips) 
Seat 7: TheBlade8525 ($5.54 in chips) 
Seat 8: the zan man68 ($9.22 in chips) 
Seat 9: DaniBerg05 ($6.48 in chips) 
Swaz85: posts small blind $0.02
DONWASO: posts big blind $0.05
*** HOLE CARDS ***
Dealt to Dorex2007 [3h Jh]
alexvgb444: calls $0.05
pinbotani: folds 
Dorex2007: folds 
TheBlade8525: raises $0.10 to $0.15
the zan man68: folds 
DaniBerg05: folds 
ACEHbKA777: folds 
Swaz85: folds 
DONWASO: calls $0.10
alexvgb444: calls $0.10
*** FLOP *** [6d Ad 6s]
DONWASO: checks 
alexvgb444: checks 
TheBlade8525: checks 
*** TURN *** [6d Ad 6s] [4h]
DONWASO: checks 
alexvgb444: bets $0.10
TheBlade8525: folds 
DONWASO: folds 
Uncalled bet ($0.10) returned to alexvgb444
alexvgb444 collected $0.45 from pot
*** SUMMARY ***
Total pot $0.47 | Rake $0.02 
Board [6d Ad 6s 4h]
Seat 1: ACEHbKA777 (button) folded before Flop (didn't bet)
Seat 2: Swaz85 (small blind) folded before Flop
Seat 3: DONWASO (big blind) folded on the Turn
Seat 4: alexvgb444 collected ($0.45)
Seat 5: pinbotani folded before Flop (didn't bet)
Seat 6: Dorex2007 folded before Flop (didn't bet)
Seat 7: TheBlade8525 folded on the Turn
Seat 8: the zan man68 folded before Flop (didn't bet)
Seat 9: DaniBerg05 folded before Flop (didn't bet)



PokerStars Hand #237529748964:  Hold'em No Limit ($0.02/$0.05 USD) - 2022/07/23 1:45:46 PT [2022/07/23 4:45:46 ET]
Table 'Lugduna' 9-max Seat #2 is the button
Seat 1: ACEHbKA777 ($10.83 in chips) 
Seat 2: Swaz85 ($8.58 in chips) 
Seat 3: DONWASO ($0.87 in chips) 
Seat 4: alexvgb444 ($5.97 in chips) 
Seat 5: pinbotani ($6.23 in chips) 
Seat 6: Dorex2007 ($5 in chips) 
Seat 7: TheBlade8525 ($5.39 in chips) 
Seat 8: the zan man68 ($9.22 in chips) 
Seat 9: DaniBerg05 ($6.48 in chips) 
DONWASO: posts small blind $0.02
alexvgb444: posts big blind $0.05
*** HOLE CARDS ***
Dealt to Dorex2007 [3h 6c]
pinbotani: folds 
Dorex2007: folds 
TheBlade8525: folds 
pinbotani leaves the table
the zan man68: calls $0.05
DaniBerg05: folds 
ACEHbKA777: folds 
Swaz85: calls $0.05
DONWASO: calls $0.03
alexvgb444: checks 
*** FLOP *** [Qh Jd Qc]
RequiemNight joins the table at seat #5 
DONWASO: checks 
alexvgb444: bets $0.10
the zan man68: calls $0.10
Swaz85: folds 
DONWASO: raises $0.72 to $0.82 and is all-in
alexvgb444: folds 
the zan man68: calls $0.72
*** TURN *** [Qh Jd Qc] [7d]
*** RIVER *** [Qh Jd Qc 7d] [Kd]
*** SHOW DOWN ***
DONWASO: shows [2h Qd] (three of a kind, Queens)
the zan man68: shows [Ac Js] (two pair, Queens and Jacks)
DONWASO collected $1.86 from pot
*** SUMMARY ***
Total pot $1.94 | Rake $0.08 
Board [Qh Jd Qc 7d Kd]
Seat 1: ACEHbKA777 folded before Flop (didn't bet)
Seat 2: Swaz85 (button) folded on the Flop
Seat 3: DONWASO (small blind) showed [2h Qd] and won ($1.86) with three of a kind, Queens
Seat 4: alexvgb444 (big blind) folded on the Flop
Seat 5: pinbotani folded before Flop (didn't bet)
Seat 6: Dorex2007 folded before Flop (didn't bet)
Seat 7: TheBlade8525 folded before Flop (didn't bet)
Seat 8: the zan man68 showed [Ac Js] and lost with two pair, Queens and Jacks
Seat 9: DaniBerg05 folded before Flop (didn't bet)



PokerStars Hand #237529756353:  Hold'em No Limit ($0.02/$0.05 USD) - 2022/07/23 1:46:36 PT [2022/07/23 4:46:36 ET]
Table 'Lugduna' 9-max Seat #3 is the button
Seat 1: ACEHbKA777 ($10.83 in chips) 
Seat 2: Swaz85 ($8.53 in chips) 
Seat 3: DONWASO ($1.86 in chips) 
Seat 4: alexvgb444 ($5.82 in chips) 
Seat 5: RequiemNight ($5 in chips) 
Seat 6: Dorex2007 ($5 in chips) 
Seat 7: TheBlade8525 ($5.39 in chips) 
Seat 8: the zan man68 ($8.35 in chips) 
Seat 9: DaniBerg05 ($6.48 in chips) 
alexvgb444: posts small blind $0.02
RequiemNight: posts big blind $0.05
*** HOLE CARDS ***
Dealt to Dorex2007 [9c 3s]
Dorex2007 has timed out
Dorex2007: folds 
TheBlade8525: folds 
the zan man68: folds 
DaniBerg05: folds 
ACEHbKA777: folds 
Swaz85: raises $0.10 to $0.15
DONWASO: calls $0.15
alexvgb444: folds 
RequiemNight: folds 
*** FLOP *** [Jh Ac 2s]
Swaz85: bets $0.20
DONWASO: raises $0.75 to $0.95
Swaz85: raises $0.87 to $1.82
DONWASO: calls $0.76 and is all-in
Uncalled bet ($0.11) returned to Swaz85
*** TURN *** [Jh Ac 2s] [Th]
*** RIVER *** [Jh Ac 2s Th] [5c]
*** SHOW DOWN ***
Swaz85: shows [9h Ad] (a pair of Aces)
DONWASO: shows [Kh As] (a pair of Aces - King kicker)
DONWASO collected $3.63 from pot
*** SUMMARY ***
Total pot $3.79 | Rake $0.16 
Board [Jh Ac 2s Th 5c]
Seat 1: ACEHbKA777 folded before Flop (didn't bet)
Seat 2: Swaz85 showed [9h Ad] and lost with a pair of Aces
Seat 3: DONWASO (button) showed [Kh As] and won ($3.63) with a pair of Aces
Seat 4: alexvgb444 (small blind) folded before Flop
Seat 5: RequiemNight (big blind) folded before Flop
Seat 6: Dorex2007 folded before Flop (didn't bet)
Seat 7: TheBlade8525 folded before Flop (didn't bet)
Seat 8: the zan man68 folded before Flop (didn't bet)
Seat 9: DaniBerg05 folded before Flop (didn't bet)



